{"host":"fkig9nrckec4xsh0","time":1611005200,"event":{"mods":["BaseMod","Colored Map","Minty Spire (QoL Compilation)","Quick Restart","Replay The Spire","StSLib"],"gold_per_floor":[115,7,107,122,122,122,152,165,165,179,179,211,211,211,211,315,315,325,100,100,111,125,158,158,185,185,219,219,219,249,480,480,575,575,592,33,0,100,114,149,149,177,177,177,177,177,177,203,203,236,236,236],"floor_reached":53,"language":"ENG","playtime":2409,"items_purged":["Defend_G","ReplayTheSpireMod:Doomed","ReplayTheSpireMod:Splinters"],"score":1439,"play_id":"f67c9ecb-ddcc-49f0-84cf-2017ef32d664","local_time":"20210118162640","is_ascension_mode":true,"campfire_choices":[{"data":"Adrenaline","floor":6,"key":"SMITH"},{"data":"Dodge and Roll","floor":13,"key":"SMITH"},{"data":"Dash","floor":15,"key":"SMITH"},{"data":"All Out Attack","floor":24,"key":"SMITH"},{"floor":32,"key":"REST"},{"data":"Tools of the Trade","floor":41,"key":"SMITH"},{"data":"Neutralize","floor":51,"key":"SMITH"}],"circlet_count":0,"master_deck":["Strike_G","Strike_G","Strike_G","Strike_G","Defend_G","Defend_G","Defend_G","Survivor","Neutralize+1","Adrenaline+1","Outmaneuver+1","Deadly Poison+1","All Out Attack+1","Dodge and Roll+1","Dash+1","Storm of Steel+1","AbeCurse","Outmaneuver+1","ReplayTheSpireMod:Tripwire+1","Escape Plan+1","Slice+1","Concentrate+1","Deadly Poison+1","Replay:Bag of Tricks+1","Dagger Throw","Calculated Gamble+1","Deflect+1","Tools of the Trade+1","Choke+1","Adrenaline+1","Deadly Poison+1","Dagger Throw+1","Deflect+1","Storm of Steel+1","Expertise+1","Poisoned Stab+1"],"relics":["Ring of the Snake","Replay:WaspNest","PreservedInsect","Toxic Egg 2","Torii","Letter Opener","Replay:Ancient Bell","Blood Vial","Iron Hammer","Unceasing Top","Matryoshka","Mummified Hand","Snake Skull","Chameleon Ring","Lizard Tail","Replay:Accelerometer","Replay:Bottled Steam","HoveringKite","DollysMirror","Meat on the Bone","Red Mask","FossilizedHelix","Blue Doll","Prayer Wheel","Byrd Skull","Sundial"],"acts_visited":["Exordium","TheCity","TheBeyond"],"potions_floor_usage":[10,22,27,27,30,30,33,40,48,52,52,52],"damage_taken":[{"damage":0,"enemies":"2 Louse","floor":1,"turns":3},{"damage":0,"enemies":"Cultist","floor":4,"turns":4},{"damage":23,"enemies":"Lagavulin","floor":7,"turns":8},{"damage":4,"enemies":"Jaw Worm","floor":8,"turns":2},{"damage":0,"enemies":"Blue Slaver","floor":10,"turns":3},{"damage":14,"enemies":"Gremlin Nob","floor":12,"turns":3},{"damage":13,"enemies":"Hexaghost","floor":16,"turns":11},{"damage":13,"enemies":"Spheric Guardian","floor":18,"turns":4},{"damage":0,"enemies":"Shell Parasite","floor":21,"turns":4},{"damage":1,"enemies":"Snake Plant","floor":22,"turns":4},{"damage":13,"enemies":"Slavers","floor":23,"turns":4},{"damage":14,"enemies":"Book of Stabbing","floor":25,"turns":5},{"damage":0,"enemies":"Slavers","floor":27,"turns":2},{"damage":8,"enemies":"Gremlin Leader","floor":30,"turns":4},{"damage":36,"enemies":"Collector","floor":33,"turns":5},{"damage":8,"enemies":"Orb Walker","floor":35,"turns":3},{"damage":0,"enemies":"3 Shapes","floor":39,"turns":1},{"damage":0,"enemies":"Giant Head","floor":40,"turns":3},{"damage":0,"enemies":"R_Hoarder","floor":42,"turns":5},{"damage":2,"enemies":"Nemesis","floor":48,"turns":3},{"damage":0,"enemies":"R_Hoarder","floor":50,"turns":6},{"damage":50,"enemies":"Time Eater","floor":52,"turns":9}],"seed_played":"-5816008452652936472","potions_obtained":[{"floor":1,"key":"CultistPotion"},{"floor":8,"key":"ColorlessPotion"},{"floor":21,"key":"Adrenaline Potion"},{"floor":22,"key":"Cursed Concoction"},{"floor":25,"key":"Dexterity Potion"},{"floor":28,"key":"CultistPotion"},{"floor":28,"key":"GamblersBrew"},{"floor":31,"key":"Elixir"},{"floor":33,"key":"SpeedPotion"},{"floor":35,"key":"Explosive Potion"},{"floor":39,"key":"Swift Potion"},{"floor":42,"key":"Toxic Potion"},{"floor":48,"key":"Milkshake"},{"floor":49,"key":"Swift Potion"},{"floor":49,"key":"ColorlessPotion"}],"is_trial":false,"path_per_floor":["M","$","?","M","?","R","E","M","T","M","?","E","R","T","R","B",null,"M","$","?","M","M","E","R","E","T","E","R","?","E","?","R","B",null,"M","$","?","?","M","E","R","E","T","?","PTL","PTL","?","E","R","E","R","B",null],"character_chosen":"THE_SILENT","items_purchased":["Outmaneuver+1","ReplayTheSpireMod:Tripwire+1","Escape Plan+1","DollysMirror","Deadly Poison+1","Meat on the Bone"],"campfire_rested":1,"item_purchase_floors":[2,19,19,36,36,36],"current_hp_per_floor":[63,63,63,63,63,63,40,36,36,36,36,22,22,22,22,9,50,39,39,39,41,42,31,31,19,19,21,21,21,15,15,33,31,55,49,49,49,49,51,53,53,55,55,55,55,55,55,55,55,57,57,21],"gold":236,"neow_bonus":"THREE_RARE_CARDS","is_daily":false,"chose_seed":false,"campfire_upgraded":6,"win_rate":0.0,"timestamp":1611005200,"path_taken":["M","$","?","?","?","R","E","?","T","M","?","E","R","?","R","BOSS","M","$","?","?","M","E","R","E","T","E","R","?","E","?","R","BOSS","M","$","?","?","?","E","R","E","T","?","PTL","PTL","?","E","R","E","R","BOSS"],"items_purchased_type":["Card","Card","Card","Relic","Card","Relic"],"build_version":"2020-12-22","purchased_purges":3,"victory":true,"max_hp_per_floor":[63,63,63,63,63,63,63,63,63,63,63,63,63,63,63,63,63,63,63,63,63,63,63,63,63,63,63,63,63,63,63,63,63,63,63,63,63,63,63,63,63,63,63,60,60,60,60,60,60,60,60,60],"card_choices":[{"not_picked":["Die Die Die","Glass Knife"],"picked":"Adrenaline","floor":0},{"not_picked":["Dash","Expertise","Blade Dance"],"picked":"SKIP","floor":1},{"not_picked":["Noxious Fumes","Outmaneuver"],"picked":"Deadly Poison","floor":4},{"not_picked":["Endless Agony","Masterful Stab"],"picked":"All Out Attack","floor":7},{"not_picked":["Bane","Flying Knee"],"picked":"Dodge and Roll","floor":8},{"not_picked":["Deflect+1","Finisher"],"picked":"Dash","floor":10},{"not_picked":["Skewer","PiercingWail+1","Endless Agony"],"picked":"SKIP","floor":12},{"not_picked":["Tools of the Trade","Wraith Form v2"],"picked":"Storm of Steel+1","floor":16},{"not_picked":["AbeCurse","Parasite"],"picked":"ReplayTheSpireMod:Doomed","floor":17},{"not_picked":["ReplayTheSpireMod:Splinters","Replay:Hysterical Blindness"],"picked":"ReplayTheSpireMod:Doomed","floor":17},{"not_picked":["Looming Evil","Regret"],"picked":"AbeCurse","floor":17},{"not_picked":["Setup+1","Slice"],"picked":"Outmaneuver+1","floor":18},{"not_picked":["Dagger Throw","PiercingWail+1"],"picked":"Slice+1","floor":21},{"not_picked":["Slice","Dodge and Roll+1"],"picked":"Concentrate+1","floor":22},{"not_picked":["Slice+1","Hidden Blade+1"],"picked":"Deadly Poison+1","floor":23},{"not_picked":["Blade Dance+1","Reflex+1"],"picked":"Replay:Bag of Tricks+1","floor":25},{"not_picked":["Slice+1","Cloak And Dagger+1"],"picked":"Dagger Throw","floor":27},{"not_picked":["Riddle With Holes+1","ReplayTheSpireMod:Shiv Toss+1"],"picked":"Calculated Gamble+1","floor":30},{"not_picked":["Crippling Poison+1","Flying Knee"],"picked":"Deflect+1","floor":31},{"not_picked":["Envenom","Malaise+1"],"picked":"Tools of the Trade","floor":33},{"not_picked":["Leg Sweep+1","Blade Dance+1"],"picked":"Choke+1","floor":35},{"not_picked":["Prepared+1","Escape Plan+1"],"picked":"Dagger Throw+1","floor":39},{"not_picked":["Sucker Punch","Slice+1"],"picked":"Deflect+1","floor":40},{"not_picked":["Noxious Fumes","Infinite Blades+1","Dagger Spray+1"],"picked":"SKIP","floor":42},{"not_picked":["ReplayTheSpireMod:Tripwire+1","Eviscerate+1"],"picked":"Expertise+1","floor":48},{"not_picked":["Deflect+1","Sucker Punch+1"],"picked":"Poisoned Stab+1","floor":50}],"player_experience":356517,"relics_obtained":[{"floor":7,"key":"PreservedInsect"},{"floor":9,"key":"Toxic Egg 2"},{"floor":12,"key":"Torii"},{"floor":14,"key":"Letter Opener"},{"floor":23,"key":"Matryoshka"},{"floor":25,"key":"Mummified Hand"},{"floor":26,"key":"Snake Skull"},{"floor":26,"key":"Chameleon Ring"},{"floor":27,"key":"Lizard Tail"},{"floor":30,"key":"Replay:Accelerometer"},{"floor":31,"key":"Replay:Bottled Steam"},{"floor":40,"key":"FossilizedHelix"},{"floor":42,"key":"Blue Doll"},{"floor":43,"key":"Prayer Wheel"},{"floor":48,"key":"Byrd Skull"},{"floor":50,"key":"Sundial"}],"event_choices":[{"damage_healed":0,"gold_gain":100,"player_choice":"Gold","damage_taken":0,"max_hp_gain":0,"max_hp_loss":0,"event_name":"Wheel of Change","floor":3,"gold_loss":0},{"damage_healed":0,"gold_gain":0,"player_choice":"Gave Potion","damage_taken":0,"relics_obtained":["Replay:WaspNest"],"max_hp_gain":0,"max_hp_loss":0,"event_name":"WeMeetAgain","floor":5,"gold_loss":0},{"damage_healed":0,"gold_gain":0,"player_choice":"Upgraded","damage_taken":0,"max_hp_gain":0,"max_hp_loss":0,"event_name":"Upgrade Shrine","floor":20,"gold_loss":0,"cards_upgraded":["Deadly Poison"]},{"cards_removed":["ReplayTheSpireMod:Doomed"],"damage_healed":0,"gold_gain":0,"player_choice":"Elegance","damage_taken":0,"max_hp_gain":0,"max_hp_loss":0,"event_name":"Back to Basics","floor":29,"gold_loss":0},{"damage_healed":0,"gold_gain":0,"player_choice":"Paid","damage_taken":0,"relics_obtained":["Red Mask"],"max_hp_gain":0,"max_hp_loss":0,"event_name":"Tomb of Lord Red Mask","floor":37,"gold_loss":33},{"damage_healed":0,"gold_gain":100,"player_choice":"Pray","damage_taken":0,"max_hp_gain":0,"max_hp_loss":0,"event_name":"Golden Shrine","floor":38,"gold_loss":0},{"damage_healed":0,"gold_gain":0,"player_choice":"Max HP","damage_taken":0,"max_hp_gain":0,"max_hp_loss":3,"event_name":"Winding Halls","floor":44,"gold_loss":0},{"damage_healed":0,"gold_gain":0,"cards_transformed":["Strike_G"],"player_choice":"Transformed","damage_taken":0,"max_hp_gain":0,"max_hp_loss":0,"event_name":"Transmorgrifier","floor":47,"gold_loss":0,"cards_obtained":["Storm of Steel"]}],"is_beta":false,"boss_relics":[{"not_picked":["Fusion Hammer","ChewingGum"],"picked":"Replay:Ancient Bell"},{"not_picked":["War Paint","Gremlin Food"],"picked":"Blood Vial"},{"not_picked":["Paper Crane","InkBottle"],"picked":"Iron Hammer"},{"not_picked":["Mango","Pocketwatch"],"picked":"Unceasing Top"},{"not_picked":["Replay:Bronze Core","Runic Dome"],"picked":"HoveringKite"}],"items_purged_floors":[2,19,36],"is_endless":false,"potions_floor_spawned":[1,8,21,22,25,33,35,39,42,48],"ascension_level":8}}