{"host":"jwvz9sqego1wo43x","time":1611007730,"event":{"mods":["AchievementEnabler","BaseMod","Colored Map","Downfall","GifTheSpireLib","Minty Spire (QoL Compilation)","StSLib"],"gold_per_floor":[99,113,132,19,35,20,20,49,66,83,94,94,94],"floor_reached":12,"language":"ENG","playtime":523,"items_purged":[],"score":82,"play_id":"cce65652-8f4f-438c-8061-44e148510057","local_time":"20210118220850","is_ascension_mode":false,"campfire_choices":[{"data":"bronze:Replicate","floor":1,"key":"SMITH"}],"circlet_count":0,"master_deck":["bronze:Strike","bronze:Strike","bronze:Strike","bronze:Strike","bronze:Defend","bronze:Defend","bronze:Defend","bronze:Defend","bronze:Replicate+1","bronze:Goto","bronze:Iterate","bronze:Branch","bronze:Overload","bronze:WhirlingStrike","bronze:Shell","bronze:Assembly","bronze:CleanCode","bronze:BronzeArmor","bronze:Branch"],"relics":["bronze:BronzeCore","Gambling Chip","bronze:CableSpool"],"acts_visited":["Exordium"],"potions_floor_usage":[],"damage_taken":[{"damage":1,"enemies":"Cultist","floor":2,"turns":3},{"damage":3,"enemies":"Small Slimes","floor":3,"turns":2},{"damage":0,"enemies":"downfall:FleeingMerchant","floor":4,"turns":4},{"damage":8,"enemies":"2 Louse","floor":5,"turns":2},{"damage":5,"enemies":"downfall:FleeingMerchant","floor":6,"turns":4},{"damage":15,"enemies":"Gremlin Nob","floor":8,"turns":4},{"damage":18,"enemies":"Gremlin Gang","floor":9,"turns":3},{"damage":17,"enemies":"Exordium Thugs","floor":10,"turns":5},{"damage":6,"enemies":"Large Slime","floor":11,"turns":5},{"damage":10,"enemies":"Lagavulin","floor":12,"turns":3}],"seed_played":"5120855153735129920","potions_obtained":[{"floor":3,"key":"DistilledChaos"},{"floor":9,"key":"DistilledChaos"},{"floor":10,"key":"FearPotion"}],"is_trial":false,"path_per_floor":["R","M","M","$","M","$","T","E","M","M","M","E"],"character_chosen":"THE_AUTOMATON","items_purchased":["bronze:WhirlingStrike","bronze:Shell"],"campfire_rested":0,"item_purchase_floors":[4,4],"current_hp_per_floor":[77,76,73,73,65,60,60,45,27,10,4,0,0],"gold":94,"neow_bonus":"TEN_PERCENT_HP_BONUS","is_daily":false,"chose_seed":false,"campfire_upgraded":1,"win_rate":0.0,"timestamp":1611007730,"path_taken":["R","M","M","?","M","$","T","E","?","M","M","E"],"items_purchased_type":["Card","Card"],"build_version":"2020-12-22","purchased_purges":0,"victory":false,"max_hp_per_floor":[77,77,77,77,77,77,77,77,77,77,77,77,77],"card_choices":[{"not_picked":["bronze:Overheat","bronze:Shield"],"picked":"bronze:Iterate","floor":2},{"not_picked":["bronze:Invalidate","bronze:WildBeam"],"picked":"bronze:Branch","floor":3},{"not_picked":["bronze:BitShift","bronze:BuggyMess"],"picked":"bronze:Overload","floor":4},{"not_picked":["bronze:BitShift","bronze:BronzeArmor"],"picked":"bronze:Assembly","floor":5},{"not_picked":["bronze:WildBeam","bronze:Iterate"],"picked":"bronze:CleanCode","floor":6},{"not_picked":["bronze:DelayedSlice","bronze:Shield"],"picked":"bronze:BronzeArmor","floor":8},{"not_picked":["bronze:BronzeArmor","bronze:Turbo","bronze:CutThrough"],"picked":"SKIP","floor":9},{"not_picked":["bronze:OilSpill","bronze:Turbo","bronze:NullPointer"],"picked":"SKIP","floor":10},{"not_picked":["bronze:DelayedGuard","bronze:WhirlingStrike"],"picked":"bronze:Branch","floor":11}],"player_experience":497242,"relics_obtained":[{"floor":7,"key":"Gambling Chip"},{"floor":8,"key":"bronze:CableSpool"}],"event_choices":[],"is_beta":false,"boss_relics":[],"items_purged_floors":[],"is_endless":false,"potions_floor_spawned":[3,9,10],"killed_by":"Lagavulin","ascension_level":0}}