{"host":"kjcsj8kbkx3w6fc4","time":1611011712,"event":{"mods":["2.2 Compatiblity","Aspiration","BaseMod","Better Third Choice","Conspire","Downfall","Hermit","Infinite Spire","Minty Spire (QoL Compilation)","Permanent Neow","Reimu??????","Shedinja","StSLib","The Cursed","The Poker Player","The Servant 0.9.4"],"gold_per_floor":[116,130,130,130,149,149,149],"floor_reached":6,"language":"ENG","playtime":335,"items_purged":[],"score":36,"play_id":"89bf6673-a2e4-49c5-90c8-2651686752b2","local_time":"20210118181512","is_ascension_mode":false,"campfire_choices":[],"circlet_count":0,"master_deck":["Shedinja:Scratch","Shedinja:Scratch","Shedinja:Scratch","Shedinja:Scratch","Shedinja:Endure","Shedinja:Endure","Shedinja:Endure","Shedinja:Endure","Shedinja:Endure","Shedinja:FocusSash","Shedinja:FocusSash+1","Shedinja:SafetyGoggles","Shedinja:RockyHelmet","Shedinja:ShadowClaw+1","Burn","Burn","Shedinja:Harden"],"relics":["Shedinja:WonderGuard","Golden Idol"],"acts_visited":["Exordium"],"potions_floor_usage":[],"damage_taken":[{"damage":0,"enemies":"2 Louse","floor":1,"turns":4},{"damage":0,"enemies":"Small Slimes","floor":2,"turns":5},{"damage":0,"enemies":"Jaw Worm","floor":5,"turns":8},{"damage":9,"enemies":"3 Sentries","floor":6,"turns":4}],"seed_played":"-7847295648357699930","potions_obtained":[{"floor":5,"key":"SpeedPotion"}],"is_trial":false,"path_per_floor":["M","M","?","?","M","E"],"character_chosen":"THE_DEFAULT","items_purchased":[],"campfire_rested":0,"item_purchase_floors":[],"current_hp_per_floor":[1,1,1,1,1,0,0],"gold":149,"neow_bonus":"TRANSFORM_CARD","is_daily":false,"chose_seed":false,"campfire_upgraded":0,"win_rate":0.0,"timestamp":1611011712,"path_taken":["M","M","?","?","M","E"],"items_purchased_type":[],"build_version":"2020-12-22","purchased_purges":0,"victory":false,"max_hp_per_floor":[1,1,1,1,1,1,1],"card_choices":[{"not_picked":["Shedinja:Facade","Shedinja:Ether"],"picked":"Shedinja:RockyHelmet","floor":1},{"not_picked":["Shedinja:HoneClaws","Shedinja:SuckerPunch"],"picked":"Shedinja:ShadowClaw","floor":2},{"not_picked":["Shedinja:Mimic","Shedinja:PhantomForce"],"picked":"Shedinja:Harden","floor":5}],"player_experience":134544,"relics_obtained":[],"event_choices":[{"damage_healed":0,"gold_gain":0,"player_choice":"Take Damage","damage_taken":0,"relics_obtained":["Golden Idol"],"max_hp_gain":0,"max_hp_loss":0,"event_name":"Golden Idol","floor":4,"gold_loss":0}],"is_beta":false,"boss_relics":[],"items_purged_floors":[],"is_endless":false,"potions_floor_spawned":[5],"killed_by":"3 Sentries","ascension_level":0}}