{"host":"6svvh3ubww6quchd","time":1611005525,"event":{"mods":["AchievementEnabler","BaseMod","Highlight Path","Koishi","Marisa（霧雨　魔理沙）","Minty Spire (QoL Compilation)","Rare Cards Sparkle","Relic Stats","Robot Space Explorer","StSLib","The Marked"],"gold_per_floor":[109,11,23,23,37,47,78,78,152,186,186,186,186,215,215,314,314,303,303,316,316,335,370,370,71,95,194,194,206,206,238,238,335,335,353,373,298,314,314,314,112,0,0,0,0,0],"floor_reached":45,"language":"ENG","playtime":2249,"items_purged":["theMarked:Strike","theMarked:Strike"],"score":542,"play_id":"01a5a712-8c0a-4281-953c-009084f627a2","local_time":"20210118163205","is_ascension_mode":false,"campfire_choices":[{"data":"theMarked:Abjuration","floor":8,"key":"SMITH"},{"data":"theMarked:EmpowerWeapon","floor":13,"key":"SMITH"},{"data":"theMarked:GodGivenPower","floor":15,"key":"SMITH"},{"floor":28,"key":"DIG"},{"floor":30,"key":"REST"},{"data":"theMarked:ParalyzingBlade","floor":32,"key":"SMITH"},{"floor":40,"key":"DIG"},{"floor":44,"key":"DIG"}],"circlet_count":0,"master_deck":["theMarked:Strike","theMarked:Strike","theMarked:Strike","theMarked:Defend","theMarked:Defend","theMarked:Defend","theMarked:Defend","theMarked:SoldierOfQuellstein","theMarked:ChainLightning","theMarked:ResourceFulStrike","theMarked:EmpowerWeapon+1","theMarked:SwordAndMagic","theMarked:Abjuration+1","theMarked:FavorableWinds","theMarked:GodGivenPower+1","theMarked:SummonStrength","theMarked:MaelstromOfLightning","J.A.X.","Ghostly","Ghostly","Ghostly","Ghostly","Ghostly","theMarked:ElementalBlade+1","theMarked:ParalyzingBlade+1","theMarked:SoldierForm","CurseOfTheBell"],"relics":["theMarked:ArtifactOfAir","NlothsMask","StoneCalendar","Juzu Bracelet","TungstenRod","Darkstone Periapt","Shovel","theMarked:Eyepatch","theMarked:SecretDocuments","Incense Burner","Potion Belt","Sundial","Eternal Feather","Calling Bell","Dream Catcher","Pantograph","Dead Branch","Smiling Mask","Bag of Preparation","Red Mask","White Beast Statue","Centennial Puzzle"],"acts_visited":["Exordium","TheCity","TheBeyond"],"potions_floor_usage":[7,16,16,23,29,38,45],"damage_taken":[{"damage":1,"enemies":"2 Louse","floor":1,"turns":3},{"damage":1,"enemies":"Cultist","floor":3,"turns":3},{"damage":3,"enemies":"Small Slimes","floor":5,"turns":3},{"damage":10,"enemies":"Looter","floor":6,"turns":3},{"damage":21,"enemies":"3 Sentries","floor":7,"turns":8},{"damage":0,"enemies":"Lagavulin","floor":10,"turns":4},{"damage":25,"enemies":"Gremlin Nob","floor":14,"turns":4},{"damage":13,"enemies":"Hexaghost","floor":16,"turns":8},{"damage":22,"enemies":"2 Thieves","floor":18,"turns":4},{"damage":26,"enemies":"Shell Parasite","floor":20,"turns":7},{"damage":9,"enemies":"Centurion and Healer","floor":22,"turns":7},{"damage":10,"enemies":"Gremlin Leader","floor":23,"turns":7},{"damage":7,"enemies":"Snake Plant","floor":29,"turns":5},{"damage":0,"enemies":"Slavers","floor":31,"turns":6},{"damage":18,"enemies":"Automaton","floor":33,"turns":10},{"damage":12,"enemies":"3 Shapes","floor":35,"turns":3},{"damage":27,"enemies":"Orb Walker","floor":36,"turns":6},{"damage":0,"enemies":"Sphere and 2 Shapes","floor":38,"turns":7},{"damage":36,"enemies":"2 Orb Walkers","floor":45,"turns":4}],"seed_played":"6074217394451974886","potions_obtained":[{"floor":3,"key":"BlessingOfTheForge"},{"floor":5,"key":"GamblersBrew"},{"floor":14,"key":"DuplicationPotion"},{"floor":16,"key":"BlessingOfTheForge"},{"floor":18,"key":"SneckoOil"},{"floor":23,"key":"SkillPotion"},{"floor":29,"key":"EssenceOfSteel"},{"floor":35,"key":"DuplicationPotion"}],"is_trial":false,"path_per_floor":["M","$","M","?","M","M","E","R","T","E","T","?","R","E","R","B",null,"M","?","M","?","M","E","?","$","T","?","R","M","R","E","R","B",null,"M","M","$","M","?","R","$","?","T","R","?"],"character_chosen":"THE_DEFAULT","items_purchased":["theMarked:ResourceFulStrike","LiquidBronze","Incense Burner","Bag of Preparation"],"campfire_rested":1,"item_purchase_floors":[2,2,25,41],"current_hp_per_floor":[76,76,75,75,72,62,41,41,41,41,41,41,41,16,16,3,77,55,55,29,29,20,10,23,23,23,23,23,16,27,27,38,20,44,32,5,5,5,5,20,20,20,20,35,0,0],"gold":0,"neow_bonus":"TEN_PERCENT_HP_BONUS","is_daily":false,"chose_seed":false,"campfire_upgraded":4,"win_rate":0.0,"timestamp":1611005525,"path_taken":["M","$","M","?","M","?","E","R","T","E","?","?","R","E","R","BOSS","M","?","M","?","M","E","?","?","T","?","R","M","R","E","R","BOSS","M","M","$","M","?","R","$","?","T","R","?"],"items_purchased_type":["Card","Potion","Relic","Relic"],"build_version":"2020-12-22","purchased_purges":2,"victory":false,"max_hp_per_floor":[77,77,77,77,77,77,77,77,77,77,77,77,77,77,77,77,77,77,77,77,38,38,38,38,38,38,38,38,38,38,38,38,38,44,44,44,44,44,44,44,44,44,44,44,44,44],"relic_stats":{"Darkstone Periapt":6,"counters":[19,102],"Dead Branch":[48],"StoneCalendar":[208],"Eternal Feather":41,"Juzu Bracelet":3,"Bag of Preparation":[2],"Smiling Mask":50,"Dream Catcher":0,"Centennial Puzzle":[3],"Shovel":3,"Sundial":[4],"Pantograph":0,"obtain_stats":[{"Darkstone Periapt":12,"Potion Belt":26,"Dead Branch":34,"StoneCalendar":7,"Eternal Feather":31,"Juzu Bracelet":10,"Incense Burner":25,"Bag of Preparation":41,"Smiling Mask":40,"White Beast Statue":43,"Calling Bell":34,"theMarked:ArtifactOfAir":0,"Dream Catcher":34,"Centennial Puzzle":44,"Shovel":14,"theMarked:SecretDocuments":23,"Sundial":28,"Pantograph":34,"Red Mask":42,"TungstenRod":11,"NlothsMask":4,"theMarked:Eyepatch":17},{"Darkstone Periapt":6,"Potion Belt":12,"Dead Branch":15,"StoneCalendar":5,"Eternal Feather":14,"Juzu Bracelet":6,"Incense Burner":12,"Bag of Preparation":18,"Smiling Mask":18,"White Beast Statue":18,"Calling Bell":15,"theMarked:ArtifactOfAir":0,"Dream Catcher":15,"Centennial Puzzle":18,"Shovel":7,"theMarked:SecretDocuments":12,"Sundial":12,"Pantograph":15,"Red Mask":18,"TungstenRod":6,"NlothsMask":2,"theMarked:Eyepatch":8},{"Darkstone Periapt":24,"Potion Belt":61,"Dead Branch":82,"StoneCalendar":20,"Eternal Feather":72,"Juzu Bracelet":24,"Incense Burner":61,"Bag of Preparation":98,"Smiling Mask":98,"White Beast Statue":98,"Calling Bell":82,"theMarked:ArtifactOfAir":0,"Dream Catcher":82,"Centennial Puzzle":98,"Shovel":28,"theMarked:SecretDocuments":61,"Sundial":61,"Pantograph":82,"Red Mask":98,"TungstenRod":24,"NlothsMask":6,"theMarked:Eyepatch":36}],"TungstenRod":94},"card_choices":[{"not_picked":["theMarked:HeightenedSenses","theMarked:MysticalArsenal"],"picked":"theMarked:ChainLightning","floor":1},{"not_picked":["theMarked:HeightenedSenses","theMarked:TwofoldDefense"],"picked":"theMarked:EmpowerWeapon","floor":3},{"not_picked":["theMarked:WardOff","theMarked:ChainLightning"],"picked":"theMarked:SwordAndMagic","floor":5},{"not_picked":["theMarked:WastefulAttack","theMarked:ChainLightning"],"picked":"theMarked:Abjuration","floor":6},{"not_picked":["theMarked:WastefulAttack","theMarked:ChainLightning"],"picked":"theMarked:FavorableWinds","floor":7},{"not_picked":["theMarked:HeightenedSenses","theMarked:ChainLightning","theMarked:TwofoldDefense"],"picked":"SKIP","floor":10},{"not_picked":["theMarked:ResourceFulStrike","theMarked:EmpowerWeapon"],"picked":"theMarked:GodGivenPower","floor":14},{"not_picked":["theMarked:Defy","theMarked:TakeOffHeels"],"picked":"theMarked:SummonStrength","floor":16},{"not_picked":["theMarked:ChainLightning+1","theMarked:Static"],"picked":"theMarked:MaelstromOfLightning","floor":18},{"not_picked":["theMarked:BanishingStrike","theMarked:RogueSparks","theMarked:Improvise+1"],"picked":"SKIP","floor":20},{"not_picked":["theMarked:WastefulAttack","theMarked:Static"],"picked":"theMarked:ElementalBlade+1","floor":22},{"not_picked":["theMarked:KeepCalmAndFightOn","theMarked:EmpowerWeapon","theMarked:RepellingDischarge"],"picked":"SKIP","floor":23},{"not_picked":["theMarked:LightningStrikesTwice","theMarked:EmpowerWeapon","theMarked:WastefulDefense"],"picked":"SKIP","floor":29},{"not_picked":["theMarked:UnarmedFury","theMarked:ElementalBlade"],"picked":"theMarked:ParalyzingBlade","floor":31},{"not_picked":["theMarked:ChannelForce","theMarked:SummonStrength"],"picked":"theMarked:SoldierForm","floor":33},{"not_picked":["theMarked:ResourceFulStrike","theMarked:Seal+1","theMarked:ElementalBlade"],"picked":"SKIP","floor":35},{"not_picked":["theMarked:BanishingStrike","theMarked:Indomitable","theMarked:WardOff"],"picked":"SKIP","floor":36},{"not_picked":["theMarked:Overthink","theMarked:StartUp+1","theMarked:Frustration+1"],"picked":"SKIP","floor":38}],"player_experience":155472,"relics_obtained":[{"floor":7,"key":"StoneCalendar"},{"floor":10,"key":"Juzu Bracelet"},{"floor":11,"key":"TungstenRod"},{"floor":14,"key":"Shovel"},{"floor":23,"key":"theMarked:SecretDocuments"},{"floor":26,"key":"Potion Belt"},{"floor":28,"key":"Sundial"},{"floor":31,"key":"Eternal Feather"},{"floor":34,"key":"Dream Catcher"},{"floor":34,"key":"Pantograph"},{"floor":34,"key":"Dead Branch"},{"floor":40,"key":"Smiling Mask"},{"floor":43,"key":"White Beast Statue"},{"floor":44,"key":"Centennial Puzzle"}],"event_choices":[{"damage_healed":0,"gold_gain":0,"player_choice":"Trade","damage_taken":0,"relics_obtained":["NlothsMask"],"max_hp_gain":0,"max_hp_loss":0,"event_name":"FaceTrader","floor":4,"gold_loss":0},{"damage_healed":0,"gold_gain":0,"player_choice":"Gave Potion","damage_taken":0,"relics_obtained":["Darkstone Periapt"],"max_hp_gain":0,"max_hp_loss":0,"event_name":"WeMeetAgain","floor":12,"gold_loss":0},{"damage_healed":0,"gold_gain":0,"player_choice":"Obtain J.A.X.","damage_taken":0,"max_hp_gain":0,"max_hp_loss":0,"event_name":"Drug Dealer","floor":19,"gold_loss":0,"cards_obtained":["J.A.X."]},{"damage_healed":0,"gold_gain":0,"player_choice":"Became a Ghost","damage_taken":0,"max_hp_gain":0,"max_hp_loss":39,"event_name":"Ghosts","floor":21,"gold_loss":0,"cards_obtained":["Ghostly","Ghostly","Ghostly","Ghostly","Ghostly"]},{"damage_healed":13,"gold_gain":0,"player_choice":"Heal","damage_taken":0,"max_hp_gain":0,"max_hp_loss":0,"event_name":"The Library","floor":24,"gold_loss":0},{"damage_healed":0,"gold_gain":99,"player_choice":"Stole From Cult","damage_taken":0,"max_hp_gain":0,"max_hp_loss":0,"event_name":"Nest","floor":27,"gold_loss":0},{"damage_healed":0,"gold_gain":0,"player_choice":"Ignored","damage_taken":0,"max_hp_gain":0,"max_hp_loss":0,"event_name":"The Moai Head","floor":39,"gold_loss":0},{"damage_healed":0,"gold_gain":0,"player_choice":"Paid","damage_taken":0,"relics_obtained":["Red Mask"],"max_hp_gain":0,"max_hp_loss":0,"event_name":"Tomb of Lord Red Mask","floor":42,"gold_loss":112},{"damage_healed":0,"gold_gain":0,"player_choice":"Fight","damage_taken":0,"max_hp_gain":0,"max_hp_loss":0,"event_name":"Mysterious Sphere","floor":45,"gold_loss":0}],"is_beta":false,"boss_relics":[{"not_picked":["Busted Crown","Astrolabe"],"picked":"theMarked:Eyepatch"},{"not_picked":["Snecko Eye","Runic Dome"],"picked":"Calling Bell"}],"items_purged_floors":[37,41],"is_endless":false,"potions_floor_spawned":[3,5,14,16,18,23,29,35],"killed_by":"2 Orb Walkers","ascension_level":0}}