{"host":"bm1qfstn98p1odmu","time":1611005078,"event":{"mods":["AchievementEnabler","BaseMod","Bestiary","Block Reminder","Colored Map","Colored Powertips","DeckTracker","Highlight Path","Minty Spire (QoL Compilation)","Relic Stats","Replay The Spire","StSLib"],"gold_per_floor":[109,109,34,48,65,65,75,101,124,124,124,199,199,217,217,319,319,338,354,354,66,82,117,127,127,127,127,2,2,22,42,42,145,145,163,163,12,32,48,74,93,46,91,91,91,104,104,123,123,123,123],"floor_reached":50,"language":"ENG","playtime":3663,"items_purged":["Defend_B","Strike_B","Defend_B"],"score":544,"play_id":"4195ef18-86f2-4e8b-a4aa-7aea5eee26f2","local_time":"20210118232438","is_ascension_mode":false,"campfire_choices":[{"data":"BasicCrystalCard","floor":6,"key":"SMITH"},{"data":"Chaos","floor":11,"key":"SMITH"},{"floor":13,"key":"REST"},{"data":"Mirror Shield","floor":15,"key":"SMITH"},{"floor":25,"key":"REST"},{"data":"Fusion","floor":29,"key":"SMITH"},{"floor":32,"key":"REST"},{"floor":44,"key":"REST"},{"floor":47,"key":"DIG"},{"data":"Defragment","floor":49,"key":"SMITH"},{"data":"Dualcast","floor":49,"key":"SMITH"}],"circlet_count":0,"master_deck":["Zap+1","Dualcast+1","Chaos+1","BasicCrystalCard+1","Ball Lightning","Beam Cell","Mirror Shield+1","Electrodynamics","Crystallizer+1","Reboot+1","All For One+1","Gash","Coolheaded+1","Defragment+1","Fusion+1","Gash","Conserve Battery","BasicCrystalCard","Double Energy+1","Storm","Doom and Gloom","Loop+1","Gash+1","Redo","Gash+1"],"relics":["Cracked Core","ReplayFunnel","Replay:Baseball","Astrolabe","War Paint","Orichalcum","PreservedInsect","Nuclear Battery","Onion Ring","Sling","Replay:Arrowhead","ReplayTheSpireMod:TigerMarble","Replay:Multitool","Quantum Egg"],"acts_visited":["Exordium","TheCity","TheBeyond"],"potions_floor_usage":[8,24,30,33,40,48,50],"damage_taken":[{"damage":0,"enemies":"Cultist","floor":1,"turns":2},{"damage":1,"enemies":"Jaw Worm","floor":4,"turns":3},{"damage":7,"enemies":"2 Louse","floor":5,"turns":2},{"damage":5,"enemies":"Looter","floor":7,"turns":2},{"damage":24,"enemies":"Gremlin Nob","floor":8,"turns":4},{"damage":2,"enemies":"Blue Slaver","floor":14,"turns":3},{"damage":39,"enemies":"Fading Forest","floor":16,"turns":11},{"damage":10,"enemies":"2 Thieves","floor":18,"turns":3},{"damage":5,"enemies":"Chosen","floor":19,"turns":3},{"damage":29,"enemies":"Snake Plant","floor":22,"turns":3},{"damage":25,"enemies":"Gremlin Leader","floor":23,"turns":4},{"damage":0,"enemies":"3 Cultists","floor":24,"turns":2},{"damage":2,"enemies":"Snecko","floor":30,"turns":4},{"damage":0,"enemies":"Cultist and Chosen","floor":31,"turns":6},{"damage":16,"enemies":"Collector","floor":33,"turns":6},{"damage":17,"enemies":"3 Darklings","floor":35,"turns":3},{"damage":0,"enemies":"Orb Walker","floor":38,"turns":3},{"damage":16,"enemies":"Transient","floor":39,"turns":5},{"damage":24,"enemies":"Reptomancer","floor":40,"turns":6},{"damage":10,"enemies":"3 Darklings","floor":41,"turns":3},{"damage":0,"enemies":"Sphere and 2 Shapes","floor":46,"turns":3},{"damage":0,"enemies":"Transient","floor":48,"turns":5},{"damage":32,"enemies":"Awakened One","floor":50,"turns":4}],"seed_played":"-8641408063980625170","potions_obtained":[{"floor":1,"key":"Strength Potion"},{"floor":7,"key":"Swift Potion"},{"floor":14,"key":"Adrenaline Potion"},{"floor":18,"key":"AttackPotion"},{"floor":31,"key":"Adrenaline Potion"},{"floor":38,"key":"EssenceOfSteel"},{"floor":41,"key":"DistilledChaos"},{"floor":48,"key":"ColorlessPotion"}],"is_trial":false,"path_per_floor":["M","?","$","M","M","R","M","E","T","?","R","?","R","M","R","B",null,"M","M","?","$","M","E","M","R","T","?","$","R","M","M","R","B",null,"M","?","$","M","M","E","M","$","T","R","T","M","R","M","R","B"],"character_chosen":"DEFECT","items_purchased":["War Paint","Defragment","Sling","Redo"],"campfire_rested":4,"item_purchase_floors":[21,21,37,42],"current_hp_per_floor":[75,75,75,74,67,67,62,38,38,38,38,27,49,47,47,18,75,65,60,60,60,31,6,6,28,28,28,28,28,26,26,48,32,75,58,58,58,58,42,18,8,8,8,30,30,30,30,30,30,0,0],"gold":123,"neow_bonus":"REMOVE_CARD","is_daily":false,"chose_seed":false,"campfire_upgraded":6,"win_rate":0.0,"timestamp":1611005078,"path_taken":["M","?","?","M","M","R","?","E","T","?","R","?","R","M","R","BOSS","M","M","?","?","?","E","M","R","T","?","?","R","M","?","R","BOSS","M","?","?","M","?","E","M","?","T","R","?","M","R","M","R","BOSS"],"items_purchased_type":["Relic","Card","Relic","Card"],"build_version":"2020-12-22","purchased_purges":3,"victory":false,"max_hp_per_floor":[75,75,75,75,75,75,75,75,75,75,75,75,75,75,75,75,75,75,75,75,75,75,75,75,75,75,75,75,75,75,75,75,75,75,75,75,75,75,75,75,75,75,75,75,75,75,75,75,75,75,75],"relic_stats":{"counters":[23,90],"Astrolabe":["Crystallizer","Reboot","All For One"],"PreservedInsect":57,"War Paint":["Coolheaded","Zap"],"Orichalcum":[72],"obtain_stats":[{"ReplayFunnel":8,"Astrolabe":17,"Quantum Egg":47,"PreservedInsect":26,"Replay:Multitool":45,"War Paint":21,"Orichalcum":23,"Sling":37,"Replay:Arrowhead":40,"Nuclear Battery":34,"Replay:Baseball":9,"Onion Ring":36,"ReplayTheSpireMod:TigerMarble":43,"Cracked Core":0},{"ReplayFunnel":5,"Astrolabe":7,"Quantum Egg":21,"PreservedInsect":12,"Replay:Multitool":20,"War Paint":9,"Orichalcum":11,"Sling":16,"Replay:Arrowhead":19,"Nuclear Battery":15,"Replay:Baseball":5,"Onion Ring":16,"ReplayTheSpireMod:TigerMarble":20,"Cracked Core":0},{"ReplayFunnel":13,"Astrolabe":27,"Quantum Egg":81,"PreservedInsect":42,"Replay:Multitool":78,"War Paint":33,"Orichalcum":40,"Sling":61,"Replay:Arrowhead":75,"Nuclear Battery":58,"Replay:Baseball":13,"Onion Ring":61,"ReplayTheSpireMod:TigerMarble":78,"Cracked Core":0}]},"card_choices":[{"not_picked":["ReplaySort","Rebound"],"picked":"Chaos","floor":1},{"not_picked":["Barrage","ReplayTheSpireMod:GoodbyeWorld"],"picked":"BasicCrystalCard","floor":4},{"not_picked":["Sweeping Beam","Stack"],"picked":"Ball Lightning","floor":5},{"not_picked":["Compile Driver","BasicCrystalCard","Leap"],"picked":"SKIP","floor":7},{"not_picked":["Skim","Hologram"],"picked":"Beam Cell","floor":8},{"not_picked":["Ball Lightning","Barrage"],"picked":"Mirror Shield","floor":14},{"not_picked":["Biased Cognition","Reboot"],"picked":"Electrodynamics","floor":16},{"not_picked":["Leap+1","Blizzard"],"picked":"Gash","floor":18},{"not_picked":["Compile Driver","Heatsinks"],"picked":"Coolheaded","floor":19},{"not_picked":["Leap+1","Sweeping Beam","Rebound+1"],"picked":"SKIP","floor":22},{"not_picked":["Coolheaded+1","Biased Cognition"],"picked":"Fusion","floor":23},{"not_picked":["Steam+1","Leap+1"],"picked":"Gash","floor":24},{"not_picked":["Barrage","Reinforced Body+1"],"picked":"BasicCrystalCard","floor":30},{"not_picked":["Sunder","Glacier","Rebound"],"picked":"SKIP","floor":31},{"not_picked":["ReplayTheSpireMod:GoodbyeWorld+1","Heatsinks+1"],"picked":"Double Energy+1","floor":35},{"not_picked":["Glacier+1","Cold Snap"],"picked":"Storm","floor":38},{"not_picked":["Rebound","Conserve Battery"],"picked":"Doom and Gloom","floor":39},{"not_picked":["Buffer","Barrage+1"],"picked":"Loop+1","floor":40},{"not_picked":["Coolheaded","Barrage+1"],"picked":"Gash+1","floor":41},{"not_picked":["Streamline","Rip and Tear","Barrage+1"],"picked":"SKIP","floor":46},{"not_picked":["Compile Driver","Double Energy"],"picked":"Gash+1","floor":48}],"player_experience":54947,"relics_obtained":[{"floor":8,"key":"ReplayFunnel"},{"floor":9,"key":"Replay:Baseball"},{"floor":23,"key":"Orichalcum"},{"floor":26,"key":"PreservedInsect"},{"floor":40,"key":"Replay:Arrowhead"},{"floor":43,"key":"ReplayTheSpireMod:TigerMarble"},{"floor":45,"key":"Replay:Multitool"},{"floor":47,"key":"Quantum Egg"}],"event_choices":[{"damage_healed":0,"gold_gain":0,"player_choice":"Bought 0 Potions","damage_taken":0,"max_hp_gain":0,"max_hp_loss":0,"event_name":"The Woman in Blue","floor":2,"gold_loss":0},{"cards_removed":["Strike_B"],"damage_healed":0,"gold_gain":0,"player_choice":"Forget","damage_taken":0,"max_hp_gain":0,"max_hp_loss":0,"event_name":"Living Wall","floor":10,"gold_loss":0},{"damage_healed":0,"gold_gain":75,"player_choice":"Gather Gold","damage_taken":11,"max_hp_gain":0,"max_hp_loss":0,"event_name":"World of Goop","floor":12,"gold_loss":0},{"damage_healed":0,"gold_gain":0,"player_choice":"Ignored","damage_taken":0,"max_hp_gain":0,"max_hp_loss":0,"event_name":"NoteForYourself","floor":20,"gold_loss":0},{"damage_healed":0,"gold_gain":0,"player_choice":"1 cards matched","damage_taken":0,"max_hp_gain":0,"max_hp_loss":0,"event_name":"Match and Keep!","floor":27,"gold_loss":0,"cards_obtained":["Conserve Battery"]},{"damage_healed":0,"gold_gain":0,"player_choice":"Gave Potion","damage_taken":0,"relics_obtained":["Onion Ring"],"max_hp_gain":0,"max_hp_loss":0,"event_name":"WeMeetAgain","floor":36,"gold_loss":0}],"is_beta":false,"boss_relics":[{"not_picked":["ReplayTheSpireMod:DimensionalGlitch","Replay:Bronze Core"],"picked":"Astrolabe"},{"not_picked":["Replay:Ancient Bell","Sozu"],"picked":"Nuclear Battery"}],"items_purged_floors":[3,21,28],"is_endless":false,"potions_floor_spawned":[1,7,14,18,31,38,41,48],"killed_by":"Awakened One","ascension_level":0}}