{"host":"55frs1flqhuyvvn7","time":1611011567,"event":{"mods":["Act Like it!","Aspiration","BaseMod","BetterRewards","Colored Map","Colored Powertips","DeckTracker","Downfall","Hallownest","Hermit","Highlight Path","Hubris","Infinite Spire","Jorbs\u0027s Wanderer Trilogy","Marisa????????","Minty Spire (QoL Compilation)","Quick Restart","Random Character Button","Rare Cards Sparkle","Relic Sorter","StSLib","Synergy Search","The Bug Knight","The Construct","The Cursed","The Disciple","The Hierophant","The Jungle","The Necromancer","The Runesmith","The Servant 0.9.4"],"gold_per_floor":[99,110,124,144,156,169,219,234,267,279,292,292,292,319,331,436,436,436,453,469,469,469,469,518,533,533,543,45,45,58,70,87,182,182,182,202,222,21,37,50,50,69,69,69,69,69],"floor_reached":44,"language":"ENG","playtime":4218,"items_purged":["Slimebound:Defend_Slimebound","Neutralize"],"score":457,"play_id":"4e016d19-6463-47a7-8bae-54f74ee70ea0","local_time":"20210119001247","is_ascension_mode":false,"campfire_choices":[{"data":"Slimebound:Split","floor":1,"key":"SMITH"},{"data":"infinitespire:Starlight","floor":13,"key":"SMITH"},{"data":"Slimebound:MassRepurpose","floor":18,"key":"SMITH"},{"floor":23,"key":"REST"},{"data":"Transmutation","floor":29,"key":"SMITH"},{"data":"Slimebound:PrepareCrush","floor":35,"key":"SMITH"}],"circlet_count":0,"master_deck":["Slimebound:Defend_Slimebound+1","Slimebound:Split+1","Slimebound:CorrosiveSpit","Slimebound:Prepare","Slimebound:Schlurp","Slimebound:FinishingTackle","Slimebound:ItLooksTasty","hubris:DuctTapeCard","Slimebound:RejuvenatingLick+1","Slimebound:ViciousTackle","Slimebound:FinishingTackle","infinitespire:Starlight+1","Slimebound:AcidTongue","Slimebound:Repurpose","Slimebound:MassRepurpose+1","Slimebound:GoopSpray","Slimebound:GoopTackle+1","infinitespire:SevenWalls","Slimebound:Dissolve+1","Slimebound:MassFeed+1","Slimebound:RollThrough+1","Necronomicurse","Slimebound:MegaLick","Backflip","aspiration:Lunge","Slimebound:GoopSpray","Slimebound:Chomp","Transmutation+1","Slimebound:LeechEnergy","Slimebound:ProtectTheBoss","Slimebound:MegaLick","Slimebound:PrepareCrush+1","Slimebound:Schlurp+1","Slimebound:Gluttony","Slimebound:OozeBath","Slimebound:GoopSpray+1","Slimebound:SlimeSpikes","Slimebound:RejuvenatingLick+1","expansioncontent:YouAreMine","Slimebound:FormOfPuddle","Slimebound:GrowthPunch+1","Slimebound:SplitBruiser+1","Slimebound:RollThrough"],"relics":["Slimebound:AbsorbEndCombat","Anchor","hubris:DuctTape","Potion Belt","Velvet Choker","Astrolabe","Necronomicon","War Paint","Philosopher\u0027s Stone","Chemical X","Runesmith:Nanobots","Eternal Feather"],"acts_visited":["Exordium","TheCity","TheBeyond"],"potions_floor_usage":[9,15,15,16,16,33,33,33,36,44],"damage_taken":[{"damage":3,"enemies":"2 Louse","floor":2,"turns":3},{"damage":0,"enemies":"Small Slimes","floor":3,"turns":3},{"damage":0,"enemies":"Cultist","floor":4,"turns":3},{"damage":1,"enemies":"3 Louse","floor":5,"turns":4},{"damage":15,"enemies":"Exordium Wildlife","floor":6,"turns":5},{"damage":3,"enemies":"Blue Slaver","floor":8,"turns":3},{"damage":5,"enemies":"3 Sentries","floor":9,"turns":8},{"damage":13,"enemies":"Exordium Thugs","floor":10,"turns":4},{"damage":0,"enemies":"2 Fungi Beasts","floor":11,"turns":2},{"damage":11,"enemies":"Gremlin Nob","floor":14,"turns":3},{"damage":0,"enemies":"Gremlin Gang","floor":15,"turns":3},{"damage":55,"enemies":"IC_STATUS_ARCHETYPE","floor":16,"turns":9},{"damage":29,"enemies":"Chosen","floor":19,"turns":6},{"damage":3,"enemies":"Spheric Guardian","floor":20,"turns":3},{"damage":14,"enemies":"Centurion and Healer","floor":25,"turns":4},{"damage":23,"enemies":"Shelled Parasite and Fungi","floor":27,"turns":4},{"damage":17,"enemies":"downfall:FleeingMerchant","floor":28,"turns":4},{"damage":0,"enemies":"Cultist and Chosen","floor":30,"turns":3},{"damage":5,"enemies":"Centurion and Healer","floor":31,"turns":6},{"damage":15,"enemies":"Snake Plant","floor":32,"turns":3},{"damage":45,"enemies":"DF_ARCHETYPE_CLAW","floor":33,"turns":7},{"damage":43,"enemies":"3 Darklings","floor":36,"turns":6},{"damage":17,"enemies":"Orb Walker","floor":37,"turns":3},{"damage":12,"enemies":"downfall:FleeingMerchant","floor":38,"turns":4},{"damage":0,"enemies":"Sphere and 2 Shapes","floor":39,"turns":1},{"damage":2,"enemies":"3 Darklings","floor":40,"turns":3},{"damage":17,"enemies":"4 Shapes","floor":42,"turns":2},{"damage":63,"enemies":"Nightmare","floor":44,"turns":5}],"seed_played":"-4982002243149139290","potions_obtained":[{"floor":4,"key":"PowerPotion"},{"floor":6,"key":"Dexterity Potion"},{"floor":8,"key":"AttackPotion"},{"floor":11,"key":"bronze:BurnAndBuffPotion"},{"floor":14,"key":"Energy Potion"},{"floor":20,"key":"ColorlessPotion"},{"floor":31,"key":"DistilledChaos"},{"floor":32,"key":"AttackPotion"},{"floor":33,"key":"Block Potion"},{"floor":39,"key":"ColorlessPotion"},{"floor":40,"key":"SkillPotion"}],"is_trial":false,"path_per_floor":["R","M","M","M","M","M","T","M","E","M","M","?","R","E","M","B",null,"R","M","M","AVR","?","R","T","M","?","M","$","R","M","M","M","B",null,"R","M","M","$","M","M","T","M","?","NM"],"character_chosen":"SLIMEBOUND","items_purchased":["Slimebound:Chomp","Transmutation","Slimebound:LeechEnergy","Slimebound:ProtectTheBoss","Slimebound:MegaLick","expansioncontent:YouAreMine","Slimebound:FormOfPuddle","Chemical X","Runesmith:Nanobots"],"campfire_rested":1,"item_purchase_floors":[28,28,28,28,28,38,38,38,38],"current_hp_per_floor":[65,63,64,65,65,52,52,51,51,40,43,26,26,33,35,1,65,65,38,36,36,20,39,39,43,43,40,42,42,60,61,47,25,65,65,44,44,52,57,58,58,43,43,0,0,0],"gold":69,"neow_bonus":"TRANSFORM_CARD","is_daily":false,"chose_seed":false,"campfire_upgraded":5,"win_rate":0.0,"timestamp":1611011567,"path_taken":["R","M","M","M","M","M","T","M","E","M","M","?","R","E","M","BOSS","R","M","M","AVR","?","R","T","M","?","?","$","R","M","M","M","BOSS","R","M","?","$","M","M","T","M","?","NM"],"items_purchased_type":["Card","Card","Card","Card","Card","Card","Card","Relic","Relic"],"build_version":"2020-12-22","purchased_purges":2,"victory":false,"max_hp_per_floor":[65,65,65,65,65,65,65,65,65,65,65,65,65,65,65,65,65,65,65,65,65,65,65,65,65,65,65,65,65,65,65,65,65,65,65,65,65,65,69,69,69,69,69,69,69,69],"card_choices":[{"not_picked":["Slimebound:SplitLeeching","Slimebound:SplitAcid"],"picked":"Slimebound:Schlurp","floor":2},{"not_picked":["Slimebound:SplitAcid","Slimebound:ForwardTackle"],"picked":"Slimebound:Teamwork","floor":3},{"not_picked":["Slimebound:TongueLash","Slimebound:GoopTackle"],"picked":"Slimebound:Grow","floor":4},{"not_picked":["Slimebound:ComboTackle","Slimebound:Schlurp"],"picked":"Slimebound:FinishingTackle","floor":5},{"not_picked":["Slimebound:RollThrough","Slimebound:ComboTackle"],"picked":"Slimebound:ItLooksTasty","floor":6},{"not_picked":["Slimebound:Schlurp","Slimebound:SlimeSpikes"],"picked":"Slimebound:ItLooksTasty","floor":8},{"not_picked":["Slimebound:ComboTackle","Slimebound:FormOfPuddle"],"picked":"Slimebound:RejuvenatingLick","floor":9},{"not_picked":["Slimebound:Teamwork","Slimebound:LeechEnergy"],"picked":"Slimebound:ViciousTackle","floor":10},{"not_picked":["Slimebound:Schlurp","Slimebound:SamplingLick"],"picked":"Slimebound:FinishingTackle","floor":11},{"not_picked":["infinitespire:Menacing","infinitespire:NeuralNetwork"],"picked":"infinitespire:Starlight","floor":12},{"not_picked":["Slimebound:SplitMire","Slimebound:LivingWall"],"picked":"Slimebound:AcidTongue","floor":14},{"not_picked":["Slimebound:RejuvenatingLick","Slimebound:AcidTongue"],"picked":"Slimebound:Repurpose","floor":15},{"not_picked":["Slimebound:MinionMaster","Slimebound:FirmFortitude"],"picked":"Slimebound:MassRepurpose","floor":16},{"not_picked":["Slimebound:FlameTackle","Slimebound:GoopTackle"],"picked":"Slimebound:GoopSpray","floor":19},{"not_picked":["Slimebound:BestDefense+1","Slimebound:SlimeSpikes"],"picked":"Slimebound:GoopTackle+1","floor":20},{"not_picked":["Slimebound:FinishingTackle","Slimebound:LeechingTouch"],"picked":"Slimebound:MegaLick","floor":25},{"not_picked":["Slimebound:AcidTongue","Slimebound:Schlurp+1"],"picked":"Slimebound:LeechingTouch+1","floor":27},{"not_picked":["Slimebound:MegaLick","Slimebound:LeechEnergy"],"picked":"Slimebound:GoopSpray","floor":28},{"not_picked":["Slimebound:LeechEnergy+1","Slimebound:BestDefense"],"picked":"Slimebound:PrepareCrush","floor":30},{"not_picked":["Slimebound:LeechEnergy","Slimebound:Repurpose+1"],"picked":"Slimebound:Schlurp+1","floor":31},{"not_picked":["Slimebound:SplitBruiser+1","Slimebound:SpikyOuterGoop"],"picked":"Slimebound:Gluttony","floor":32},{"not_picked":["Slimebound:TagTeam","Slimebound:RallyTheTroops"],"picked":"Slimebound:OozeBath","floor":33},{"not_picked":["Slimebound:AcidTongue","Slimebound:Prepare+1"],"picked":"Slimebound:GoopSpray+1","floor":36},{"not_picked":["Slimebound:Schlurp","Slimebound:Gluttony"],"picked":"Slimebound:SlimeSpikes","floor":37},{"not_picked":["Slimebound:ViciousTackle+1","Slimebound:GoopSpray"],"picked":"Slimebound:RejuvenatingLick+1","floor":38},{"not_picked":["Slimebound:ItLooksTasty+1","Slimebound:LeechingTouch"],"picked":"Slimebound:GrowthPunch+1","floor":39},{"not_picked":["Slimebound:Grow","Slimebound:Schlurp"],"picked":"Slimebound:SplitBruiser+1","floor":40},{"not_picked":["Slimebound:ItLooksTasty+1","Slimebound:PrepareCrush"],"picked":"Slimebound:RollThrough","floor":42}],"player_experience":105766,"relics_obtained":[{"floor":7,"key":"Anchor"},{"floor":9,"key":"hubris:DuctTape"},{"floor":14,"key":"Potion Belt"},{"floor":22,"key":"Necronomicon"},{"floor":24,"key":"War Paint"},{"floor":41,"key":"Eternal Feather"}],"event_choices":[{"cards_removed":["Slimebound:LeechingTouch"],"damage_healed":0,"gold_gain":0,"player_choice":"Removed Attack","damage_taken":0,"max_hp_gain":0,"max_hp_loss":0,"event_name":"Falling","floor":43,"gold_loss":0}],"is_beta":false,"boss_relics":[{"not_picked":["Busted Crown","aspiration:DefectSkillbook"],"picked":"Velvet Choker"},{"not_picked":["hubris:BlackHole","aspiration:RitualDagger"],"picked":"Philosopher\u0027s Stone"}],"items_purged_floors":[21,28],"is_endless":false,"potions_floor_spawned":[4,6,8,11,14,20,31,32,33,39,40],"killed_by":"Nightmare","ascension_level":0}}