{"host":"gsgpu9obojnqwpp0","time":1611013799,"event":{"mods":["AchievementEnabler","BaseMod","Block Reminder","DeckTracker","Minty Spire (QoL Compilation)","Permanent Neow","Slay-I"],"gold_per_floor":[114,32,47,62,62,100,100,100,100,100,25,25,25,44,44,169,169,188,188,62,62,62,62,62],"floor_reached":23,"language":"ENG","playtime":892,"items_purged":["True Grit","Feel No Pain"],"score":210,"play_id":"63079fdc-2ae4-4161-a8d7-271dce133ee4","local_time":"20210118184959","daily_mods":["Draft","Flight","Lethality"],"is_ascension_mode":false,"campfire_choices":[{"floor":7,"key":"REST"},{"data":"Barricade","floor":8,"key":"SMITH"},{"data":"Body Slam","floor":10,"key":"SMITH"},{"data":"Entrench","floor":12,"key":"SMITH"},{"data":"Limit Break","floor":13,"key":"SMITH"},{"data":"Sentinel","floor":15,"key":"SMITH"}],"circlet_count":0,"master_deck":["Rampage","Metallicize","Anger","Armaments","Armaments","Cleave","Entrench+1","Heavy Blade","Dual Wield","Armaments","Sentinel+1","Armaments","Shrug It Off","Body Slam+1","Metallicize","Cleave","Cleave","Limit Break+1","Barricade+1","Warcry","Impervious","Iron Wave","Warcry"],"relics":["Burning Blood","Golden Idol","Juzu Bracelet","Tiny Chest","Sozu"],"acts_visited":["Exordium","TheCity"],"potions_floor_usage":[6,6,6],"damage_taken":[{"damage":0,"enemies":"Cultist","floor":1,"turns":5},{"damage":0,"enemies":"2 Louse","floor":3,"turns":1},{"damage":6,"enemies":"Small Slimes","floor":4,"turns":2},{"damage":23,"enemies":"Lagavulin","floor":6,"turns":5},{"damage":15,"enemies":"Blue Slaver","floor":14,"turns":4},{"damage":35,"enemies":"Slime Boss","floor":16,"turns":6},{"damage":21,"enemies":"2 Thieves","floor":18,"turns":3},{"damage":76,"enemies":"Book of Stabbing","floor":23,"turns":6}],"seed_played":"-1283480827410872575","potions_obtained":[{"floor":1,"key":"Energy Potion"},{"floor":3,"key":"LiquidBronze"},{"floor":4,"key":"HeartOfIron"}],"is_trial":false,"path_per_floor":["M","$","M","M","?","E","R","R","T","R","$","R","R","M","R","B",null,"M","?","$","$","?","E"],"character_chosen":"IRONCLAD","items_purchased":["Metallicize","Cleave","Warcry"],"campfire_rested":1,"item_purchase_floors":[2,2,20],"current_hp_per_floor":[80,80,80,80,60,43,67,67,67,67,67,67,67,58,58,29,80,65,65,65,65,65,0,0],"gold":62,"neow_bonus":"","is_daily":true,"chose_seed":false,"campfire_upgraded":5,"win_rate":0.0,"timestamp":1611013799,"path_taken":["M","$","?","M","?","E","R","R","T","R","$","R","R","M","R","BOSS","M","?","$","$","?","E"],"items_purchased_type":["Card","Card","Card"],"build_version":"2020-12-22","purchased_purges":2,"victory":false,"max_hp_per_floor":[80,80,80,80,80,80,80,80,80,80,80,80,80,80,80,80,80,80,80,80,80,80,80,80],"card_choices":[{"not_picked":["Second Wind","True Grit"],"picked":"Rampage","floor":0},{"not_picked":["Cleave","Feel No Pain"],"picked":"Metallicize","floor":0},{"not_picked":["Flex","Hemokinesis"],"picked":"Anger","floor":0},{"not_picked":["Twin Strike","Clash"],"picked":"Armaments","floor":0},{"not_picked":["Sword Boomerang","Hemokinesis"],"picked":"Armaments","floor":0},{"not_picked":["Inflame","Sentinel"],"picked":"Cleave","floor":0},{"not_picked":["Iron Wave","Wild Strike"],"picked":"Entrench","floor":0},{"not_picked":["True Grit","Cleave"],"picked":"Heavy Blade","floor":0},{"not_picked":["Cleave","Thunderclap"],"picked":"Dual Wield","floor":0},{"not_picked":["Dropkick","Flex"],"picked":"Armaments","floor":0},{"not_picked":["True Grit","Anger"],"picked":"Feel No Pain","floor":0},{"not_picked":["Anger","Clothesline"],"picked":"Sentinel","floor":0},{"not_picked":["Armaments","Anger"],"picked":"True Grit","floor":0},{"not_picked":["Wild Strike","Flex"],"picked":"Armaments","floor":0},{"not_picked":["Warcry","Bloodletting"],"picked":"Shrug It Off","floor":0},{"not_picked":["True Grit","Cleave"],"picked":"Body Slam","floor":1},{"not_picked":["Reckless Charge","Clash"],"picked":"Cleave","floor":3},{"not_picked":["Havoc","Heavy Blade"],"picked":"Limit Break","floor":4},{"not_picked":["Heavy Blade","True Grit"],"picked":"Barricade","floor":6},{"not_picked":["Perfected Strike","Hemokinesis"],"picked":"Warcry","floor":14},{"not_picked":["Immolate","Berserk"],"picked":"Impervious","floor":16},{"not_picked":["Fire Breathing","Clash"],"picked":"Iron Wave","floor":18}],"player_experience":262111,"relics_obtained":[{"floor":6,"key":"Juzu Bracelet"},{"floor":9,"key":"Tiny Chest"}],"event_choices":[{"damage_healed":0,"gold_gain":0,"player_choice":"Take Damage","damage_taken":20,"relics_obtained":["Golden Idol"],"max_hp_gain":0,"max_hp_loss":0,"event_name":"Golden Idol","floor":5,"gold_loss":0},{"damage_healed":0,"gold_gain":0,"player_choice":"Ignored","damage_taken":0,"max_hp_gain":0,"max_hp_loss":0,"event_name":"Vampires","floor":19,"gold_loss":0}],"is_beta":false,"boss_relics":[{"not_picked":["Runic Dome","Mark of Pain"],"picked":"Sozu"}],"items_purged_floors":[11,20],"is_endless":false,"potions_floor_spawned":[1,3,4],"killed_by":"Book of Stabbing","ascension_level":0}}