{"host":"s0ikvqhe10eopvjn","time":1611003737,"event":{"mods":["Act Like it!","Bard","BaseMod","Better Third Choice","Block Reminder","Colored Map","Colored Powertips","DeckTracker","Downfall","GifTheSpireLib","Halation","Hallownest","Hermit","Highlight Path","Hubris","Infinite Spire","Mad Scientist","Minty Spire (QoL Compilation)","Permanent Neow","Random Character Button","StSLib","The Blue Laboratory","The Bug Knight","The Construct","The Cursed","The Disciple","The Marked","The Necromancer","The Poker Player","The Runesmith","The Servant 0.9.4"],"gold_per_floor":[114,124,124,124,124,124,142,142,142,159,190,190,190,219,219,322,322,333,348,358,358,375,375,389,389,415,415,444,117,136,186,186,284,284,294,344,344,344,362,379,379,379,390,408,463,513,526,526,576,576],"floor_reached":49,"language":"ENG","playtime":3643,"items_purged":["MadScienceMod:Defend_MadScience","MadScienceMod:Strike_MadScience","MadScienceMod:Strike_MadScience"],"score":517,"play_id":"8f5fed4e-7efc-43b0-ac7d-e64201b8ebe8","local_time":"20210118210217","is_ascension_mode":false,"campfire_choices":[{"floor":6.0,"key":"REST"},{"floor":8.0,"key":"REST"},{"data":"MadScienceMod:Bayonet","floor":13.0,"key":"SMITH"},{"data":"MadScienceMod:FlexibleSpear","floor":23.0,"key":"SMITH"},{"data":"MadScienceMod:GlassCannon","floor":25.0,"key":"SMITH"},{"data":"MadScienceMod:ExploreOptions","floor":27.0,"key":"SMITH"},{"data":"MadScienceMod:BoxOfScraps","floor":32.0,"key":"SMITH"},{"data":"hubris:Fate","floor":42.0,"key":"SMITH"},{"data":"MadScienceMod:Assemble","floor":48,"key":"SMITH"}],"circlet_count":2,"master_deck":["MadScienceMod:Strike_MadScience+1","MadScienceMod:Defend_MadScience+1","MadScienceMod:Defend_MadScience+1","MadScienceMod:PoweredStrike","MadScienceMod:HideBehindJunk+1","MadScienceMod:Bayonet+1","MadScienceMod:OilDrum","MadScienceMod:FlexibleSpear+1","MadScienceMod:FlameCannon","MadScienceMod:TimeDilationField","MadScienceMod:Lightbulb","MadScienceMod:GlassCannon+1","MadScienceMod:OilDrum","MadScienceMod:ExploreOptions+1","MadScienceMod:FragmentationGrenade","infinitespire:Oblivion+1","MadScienceMod:FlexibleSpear","MadScienceMod:ShrinkRay+1","MadScienceMod:AcidSpray","MadScienceMod:BoxOfScraps+1","MadScienceMod:Booster","MadScienceMod:Refuel+1","MadScienceMod:FlexibleSpear+1","Parasite","MadScienceMod:OilDrum+1","Madness","MadScienceMod:HideBehindJunk+1","MadScienceMod:Assemble+1","Dramatic Entrance","hubris:Fate+1"],"relics":["MadScienceMod:FuelTank","construct:RocketBooster","halation:PinkSoulGem","Circlet","ClockworkSouvenir","infinitespire:Golems Mask","Pocketwatch","Lantern","SsserpentHead","hubris:Backtick","Burning Blood","hubris:HerbalPaste","infinitespire:Lucky Rock","hubris:AstralHammer","halation:LettersToHer","Empty Cage","PrismaticShard"],"acts_visited":["Exordium","TheCity","TheBeyond"],"potions_floor_usage":[49],"damage_taken":[{"damage":7.0,"enemies":"Jaw Worm","floor":1.0,"turns":5.0},{"damage":0.0,"enemies":"Small Slimes","floor":2.0,"turns":3.0},{"damage":0.0,"enemies":"infinitespire:Voidling","floor":7.0,"turns":3.0},{"damage":0.0,"enemies":"Blue Slaver","floor":10.0,"turns":3.0},{"damage":11.0,"enemies":"Lagavulin","floor":11.0,"turns":5.0},{"damage":0.0,"enemies":"HollowMod:MossKnight","floor":14.0,"turns":6.0},{"damage":44.0,"enemies":"The Guardian","floor":16.0,"turns":8.0},{"damage":0.0,"enemies":"Chosen","floor":18.0,"turns":3.0},{"damage":0.0,"enemies":"Spheric Guardian","floor":19.0,"turns":1.0},{"damage":2.0,"enemies":"3 Cultists","floor":20.0,"turns":4.0},{"damage":13.0,"enemies":"Sentry and Sphere","floor":22.0,"turns":4.0},{"damage":0.0,"enemies":"Snecko","floor":24.0,"turns":3.0},{"damage":26.0,"enemies":"Slavers","floor":28.0,"turns":5.0},{"damage":4.0,"enemies":"Centurion and Healer","floor":30.0,"turns":4.0},{"damage":18.0,"enemies":"hubris:MusketHawk","floor":33.0,"turns":6.0},{"damage":25.0,"enemies":"3 Darklings","floor":35.0,"turns":4.0},{"damage":5.0,"enemies":"3 Shapes","floor":39.0,"turns":5.0},{"damage":14.0,"enemies":"Writhing Mass","floor":40.0,"turns":4.0},{"damage":5.0,"enemies":"Spire Growth","floor":43.0,"turns":3.0},{"damage":4.0,"enemies":"Maw","floor":44.0,"turns":5.0},{"damage":24,"enemies":"Jaw Worm Horde","floor":47,"turns":4},{"damage":24,"enemies":"infinitespire:Three Voidlings","floor":49,"turns":3},{"damage":81,"enemies":"Nightmare_Alpha","floor":49,"turns":10}],"seed_played":"-1400202713717311363","potions_obtained":[{"floor":1.0,"key":"ColorlessPotion"},{"floor":11.0,"key":"Languid Potion"},{"floor":16.0,"key":"Explosive Potion"},{"floor":19.0,"key":"Adrenaline Potion"},{"floor":20.0,"key":"FearPotion"},{"floor":24.0,"key":"LiquidMemories"},{"floor":44.0,"key":"SteroidPotion"}],"is_trial":false,"path_per_floor":["M","M","?","?","$","R","M","R","T","M","E","?","R","E","R_BF","B",null,"M","M","M","AVR","M","R","M","R","T","R","E","$","M","?","R","B",null,"M","?","PTL","PTL","M","M","AVR","R","M","M","T","?","M","R","?"],"character_chosen":"MAD_SCIENTIST","items_purchased":["ClockworkSouvenir","infinitespire:Golems Mask","halation:LettersToHer","blueLaboratory:FruitPreserves"],"campfire_rested":2,"item_purchase_floors":[5,5,29,29],"current_hp_per_floor":[68,68,68,56,26,48,48,70,70,70,59,59,59,59,59,15,75,75,75,75,75,68,68,75,75,75,75,57,57,65,65,65,59,75,57,57,57,57,64,62,62,62,68,75,75,75,60,60,0,0],"gold":576,"neow_bonus":"ONE_RARE_RELIC","is_daily":false,"chose_seed":false,"campfire_upgraded":7,"win_rate":0.0,"timestamp":1611003737,"path_taken":["M","M","?","?","?","R","?","R","T","M","E","?","R","E","R_BF","BOSS","M","M","M","AVR","M","R","M","R","T","R","E","$","M","?","R","BOSS","M","?","PTL","PTL","M","M","AVR","R","M","M","T","?","M","R","?"],"items_purchased_type":["Relic","Relic","Relic","Potion"],"build_version":"2020-12-22","purchased_purges":3,"victory":false,"max_hp_per_floor":[75,75,75,75,75,75,75,75,75,75,75,75,75,75,75,75,75,75,75,75,75,75,75,75,75,75,75,75,75,75,75,75,75,75,75,75,75,75,75,75,75,75,75,75,75,75,75,75,75,75],"card_choices":[{"not_picked":["MadScienceMod:Virus","MadScienceMod:OmniHammer"],"picked":"MadScienceMod:Bayonet","floor":1.0},{"not_picked":["MadScienceMod:ImposingConstruct","MadScienceMod:Retarget"],"picked":"MadScienceMod:OilDrum","floor":2.0},{"not_picked":["MadScienceMod:Detonate","MadScienceMod:OilDrum"],"picked":"MadScienceMod:FlexibleSpear","floor":7.0},{"not_picked":["MadScienceMod:ExtractOil","MadScienceMod:FlammableWall"],"picked":"MadScienceMod:FlameCannon","floor":10.0},{"not_picked":["MadScienceMod:NowOrNever","MadScienceMod:FlexibleSpear"],"picked":"MadScienceMod:TimeDilationField","floor":11.0},{"not_picked":["MadScienceMod:EnergyBarrier","MadScienceMod:Sprocket"],"picked":"MadScienceMod:Lightbulb","floor":14.0},{"not_picked":["MadScienceMod:LabAccident","MadScienceMod:GoldenGun"],"picked":"MadScienceMod:GlassCannon","floor":16.0},{"not_picked":["MadScienceMod:FlameCannon","MadScienceMod:Weaponize"],"picked":"MadScienceMod:OilDrum","floor":18.0},{"not_picked":["MadScienceMod:Sprocket","MadScienceMod:MechanicalClaw"],"picked":"MadScienceMod:ExploreOptions","floor":19.0},{"not_picked":["MadScienceMod:MechanicalClaw","MadScienceMod:EnergyBarrier+1"],"picked":"MadScienceMod:FragmentationGrenade","floor":20.0},{"not_picked":["MadScienceMod:Virus","MadScienceMod:Detonate"],"picked":"MadScienceMod:FlexibleSpear","floor":22.0},{"not_picked":["MadScienceMod:OilDrum","MadScienceMod:BandageBot+1"],"picked":"MadScienceMod:ShrinkRay+1","floor":24.0},{"not_picked":["MadScienceMod:NowOrNever","MadScienceMod:MechanicalClaw"],"picked":"MadScienceMod:AcidSpray","floor":28.0},{"not_picked":["MadScienceMod:EnergyBarrier+1","MadScienceMod:GattlingGun"],"picked":"MadScienceMod:BoxOfScraps","floor":30.0},{"not_picked":["MadScienceMod:ArtilleryShot","MadScienceMod:Automate"],"picked":"MadScienceMod:Booster","floor":33.0},{"not_picked":["MadScienceMod:BandageBot+1","MadScienceMod:Retarget+1"],"picked":"MadScienceMod:Refuel+1","floor":35.0},{"not_picked":["MadScienceMod:FragmentationGrenade","MadScienceMod:Weaponize"],"picked":"MadScienceMod:FlexibleSpear+1","floor":39.0},{"not_picked":["MadScienceMod:Refuel+1","MadScienceMod:Detonate"],"picked":"MadScienceMod:OilDrum+1","floor":40.0},{"not_picked":["Survivor","sneckomod:SnekBite"],"picked":"MadScienceMod:HideBehindJunk","floor":41.0},{"not_picked":["MadScienceMod:Automate","MadScienceMod:CloneVats"],"picked":"MadScienceMod:Assemble","floor":41.0},{"not_picked":["expansioncontent:DefensiveStance","Deep Breath"],"picked":"Dramatic Entrance","floor":41.0},{"not_picked":["infinitespire:UltimateForm","infinitespire:Execution"],"picked":"hubris:Fate","floor":41.0},{"not_picked":["Replay:Vibes+1","bard:MantleOfInspiration+1","theMarked:Opportunist+1"],"picked":"SKIP","floor":43.0},{"not_picked":["Barrage","blackbeard:DoubleBottom+1","blackbeard:WiseDefense"],"picked":"SKIP","floor":44.0},{"not_picked":["hexamod:TimeOfNeed","LockedAnchor+1","PokerPlayerMod:Raise"],"picked":"SKIP","floor":47}],"player_experience":280133,"relics_obtained":[{"floor":9.0,"key":"Pocketwatch"},{"floor":11.0,"key":"ReplayTheSpireMod:Lightbulb"},{"floor":14.0,"key":"Lantern"},{"floor":26.0,"key":"infinitespire:Lucky Rock"},{"floor":28.0,"key":"hubris:AstralHammer"},{"floor":45.0,"key":"halation:LettersToHer"},{"floor":45.0,"key":"Simple Rune"}],"event_choices":[{"damage_healed":0.0,"max_hp_gain":0.0,"max_hp_loss":0.0,"gold_gain":0.0,"event_name":"betterThird:BetterScrap","player_choice":"Relic ","floor":4.0,"gold_loss":0.0,"damage_taken":12.0,"cards_obtained":["Auto Shields"]},{"cards_removed":["Slimebound:Icky"],"damage_healed":0.0,"max_hp_gain":0.0,"max_hp_loss":0.0,"gold_gain":0.0,"event_name":"Fountain of Cleansing","player_choice":"Removed Curses","floor":12.0,"gold_loss":0.0,"damage_taken":0.0},{"damage_healed":0.0,"max_hp_gain":0.0,"max_hp_loss":0.0,"gold_gain":0.0,"event_name":"FaceTrader","player_choice":"Trade","floor":15.0,"gold_loss":0.0,"damage_taken":0.0,"relics_obtained":["SsserpentHead"]},{"damage_healed":0.0,"max_hp_gain":0.0,"max_hp_loss":0.0,"gold_gain":0.0,"event_name":"Ghosts","player_choice":"Ignored","floor":31.0,"gold_loss":0.0,"damage_taken":0.0},{"damage_healed":0,"gold_gain":0,"player_choice":"Forge","damage_taken":0,"max_hp_gain":0,"max_hp_loss":0,"event_name":"Accursed Blacksmith","floor":46,"gold_loss":0,"cards_upgraded":["MadScienceMod:HideBehindJunk"]}],"is_beta":false,"boss_relics":[{"not_picked":["Philosopher\u0027s Stone","halation:SmartPhone"],"picked":"hubris:Backtick"},{"not_picked":["Replay:Wanted Poster","Cursed Key"],"picked":"Empty Cage"}],"items_purged_floors":[21,29,41],"is_endless":false,"potions_floor_spawned":[1,11,16,19,20,24,28,35,44],"killed_by":"Nightmare_Alpha","ascension_level":0}}