{"host":"Bilverbakes","time":1611002089,"event":{"mods":["2.2 Compatiblity","AchievementEnabler","BaseMod","Bestiary","Colored Map","Minty Spire (QoL Compilation)","Relic Stats","StSLib","ojb\u0027s Info Mod"],"gold_per_floor":[360,360,378,33,50,85,97,116,116,116,150,164,195,214,214,291,291,302,319,151,151,161,194,194,214,214,214,229,229,262,262,262,337,337,352,364,364,364,389,417,329,344,368,368,391,391,404,418,418,418,418,418],"floor_reached":51,"language":"ENG","playtime":3855,"items_purged":["Parasite"],"score":1478,"play_id":"5b981c05-e027-49ec-ac9d-dda8be7ffd5e","local_time":"20210118143449","is_ascension_mode":true,"campfire_choices":[{"data":"Devotion","floor":10.0,"key":"SMITH"},{"data":"EmptyFist","floor":15.0,"key":"SMITH"},{"data":"Omniscience","floor":24.0,"key":"SMITH"},{"floor":27.0,"key":"REST"},{"floor":32.0,"key":"REST"},{"floor":44,"key":"REST"},{"floor":46,"key":"RECALL"},{"data":"BowlingBash","floor":49,"key":"SMITH"}],"circlet_count":0,"master_deck":["AscendersBane","Eruption+1","Vigilance+1","Sanctity+1","FlyingSleeves","FearNoEvil","DeceiveReality+1","ClearTheMind+1","FearNoEvil+1","Devotion+1","EmptyFist+1","LessonLearned","ThirdEye+1","Collect+1","Scrawl+1","WheelKick","FlyingSleeves+1","Tantrum+1","FearNoEvil+1","Conclude+1","Tantrum+1","TalkToTheHand+1","Omniscience+1","BowlingBash+1","Swivel+1","InnerPeace","FlurryOfBlows"],"relics":["PureWater","White Beast Statue","Whetstone","Bottled Flame","Tiny Chest","Thread and Needle","Pandora\u0027s Box","PreservedInsect","Matryoshka","Ancient Tea Set","Letter Opener","Bag of Marbles","Regal Pillow","Juzu Bracelet","Philosopher\u0027s Stone","Ice Cream","Bronze Scales","Happy Flower","War Paint"],"acts_visited":["Exordium","TheCity","TheBeyond"],"potions_floor_usage":[50],"damage_taken":[{"damage":4.0,"enemies":"Jaw Worm","floor":1.0,"turns":4.0},{"damage":1.0,"enemies":"Cultist","floor":3.0,"turns":5.0},{"damage":1.0,"enemies":"Small Slimes","floor":5.0,"turns":3.0},{"damage":16.0,"enemies":"Gremlin Nob","floor":6.0,"turns":3.0},{"damage":0.0,"enemies":"Looter","floor":7.0,"turns":3.0},{"damage":0.0,"enemies":"Large Slime","floor":8.0,"turns":4.0},{"damage":1.0,"enemies":"3 Sentries","floor":11.0,"turns":9.0},{"damage":6.0,"enemies":"Exordium Thugs","floor":12.0,"turns":5.0},{"damage":3.0,"enemies":"Gremlin Nob","floor":13.0,"turns":3.0},{"damage":0.0,"enemies":"Exordium Wildlife","floor":14.0,"turns":2.0},{"damage":18.0,"enemies":"Slime Boss","floor":16.0,"turns":9.0},{"damage":0.0,"enemies":"Chosen","floor":18.0,"turns":3.0},{"damage":0.0,"enemies":"Shell Parasite","floor":19.0,"turns":2.0},{"damage":0.0,"enemies":"Chosen and Byrds","floor":22.0,"turns":2.0},{"damage":6.0,"enemies":"Gremlin Leader","floor":23.0,"turns":4.0},{"damage":26.0,"enemies":"Centurion and Healer","floor":25.0,"turns":5.0},{"damage":0.0,"enemies":"3 Cultists","floor":28.0,"turns":5.0},{"damage":0.0,"enemies":"Book of Stabbing","floor":30.0,"turns":5.0},{"damage":25.0,"enemies":"Automaton","floor":33.0,"turns":5.0},{"damage":2.0,"enemies":"3 Shapes","floor":35.0,"turns":4.0},{"damage":0.0,"enemies":"3 Darklings","floor":36.0,"turns":2.0},{"damage":0.0,"enemies":"Mind Bloom Boss Battle","floor":39.0,"turns":4.0},{"damage":0.0,"enemies":"Giant Head","floor":40.0,"turns":3.0},{"damage":29,"enemies":"Writhing Mass","floor":42,"turns":3},{"damage":0,"enemies":"Maw","floor":47,"turns":8},{"damage":0,"enemies":"3 Darklings","floor":48,"turns":2},{"damage":62,"enemies":"Awakened One","floor":50,"turns":8},{"damage":0,"enemies":"Time Eater","floor":51,"turns":1}],"seed_played":"2766085314460860647","potions_obtained":[{"floor":1.0,"key":"Fire Potion"},{"floor":5.0,"key":"GamblersBrew"},{"floor":6.0,"key":"Strength Potion"},{"floor":7.0,"key":"DistilledChaos"},{"floor":8.0,"key":"BlessingOfTheForge"},{"floor":11.0,"key":"ColorlessPotion"},{"floor":12.0,"key":"AttackPotion"},{"floor":13.0,"key":"Weak Potion"},{"floor":14.0,"key":"DistilledChaos"},{"floor":16.0,"key":"Explosive Potion"},{"floor":22.0,"key":"FearPotion"},{"floor":23.0,"key":"Explosive Potion"},{"floor":25.0,"key":"SmokeBomb"},{"floor":28.0,"key":"Ancient Potion"},{"floor":29.0,"key":"Swift Potion"},{"floor":29.0,"key":"SteroidPotion"},{"floor":30.0,"key":"Strength Potion"},{"floor":33.0,"key":"Fruit Juice"},{"floor":35.0,"key":"FearPotion"},{"floor":36.0,"key":"Swift Potion"},{"floor":39.0,"key":"SteroidPotion"},{"floor":40.0,"key":"Ancient Potion"},{"floor":42,"key":"SneckoOil"},{"floor":48,"key":"Strength Potion"}],"is_trial":false,"path_per_floor":["M","?","M","$","M","E","M","M","T","R","E","M","E","M","R","B",null,"M","M","$","?","M","E","R","M","T","R","M","?","E","T","R","B",null,"M","M","$","?","?","E","?","M","T","R","T","R","M","M","R","B","B"],"character_chosen":"WATCHER","items_purchased":["White Beast Statue","PreservedInsect"],"campfire_rested":3,"item_purchase_floors":[4,20],"current_hp_per_floor":[57,57,56,56,55,39,39,39,39,39,38,32,29,29,29,11,52,52,52,52,52,52,46,46,20,20,39,39,39,39,39,65,40,59,57,62,62,62,62,62,62,33,33,69,69,69,69,69,69,7,7,7],"gold":418,"neow_bonus":"TWO_FIFTY_GOLD","is_daily":false,"chose_seed":false,"campfire_upgraded":4,"win_rate":0.0,"timestamp":1611002089,"path_taken":["M","?","M","$","M","E","M","M","T","R","E","?","E","M","R","BOSS","M","M","$","?","M","E","R","M","T","R","M","?","E","?","R","BOSS","M","M","$","?","?","E","?","M","T","R","?","R","M","M","R","BOSS","BOSS"],"items_purchased_type":["Relic","Relic"],"build_version":"2020-12-18","purchased_purges":1,"victory":false,"max_hp_per_floor":[68,68,68,65,65,65,65,65,65,65,65,65,65,65,65,65,65,65,65,65,65,65,65,65,65,65,65,65,65,65,65,65,65,65,65,70,70,70,70,70,70,70,70,70,70,70,70,70,70,70,70,70],"relic_stats":{"Regal Pillow":22,"Happy Flower":[7],"counters":[28,116],"Bronze Scales":[63],"Tiny Chest":2,"Pandora\u0027s Box":["ThirdEye","Collect","Scrawl","WheelKick","FlyingSleeves","Tantrum","FearNoEvil"],"PreservedInsect":220,"Juzu Bracelet":0,"Whetstone":["Strike_P","Eruption"],"Letter Opener":[138],"War Paint":["Vigilance","ThirdEye"],"obtain_stats":[{"Ice Cream":39,"Regal Pillow":31,"Happy Flower":41,"Thread and Needle":13,"PreservedInsect":20,"Juzu Bracelet":31,"Whetstone":6,"Letter Opener":26,"War Paint":45,"Ancient Tea Set":26,"White Beast Statue":4,"Bottled Flame":9,"Matryoshka":23,"Bronze Scales":40,"Tiny Chest":11,"Pandora\u0027s Box":17,"Philosopher\u0027s Stone":34,"Bag of Marbles":30,"PureWater":0},{"Ice Cream":22,"Regal Pillow":18,"Happy Flower":23,"Thread and Needle":9,"PreservedInsect":13,"Juzu Bracelet":18,"Whetstone":4,"Letter Opener":16,"War Paint":24,"Ancient Tea Set":16,"White Beast Statue":2,"Bottled Flame":6,"Matryoshka":15,"Bronze Scales":23,"Tiny Chest":7,"Pandora\u0027s Box":11,"Philosopher\u0027s Stone":19,"Bag of Marbles":18,"PureWater":0},{"Ice Cream":91,"Regal Pillow":76,"Happy Flower":94,"Thread and Needle":39,"PreservedInsect":55,"Juzu Bracelet":76,"Whetstone":15,"Letter Opener":66,"War Paint":97,"Ancient Tea Set":66,"White Beast Statue":9,"Bottled Flame":22,"Matryoshka":61,"Bronze Scales":94,"Tiny Chest":31,"Pandora\u0027s Box":50,"Philosopher\u0027s Stone":81,"Bag of Marbles":76,"PureWater":0}]},"card_choices":[{"not_picked":["ClearTheMind","ThirdEye"],"picked":"Sanctity","floor":1.0},{"not_picked":["InnerPeace","JustLucky"],"picked":"FearNoEvil","floor":3.0},{"not_picked":["SignatureMove","Evaluate"],"picked":"DeceiveReality","floor":5.0},{"not_picked":["Crescendo","Study"],"picked":"ClearTheMind","floor":6.0},{"not_picked":["FollowUp","FlyingSleeves"],"picked":"FearNoEvil","floor":7.0},{"not_picked":["WindmillStrike","Protect"],"picked":"Devotion","floor":8.0},{"not_picked":["BattleHymn","SignatureMove","Evaluate"],"picked":"SKIP","floor":11.0},{"not_picked":["Halt","EmptyBody"],"picked":"EmptyFist","floor":12.0},{"not_picked":["MasterReality","Sanctity","CrushJoints"],"picked":"SKIP","floor":13.0},{"not_picked":["Halt","PathToVictory","FollowUp"],"picked":"SKIP","floor":14.0},{"not_picked":["Judgement","Wish"],"picked":"LessonLearned","floor":16.0},{"not_picked":["JustLucky","Consecrate"],"picked":"Conclude","floor":18.0},{"not_picked":["JustLucky","Halt"],"picked":"Tantrum","floor":19.0},{"not_picked":["Prostrate","CutThroughFate"],"picked":"TalkToTheHand","floor":22.0},{"not_picked":["Halt","SandsOfTime"],"picked":"Omniscience","floor":23.0},{"not_picked":["FlyingSleeves","EmptyBody"],"picked":"BowlingBash","floor":25.0},{"not_picked":["EmptyBody","PathToVictory","BowlingBash"],"picked":"SKIP","floor":28.0},{"not_picked":["FearNoEvil+1","Wireheading","Brilliance"],"picked":"SKIP","floor":30.0},{"not_picked":["Consecrate+1","Swivel","Crescendo"],"picked":"SKIP","floor":35.0},{"not_picked":["Consecrate+1","Crescendo+1","BowlingBash+1"],"picked":"SKIP","floor":36.0},{"not_picked":["Halt","Alpha"],"picked":"Swivel+1","floor":40.0},{"not_picked":["Halt","Wireheading"],"picked":"InnerPeace","floor":42},{"not_picked":["EmptyBody","Evaluate","Swivel"],"picked":"SKIP","floor":47},{"not_picked":["SashWhip","Halt"],"picked":"FlurryOfBlows","floor":48}],"player_experience":748991,"relics_obtained":[{"floor":6.0,"key":"Whetstone"},{"floor":9.0,"key":"Bottled Flame"},{"floor":11.0,"key":"Tiny Chest"},{"floor":13.0,"key":"Thread and Needle"},{"floor":23.0,"key":"Matryoshka"},{"floor":26.0,"key":"Ancient Tea Set"},{"floor":26.0,"key":"Letter Opener"},{"floor":30.0,"key":"Bag of Marbles"},{"floor":31.0,"key":"Regal Pillow"},{"floor":31.0,"key":"Juzu Bracelet"},{"floor":39.0,"key":"Ice Cream"},{"floor":40.0,"key":"Bronze Scales"},{"floor":45,"key":"War Paint"}],"event_choices":[{"damage_healed":0.0,"max_hp_gain":0.0,"max_hp_loss":0.0,"gold_gain":0.0,"cards_transformed":["Strike_P"],"event_name":"Transmorgrifier","player_choice":"Transformed","floor":2.0,"gold_loss":0.0,"damage_taken":0.0,"cards_obtained":["FlyingSleeves"]},{"damage_healed":0.0,"max_hp_gain":0.0,"max_hp_loss":0.0,"gold_gain":0.0,"event_name":"Ghosts","player_choice":"Ignored","floor":21.0,"gold_loss":0.0,"damage_taken":0.0},{"damage_healed":0.0,"max_hp_gain":0.0,"max_hp_loss":0.0,"gold_gain":0.0,"event_name":"Lab","player_choice":"Got Potions","floor":29.0,"gold_loss":0.0,"damage_taken":0.0},{"damage_healed":0.0,"max_hp_gain":0.0,"max_hp_loss":0.0,"gold_gain":0.0,"event_name":"Tomb of Lord Red Mask","player_choice":"Ignored","floor":38.0,"gold_loss":0.0,"damage_taken":0.0},{"damage_healed":0.0,"max_hp_gain":0.0,"max_hp_loss":0.0,"gold_gain":0.0,"event_name":"MindBloom","player_choice":"Fight","floor":39.0,"gold_loss":0.0,"damage_taken":0.0},{"damage_healed":0.0,"max_hp_gain":0.0,"max_hp_loss":0.0,"gold_gain":0.0,"event_name":"WeMeetAgain","player_choice":"Paid Gold","floor":41.0,"gold_loss":88.0,"damage_taken":0.0,"relics_obtained":["Happy Flower"]}],"is_beta":true,"boss_relics":[{"not_picked":["SacredBark","Calling Bell"],"picked":"Pandora\u0027s Box"},{"not_picked":["Cursed Key","Runic Dome"],"picked":"Philosopher\u0027s Stone"}],"items_purged_floors":[4],"is_endless":false,"potions_floor_spawned":[1,5,6,7,8,11,12,13,14,16,18,19,22,23,25,28,30,33,35,36,39,40,42,47,48],"killed_by":"Time Eater","ascension_level":20}}