{"host":"wcqwttj5v9rz3xmq","time":1611001042,"event":{"mods":["BaseMod","Colored Map","Downfall","Minty Spire (QoL Compilation)","StSLib"],"gold_per_floor":[99,109,120,295,311,339,339,354,254,92,92,192,209,223,234,234,234,234],"floor_reached":16,"language":"ENG","playtime":2107,"items_purged":["Doubt"],"score":104,"play_id":"f74e2890-5169-4b93-bebc-f5407f226b51","local_time":"20210118151722","is_ascension_mode":false,"campfire_choices":[{"floor":1,"key":"RECALL"},{"floor":9,"key":"REST"}],"circlet_count":0,"master_deck":["Guardian:Strike_Guardian","Guardian:Strike_Guardian","Guardian:Strike_Guardian","Guardian:Strike_Guardian","Guardian:Defend_Guardian","Guardian:Defend_Guardian","Guardian:Defend_Guardian","Guardian:Defend_Guardian","Guardian:CurlUp","Guardian:TwinSlam","Guardian:Recover","Guardian:VentSteam","Guardian:StasisStrike","Guardian:PiercingHide+1","Guardian:Reroute","Guardian:Gem_Synthetic","Guardian:Gem_Purple","Guardian:Gem_Crimson","Guardian:Gem_Blue","Guardian:Gem_Lightblue","Guardian:TemporalShield+1","Guardian:WalkerClaw","Guardian:TemporalStrike"],"relics":["Guardian:ModeShifter","Letter Opener","Toxic Egg 2","downfall:HeartBlessingRed","Guardian:PickAxe"],"acts_visited":["Exordium"],"potions_floor_usage":[6,16,16],"damage_taken":[{"damage":0,"enemies":"Small Slimes","floor":2,"turns":3},{"damage":10,"enemies":"Jaw Worm","floor":3,"turns":6},{"damage":6,"enemies":"Cultist","floor":5,"turns":4},{"damage":41,"enemies":"Lagavulin","floor":6,"turns":14},{"damage":3,"enemies":"Red Slaver","floor":8,"turns":4},{"damage":0,"enemies":"downfall:FleeingMerchant","floor":10,"turns":4},{"damage":6,"enemies":"downfall:FleeingMerchant","floor":11,"turns":4},{"damage":3,"enemies":"Large Slime","floor":13,"turns":6},{"damage":0,"enemies":"2 Fungi Beasts","floor":14,"turns":2},{"damage":0,"enemies":"Large Slime","floor":15,"turns":5},{"damage":19,"enemies":"SI_SHIV_ARCHETYPE","floor":16,"turns":10}],"seed_played":"5753975219895951958","potions_obtained":[{"floor":2,"key":"Strength Potion"},{"floor":3,"key":"SneckoOil"},{"floor":8,"key":"ColorlessPotion"}],"is_trial":false,"path_per_floor":["R","M","M","?","M","E","T","M","R","$","?","?","M","M","M","B"],"character_chosen":"GUARDIAN","items_purchased":["Guardian:PiercingHide+1","Guardian:Reroute"],"campfire_rested":1,"item_purchase_floors":[10,10],"current_hp_per_floor":[88,88,78,78,72,31,31,28,54,54,18,18,15,15,15,0,0,0],"gold":234,"neow_bonus":"TEN_PERCENT_HP_BONUS","is_daily":false,"chose_seed":false,"campfire_upgraded":0,"win_rate":0.0,"timestamp":1611001042,"path_taken":["R","M","M","?","M","E","T","M","R","$","?","?","M","?","M","BOSS"],"items_purchased_type":["Card","Card"],"build_version":"2020-12-22","purchased_purges":1,"victory":false,"max_hp_per_floor":[88,88,88,88,88,88,88,88,88,88,88,88,88,88,88,88,88,88],"card_choices":[{"not_picked":["Guardian:Harden","Guardian:Suspension"],"picked":"Guardian:Recover","floor":2},{"not_picked":["Guardian:BodySlam","Guardian:DecasProtection"],"picked":"Guardian:VentSteam","floor":3},{"not_picked":["Guardian:TemporalShield","Guardian:PiercingHide"],"picked":"Guardian:Gem_Blue","floor":5},{"not_picked":["Guardian:PrimingBeam","Guardian:WalkerClaw"],"picked":"Guardian:Gem_Purple","floor":6},{"not_picked":["Guardian:TimeBomb+1","Guardian:Preprogram+1"],"picked":"Guardian:Gem_Orange","floor":8},{"not_picked":["Guardian:BodySlam","Guardian:Suspension+1"],"picked":"Guardian:StasisStrike","floor":10},{"not_picked":["Guardian:Gem_Red","Guardian:Emergency+1"],"picked":"Guardian:TemporalShield+1","floor":13},{"not_picked":["Guardian:BodySlam","Guardian:Planning+1"],"picked":"Guardian:WalkerClaw","floor":14},{"not_picked":["Guardian:Gem_Red","Guardian:PrimingBeam"],"picked":"Guardian:TemporalStrike","floor":15}],"player_experience":83797,"relics_obtained":[{"floor":6,"key":"Letter Opener"},{"floor":7,"key":"Toxic Egg 2"}],"event_choices":[],"is_beta":false,"boss_relics":[],"items_purged_floors":[10],"is_endless":false,"potions_floor_spawned":[2,3,8,11],"killed_by":"SI_SHIV_ARCHETYPE","ascension_level":0}}