{"host":"50per11302020","time":1611014103,"event":{"mods":["AchievementEnabler","BaseMod","Colored Map","Minty Spire (QoL Compilation)","Relic Stats","StSLib"],"gold_per_floor":[112,262,275,200,212,239,239,252,252,266,266,266,266,296,296,370,370,390,440,457,457,472,472,505,505,531,547,547,576,59,59,59,138,138,158,176,190,190,204,34,65,65,116,45,45,23,23,37,37,37],"floor_reached":51,"language":"ENG","playtime":3056,"items_purged":[],"score":1333,"play_id":"fd79c13a-b978-4ed1-b521-ea5811d3608c","local_time":"20210118155503","is_ascension_mode":true,"campfire_choices":[{"floor":7.0,"key":"REST"},{"data":"Defragment","floor":11.0,"key":"SMITH"},{"data":"Chaos","floor":13.0,"key":"SMITH"},{"floor":15.0,"key":"REST"},{"floor":23.0,"key":"REST"},{"data":"Creative AI","floor":25.0,"key":"SMITH"},{"data":"Static Discharge","floor":32.0,"key":"SMITH"},{"floor":45.0,"key":"REST"},{"floor":47.0,"key":"REST"},{"floor":49,"key":"REST"}],"circlet_count":0,"master_deck":["AscendersBane","Strike_B+1","Strike_B+1","Strike_B+1","Defend_B+1","Defend_B+1","Defend_B+1","Defend_B+1","Zap","Dualcast","Defragment+1","Genetic Algorithm+1","FTL","Chaos+1","Electrodynamics","Creative AI+1","Force Field","Storm","FTL","Glacier","Biased Cognition","Glacier","Bandage Up","Static Discharge+1","Core Surge","Self Repair","Recycle+1","Coolheaded+1","Thunder Strike","Glacier","Chill+1","Apotheosis","Bandage Up","Dark Shackles","Defragment","Barrage","Redo+1"],"relics":["Cracked Core","FossilizedHelix","CaptainsWheel","StoneCalendar","Nuclear Battery","Pocketwatch","Potion Belt","The Courier","Anchor","Strawberry","Fusion Hammer","ClockworkSouvenir","Vajra","War Paint"],"acts_visited":["Exordium","TheCity","TheBeyond"],"potions_floor_usage":[50,50],"damage_taken":[{"damage":0.0,"enemies":"2 Louse","floor":1.0,"turns":2.0},{"damage":0.0,"enemies":"Small Slimes","floor":3.0,"turns":3.0},{"damage":7.0,"enemies":"Jaw Worm","floor":5.0,"turns":3.0},{"damage":46.0,"enemies":"Gremlin Nob","floor":6.0,"turns":5.0},{"damage":4.0,"enemies":"Looter","floor":8.0,"turns":3.0},{"damage":0.0,"enemies":"Exordium Thugs","floor":10.0,"turns":3.0},{"damage":32.0,"enemies":"Hexaghost","floor":16.0,"turns":8.0},{"damage":16.0,"enemies":"Spheric Guardian","floor":18.0,"turns":6.0},{"damage":11.0,"enemies":"2 Thieves","floor":20.0,"turns":2.0},{"damage":0.0,"enemies":"Shelled Parasite and Fungi","floor":22.0,"turns":6.0},{"damage":0.0,"enemies":"Book of Stabbing","floor":24.0,"turns":5.0},{"damage":0.0,"enemies":"Snecko","floor":27.0,"turns":3.0},{"damage":0.0,"enemies":"Slavers","floor":29.0,"turns":4.0},{"damage":41.0,"enemies":"Collector","floor":33.0,"turns":10.0},{"damage":0.0,"enemies":"Orb Walker","floor":35.0,"turns":4.0},{"damage":0.0,"enemies":"3 Shapes","floor":36.0,"turns":4.0},{"damage":0.0,"enemies":"Maw","floor":37.0,"turns":8.0},{"damage":1.0,"enemies":"Jaw Worm Horde","floor":39.0,"turns":6.0},{"damage":6.0,"enemies":"Nemesis","floor":41.0,"turns":5.0},{"damage":0,"enemies":"3 Darklings","floor":48,"turns":5},{"damage":6,"enemies":"Time Eater","floor":50,"turns":10}],"seed_played":"1639406105534666942","potions_obtained":[{"floor":5.0,"key":"Energy Potion"},{"floor":10.0,"key":"Energy Potion"},{"floor":16.0,"key":"LiquidBronze"},{"floor":24.0,"key":"Block Potion"},{"floor":33.0,"key":"SkillPotion"},{"floor":36.0,"key":"SkillPotion"},{"floor":48,"key":"Swift Potion"}],"is_trial":false,"path_per_floor":["M","?","M","?","M","E","R","M","T","M","R","$","R","?","R","B",null,"M","?","M","?","M","R","E","R","T","M","?","E","$","?","R","B",null,"M","M","M","?","M","$","E","?","T","$","R","$","R","M","R","B",null],"character_chosen":"DEFECT","items_purchased":["Anchor","Glacier","Bandage Up","Regen Potion","Strawberry","Static Discharge","ClockworkSouvenir","FocusPotion","Defragment","Barrage"],"campfire_rested":6,"item_purchase_floors":[30,30,30,30,30,30,40,40,44,46],"current_hp_per_floor":[64,64,64,64,57,11,32,28,28,28,28,28,28,28,49,17,58,42,42,31,31,31,52,52,52,52,52,52,52,59,59,59,22,64,68,78,78,78,78,78,72,62,62,62,78,78,78,78,78,78],"gold":37,"neow_bonus":"THREE_CARDS","is_daily":false,"chose_seed":false,"campfire_upgraded":4,"win_rate":0.0,"timestamp":1611014103,"path_taken":["M","?","M","?","M","E","R","M","T","M","R","$","R","?","R","BOSS","M","?","M","?","M","R","E","R","T","?","?","E","$","?","R","BOSS","M","M","M","?","?","$","E","?","T","$","R","?","R","M","R","BOSS"],"items_purchased_type":["Relic","Card","Card","Potion","Relic","Card","Relic","Potion","Card","Card"],"build_version":"2020-12-18","purchased_purges":0,"victory":true,"max_hp_per_floor":[71,71,71,71,71,71,71,71,71,71,71,71,71,71,71,71,71,71,71,71,71,71,71,71,71,71,71,71,71,78,78,78,78,78,78,78,78,78,78,78,78,78,78,78,78,78,78,78,78,78],"relic_stats":{"counters":[21,105],"StoneCalendar":[208],"War Paint":["Genetic Algorithm","Chill"],"obtain_stats":[{"Potion Belt":26,"Vajra":41,"StoneCalendar":14,"The Courier":29,"War Paint":43,"Nuclear Battery":17,"ClockworkSouvenir":40,"CaptainsWheel":9,"Anchor":30,"Strawberry":30,"Fusion Hammer":34,"Cracked Core":0,"FossilizedHelix":6,"Pocketwatch":24},{"Potion Belt":11,"Vajra":19,"StoneCalendar":6,"The Courier":13,"War Paint":19,"Nuclear Battery":7,"ClockworkSouvenir":18,"CaptainsWheel":5,"Anchor":13,"Strawberry":13,"Fusion Hammer":14,"Cracked Core":0,"FossilizedHelix":4,"Pocketwatch":11},{"Potion Belt":46,"Vajra":90,"StoneCalendar":19,"The Courier":53,"War Paint":90,"Nuclear Battery":27,"ClockworkSouvenir":85,"CaptainsWheel":16,"Anchor":53,"Strawberry":53,"Fusion Hammer":63,"Cracked Core":0,"FossilizedHelix":13,"Pocketwatch":46}],"Pocketwatch":[52]},"card_choices":[{"not_picked":["Cold Snap","Aggregate"],"picked":"Defragment","floor":0.0},{"not_picked":["Leap","Aggregate"],"picked":"Genetic Algorithm","floor":1.0},{"not_picked":["Aggregate","Leap"],"picked":"FTL","floor":3.0},{"not_picked":["Barrage","Stack","Hologram"],"picked":"SKIP","floor":5.0},{"not_picked":["Compile Driver","Blizzard"],"picked":"Chaos","floor":6.0},{"not_picked":["Chaos","Gash"],"picked":"Electrodynamics","floor":8.0},{"not_picked":["Steam","Compile Driver","Streamline"],"picked":"SKIP","floor":10.0},{"not_picked":["Meteor Strike","Seek"],"picked":"Creative AI","floor":16.0},{"not_picked":["Blizzard","Gash"],"picked":"Force Field","floor":18.0},{"not_picked":["Compile Driver","Steam"],"picked":"Storm","floor":20.0},{"not_picked":["Coolheaded","Beam Cell+1"],"picked":"FTL","floor":22.0},{"not_picked":["Aggregate","Barrage+1","Cold Snap"],"picked":"SKIP","floor":24.0},{"not_picked":["Gash","Aggregate"],"picked":"Glacier","floor":27.0},{"not_picked":["Gash","Double Energy"],"picked":"Biased Cognition","floor":29.0},{"not_picked":["Multi-Cast","Seek"],"picked":"Core Surge","floor":33.0},{"not_picked":["Go for the Eyes","Steam"],"picked":"Self Repair","floor":35.0},{"not_picked":["Lockon","Go for the Eyes"],"picked":"Recycle+1","floor":36.0},{"not_picked":["Steam+1","Barrage"],"picked":"Coolheaded+1","floor":37.0},{"not_picked":["Steam Power","Conserve Battery"],"picked":"Glacier","floor":39.0},{"not_picked":["Barrage","Steam"],"picked":"Chill","floor":41.0},{"not_picked":["Mind Blast","Purity"],"picked":"Apotheosis","floor":42.0},{"not_picked":["Madness","Blind"],"picked":"Bandage Up","floor":42.0},{"not_picked":["Secret Weapon","Mind Blast"],"picked":"Dark Shackles","floor":42.0},{"not_picked":["Sweeping Beam","Hologram"],"picked":"Redo+1","floor":48}],"player_experience":269354,"relics_obtained":[{"floor":6.0,"key":"FossilizedHelix"},{"floor":9.0,"key":"CaptainsWheel"},{"floor":24.0,"key":"Pocketwatch"},{"floor":26.0,"key":"Potion Belt"},{"floor":29.0,"key":"The Courier"},{"floor":41.0,"key":"Vajra"},{"floor":43.0,"key":"War Paint"}],"event_choices":[{"damage_healed":0.0,"max_hp_gain":0.0,"max_hp_loss":0.0,"gold_gain":150.0,"event_name":"Liars Game","player_choice":"AGREE","floor":2.0,"gold_loss":0.0,"damage_taken":0.0,"cards_obtained":["Doubt"]},{"cards_removed":["Doubt"],"damage_healed":0.0,"max_hp_gain":0.0,"max_hp_loss":0.0,"gold_gain":0.0,"event_name":"The Cleric","player_choice":"Card Removal","floor":4.0,"gold_loss":75.0,"damage_taken":0.0},{"damage_healed":0.0,"max_hp_gain":0.0,"max_hp_loss":0.0,"gold_gain":30.0,"event_name":"Dead Adventurer","player_choice":"Searched \u00272\u0027 times","floor":14.0,"gold_loss":0.0,"damage_taken":0.0,"relics_obtained":["StoneCalendar"]},{"damage_healed":0.0,"max_hp_gain":0.0,"max_hp_loss":0.0,"gold_gain":50.0,"event_name":"Nest","player_choice":"Stole From Cult","floor":19.0,"gold_loss":0.0,"damage_taken":0.0},{"damage_healed":0.0,"max_hp_gain":0.0,"max_hp_loss":0.0,"gold_gain":0.0,"event_name":"Back to Basics","player_choice":"Simplicity","floor":21.0,"gold_loss":0.0,"damage_taken":0.0,"cards_upgraded":["Strike_B","Strike_B","Strike_B","Strike_B","Defend_B","Defend_B","Defend_B","Defend_B"]},{"damage_healed":0.0,"max_hp_gain":0.0,"max_hp_loss":0.0,"gold_gain":0.0,"event_name":"Vampires","player_choice":"Ignored","floor":28.0,"gold_loss":0.0,"damage_taken":0.0},{"cards_removed":["Strike_B"],"damage_healed":0.0,"max_hp_gain":0.0,"max_hp_loss":0.0,"gold_gain":0.0,"event_name":"Purifier","player_choice":"Purged","floor":31.0,"gold_loss":0.0,"damage_taken":0.0},{"damage_healed":0.0,"max_hp_gain":0.0,"max_hp_loss":0.0,"gold_gain":0.0,"event_name":"Match and Keep!","player_choice":"1 cards matched","floor":38.0,"gold_loss":0.0,"damage_taken":0.0,"cards_obtained":["Thunder Strike"]},{"damage_healed":0.0,"max_hp_gain":0.0,"max_hp_loss":0.0,"gold_gain":0.0,"event_name":"SensoryStone","player_choice":"Memory 3","floor":42.0,"gold_loss":0.0,"damage_taken":10.0}],"is_beta":true,"boss_relics":[{"not_picked":["Pandora\u0027s Box","Coffee Dripper"],"picked":"Nuclear Battery"},{"not_picked":["Calling Bell","SlaversCollar"],"picked":"Fusion Hammer"}],"items_purged_floors":[],"is_endless":false,"potions_floor_spawned":[5,10,16,18,22,24,33,36,48],"ascension_level":16}}