{"host":"121m0oxswv9tg9hk","time":1611009614,"event":{"mods":["AchievementEnabler","BaseMod","Better Third Choice","Downfall","Hermit","Hubris","Infinite Spire","MarisaÅiñ∂âJÅ@ñÇóùçπÅj","Minty Spire (QoL Compilation)","Shade Mod","StSLib","The Construct","The Cursed","The Gatherer","The Hierophant","The Mystic"],"gold_per_floor":[99,118,134,148,162,62,87,87,116,16,41,41,51,80,102,216,216,116,137,151,153,5,23,73,102,102,104,104,104,139,57,80,191,191,191,4,4,28,55,55,55,55,55,77,102,135,135,176,205,219,219],"floor_reached":50,"language":"ENG","playtime":4464,"items_purged":["champ:Execute","champ:Strike"],"score":620,"play_id":"7dcc9012-766d-4e9d-90d6-6ec0ffdb106a","local_time":"20210118234014","is_ascension_mode":true,"campfire_choices":[{"floor":1,"key":"RECALL"},{"data":"champ:RisingSlash","floor":6,"key":"SMITH"},{"data":"champ:StanceDance","floor":8,"key":"SMITH"},{"floor":10,"key":"REST"},{"data":"champ:TripleStrike","floor":18,"key":"SMITH"},{"floor":26,"key":"REST"},{"data":"champ:BladeFlurry","floor":29,"key":"SMITH"},{"data":"champ:IronFortress","floor":35,"key":"SMITH"},{"data":"champ:ShieldWall","floor":43,"key":"SMITH"},{"floor":47,"key":"REST"}],"circlet_count":0,"master_deck":["champ:Strike","champ:Strike","champ:Strike","champ:Defend","champ:Defend","champ:Defend","champ:Defend","champ:Taunt","champ:RisingSlash+1","champ:StanceDance+1","champ:CalledShot","champ:BladeFlurry+1","champ:IronFortress+1","champ:TripleStrike+1","champ:EnchantShield","champ:ShieldWall+1","champ:EnGarde","champ:BladeFlurry+1","champ:HoldFirm","champ:ArenaPreparation+1","champ:DefensiveStyle","champ:BringItOn"],"relics":["champ:ChampionCrown","downfall:HeartBlessingRed","infinitespire:FocusingShard","downfall:HeartBlessingGreen","Blue Candle","hubris:Towel","infinitespire:Midas Blood","SacredBark","downfall:HeartBlessingBlue","Guardian:PocketSentry","Potion Belt","Nilry\u0027s Codex","champ:PowerArmor","Molten Egg 2","Sundial","infinitespire:PuzzleCube"],"acts_visited":["Exordium","TheCity","TheBeyond"],"potions_floor_usage":[15,16,16,20,22,45,46,46,46,46,50],"damage_taken":[{"damage":13,"enemies":"Cultist","floor":2,"turns":4},{"damage":16,"enemies":"Jaw Worm","floor":3,"turns":3},{"damage":10,"enemies":"Small Slimes","floor":4,"turns":3},{"damage":14,"enemies":"Blue Slaver","floor":5,"turns":4},{"damage":58,"enemies":"Gremlin Nob","floor":9,"turns":4},{"damage":12,"enemies":"3 Sentries","floor":11,"turns":6},{"damage":10,"enemies":"2 Fungi Beasts","floor":13,"turns":2},{"damage":44,"enemies":"Lagavulin","floor":14,"turns":6},{"damage":16,"enemies":"Red Slaver","floor":15,"turns":2},{"damage":34,"enemies":"IC_STATUS_ARCHETYPE","floor":16,"turns":9},{"damage":20,"enemies":"Chosen","floor":19,"turns":3},{"damage":20,"enemies":"3 Cultists","floor":20,"turns":4},{"damage":25,"enemies":"downfall:FleeingMerchant","floor":22,"turns":4},{"damage":12,"enemies":"Shelled Parasite and Fungi","floor":23,"turns":6},{"damage":30,"enemies":"Centurion and Healer","floor":25,"turns":8},{"damage":56,"enemies":"Snake Plant","floor":30,"turns":3},{"damage":20,"enemies":"downfall:FleeingMerchant","floor":31,"turns":4},{"damage":25,"enemies":"Chosen and Byrds","floor":32,"turns":7},{"damage":55,"enemies":"DF_ARCHETYPE_CLAW","floor":33,"turns":10},{"damage":17,"enemies":"downfall:FleeingMerchant","floor":36,"turns":4},{"damage":20,"enemies":"3 Darklings","floor":38,"turns":7},{"damage":30,"enemies":"3 Shapes","floor":39,"turns":5},{"damage":13,"enemies":"Sphere and 2 Shapes","floor":44,"turns":5},{"damage":20,"enemies":"Spire Growth","floor":45,"turns":5},{"damage":58,"enemies":"Giant Head","floor":46,"turns":10},{"damage":61,"enemies":"Maw","floor":48,"turns":10},{"damage":44,"enemies":"Transient","floor":49,"turns":5},{"damage":47,"enemies":"WA_ARCHETYPE_DIVINITY","floor":50,"turns":11}],"seed_played":"-5719771200081829842","potions_obtained":[{"floor":2,"key":"construct:ShiftPotion"},{"floor":3,"key":"ColorlessPotion"},{"floor":13,"key":"CultistPotion"},{"floor":15,"key":"champ:CounterPotion"},{"floor":16,"key":"LiquidBronze"},{"floor":19,"key":"Fire Potion"},{"floor":20,"key":"Ancient Potion"},{"floor":32,"key":"Fire Potion"},{"floor":38,"key":"Energy Potion"},{"floor":39,"key":"Block Potion"},{"floor":45,"key":"GamblersBrew"},{"floor":46,"key":"champ:OpenerPotion"}],"is_trial":false,"path_per_floor":["R","M","M","M","M","R","T","R","E","R","E","?","M","E","M","B",null,"R","M","M","?","$","M","T","M","R","?","?","R","M","$","M","B",null,"R","$","?","M","M","?","T","T","R","M","M","E","R","M","M","B"],"character_chosen":"THE_CHAMP","items_purchased":["Guardian:PocketSentry","champ:FancyFootwork"],"campfire_rested":3,"item_purchase_floors":[22,36],"current_hp_per_floor":[99,96,90,90,86,86,86,86,53,82,80,80,80,66,65,31,99,109,89,79,74,64,62,62,57,89,73,73,73,57,57,42,2,109,109,97,97,97,87,87,87,87,87,84,84,26,58,42,28,0,0,0],"gold":219,"neow_bonus":"TEN_PERCENT_HP_BONUS","is_daily":false,"chose_seed":false,"campfire_upgraded":6,"win_rate":0.0,"timestamp":1611009614,"path_taken":["R","M","M","M","M","R","T","R","E","R","E","?","M","E","M","BOSS","R","M","M","?","?","M","T","M","R","?","?","R","M","$","M","BOSS","R","$","?","M","M","?","T","?","R","M","M","E","R","M","M","BOSS"],"items_purchased_type":["Relic","Card"],"build_version":"2020-12-22","purchased_purges":2,"victory":false,"max_hp_per_floor":[99,99,99,99,99,99,99,99,99,99,99,99,99,99,99,99,99,109,109,109,109,109,109,109,109,109,109,109,109,109,109,109,109,109,109,109,109,109,109,109,109,109,109,109,109,109,109,109,109,109,109,109],"card_choices":[{"not_picked":["champ:TornadoPunch","champ:CalledShot"],"picked":"champ:RisingSlash","floor":2},{"not_picked":["champ:GutPunch","champ:FlashCut"],"picked":"champ:StanceDance","floor":3},{"not_picked":["champ:EnragedBash","champ:Circumvent","champ:FaceSlap"],"picked":"SKIP","floor":4},{"not_picked":["champ:RapidStrikes","champ:ShieldSigil","champ:SetATrap"],"picked":"SKIP","floor":5},{"not_picked":["champ:StanceDance","champ:ShieldSigil"],"picked":"champ:CalledShot","floor":9},{"not_picked":["champ:FaceSlap","champ:CrownThrow"],"picked":"champ:BladeFlurry","floor":11},{"not_picked":["champ:FlashCut","champ:AdrenalArmor"],"picked":"champ:IronFortress","floor":13},{"not_picked":["champ:LastStand","champ:SkillfulDodge"],"picked":"champ:TripleStrike","floor":14},{"not_picked":["champ:AdrenalArmor","champ:PerfectedStrike","champ:ShieldSigil"],"picked":"SKIP","floor":15},{"not_picked":["champ:LastStand","champ:VampiricStrike"],"picked":"champ:EnchantShield","floor":16},{"not_picked":["champ:BerserkersShout","champ:FlashCut"],"picked":"champ:ShieldWall","floor":19},{"not_picked":["champ:BladeFlurry+1","champ:Backstep"],"picked":"champ:EnGarde","floor":20},{"not_picked":["champ:PerfectedStrike","champ:FanOfKnives+1","champ:PreemptiveStrike+1"],"picked":"SKIP","floor":22},{"not_picked":["champ:BerserkersShout","champ:SkillfulDodge","champ:ShieldSlam"],"picked":"SKIP","floor":23},{"not_picked":["champ:ShieldSigil","champ:VampiricStrike"],"picked":"champ:BladeFlurry+1","floor":25},{"not_picked":["champ:EnragedBash","champ:RapidStrikes","champ:Endure"],"picked":"SKIP","floor":30},{"not_picked":["champ:CrownThrow","champ:FalseCounter+1","champ:PreciseThrust"],"picked":"SKIP","floor":31},{"not_picked":["champ:PreemptiveStrike","champ:Circumvent","champ:Shatter+1"],"picked":"SKIP","floor":32},{"not_picked":["champ:UltimateStance","champ:IgnorePain"],"picked":"champ:HoldFirm","floor":33},{"not_picked":["champ:BerserkersShout","champ:CrownThrow","champ:DancingMaster"],"picked":"SKIP","floor":36},{"not_picked":["champ:CrookedStrike","champ:FanOfKnives","champ:DefensiveShout+1"],"picked":"SKIP","floor":38},{"not_picked":["champ:SkillfulDodge+1","champ:TornadoPunch","champ:LastStand"],"picked":"SKIP","floor":39},{"not_picked":["champ:CrownThrow+1","champ:FocusedDefense+1"],"picked":"champ:ArenaPreparation+1","floor":44},{"not_picked":["champ:Lariat","champ:CrownThrow+1"],"picked":"champ:DefensiveStyle","floor":45},{"not_picked":["champ:RecklessLeap+1","champ:Backstep+1"],"picked":"champ:BringItOn","floor":46},{"not_picked":["champ:PreciseThrust+1","champ:DefensiveStyle+1","champ:GutPunch+1"],"picked":"SKIP","floor":48},{"not_picked":["champ:PerfectedStrike+1","champ:BerserkerStyle","champ:SetATrap"],"picked":"SKIP","floor":49}],"player_experience":2942559,"relics_obtained":[{"floor":9,"key":"infinitespire:FocusingShard"},{"floor":11,"key":"Blue Candle"},{"floor":14,"key":"infinitespire:Midas Blood"},{"floor":24,"key":"Potion Belt"},{"floor":27,"key":"Nilry\u0027s Codex"},{"floor":41,"key":"Molten Egg 2"},{"floor":42,"key":"Sundial"},{"floor":46,"key":"infinitespire:PuzzleCube"}],"event_choices":[{"cards_removed":["champ:FancyFootwork"],"damage_healed":0,"gold_gain":0,"player_choice":"Removed Skill","damage_taken":0,"max_hp_gain":0,"max_hp_loss":0,"event_name":"Falling","floor":37,"gold_loss":0}],"is_beta":false,"boss_relics":[{"not_picked":["Velvet Choker","infinitespire:Cupcake"],"picked":"SacredBark"},{"not_picked":["Runic Pyramid","Cursed Key"],"picked":"champ:PowerArmor"}],"items_purged_floors":[31,36],"is_endless":false,"potions_floor_spawned":[2,3,13,15,16,19,20,32,38,39,45,46],"killed_by":"WA_ARCHETYPE_DIVINITY","ascension_level":4}}