{"host":"7u8vekii4cye2mt9","time":1611010556,"event":{"mods":["BaseMod","Better Altar","Better Note","Better Sensory Stone","Better Skull","Hermit","Minty Spire (QoL Compilation)","Shop Mod","StSLib","The Animator","The Servant 0.9.4","Transform Curses"],"gold_per_floor":[113,123,76,251,267,267,302,319,319,90,90,90],"floor_reached":11,"language":"POL","playtime":651,"items_purged":[],"score":80,"play_id":"9010ca3e-4213-40d2-a55e-833828ee1309","local_time":"20210118235556","is_ascension_mode":true,"campfire_choices":[{"data":"WasteNot","floor":6,"key":"SMITH"}],"circlet_count":0,"master_deck":["Strike_S+1","Strike_S","Strike_S+1","Strike_S","Defend_S","Defend_S","Defend_S","Defend_S","KidneyShot","Exchange","BestPractice","Ricochet","BottledTime","Doubt","WasteNot+1","KillingDoll","Rearm","SilverBlades"],"relics":["Uniform","Happy Flower","Toy Ornithopter","Kunai","Whetstone"],"acts_visited":["Exordium"],"potions_floor_usage":[11,11],"damage_taken":[{"damage":2,"enemies":"Cultist","floor":1,"turns":4},{"damage":0,"enemies":"Small Slimes","floor":2,"turns":4},{"damage":7,"enemies":"Jaw Worm","floor":5,"turns":4},{"damage":36,"enemies":"Lagavulin","floor":7,"turns":11},{"damage":15,"enemies":"Large Slime","floor":8,"turns":9},{"damage":17,"enemies":"3 Sentries","floor":11,"turns":3}],"seed_played":"-2537323638884171362","potions_obtained":[{"floor":1,"key":"Dexterity Potion"},{"floor":7,"key":"AttackPotion"}],"is_trial":false,"path_per_floor":["M","M","$","?","M","R","E","M","T","$","E"],"character_chosen":"THE_SERVANT","items_purchased":["BottledTime","Whetstone","SilverBlades"],"campfire_rested":0,"item_purchase_floors":[3,10,10],"current_hp_per_floor":[63,63,63,63,56,56,20,5,5,5,0,0],"gold":90,"neow_bonus":"RANDOM_COMMON_RELIC","is_daily":false,"chose_seed":false,"campfire_upgraded":1,"win_rate":0.0,"timestamp":1611010556,"path_taken":["M","M","?","?","M","R","E","?","T","$","E"],"items_purchased_type":["Card","Relic","Card"],"build_version":"2020-12-22","purchased_purges":0,"victory":false,"max_hp_per_floor":[65,65,65,65,65,65,65,65,65,65,65,65],"card_choices":[{"not_picked":["ShatteredReality","Replace"],"picked":"BestPractice","floor":1},{"not_picked":["Moondial","TimeWarp"],"picked":"Ricochet","floor":2},{"not_picked":["Potential","Alleviate"],"picked":"WasteNot","floor":5},{"not_picked":["Defy","DoubleEdge"],"picked":"KillingDoll","floor":7},{"not_picked":["Misdirection","Barrier"],"picked":"Rearm","floor":8}],"player_experience":504835,"relics_obtained":[{"floor":7,"key":"Toy Ornithopter"},{"floor":9,"key":"Kunai"}],"event_choices":[{"damage_healed":0,"gold_gain":175,"player_choice":"AGREE","damage_taken":0,"max_hp_gain":0,"max_hp_loss":0,"event_name":"Liars Game","floor":4,"gold_loss":0,"cards_obtained":["Doubt"]}],"is_beta":false,"boss_relics":[],"items_purged_floors":[],"is_endless":false,"potions_floor_spawned":[1,7],"killed_by":"3 Sentries","ascension_level":2}}