{"host":"pzgr3gbl0nac7xxx","time":1611011262,"event":{"mods":["BaseMod","Downfall","Minty Spire (QoL Compilation)","StSLib","The Blue Laboratory","The Cursed","The Servant 0.9.4"],"gold_per_floor":[113,123,298,298,26,67,124,124,148,179,179,2,2,17,17,138,138,153,167,167,167,167,207,207,207,232,248,248,274,315,331,331,331,331],"floor_reached":33,"language":"ENG","playtime":1696,"items_purged":["Doubt"],"score":303,"play_id":"4ec0cde4-800d-4de8-8565-52c4e9c2ed7e","local_time":"20210118170742","is_ascension_mode":true,"campfire_choices":[{"floor":8,"key":"REST"},{"floor":13,"key":"REST"},{"floor":15,"key":"REST"},{"floor":25,"key":"REST"},{"floor":28,"key":"REST"},{"floor":32,"key":"REST"}],"circlet_count":0,"master_deck":["Strike_B+1","Defend_B+1","Defend_B+1","Defend_B+1","Defend_B+1","Zap","Dualcast","Heatsinks","Streamline","Loop","BootSequence","Melter","Hello World","Turbo","Leap","Go for the Eyes","Thunder Strike","Consume","Defragment+1","White Noise","FTL","FTL"],"relics":["Cracked Core","Golden Idol","Omamori","Bronze Scales","Peace Pipe","Membership Card","Empty Cage","Thread and Needle","Bag of Preparation","Bag of Marbles","Symbiotic Virus"],"acts_visited":["Exordium","TheCity"],"potions_floor_usage":[2,10,23,27,33],"damage_taken":[{"damage":2,"enemies":"Small Slimes","floor":1,"turns":4},{"damage":0,"enemies":"2 Louse","floor":2,"turns":3},{"damage":49,"enemies":"Gremlin Nob","floor":6,"turns":5},{"damage":22,"enemies":"3 Sentries","floor":10,"turns":6},{"damage":0,"enemies":"Jaw Worm","floor":14,"turns":2},{"damage":28,"enemies":"Slime Boss","floor":16,"turns":10},{"damage":8,"enemies":"3 Byrds","floor":18,"turns":4},{"damage":5,"enemies":"Spheric Guardian","floor":19,"turns":3},{"damage":36,"enemies":"Book of Stabbing","floor":23,"turns":5},{"damage":54,"enemies":"Cultist and Chosen","floor":27,"turns":7},{"damage":18,"enemies":"Gremlin Leader","floor":30,"turns":8},{"damage":4,"enemies":"Snecko","floor":31,"turns":6},{"damage":32,"enemies":"Collector","floor":33,"turns":6}],"seed_played":"699802885462914649","potions_obtained":[{"floor":1,"key":"blueLaboratory:FrostheartPotion"},{"floor":6,"key":"blueLaboratory:PyrophylliteBrew"},{"floor":16,"key":"blueLaboratory:ConsumingVoid"},{"floor":23,"key":"blueLaboratory:PolymorphPotion"},{"floor":31,"key":"sneckomod:MuddlingPotion"}],"is_trial":false,"path_per_floor":["M","M","?","?","$","E","?","R","T","E","?","$","R","M","R","B",null,"M","M","?","?","?","E","?","R","T","M","R","T","E","M","R","B"],"character_chosen":"DEFECT","items_purchased":["Loop","BootSequence","Melter","Membership Card","Leap"],"campfire_rested":6,"item_purchase_floors":[5,5,5,12,12],"current_hp_per_floor":[80,80,80,60,60,11,11,35,35,13,13,13,37,37,61,33,82,74,69,69,69,69,33,33,57,57,3,27,27,9,5,29,0,0],"gold":331,"neow_bonus":"TEN_PERCENT_HP_BONUS","is_daily":false,"chose_seed":false,"campfire_upgraded":0,"win_rate":0.0,"timestamp":1611011262,"path_taken":["M","M","?","?","$","E","?","R","T","E","?","?","R","?","R","BOSS","M","M","?","?","?","E","?","R","T","M","R","?","E","M","R","BOSS"],"items_purchased_type":["Card","Card","Card","Relic","Card"],"build_version":"2020-12-22","purchased_purges":1,"victory":false,"max_hp_per_floor":[82,82,82,82,82,82,82,82,82,82,82,82,82,82,82,82,82,82,82,82,82,82,82,82,82,82,82,82,82,82,82,82,82,82],"card_choices":[{"not_picked":["Chill","Rip and Tear"],"picked":"Heatsinks","floor":1},{"not_picked":["Blizzard","Ball Lightning"],"picked":"Streamline","floor":2},{"not_picked":["Turbo","Compile Driver"],"picked":"Hello World","floor":6},{"not_picked":["Cold Snap","Beam Cell"],"picked":"Turbo","floor":10},{"not_picked":["Beam Cell","Barrage"],"picked":"Go for the Eyes","floor":14},{"not_picked":["Fission","Multi-Cast"],"picked":"Thunder Strike","floor":16},{"not_picked":["Barrage+1","Cold Snap+1"],"picked":"Consume","floor":18},{"not_picked":["Redo+1","Skim"],"picked":"Defragment+1","floor":19},{"not_picked":["All For One","Beam Cell"],"picked":"FTL","floor":23},{"not_picked":["Fusion","Beam Cell"],"picked":"FTL","floor":27},{"not_picked":["Go for the Eyes","Recycle","Rebound"],"picked":"SKIP","floor":30},{"not_picked":["Melter","Streamline","Turbo"],"picked":"SKIP","floor":31}],"player_experience":151581,"relics_obtained":[{"floor":6,"key":"Omamori"},{"floor":9,"key":"Bronze Scales"},{"floor":10,"key":"Peace Pipe"},{"floor":23,"key":"Thread and Needle"},{"floor":26,"key":"Bag of Preparation"},{"floor":29,"key":"Bag of Marbles"},{"floor":30,"key":"Symbiotic Virus"}],"event_choices":[{"damage_healed":0,"gold_gain":175,"player_choice":"AGREE","damage_taken":0,"max_hp_gain":0,"max_hp_loss":0,"event_name":"Liars Game","floor":3,"gold_loss":0,"cards_obtained":["Doubt"]},{"damage_healed":0,"gold_gain":0,"player_choice":"Take Damage","damage_taken":20,"relics_obtained":["Golden Idol"],"max_hp_gain":0,"max_hp_loss":0,"event_name":"Golden Idol","floor":4,"gold_loss":0},{"damage_healed":0,"gold_gain":57,"player_choice":"Gained Gold","damage_taken":0,"max_hp_gain":0,"max_hp_loss":0,"event_name":"Golden Wing","floor":7,"gold_loss":0},{"cards_removed":["Strike_B"],"damage_healed":0,"gold_gain":0,"player_choice":"Forget","damage_taken":0,"max_hp_gain":0,"max_hp_loss":0,"event_name":"Living Wall","floor":11,"gold_loss":0},{"damage_healed":0,"gold_gain":0,"player_choice":"Read","damage_taken":0,"max_hp_gain":0,"max_hp_loss":0,"event_name":"The Library","floor":21,"gold_loss":0,"cards_obtained":["White Noise"]},{"damage_healed":0,"gold_gain":0,"player_choice":"Ignored","damage_taken":0,"max_hp_gain":0,"max_hp_loss":0,"event_name":"Vampires","floor":22,"gold_loss":0},{"damage_healed":0,"gold_gain":0,"player_choice":"Simplicity","damage_taken":0,"max_hp_gain":0,"max_hp_loss":0,"event_name":"Back to Basics","floor":24,"gold_loss":0,"cards_upgraded":["Strike_B","Defend_B","Defend_B","Defend_B","Defend_B"]}],"is_beta":false,"boss_relics":[{"not_picked":["bronze:MakeshiftBattery","Philosopher\u0027s Stone"],"picked":"Empty Cage"}],"items_purged_floors":[5],"is_endless":false,"potions_floor_spawned":[1,6,16,23,31],"killed_by":"Collector","ascension_level":1}}