{"host":"684z1xpuwaoqmmh1","time":1611007077,"event":{"mods":["Bard","BaseMod","Downfall","Hermit","Jorbs\u0027s Wanderer Trilogy","Marisa????????","Minty Spire (QoL Compilation)","Robot Space Explorer","Shade Mod","StSLib","The Bug Knight","The Cursed","The Hayseed","The Hierophant","The Marked","The Mystic","The Runesmith","The Senshi","The Spell Scribe"],"gold_per_floor":[109,109,9,27,43,73,73,86,131,169,194,221,262,284,296,407,419,448,472,484,531,556,601,613,638,650,696,723,735,788,821,833,958,997,1038,1272,774,787,813,855,868,905,952,994,1269,1269,1287,738,738,738,738,738,343,379,379],"floor_reached":56,"language":"ENG","playtime":3876,"items_purged":["Pain","TheSimpletonMod:KeenEdge+1","TheSimpletonMod:Strike_TheSimpleton","TheSimpletonMod:Strike_TheSimpleton"],"score":1553,"play_id":"fe355dc3-f234-40e0-8fc0-5afb314505c6","local_time":"20210118235757","is_ascension_mode":true,"campfire_choices":[{"data":"TheSimpletonMod:Sunseed","floor":7,"key":"SMITH"},{"data":"TheSimpletonMod:Swelter","floor":15,"key":"SMITH"},{"floor":24,"key":"REST"},{"data":"TheSimpletonMod:Pruning","floor":29,"key":"SMITH"},{"data":"TheSimpletonMod:Haymaker","floor":32,"key":"SMITH"},{"floor":46,"key":"REST"},{"floor":49,"key":"RECALL"},{"data":"TheSimpletonMod:Sunseed","floor":52,"key":"SMITH"}],"circlet_count":0,"master_deck":["TheSimpletonMod:Defend_TheSimpleton","TheSimpletonMod:Defend_TheSimpleton","TheSimpletonMod:Defend_TheSimpleton","TheSimpletonMod:Haymaker+1","TheSimpletonMod:ReapAndSow+1","TheSimpletonMod:SeedCoat","TheSimpletonMod:SlashAndBurn","TheSimpletonMod:Sunseed+1","TheSimpletonMod:OnionBloom","TheSimpletonMod:RootDown","TheSimpletonMod:Swelter+1","TheSimpletonMod:Squash","TheSimpletonMod:Sunchoke","TheSimpletonMod:Pruning+1","TheSimpletonMod:Photosynthesis","TheSimpletonMod:GoToMarket+1","TheSimpletonMod:Fertilaser+1","TheSimpletonMod:Thresh","TheSimpletonMod:CrackOfDawn","TheSimpletonMod:ToughenUp+1","TheSimpletonMod:CrackOfDawn+1","TheSimpletonMod:Polyculture+1","TheSimpletonMod:Pruning","TheSimpletonMod:Sunseed+1","TheSimpletonMod:Germinate","TheSimpletonMod:Squash","TheSimpletonMod:Swelter+1","TheSimpletonMod:Pruning","TheSimpletonMod:Fecundity","TheSimpletonMod:Ferment+1","TheSimpletonMod:Innovate","TheSimpletonMod:Barnstorm","TheSimpletonMod:Squash","Thinking Ahead","TheSimpletonMod:CropDiversity"],"relics":["TheSimpletonMod:SpudOfTheInnocent","TheSimpletonMod:NightSoil","TheSimpletonMod:TheHarvester","WarpedTongs","Pantograph","MawBank","hexamod:BolsterEngine","Nunchaku","Busted Crown","Red Mask","CeramicFish","Mummified Hand","Akabeko","Astrolabe","Membership Card","hexamod:Sixitude","Lantern","Pocketwatch","Omamori","Vajra","Guardian:PocketSentry","White Beast Statue","Ornamental Fan","Cauldron","Mercury Hourglass","Art of War","Bronze Scales"],"acts_visited":["Exordium","TheCity","TheBeyond","TheEnding"],"potions_floor_usage":[6,6,6,6,13,21,22,23,28,30,35,39,40,48,54,55,55],"damage_taken":[{"damage":4.0,"enemies":"2 Louse","floor":1.0,"turns":2.0},{"damage":1.0,"enemies":"Cultist","floor":4.0,"turns":3.0},{"damage":4.0,"enemies":"Small Slimes","floor":5.0,"turns":3.0},{"damage":27,"enemies":"3 Sentries","floor":6,"turns":6},{"damage":9,"enemies":"2 Fungi Beasts","floor":8,"turns":2},{"damage":26,"enemies":"Lagavulin","floor":10,"turns":6},{"damage":0,"enemies":"Exordium Wildlife","floor":11,"turns":3},{"damage":0,"enemies":"Lots of Slimes","floor":12,"turns":3},{"damage":9,"enemies":"Gremlin Nob","floor":13,"turns":3},{"damage":1,"enemies":"2 Fungi Beasts","floor":14,"turns":3},{"damage":18,"enemies":"The Guardian","floor":16,"turns":13},{"damage":7,"enemies":"Shell Parasite","floor":18,"turns":5},{"damage":0,"enemies":"3 Byrds","floor":19,"turns":4},{"damage":43,"enemies":"Masked Bandits","floor":21,"turns":6},{"damage":15,"enemies":"3 Cultists","floor":22,"turns":6},{"damage":10,"enemies":"Slavers","floor":23,"turns":5},{"damage":4,"enemies":"Shelled Parasite and Fungi","floor":25,"turns":4},{"damage":7,"enemies":"HollowMod:Nosk","floor":27,"turns":6},{"damage":7,"enemies":"Cultist and Chosen","floor":28,"turns":6},{"damage":18,"enemies":"Book of Stabbing","floor":30,"turns":5},{"damage":13,"enemies":"Snake Plant","floor":31,"turns":5},{"damage":24,"enemies":"Champ","floor":33,"turns":10},{"damage":7,"enemies":"Orb Walker","floor":35,"turns":3},{"damage":29,"enemies":"3 Darklings","floor":38,"turns":4},{"damage":0,"enemies":"Transient","floor":39,"turns":5},{"damage":0,"enemies":"Reptomancer","floor":40,"turns":5},{"damage":10,"enemies":"4 Shapes","floor":41,"turns":4},{"damage":20,"enemies":"Giant Head","floor":42,"turns":6},{"damage":50,"enemies":"Reptomancer","floor":44,"turns":5},{"damage":0,"enemies":"Sphere and 2 Shapes","floor":47,"turns":6},{"damage":48,"enemies":"Awakened One","floor":50,"turns":8},{"damage":7,"enemies":"Shield and Spear","floor":54,"turns":6},{"damage":70,"enemies":"The Heart","floor":55,"turns":9}],"seed_played":"-7590346572129139862","potions_obtained":[{"floor":4.0,"key":"EntropicBrew"},{"floor":5.0,"key":"CultistPotion"},{"floor":11,"key":"champ:CounterPotion"},{"floor":14,"key":"champ:CounterPotion"},{"floor":16,"key":"Regen Potion"},{"floor":21,"key":"AttackPotion"},{"floor":23,"key":"Block Potion"},{"floor":25,"key":"Fruit Juice"},{"floor":28,"key":"Regen Potion"},{"floor":30,"key":"ColorlessPotion"},{"floor":35,"key":"Strength Potion"},{"floor":38,"key":"Regen Potion"},{"floor":39,"key":"PowerPotion"},{"floor":54,"key":"TheSimpletonMod:KindlingPotion"}],"is_trial":false,"path_per_floor":["M","?","$","M","M","E","R","M","T","E","M","M","E","M","R","B",null,"M","M","$","?","M","E","R","M","T","E","M","R","E","M","R","B",null,"M","?","$","M","M","E","M","E","T","E","?","R","M","$","R","B",null,"R","$","E","B",null],"character_chosen":"THE_SIMPLETON","items_purchased":["TheSimpletonMod:SlashAndBurn","Membership Card","hexamod:Sixitude","Lantern","TheSimpletonMod:Pruning","TheSimpletonMod:Sunseed","TheSimpletonMod:Germinate","TheSimpletonMod:Squash","Fruit Juice","White Beast Statue","Ornamental Fan","Cauldron","TheSimpletonMod:Innovate","TheSimpletonMod:Barnstorm","FairyPotion","Mercury Hourglass","Art of War","Block Potion","TheSimpletonMod:Squash","Thinking Ahead"],"campfire_rested":2,"item_purchase_floors":[3,37,37,37,37,37,37,37,48,48,48,48,48,48,48,53,53,53,53,53],"current_hp_per_floor":[75,75,75,74,71,48,48,43,43,21,25,29,20,25,25,36,75,68,72,72,29,33,27,49,49,49,46,44,44,44,31,31,38,80,73,73,73,44,65,71,61,47,47,3,3,27,33,38,38,21,85,85,85,84,15],"gold":379,"neow_bonus":"UPGRADE_CARD","is_daily":false,"chose_seed":false,"campfire_upgraded":5,"win_rate":0.0,"timestamp":1611007077,"path_taken":["M","?","$","M","M","E","R","M","T","E","M","M","E","M","R","BOSS","M","M","?","?","M","E","R","M","T","E","M","R","E","M","R","BOSS","M","?","$","M","M","E","M","E","T","E","?","R","?","$","R","BOSS","R","$","E","BOSS"],"items_purchased_type":["Card","Relic","Relic","Relic","Card","Card","Card","Card","Potion","Relic","Relic","Relic","Card","Card","Potion","Relic","Relic","Potion","Card","Card"],"build_version":"2020-12-22","purchased_purges":4,"victory":true,"max_hp_per_floor":[75,75,75,75,75,75,75,75,75,75,75,75,75,75,75,75,75,75,75,75,75,75,75,75,75,75,75,80,80,80,80,80,80,80,80,80,80,80,80,80,80,80,80,80,80,80,80,85,85,85,85,85,85,85,85],"card_choices":[{"not_picked":["TheSimpletonMod:Fertilaser","TheSimpletonMod:Aerate"],"picked":"TheSimpletonMod:SeedCoat","floor":1.0},{"not_picked":["TheSimpletonMod:Polyculture","TheSimpletonMod:Aerate"],"picked":"TheSimpletonMod:Sunseed","floor":4.0},{"not_picked":["TheSimpletonMod:DoubleBarrel","TheSimpletonMod:SlashAndBurn"],"picked":"TheSimpletonMod:OnionBloom","floor":5.0},{"not_picked":["TheSimpletonMod:ControlledBurn","TheSimpletonMod:Squash"],"picked":"TheSimpletonMod:RootDown","floor":6},{"not_picked":["TheSimpletonMod:SoilSample","TheSimpletonMod:DigIn"],"picked":"TheSimpletonMod:Swelter","floor":8},{"not_picked":["TheSimpletonMod:Swelter","TheSimpletonMod:DigIn","TheSimpletonMod:SaladShooter"],"picked":"SKIP","floor":10},{"not_picked":["TheSimpletonMod:OnionBloom","TheSimpletonMod:Rake"],"picked":"TheSimpletonMod:Squash","floor":11},{"not_picked":["TheSimpletonMod:Squash","TheSimpletonMod:Turnips"],"picked":"TheSimpletonMod:Sunchoke","floor":12},{"not_picked":["TheSimpletonMod:DigIn","TheSimpletonMod:Polyculture"],"picked":"TheSimpletonMod:Pruning","floor":13},{"not_picked":["TheSimpletonMod:Aerate","TheSimpletonMod:Sunchoke","TheSimpletonMod:Turnips"],"picked":"SKIP","floor":14},{"not_picked":["TheSimpletonMod:HitTheSack","TheSimpletonMod:VolatileFumes"],"picked":"TheSimpletonMod:Photosynthesis","floor":16},{"not_picked":["TheSimpletonMod:PestManagement"],"picked":"SKIP","floor":18},{"not_picked":["TheSimpletonMod:Sunchoke"],"picked":"SKIP","floor":19},{"not_picked":[],"picked":"TheSimpletonMod:GoToMarket+1","floor":22},{"not_picked":["TheSimpletonMod:Sunchoke"],"picked":"SKIP","floor":23},{"not_picked":["TheSimpletonMod:Rake"],"picked":"SKIP","floor":25},{"not_picked":["TheSimpletonMod:ControlledBurn"],"picked":"SKIP","floor":27},{"not_picked":["TheSimpletonMod:OnionBloom"],"picked":"SKIP","floor":28},{"not_picked":[],"picked":"TheSimpletonMod:Fertilaser+1","floor":30},{"not_picked":[],"picked":"TheSimpletonMod:Thresh","floor":31},{"not_picked":[],"picked":"TheSimpletonMod:CrackOfDawn","floor":33},{"not_picked":["TheSimpletonMod:Polyculture+1"],"picked":"SKIP","floor":35},{"not_picked":[],"picked":"TheSimpletonMod:Polyculture+1","floor":35},{"not_picked":["TheSimpletonMod:Fertilaser+1"],"picked":"SKIP","floor":38},{"not_picked":[],"picked":"TheSimpletonMod:Swelter+1","floor":39},{"not_picked":[],"picked":"TheSimpletonMod:Pruning","floor":40},{"not_picked":["TheSimpletonMod:SoilSample+1"],"picked":"SKIP","floor":41},{"not_picked":[],"picked":"TheSimpletonMod:Fecundity","floor":42},{"not_picked":[],"picked":"TheSimpletonMod:Ferment+1","floor":44},{"not_picked":["TheSimpletonMod:Swelter+1"],"picked":"SKIP","floor":47},{"not_picked":[],"picked":"TheSimpletonMod:CropDiversity","floor":54}],"player_experience":2905565,"relics_obtained":[{"floor":6,"key":"Pantograph"},{"floor":9,"key":"MawBank"},{"floor":10,"key":"hexamod:BolsterEngine"},{"floor":13,"key":"Nunchaku"},{"floor":21,"key":"Red Mask"},{"floor":23,"key":"CeramicFish"},{"floor":27,"key":"Mummified Hand"},{"floor":30,"key":"Akabeko"},{"floor":40,"key":"Pocketwatch"},{"floor":42,"key":"Omamori"},{"floor":43,"key":"Vajra"},{"floor":44,"key":"Guardian:PocketSentry"},{"floor":54,"key":"Bronze Scales"}],"event_choices":[{"damage_healed":0.0,"max_hp_gain":0.0,"max_hp_loss":0.0,"gold_gain":0.0,"event_name":"Accursed Blacksmith","player_choice":"Rummage","floor":2.0,"gold_loss":0.0,"damage_taken":0.0,"relics_obtained":["WarpedTongs"],"cards_obtained":["Pain"]},{"damage_healed":0,"gold_gain":0,"player_choice":"Fought Bandits","damage_taken":0,"max_hp_gain":0,"max_hp_loss":0,"event_name":"Masked Bandits","floor":21,"gold_loss":0},{"damage_healed":0,"gold_gain":222,"player_choice":"Wore Mask","damage_taken":0,"max_hp_gain":0,"max_hp_loss":0,"event_name":"Tomb of Lord Red Mask","floor":36,"gold_loss":0},{"damage_healed":0,"gold_gain":275,"player_choice":"Desecrate","damage_taken":0,"max_hp_gain":0,"max_hp_loss":0,"event_name":"Golden Shrine","floor":45,"gold_loss":0,"cards_obtained":["Regret"]}],"is_beta":false,"boss_relics":[{"not_picked":["SacredBark","Runic Dome"],"picked":"Busted Crown"},{"not_picked":["Velvet Choker","Runesmith:UraniumAnvil"],"picked":"Astrolabe"}],"items_purged_floors":[3,37,48,53],"is_endless":false,"potions_floor_spawned":[4,5,11,14,16,19,21,23,25,28,30,35,38,39,54],"ascension_level":3}}