{"host":"4bbalj7r5kimsnho","time":1611000897,"event":{"mods":["AchievementEnabler","BaseMod","Colored Powertips","Hermit","Minty Spire (QoL Compilation)","StSLib"],"gold_per_floor":[117,131,131,142,157,186,203,203,203,215,67,67,95,45,45,143,143,157,168,168,197,83,83,101,131,131,31,45,45,45,45,45,45,45],"floor_reached":33,"language":"ENG","playtime":1788,"items_purged":["hermit:Defend_Hermit","hermit:Defend_Hermit"],"score":275,"play_id":"92baac9f-01cc-4ebd-ab8e-ad15c47da93a","local_time":"20210118201457","is_ascension_mode":false,"campfire_choices":[{"data":"hermit:Adapt","floor":15,"key":"SMITH"},{"data":"hermit:ShadowCloak","floor":23,"key":"SMITH"},{"data":"hermit:Determination","floor":29,"key":"SMITH"},{"data":"hermit:FatalDesire","floor":32,"key":"SMITH"}],"circlet_count":0,"master_deck":["hermit:Strike_Hermit","hermit:Strike_Hermit","hermit:Defend_Hermit","hermit:Defend_Hermit","hermit:Snapshot","hermit:Covet","hermit:CursedWeapon","hermit:PistolWhip","hermit:Headshot","hermit:FatalDesire+1","hermit:Spite","hermit:Determination+1","hermit:Grudge","hermit:Malice","hermit:Adapt+1","hermit:BodyArmor","hermit:Dissolve","hermit:ShadowCloak+1","Decay","hermit:ShadowCloak+1","Clumsy"],"relics":["Coffee Dripper","Mercury Hourglass","Sundial","hermit:RyeStalk","Cursed Key","Red Mask","hermit:RedScarf"],"acts_visited":["Exordium","TheCity"],"potions_floor_usage":[13,16,24,25,33],"damage_taken":[{"damage":1,"enemies":"Jaw Worm","floor":1,"turns":2},{"damage":2,"enemies":"2 Louse","floor":2,"turns":2},{"damage":2,"enemies":"Small Slimes","floor":4,"turns":2},{"damage":2,"enemies":"3 Louse","floor":5,"turns":3},{"damage":13,"enemies":"Lagavulin","floor":6,"turns":5},{"damage":2,"enemies":"Exordium Wildlife","floor":7,"turns":3},{"damage":7,"enemies":"Looter","floor":10,"turns":2},{"damage":8,"enemies":"Gremlin Nob","floor":13,"turns":3},{"damage":25,"enemies":"The Guardian","floor":16,"turns":8},{"damage":2,"enemies":"Spheric Guardian","floor":18,"turns":3},{"damage":13,"enemies":"Shell Parasite","floor":19,"turns":3},{"damage":11,"enemies":"Masked Bandits","floor":21,"turns":3},{"damage":2,"enemies":"Sentry and Sphere","floor":24,"turns":3},{"damage":7,"enemies":"Slavers","floor":25,"turns":4},{"damage":7,"enemies":"Centurion and Healer","floor":28,"turns":4},{"damage":43,"enemies":"Automaton","floor":33,"turns":6}],"seed_played":"-5497284751102240388","potions_obtained":[{"floor":1,"key":"ColorlessPotion"},{"floor":6,"key":"SneckoOil"},{"floor":7,"key":"LiquidBronze"},{"floor":13,"key":"Fire Potion"},{"floor":16,"key":"SneckoOil"},{"floor":18,"key":"ColorlessPotion"}],"is_trial":false,"path_per_floor":["M","M","?","M","M","E","M","?","T","M","$","?","E","$","R","B",null,"M","M","?","?","$","R","M","E","T","$","M","R","?","$","R","B"],"character_chosen":"HERMIT","items_purchased":["hermit:Grudge","hermit:Malice","hermit:BodyArmor","hermit:ShadowCloak"],"campfire_rested":0,"item_purchase_floors":[11,11,14,22],"current_hp_per_floor":[74,72,72,70,68,55,53,46,46,39,39,39,31,31,31,6,75,73,60,60,49,49,49,47,40,40,40,33,33,33,33,33,0,0],"gold":45,"neow_bonus":"BOSS_RELIC","is_daily":false,"chose_seed":false,"campfire_upgraded":4,"win_rate":0.0,"timestamp":1611000897,"path_taken":["M","M","?","M","M","E","M","?","T","M","$","?","E","?","R","BOSS","M","M","?","?","$","R","M","E","T","?","M","R","?","?","R","BOSS"],"items_purchased_type":["Card","Card","Card","Card"],"build_version":"2020-12-22","purchased_purges":2,"victory":false,"max_hp_per_floor":[75,75,75,75,75,75,75,75,75,75,75,75,75,75,75,75,75,75,75,75,75,75,75,75,75,75,75,75,75,75,75,75,75,75],"card_choices":[{"not_picked":["hermit:Desperado","hermit:Ricochet"],"picked":"hermit:CursedWeapon","floor":1},{"not_picked":["hermit:Misfire","hermit:Ricochet"],"picked":"hermit:PistolWhip","floor":2},{"not_picked":["hermit:BodyArmor","hermit:Vantage","hermit:ItchyTrigger"],"picked":"SKIP","floor":4},{"not_picked":["hermit:ItchyTrigger","hermit:WideOpen"],"picked":"hermit:Headshot","floor":5},{"not_picked":["hermit:Deadeye","hermit:Roulette"],"picked":"hermit:FatalDesire","floor":6},{"not_picked":["hermit:Roulette","hermit:BodyArmor"],"picked":"hermit:Spite","floor":7},{"not_picked":["hermit:BodyArmor","hermit:SprayPray"],"picked":"hermit:Determination","floor":10},{"not_picked":["hermit:Combo","hermit:TrackingShot"],"picked":"hermit:Adapt","floor":13},{"not_picked":["hermit:RoundhouseKick","hermit:HighNoon"],"picked":"hermit:Dissolve","floor":16},{"not_picked":["hermit:CursedWeapon+1","hermit:ItchyTrigger"],"picked":"hermit:ShadowCloak+1","floor":18},{"not_picked":["hermit:CalledShot","hermit:Desperado","hermit:Roulette+1"],"picked":"SKIP","floor":19},{"not_picked":["hermit:Snipe+1","hermit:Feint","hermit:Glare"],"picked":"SKIP","floor":24},{"not_picked":["hermit:HoleUp+1","hermit:BigShot","hermit:HighCaliber"],"picked":"SKIP","floor":25},{"not_picked":["hermit:ShadowCloak","hermit:Snipe","hermit:CalledShot"],"picked":"SKIP","floor":28}],"player_experience":90882,"relics_obtained":[{"floor":6,"key":"Mercury Hourglass"},{"floor":9,"key":"Sundial"},{"floor":13,"key":"hermit:RyeStalk"},{"floor":21,"key":"Red Mask"},{"floor":25,"key":"hermit:RedScarf"}],"event_choices":[{"cards_removed":["hermit:Strike_Hermit"],"damage_healed":0,"gold_gain":0,"player_choice":"Forget","damage_taken":0,"max_hp_gain":0,"max_hp_loss":0,"event_name":"Living Wall","floor":3,"gold_loss":0},{"cards_removed":["hermit:Strike_Hermit"],"damage_healed":0,"gold_gain":0,"player_choice":"Card Removal","damage_taken":7,"max_hp_gain":0,"max_hp_loss":0,"event_name":"Golden Wing","floor":8,"gold_loss":0},{"damage_healed":0,"gold_gain":0,"player_choice":"Searched \u00270\u0027 times","damage_taken":0,"max_hp_gain":0,"max_hp_loss":0,"event_name":"Dead Adventurer","floor":12,"gold_loss":0},{"damage_healed":0,"gold_gain":0,"player_choice":"Smashed Altar","damage_taken":0,"max_hp_gain":0,"max_hp_loss":0,"event_name":"Forgotten Altar","floor":20,"gold_loss":0,"cards_obtained":["Decay"]},{"damage_healed":0,"gold_gain":0,"player_choice":"Fought Bandits","damage_taken":0,"max_hp_gain":0,"max_hp_loss":0,"event_name":"Masked Bandits","floor":21,"gold_loss":0},{"damage_healed":0,"gold_gain":0,"player_choice":"Ignored","damage_taken":0,"max_hp_gain":0,"max_hp_loss":0,"event_name":"Vampires","floor":30,"gold_loss":0}],"is_beta":false,"boss_relics":[{"not_picked":["Fusion Hammer","Runic Pyramid"],"picked":"Cursed Key"}],"items_purged_floors":[22,27],"is_endless":false,"potions_floor_spawned":[1,6,7,13,16,18,21],"killed_by":"Automaton","ascension_level":0}}