{"host":"s8ccp9jw4vzp58l1","time":1611011266,"event":{"mods":["BaseMod","Colored Map","Colored Powertips","Minty Spire (QoL Compilation)","Relic Stats"],"gold_per_floor":[115,131,147,167,186,186,221,221,221,221,109,136,136,136,136,235,235,215,20,33,33,49,49,63,63,63,93,105,135,151,167,167,267,267,285,285,10,22,38,38,56,72,146,146,146,146],"floor_reached":45,"language":"ENG","playtime":5031,"items_purged":["Strike_G","Strike_G"],"score":469,"play_id":"e539caf8-7ae9-47cc-a0cf-1ec0e297ae93","local_time":"20210118170746","is_ascension_mode":false,"campfire_choices":[{"data":"Noxious Fumes","floor":6,"key":"SMITH"},{"floor":8,"key":"REST"},{"floor":10,"key":"REST"},{"data":"Iron Wave","floor":15,"key":"SMITH"},{"data":"Apotheosis","floor":23,"key":"SMITH"},{"floor":25,"key":"REST"},{"floor":32,"key":"REST"},{"data":"Quick Slash","floor":40,"key":"SMITH"}],"circlet_count":0,"master_deck":["Strike_G","Strike_G","Defend_G","Defend_G","Defend_G","Defend_G","Defend_G","Survivor","Neutralize","Flying Knee","Quick Slash","Noxious Fumes+1","Quick Slash+1","Backflip","Infinite Blades","Bane","Iron Wave+1","Unload","Apotheosis+1","Deadly Poison+1","Deadly Poison+1","Blur+1","PiercingWail+1","Corpse Explosion","Dagger Spray+1","PiercingWail","Skewer+1","Infinite Blades+1","Deadly Poison+1","Leg Sweep+1","Clumsy"],"relics":["Ring of the Snake","NeowsBlessing","Meat on the Bone","Ninja Scroll","Oddly Smooth Stone","Black Star","Sundial","Lizard Tail","Bag of Preparation","Boot","Bottled Tornado","Cursed Key","ClockworkSouvenir"],"acts_visited":["Exordium","TheCity","TheBeyond"],"potions_floor_usage":[7,12,22,27,27,29,31,39,42,42],"damage_taken":[{"damage":0,"enemies":"2 Louse","floor":1,"turns":1},{"damage":0,"enemies":"Jaw Worm","floor":2,"turns":1},{"damage":0,"enemies":"Cultist","floor":3,"turns":1},{"damage":21,"enemies":"Gremlin Gang","floor":4,"turns":6},{"damage":0,"enemies":"Looter","floor":5,"turns":4},{"damage":37,"enemies":"Gremlin Nob","floor":7,"turns":5},{"damage":21,"enemies":"3 Sentries","floor":12,"turns":7},{"damage":27,"enemies":"The Guardian","floor":16,"turns":10},{"damage":2,"enemies":"2 Thieves","floor":18,"turns":4},{"damage":2,"enemies":"3 Byrds","floor":20,"turns":6},{"damage":12,"enemies":"Centurion and Healer","floor":22,"turns":6},{"damage":5,"enemies":"Cultist and Chosen","floor":24,"turns":5},{"damage":30,"enemies":"Slavers","floor":27,"turns":7},{"damage":18,"enemies":"Shelled Parasite and Fungi","floor":28,"turns":5},{"damage":36,"enemies":"Book of Stabbing","floor":29,"turns":5},{"damage":7,"enemies":"Snecko","floor":30,"turns":4},{"damage":7,"enemies":"3 Cultists","floor":31,"turns":6},{"damage":45,"enemies":"Champ","floor":33,"turns":12},{"damage":3,"enemies":"3 Darklings","floor":35,"turns":5},{"damage":0,"enemies":"3 Shapes","floor":38,"turns":5},{"damage":26,"enemies":"3 Darklings","floor":39,"turns":5},{"damage":0,"enemies":"4 Shapes","floor":41,"turns":5},{"damage":18,"enemies":"Jaw Worm Horde","floor":42,"turns":5},{"damage":48,"enemies":"Transient","floor":45,"turns":5}],"seed_played":"-2822351629122507790","potions_obtained":[{"floor":1,"key":"Swift Potion"},{"floor":3,"key":"Ancient Potion"},{"floor":7,"key":"Regen Potion"},{"floor":18,"key":"Fire Potion"},{"floor":20,"key":"AttackPotion"},{"floor":24,"key":"EssenceOfSteel"},{"floor":30,"key":"Dexterity Potion"},{"floor":35,"key":"Energy Potion"},{"floor":36,"key":"Regen Potion"},{"floor":36,"key":"Ancient Potion"},{"floor":41,"key":"BlessingOfTheForge"}],"is_trial":false,"path_per_floor":["M","M","M","M","M","R","E","R","T","R","$","E","?","?","R","B",null,"M","$","M","$","M","R","M","R","T","E","M","E","M","M","R","B",null,"M","?","$","M","M","R","M","M","T","?","M"],"character_chosen":"THE_SILENT","items_purchased":["Infinite Blades","Apotheosis","ClockworkSouvenir","PiercingWail"],"campfire_rested":4,"item_purchase_floors":[11,19,37,37],"current_hp_per_floor":[70,70,70,49,49,49,12,33,33,54,54,48,48,48,48,33,70,68,68,66,66,54,54,49,70,70,40,34,47,40,45,66,33,70,67,67,67,67,53,53,53,47,47,47,0,0],"gold":146,"neow_bonus":"THREE_ENEMY_KILL","is_daily":false,"chose_seed":false,"campfire_upgraded":4,"win_rate":0.0,"timestamp":1611011266,"path_taken":["M","M","M","M","M","R","E","R","T","R","$","E","?","?","R","BOSS","M","?","?","$","M","R","M","R","T","E","M","E","M","M","R","BOSS","M","?","$","?","M","R","M","M","T","?","M"],"items_purchased_type":["Card","Card","Relic","Card"],"build_version":"2020-12-22","purchased_purges":2,"victory":false,"max_hp_per_floor":[70,70,70,70,70,70,70,70,70,70,70,70,70,70,70,70,70,70,70,70,70,70,70,70,70,70,70,70,70,70,70,70,70,70,70,70,70,70,70,70,70,70,70,70,70,70],"relic_stats":{"Lizard Tail":35,"counters":[24,125],"Sundial":[6],"Black Star":2,"Bag of Preparation":[0],"Boot":[66],"Cursed Key":1,"obtain_stats":[{"NeowsBlessing":0,"Oddly Smooth Stone":12,"Bag of Preparation":27,"Bottled Tornado":29,"Boot":29,"Cursed Key":34,"ClockworkSouvenir":37,"Lizard Tail":27,"Ninja Scroll":9,"Sundial":26,"Black Star":17,"Ring of the Snake":0,"Meat on the Bone":7},{"NeowsBlessing":0,"Oddly Smooth Stone":7,"Bag of Preparation":13,"Bottled Tornado":15,"Boot":15,"Cursed Key":18,"ClockworkSouvenir":19,"Lizard Tail":13,"Ninja Scroll":6,"Sundial":12,"Black Star":8,"Ring of the Snake":0,"Meat on the Bone":6},{"NeowsBlessing":0,"Oddly Smooth Stone":25,"Bag of Preparation":63,"Bottled Tornado":73,"Boot":73,"Cursed Key":95,"ClockworkSouvenir":100,"Lizard Tail":63,"Ninja Scroll":18,"Sundial":56,"Black Star":35,"Ring of the Snake":0,"Meat on the Bone":18}],"Ring of the Snake":[48],"Meat on the Bone":72},"card_choices":[{"not_picked":["Crippling Poison","Flechettes"],"picked":"Flying Knee","floor":1},{"not_picked":["Backflip","Deflect"],"picked":"Quick Slash","floor":2},{"not_picked":["PiercingWail","Reflex","Dodge and Roll"],"picked":"SKIP","floor":3},{"not_picked":["Burst","Acrobatics"],"picked":"Noxious Fumes","floor":4},{"not_picked":["Dagger Throw","PiercingWail"],"picked":"Quick Slash","floor":5},{"not_picked":["Dagger Throw","Calculated Gamble"],"picked":"Backflip","floor":7},{"not_picked":["Dagger Throw","Calculated Gamble"],"picked":"Bane","floor":12},{"not_picked":["Doppelganger","Malaise"],"picked":"Unload","floor":16},{"not_picked":["Dagger Spray","Dagger Throw","Quick Slash"],"picked":"SKIP","floor":18},{"not_picked":["Deflect","Sucker Punch","Dodge and Roll"],"picked":"SKIP","floor":20},{"not_picked":["Masterful Stab","Dash"],"picked":"Deadly Poison+1","floor":22},{"not_picked":["Deflect","Tools of the Trade","Bane"],"picked":"SKIP","floor":24},{"not_picked":["Sucker Punch","Dagger Throw"],"picked":"Deadly Poison+1","floor":27},{"not_picked":["PiercingWail","Wraith Form v2","Blur"],"picked":"SKIP","floor":28},{"not_picked":["Flechettes","Endless Agony","Poisoned Stab"],"picked":"SKIP","floor":29},{"not_picked":["Bane","Poisoned Stab"],"picked":"Blur+1","floor":30},{"not_picked":["Masterful Stab","Blur"],"picked":"PiercingWail+1","floor":31},{"not_picked":["Phantasmal Killer","Night Terror"],"picked":"Corpse Explosion","floor":33},{"not_picked":["Riddle With Holes+1","Well Laid Plans"],"picked":"Dagger Spray+1","floor":35},{"not_picked":["Quick Slash","Dagger Throw"],"picked":"Skewer+1","floor":38},{"not_picked":["Escape Plan","Deadly Poison"],"picked":"Infinite Blades+1","floor":39},{"not_picked":["PiercingWail+1","Dagger Spray"],"picked":"Deadly Poison+1","floor":41},{"not_picked":["Backflip","Quick Slash"],"picked":"Leg Sweep","floor":42}],"player_experience":152784,"relics_obtained":[{"floor":7,"key":"Meat on the Bone"},{"floor":9,"key":"Ninja Scroll"},{"floor":12,"key":"Oddly Smooth Stone"},{"floor":26,"key":"Sundial"},{"floor":27,"key":"Lizard Tail"},{"floor":27,"key":"Bag of Preparation"},{"floor":29,"key":"Boot"},{"floor":29,"key":"Bottled Tornado"}],"event_choices":[{"damage_healed":0,"gold_gain":0,"player_choice":"Ignored","damage_taken":0,"max_hp_gain":0,"max_hp_loss":0,"event_name":"Liars Game","floor":13,"gold_loss":0},{"cards_removed":["Strike_G"],"damage_healed":0,"gold_gain":0,"player_choice":"Took Card","damage_taken":0,"max_hp_gain":0,"max_hp_loss":0,"event_name":"NoteForYourself","floor":14,"gold_loss":0,"cards_obtained":["Iron Wave"]},{"damage_healed":0,"gold_gain":0,"player_choice":"Got Potions","damage_taken":0,"max_hp_gain":0,"max_hp_loss":0,"event_name":"Lab","floor":36,"gold_loss":0},{"damage_healed":0,"gold_gain":0,"player_choice":"Upgraded","damage_taken":0,"max_hp_gain":0,"max_hp_loss":0,"event_name":"Upgrade Shrine","floor":44,"gold_loss":0,"cards_upgraded":["Leg Sweep"]}],"is_beta":false,"boss_relics":[{"not_picked":["SacredBark","Ectoplasm"],"picked":"Black Star"},{"not_picked":["WristBlade","HoveringKite"],"picked":"Cursed Key"}],"items_purged_floors":[11,37],"is_endless":false,"potions_floor_spawned":[1,3,7,18,20,24,30,35,41],"killed_by":"Transient","ascension_level":0}}