{"host":"ndpbn7fqb3wjbd7p","time":1611005997,"event":{"mods":["AchievementEnabler","Act Like it!","AlwaysNeverKeys","BaseMod","Better Vampires","Block Reminder","Colored Powertips","DeckTracker","Defuse TimeMaze Blight","Friendly Minions","Hallownest","Hermit","Highlight Path","MarisaÅiñ∂âJÅ@ñÇóùçπÅj","Minty Spire (QoL Compilation)","Permanent Neow","Shade Mod","StSLib","SuperFastMode","Synergy Search","The Mystic","Unceasing Turn Reminder","Wandering Minibosses","egg"],"gold_per_floor":[115,115,129,54,54,54,70,70,95,128,142,158,58,68,68,145,145,157,82,82,82,102,102,102,102],"floor_reached":24,"language":"ENG","playtime":1310,"items_purged":["Strike_G","Strike_G"],"score":409,"play_id":"d0ee7f89-3343-4e42-ad9d-8a07b7144c5d","local_time":"20210118223957","is_ascension_mode":true,"campfire_choices":[{"data":"After Image","floor":6,"key":"SMITH"},{"data":"Cloak And Dagger","floor":8,"key":"SMITH"},{"floor":15,"key":"REST"}],"circlet_count":0,"master_deck":["AscendersBane","Strike_G","Defend_G","Defend_G","Defend_G","Defend_G","Survivor","Neutralize","After Image+1","Finisher","Cloak And Dagger+1","Blade Dance+1","Acrobatics","Wraith Form v2","Reflex"],"relics":["Ring of the Snake","Centennial Puzzle","Bag of Preparation","Dream Catcher","Empty Cage"],"acts_visited":["Exordium","TheCity"],"potions_floor_usage":[10,10,16],"damage_taken":[{"damage":5,"enemies":"Jaw Worm","floor":1,"turns":5},{"damage":0,"enemies":"Cultist","floor":3,"turns":6},{"damage":3,"enemies":"2 Louse","floor":7,"turns":4},{"damage":0,"enemies":"3 Sentries","floor":10,"turns":6},{"damage":7,"enemies":"Red Slaver","floor":11,"turns":4},{"damage":3,"enemies":"Blue Slaver","floor":12,"turns":3},{"damage":4,"enemies":"2 Fungi Beasts","floor":14,"turns":4},{"damage":30,"enemies":"The Guardian","floor":16,"turns":15},{"damage":15,"enemies":"Chosen","floor":18,"turns":6},{"damage":10,"enemies":"Shell Parasite","floor":22,"turns":5},{"damage":8,"enemies":"Snecko","floor":24,"turns":6}],"seed_played":"-7042389005060826857","potions_obtained":[{"floor":1,"key":"BlessingOfTheForge"},{"floor":7,"key":"AttackPotion"},{"floor":12,"key":"BlessingOfTheForge"}],"is_trial":false,"path_per_floor":["M","?","M","$","T","R","M","R","T","E","M","M","$","M","R","B",null,"M","?","$","?","M","?","M"],"character_chosen":"THE_SILENT","items_purchased":[],"campfire_rested":1,"item_purchase_floors":[],"current_hp_per_floor":[39,35,35,35,35,35,32,32,32,32,25,22,22,18,37,7,51,36,36,36,36,26,8,0,0],"gold":102,"neow_bonus":"THREE_RARE_CARDS","is_daily":false,"chose_seed":false,"campfire_upgraded":2,"win_rate":0.0,"timestamp":1611005997,"path_taken":["M","?","?","$","?","R","?","R","T","E","M","M","$","M","R","BOSS","M","?","$","?","?","?","M"],"items_purchased_type":[],"build_version":"2020-12-22","purchased_purges":2,"victory":false,"max_hp_per_floor":[66,66,66,66,66,66,66,66,66,66,66,66,66,66,66,66,66,66,66,66,66,66,71,71,71],"card_choices":[{"not_picked":["Envenom","Adrenaline"],"picked":"After Image","floor":0},{"not_picked":["Terror","Expertise","Quick Slash"],"picked":"SKIP","floor":1},{"not_picked":["Outmaneuver","Well Laid Plans"],"picked":"Finisher","floor":3},{"not_picked":["Deflect","Dagger Throw"],"picked":"Cloak And Dagger","floor":7},{"not_picked":["Terror","Cloak And Dagger"],"picked":"Blade Dance","floor":10},{"not_picked":["Dagger Spray","Setup","Bane"],"picked":"SKIP","floor":11},{"not_picked":["Poisoned Stab","Outmaneuver","Quick Slash"],"picked":"SKIP","floor":12},{"not_picked":["Outmaneuver","Bullet Time"],"picked":"Acrobatics","floor":14},{"not_picked":["Grand Finale","Unload"],"picked":"Wraith Form v2","floor":16},{"not_picked":["Outmaneuver","Dash","Acrobatics"],"picked":"SKIP","floor":18},{"not_picked":["Eviscerate","Finisher"],"picked":"Reflex","floor":22}],"player_experience":1149493,"relics_obtained":[{"floor":5,"key":"Centennial Puzzle"},{"floor":9,"key":"Bag of Preparation"},{"floor":10,"key":"Dream Catcher"}],"event_choices":[{"damage_healed":0,"gold_gain":0,"player_choice":"Bought 0 Potions","damage_taken":0,"max_hp_gain":0,"max_hp_loss":0,"event_name":"The Woman in Blue","floor":2,"gold_loss":0},{"cards_removed":["Defend_G"],"damage_healed":0,"gold_gain":0,"player_choice":"Gave Gold","damage_taken":0,"max_hp_gain":0,"max_hp_loss":0,"event_name":"Beggar","floor":19,"gold_loss":75},{"damage_healed":0,"gold_gain":0,"player_choice":"Upgraded","damage_taken":0,"max_hp_gain":0,"max_hp_loss":0,"event_name":"Upgrade Shrine","floor":21,"gold_loss":0,"cards_upgraded":["Blade Dance"]},{"damage_healed":0,"gold_gain":0,"player_choice":"Shed Blood","damage_taken":23,"max_hp_gain":5,"max_hp_loss":0,"event_name":"Forgotten Altar","floor":23,"gold_loss":0}],"is_beta":false,"boss_relics":[{"not_picked":["Black Star","Ring of the Serpent"],"picked":"Empty Cage"}],"items_purged_floors":[4,13],"is_endless":false,"potions_floor_spawned":[1,7,12],"killed_by":"Snecko","ascension_level":17}}