{"host":"r5cycnjhcbwgkpkf","time":1611012986,"event":{"mods":["2.2 Compatiblity","AchievementEnabler","BaseMod","Bestiary","Better Match","Better Note","Better Skull","Better Third Choice","BetterRewards","Colored Map","Colored Powertips","Downfall","Infinite Spire","Minty Spire (QoL Compilation)","Spicy Shops","StSLib"],"gold_per_floor":[99,119,119,138,157,187,236,236,236,252,402,402,402,433,447,447,447],"floor_reached":16,"language":"ENG","playtime":693,"items_purged":[],"score":100,"play_id":"aec92796-f937-4c1f-ad6b-1b1a5e0058cb","local_time":"20210118153626","is_ascension_mode":false,"campfire_choices":[{"data":"bronze:Goto","floor":1,"key":"SMITH"},{"data":"bronze:ShipIt","floor":9,"key":"SMITH"},{"floor":13,"key":"REST"}],"circlet_count":0,"master_deck":["bronze:Strike","bronze:Strike","bronze:Strike","bronze:Strike","bronze:Defend","bronze:Defend+1","bronze:Defend+1","bronze:Defend","bronze:Replicate","bronze:Goto+1","bronze:ShipIt+1","bronze:WildBeam","Genetic Algorithm","bronze:Overheat","bronze:BuggyMess","downfall:Icky","bronze:Boost"],"relics":["bronze:BronzeCore","Blood Vial","War Paint","bronze:CableSpool","Bottled Flame"],"acts_visited":["Exordium"],"potions_floor_usage":[14],"damage_taken":[{"damage":1,"enemies":"Jaw Worm","floor":2,"turns":4},{"damage":2,"enemies":"Small Slimes","floor":4,"turns":2},{"damage":3,"enemies":"Cultist","floor":5,"turns":3},{"damage":10,"enemies":"Blue Slaver","floor":10,"turns":3},{"damage":63,"enemies":"Lagavulin","floor":14,"turns":6},{"damage":12,"enemies":"Exordium Wildlife","floor":15,"turns":4},{"damage":30,"enemies":"SI_SHIV_ARCHETYPE","floor":16,"turns":8}],"seed_played":"1869060550931226526","potions_obtained":[{"floor":2,"key":"ColorlessPotion"},{"floor":8,"key":"Regen Potion"},{"floor":8,"key":"infinitespire:BlackPotion"},{"floor":8,"key":"FairyPotion"},{"floor":15,"key":"Explosive Potion"}],"is_trial":false,"path_per_floor":["R","M","?","M","M","?","T","?","R","M","?","T","R","E","M","B"],"character_chosen":"THE_AUTOMATON","items_purchased":[],"campfire_rested":1,"item_purchase_floors":[],"current_hp_per_floor":[70,69,46,46,45,45,45,45,45,37,37,37,58,12,2,0,0],"gold":447,"neow_bonus":"ONE_RANDOM_RARE_CARD","is_daily":false,"chose_seed":false,"campfire_upgraded":2,"win_rate":0.0,"timestamp":1611012986,"path_taken":["R","M","?","M","M","?","T","?","R","?","?","?","R","E","M","BOSS"],"items_purchased_type":[],"build_version":"2020-12-22","purchased_purges":0,"victory":false,"max_hp_per_floor":[70,70,70,70,70,70,70,70,70,70,70,70,70,70,70,70,70],"card_choices":[{"not_picked":["bronze:Repair","bronze:BitShift"],"picked":"bronze:WildBeam","floor":2},{"not_picked":["bronze:BronzeArmor","bronze:Invalidate"],"picked":"bronze:Overheat","floor":4},{"not_picked":["bronze:Terminator","bronze:Overheat"],"picked":"bronze:BuggyMess","floor":5},{"not_picked":["bronze:ForceShield","bronze:Turbo","bronze:BugBarrage"],"picked":"SKIP","floor":10},{"not_picked":["bronze:DelayedGuard","bronze:Repair","bronze:Allocate"],"picked":"SKIP","floor":14},{"not_picked":["bronze:ThunderWave","bronze:Terminator"],"picked":"bronze:Boost","floor":15}],"player_experience":437502,"relics_obtained":[{"floor":7,"key":"War Paint"},{"floor":12,"key":"bronze:CableSpool"},{"floor":14,"key":"Bottled Flame"}],"event_choices":[{"damage_healed":0,"gold_gain":0,"player_choice":"Got Potions","damage_taken":0,"max_hp_gain":0,"max_hp_loss":0,"event_name":"Lab","floor":8,"gold_loss":0}],"is_beta":false,"boss_relics":[],"items_purged_floors":[],"is_endless":false,"potions_floor_spawned":[2,10,15],"killed_by":"SI_SHIV_ARCHETYPE","ascension_level":0}}