{"host":"dw8ij7emqco3quom","time":1611012060,"event":{"mods":["BaseMod","Minty Spire (QoL Compilation)"],"gold_per_floor":[114,64,82,7,7,36,36,47,47,47,47,62,62,362,362,482,482,497,510,510,456,456,456,456],"floor_reached":23,"language":"FRA","playtime":961,"items_purged":["Strike_B"],"score":224,"play_id":"778a29b0-c4ac-4834-be69-7f8fcf7140e9","local_time":"20210119002100","is_ascension_mode":true,"campfire_choices":[{"data":"Dualcast","floor":7,"key":"SMITH"},{"floor":13,"key":"REST"},{"floor":15,"key":"RECALL"}],"circlet_count":0,"master_deck":["Strike_B","Defend_B","Defend_B","Zap+1","Dualcast+1","Lockon","Ball Lightning","Skim","Ball Lightning","Injury","Amplify","Leap","BootSequence+1","Reinforced Body","Tempest","Leap"],"relics":["Cracked Core","Gambling Chip","Blue Candle","Golden Idol","Old Coin","Black Star","Shuriken"],"acts_visited":["Exordium","TheCity"],"potions_floor_usage":[16,18,23],"damage_taken":[{"damage":7,"enemies":"Jaw Worm","floor":1,"turns":3},{"damage":0,"enemies":"2 Louse","floor":3,"turns":1},{"damage":18,"enemies":"Gremlin Nob","floor":6,"turns":3},{"damage":0,"enemies":"Small Slimes","floor":8,"turns":1},{"damage":14,"enemies":"Red Slaver","floor":12,"turns":2},{"damage":30,"enemies":"The Guardian","floor":16,"turns":7},{"damage":14,"enemies":"Shell Parasite","floor":18,"turns":3},{"damage":36,"enemies":"2 Thieves","floor":19,"turns":4},{"damage":46,"enemies":"Book of Stabbing","floor":23,"turns":6}],"seed_played":"-6819609972190829739","potions_obtained":[{"floor":1,"key":"Dexterity Potion"},{"floor":8,"key":"DistilledChaos"},{"floor":16,"key":"Energy Potion"}],"is_trial":false,"path_per_floor":["M","?","M","$","?","E","R","M","T","?","$","M","R","T","R","B",null,"M","M","?","$","?","E"],"character_chosen":"DEFECT","items_purchased":["Leap"],"campfire_rested":1,"item_purchase_floors":[21],"current_hp_per_floor":[68,68,68,68,68,50,50,50,50,50,50,36,58,58,58,28,75,61,25,25,25,25,0,0],"gold":456,"neow_bonus":"UPGRADE_CARD","is_daily":false,"chose_seed":false,"campfire_upgraded":1,"win_rate":0.0,"timestamp":1611012060,"path_taken":["M","?","M","$","?","E","R","M","T","?","$","M","R","?","R","BOSS","M","M","?","$","?","E"],"items_purchased_type":["Card"],"build_version":"2020-12-22","purchased_purges":1,"victory":false,"max_hp_per_floor":[75,75,75,75,75,75,75,75,75,75,75,75,75,75,75,75,75,75,75,75,75,75,75,75],"card_choices":[{"not_picked":["Steam","Go for the Eyes"],"picked":"Lockon","floor":1},{"not_picked":["Hologram","Cold Snap"],"picked":"Ball Lightning","floor":3},{"not_picked":["Turbo","Double Energy"],"picked":"Ball Lightning","floor":6},{"not_picked":["Stack","Glacier","Chill"],"picked":"SKIP","floor":8},{"not_picked":["Cold Snap","Reprogram","Chill"],"picked":"SKIP","floor":12},{"not_picked":["Core Surge","All For One"],"picked":"Amplify","floor":16},{"not_picked":["Blizzard+1","Loop"],"picked":"Leap","floor":18},{"not_picked":["Ball Lightning","Go for the Eyes"],"picked":"BootSequence+1","floor":19}],"player_experience":667467,"relics_obtained":[{"floor":6,"key":"Gambling Chip"},{"floor":9,"key":"Blue Candle"},{"floor":14,"key":"Old Coin"},{"floor":22,"key":"Shuriken"}],"event_choices":[{"cards_removed":["Strike_B"],"damage_healed":0,"gold_gain":0,"player_choice":"Card Removal","damage_taken":0,"max_hp_gain":0,"max_hp_loss":0,"event_name":"The Cleric","floor":2,"gold_loss":50},{"damage_healed":0,"gold_gain":0,"cards_transformed":["Defend_B"],"player_choice":"Change","damage_taken":0,"max_hp_gain":0,"max_hp_loss":0,"event_name":"Living Wall","floor":5,"gold_loss":0,"cards_obtained":["Skim"]},{"damage_healed":0,"gold_gain":0,"player_choice":"Take Wound","damage_taken":0,"relics_obtained":["Golden Idol"],"max_hp_gain":0,"max_hp_loss":0,"event_name":"Golden Idol","floor":10,"gold_loss":0,"cards_obtained":["Injury"]},{"damage_healed":0,"gold_gain":0,"cards_transformed":["Defend_B","Strike_B"],"player_choice":"Became Test Subject","damage_taken":0,"max_hp_gain":0,"max_hp_loss":0,"event_name":"Drug Dealer","floor":20,"gold_loss":0,"cards_obtained":["Reinforced Body","Tempest"]},{"damage_healed":0,"gold_gain":0,"player_choice":"Relic","damage_taken":0,"max_hp_gain":0,"max_hp_loss":0,"event_name":"Wheel of Change","floor":22,"gold_loss":0}],"is_beta":false,"boss_relics":[{"not_picked":["FrozenCore","Busted Crown"],"picked":"Black Star"}],"items_purged_floors":[4],"is_endless":false,"potions_floor_spawned":[1,8,16],"killed_by":"Book of Stabbing","ascension_level":4}}