{"host":"dftyqn972q7tuon4","time":1611008140,"event":{"mods":["AchievementEnabler","BaseMod","Better Altar","Better Match","Better Note","Better Sensory Stone","Better Skull","Better Third Choice","Colored Powertips","Highlight Path","Minty Spire (QoL Compilation)","Permanent Neow","Quick Restart","StSLib"],"gold_per_floor":[363,376,376,392,392,392,405,422,422,447,458,492,492,511,511,615,615,629,273,273,285,285,285,312,312,312,312,411,411,432,454,454,566,566,590,124,142,74,74,74,98,125,150,0,39,48,80,101,110,110],"floor_reached":51,"language":"ENG","playtime":2761,"items_purged":["Defend_R","Bash"],"score":1162,"play_id":"3f4f7259-ca97-4a2c-afe0-273c4d1be904","local_time":"20210118231540","is_ascension_mode":true,"campfire_choices":[{"data":"Uppercut","floor":6.0,"key":"SMITH"},{"data":"Perfected Strike","floor":13.0,"key":"SMITH"},{"data":"Armaments","floor":15.0,"key":"SMITH"},{"floor":23.0,"key":"REST"},{"floor":25.0,"key":"REST"},{"floor":32,"key":"REST"},{"floor":40,"key":"REST"},{"floor":46,"key":"REST"},{"floor":49,"key":"REST"}],"circlet_count":0,"master_deck":["AscendersBane","Strike_R","Strike_R","Strike_R","Defend_R","Defend_R","Defend_R","Uppercut+1","Headbutt","Cleave","Feed","Perfected Strike+1","Warcry","True Grit","Armaments+1","Brutality","Bloodletting","Dual Wield","Shrug It Off","Pain","Fire Breathing+1","Blood for Blood","Blood for Blood+1","Demon Form+1","Rupture+1","Metallicize+1","Shrug It Off","AscendersBane","Reaper","Spot Weakness","Dropkick+1","Metallicize+1","Twin Strike+1","Reckless Charge","Rage+1","Dark Embrace+1"],"relics":["Burning Blood","CultistMask","StrikeDummy","Bottled Flame","Bottled Lightning","Fusion Hammer","PreservedInsect","WarpedTongs","CeramicFish","Eternal Feather","Frozen Egg 2","Mark of Pain","Red Skull","Orichalcum","Lantern","Red Mask","Dream Catcher","Ginger"],"acts_visited":["Exordium","TheCity","TheBeyond"],"potions_floor_usage":[30,33,47,50],"damage_taken":[{"damage":2.0,"enemies":"Small Slimes","floor":1.0,"turns":5.0},{"damage":6.0,"enemies":"Cultist","floor":2.0,"turns":4.0},{"damage":8.0,"enemies":"2 Louse","floor":4.0,"turns":3.0},{"damage":4.0,"enemies":"Looter","floor":7.0,"turns":3.0},{"damage":18.0,"enemies":"Gremlin Gang","floor":8.0,"turns":5.0},{"damage":17.0,"enemies":"Gremlin Nob","floor":10.0,"turns":4.0},{"damage":5.0,"enemies":"2 Fungi Beasts","floor":11.0,"turns":3.0},{"damage":21.0,"enemies":"Lagavulin","floor":12.0,"turns":5.0},{"damage":0.0,"enemies":"Large Slime","floor":14.0,"turns":5.0},{"damage":35.0,"enemies":"Slime Boss","floor":16.0,"turns":13.0},{"damage":2.0,"enemies":"Spheric Guardian","floor":18.0,"turns":3.0},{"damage":52.0,"enemies":"3 Byrds","floor":21.0,"turns":7.0},{"damage":17.0,"enemies":"Gremlin Leader","floor":24.0,"turns":5.0},{"damage":24,"enemies":"Sentry and Sphere","floor":30,"turns":5},{"damage":26,"enemies":"Chosen and Byrds","floor":31,"turns":5},{"damage":88,"enemies":"Collector","floor":33,"turns":10},{"damage":28,"enemies":"Orb Walker","floor":35,"turns":4},{"damage":18,"enemies":"3 Shapes","floor":41,"turns":7},{"damage":19,"enemies":"Sphere and 2 Shapes","floor":42,"turns":4},{"damage":46,"enemies":"Nemesis","floor":45,"turns":5},{"damage":35,"enemies":"Reptomancer","floor":47,"turns":7},{"damage":24,"enemies":"4 Shapes","floor":48,"turns":7},{"damage":140,"enemies":"Donu and Deca","floor":50,"turns":8}],"seed_played":"7584989202403883772","potions_obtained":[{"floor":1.0,"key":"Regen Potion"},{"floor":10.0,"key":"Dexterity Potion"},{"floor":14.0,"key":"SpeedPotion"},{"floor":16.0,"key":"DistilledChaos"},{"floor":24.0,"key":"SneckoOil"},{"floor":33,"key":"Dexterity Potion"},{"floor":41,"key":"BloodPotion"},{"floor":47,"key":"Energy Potion"}],"is_trial":false,"path_per_floor":["M","M","?","M","?","R","M","M","T","E","M","E","R","M","R","B",null,"M","$","?","M","?","R","E","R","T","?","?","T","M","M","R","B",null,"M","$","?","$","?","R","M","M","T","?","E","R","E","M","R","B",null],"character_chosen":"IRONCLAD","items_purchased":["PreservedInsect","Dual Wield","Shrug It Off","Red Skull","Metallicize+1","Shrug It Off","Orichalcum","Spot Weakness"],"campfire_rested":6,"item_purchase_floors":[19,19,19,36,36,36,36,38],"current_hp_per_floor":[55,55,55,53,53,53,55,43,43,44,48,33,33,42,42,17,72,79,79,79,36,36,64,53,81,81,81,81,81,67,47,92,10,78,56,56,56,56,56,100,88,75,75,75,35,83,79,78,103,25],"gold":110,"neow_bonus":"TWO_FIFTY_GOLD","is_daily":false,"chose_seed":false,"campfire_upgraded":3,"win_rate":0.0,"timestamp":1611008140,"path_taken":["M","M","?","?","?","R","M","M","T","E","M","E","R","M","R","BOSS","M","$","?","?","?","R","E","R","T","?","?","?","M","M","R","BOSS","M","$","?","$","?","R","M","M","T","?","E","R","E","M","R","BOSS"],"items_purchased_type":["Relic","Card","Card","Relic","Card","Card","Relic","Card"],"build_version":"2020-12-22","purchased_purges":2,"victory":true,"max_hp_per_floor":[80,80,80,80,80,80,80,80,80,80,83,83,83,86,86,90,90,93,93,93,96,96,96,96,96,96,96,96,96,100,100,100,100,100,100,100,100,100,100,100,100,100,100,100,100,100,100,103,103,103],"card_choices":[{"not_picked":["Combust","Shrug It Off"],"picked":"Uppercut","floor":1.0},{"not_picked":["Wild Strike","Pommel Strike"],"picked":"Headbutt","floor":2.0},{"not_picked":["Headbutt","Thunderclap","Clash"],"picked":"SKIP","floor":4.0},{"not_picked":["Thunderclap","Burning Pact"],"picked":"Cleave","floor":7.0},{"not_picked":["Spot Weakness","Havoc"],"picked":"Feed","floor":8.0},{"not_picked":["Armaments","Pommel Strike"],"picked":"Perfected Strike","floor":10.0},{"not_picked":["Sentinel","Body Slam"],"picked":"Warcry","floor":11.0},{"not_picked":["Fiend Fire","Power Through"],"picked":"True Grit","floor":12.0},{"not_picked":["Sword Boomerang","True Grit"],"picked":"Armaments","floor":14.0},{"not_picked":["Limit Break","Double Tap"],"picked":"Brutality","floor":16.0},{"not_picked":["Uppercut","Burning Pact+1"],"picked":"Bloodletting","floor":18.0},{"not_picked":["Clash","Wild Strike"],"picked":"Fire Breathing+1","floor":21.0},{"not_picked":["Heavy Blade","Searing Blow","Rage"],"picked":"SKIP","floor":24.0},{"not_picked":["Heavy Blade","Body Slam+1"],"picked":"Blood for Blood","floor":30},{"not_picked":["Intimidate","Armaments"],"picked":"Blood for Blood+1","floor":31},{"not_picked":["Feed","Bludgeon"],"picked":"Demon Form+1","floor":33},{"not_picked":["Twin Strike+1","Sword Boomerang+1"],"picked":"Rupture+1","floor":35},{"not_picked":["Body Slam","True Grit"],"picked":"Dropkick+1","floor":41},{"not_picked":["Searing Blow","Warcry+1"],"picked":"Metallicize+1","floor":42},{"not_picked":["Dual Wield+1","Immolate"],"picked":"Twin Strike+1","floor":45},{"not_picked":["True Grit","Thunderclap"],"picked":"Reckless Charge","floor":46},{"not_picked":["Flex","Burning Pact","Thunderclap+1"],"picked":"SKIP","floor":47},{"not_picked":["Body Slam","Sentinel"],"picked":"Rage+1","floor":48},{"not_picked":["Sever Soul+1","Thunderclap"],"picked":"Dark Embrace+1","floor":49}],"player_experience":706287,"relics_obtained":[{"floor":9.0,"key":"StrikeDummy"},{"floor":10.0,"key":"Bottled Flame"},{"floor":12.0,"key":"Bottled Lightning"},{"floor":24.0,"key":"CeramicFish"},{"floor":26.0,"key":"Eternal Feather"},{"floor":29.0,"key":"Frozen Egg 2"},{"floor":43,"key":"Lantern"},{"floor":45,"key":"Dream Catcher"},{"floor":47,"key":"Ginger"}],"event_choices":[{"damage_healed":0.0,"max_hp_gain":0.0,"max_hp_loss":0.0,"gold_gain":0.0,"event_name":"FaceTrader","player_choice":"Trade","floor":3.0,"gold_loss":0.0,"damage_taken":0.0,"relics_obtained":["CultistMask"]},{"cards_removed":["Strike_R"],"damage_healed":0.0,"max_hp_gain":0.0,"max_hp_loss":0.0,"gold_gain":0.0,"event_name":"Living Wall","player_choice":"Forget","floor":5.0,"gold_loss":0.0,"damage_taken":0.0},{"damage_healed":0.0,"max_hp_gain":0.0,"max_hp_loss":0.0,"gold_gain":0.0,"event_name":"Accursed Blacksmith","player_choice":"Rummage","floor":20.0,"gold_loss":0.0,"damage_taken":0.0,"relics_obtained":["WarpedTongs"],"cards_obtained":["Pain"]},{"damage_healed":0.0,"max_hp_gain":0.0,"max_hp_loss":0.0,"gold_gain":0.0,"event_name":"Vampires","player_choice":"Ignored","floor":22.0,"gold_loss":0.0,"damage_taken":0.0},{"damage_healed":0.0,"max_hp_gain":0.0,"max_hp_loss":0.0,"gold_gain":0.0,"event_name":"Ghosts","player_choice":"Ignored","floor":27.0,"gold_loss":0.0,"damage_taken":0.0},{"damage_healed":0.0,"max_hp_gain":0.0,"max_hp_loss":0.0,"gold_gain":99.0,"event_name":"betterThird:BetterNest","player_choice":"Steal","floor":28.0,"gold_loss":0.0,"damage_taken":0.0},{"damage_healed":0,"gold_gain":3,"player_choice":"3","damage_taken":0,"max_hp_gain":0,"max_hp_loss":0,"event_name":"betterStone:BetterStone","floor":37,"gold_loss":0,"cards_obtained":["Reaper"]},{"cards_removed":["Strike_R"],"damage_healed":0,"gold_gain":0,"player_choice":"Removed Attack","damage_taken":0,"max_hp_gain":0,"max_hp_loss":0,"event_name":"Falling","floor":39,"gold_loss":0},{"damage_healed":0,"gold_gain":0,"player_choice":"Paid","damage_taken":0,"relics_obtained":["Red Mask"],"max_hp_gain":0,"max_hp_loss":0,"event_name":"Tomb of Lord Red Mask","floor":44,"gold_loss":150}],"is_beta":false,"boss_relics":[{"not_picked":["Sozu","Coffee Dripper"],"picked":"Fusion Hammer"},{"not_picked":["Runic Dome","Calling Bell"],"picked":"Mark of Pain"}],"items_purged_floors":[19,36],"is_endless":false,"potions_floor_spawned":[1,10,14,16,24,33,41,45,47],"ascension_level":11}}