{"host":"dw8ij7emqco3quom","time":1611011076,"event":{"mods":["BaseMod","Minty Spire (QoL Compilation)"],"gold_per_floor":[211,136,155,135,145,145,162,180,180,195,195,6,36,54,54,149,149,137,137,150,168,168,168,168,168],"floor_reached":24,"language":"FRA","playtime":1765,"items_purged":["Defend_R"],"score":260,"play_id":"593de976-0c9d-4fe0-830f-325f05d9c0f9","local_time":"20210119000436","is_ascension_mode":true,"campfire_choices":[{"data":"Rage","floor":6,"key":"SMITH"},{"data":"Armaments","floor":11,"key":"SMITH"},{"floor":15,"key":"REST"},{"floor":23,"key":"REST"}],"circlet_count":0,"master_deck":["Strike_R","Strike_R","Strike_R","Strike_R","Strike_R","Defend_R","Defend_R","Defend_R","Bash","Rage+1","Ghostly Armor","Thunderclap","Flex","Armaments+1","Sadistic Nature+1","Uppercut","Demon Form","Headbutt+1","Sadistic Nature","Rampage+1"],"relics":["Black Blood","Gremlin Horn"],"acts_visited":["Exordium","TheCity"],"potions_floor_usage":[7,7,13,16,16,21],"damage_taken":[{"damage":1.0,"enemies":"Cultist","floor":1.0,"turns":3.0},{"damage":1,"enemies":"Small Slimes","floor":3,"turns":3},{"damage":0,"enemies":"2 Louse","floor":5,"turns":3},{"damage":0,"enemies":"Lots of Slimes","floor":7,"turns":2},{"damage":32,"enemies":"Large Slime","floor":8,"turns":10},{"damage":1,"enemies":"Exordium Thugs","floor":10,"turns":5},{"damage":30,"enemies":"3 Sentries","floor":13,"turns":9},{"damage":0,"enemies":"Blue Slaver","floor":14,"turns":4},{"damage":15,"enemies":"The Guardian","floor":16,"turns":9},{"damage":31,"enemies":"2 Thieves","floor":18,"turns":4},{"damage":37,"enemies":"3 Byrds","floor":20,"turns":6},{"damage":27,"enemies":"Shelled Parasite and Fungi","floor":21,"turns":4},{"damage":39,"enemies":"Book of Stabbing","floor":24,"turns":4}],"seed_played":"3657558694207355952","potions_obtained":[{"floor":1.0,"key":"FearPotion"},{"floor":3,"key":"Energy Potion"},{"floor":4,"key":"Strength Potion"},{"floor":8,"key":"Energy Potion"},{"floor":10,"key":"LiquidBronze"},{"floor":20,"key":"DistilledChaos"}],"is_trial":false,"path_per_floor":["M","$","M","?","M","R","M","M","T","M","R","$","E","M","R","B",null,"M","?","M","M","?","R","E"],"character_chosen":"IRONCLAD","items_purchased":["Sadistic Nature"],"campfire_rested":2,"item_purchase_floors":[12],"current_hp_per_floor":[77,77,80,80,80,80,80,54,54,59,59,59,35,41,65,56,74,55,55,30,15,15,39,0,0],"gold":168,"neow_bonus":"HUNDRED_GOLD","is_daily":false,"chose_seed":false,"campfire_upgraded":2,"win_rate":0.0,"timestamp":1611011076,"path_taken":["M","$","?","?","M","R","M","?","T","M","R","?","E","M","R","BOSS","M","?","?","M","?","R","E"],"items_purchased_type":["Card"],"build_version":"2020-12-22","purchased_purges":1,"victory":false,"max_hp_per_floor":[80,80,80,80,80,80,80,80,80,80,80,80,80,80,80,80,80,80,80,80,80,80,80,80,80],"card_choices":[{"not_picked":["Headbutt","Rupture"],"picked":"Rage","floor":1.0},{"not_picked":["Pommel Strike","Searing Blow"],"picked":"Ghostly Armor","floor":3},{"not_picked":["True Grit","Cleave"],"picked":"Thunderclap","floor":5},{"not_picked":["Heavy Blade","Rupture"],"picked":"Flex","floor":7},{"not_picked":["Warcry","Flex"],"picked":"Armaments","floor":8},{"not_picked":["Sentinel","Burning Pact","Rupture"],"picked":"SKIP","floor":10},{"not_picked":["Cleave","Fire Breathing"],"picked":"Uppercut","floor":13},{"not_picked":["True Grit","Exhume","Havoc"],"picked":"SKIP","floor":14},{"not_picked":["Brutality","Exhume"],"picked":"Demon Form","floor":16},{"not_picked":["Thunderclap","Power Through"],"picked":"Headbutt+1","floor":18},{"not_picked":["Headbutt","Clothesline","Sword Boomerang"],"picked":"SKIP","floor":20},{"not_picked":["Anger","Hemokinesis"],"picked":"Rampage+1","floor":21}],"player_experience":665702,"relics_obtained":[{"floor":13,"key":"Gremlin Horn"}],"event_choices":[{"damage_healed":0,"gold_gain":0,"player_choice":"Bought 1 Potion","damage_taken":0,"max_hp_gain":0,"max_hp_loss":0,"event_name":"The Woman in Blue","floor":4,"gold_loss":0},{"damage_healed":0,"gold_gain":0,"player_choice":"Copied","damage_taken":0,"max_hp_gain":0,"max_hp_loss":0,"event_name":"Duplicator","floor":19,"gold_loss":0,"cards_obtained":["Sadistic Nature"]},{"damage_healed":0,"gold_gain":0,"player_choice":"Forge","damage_taken":0,"max_hp_gain":0,"max_hp_loss":0,"event_name":"Accursed Blacksmith","floor":22,"gold_loss":0,"cards_upgraded":["Sadistic Nature"]}],"is_beta":false,"boss_relics":[{"not_picked":["Empty Cage","Mark of Pain"],"picked":"Black Blood"}],"items_purged_floors":[2],"is_endless":false,"potions_floor_spawned":[1,3,8,10,20],"killed_by":"Book of Stabbing","ascension_level":6}}