{"host":"2ica2wc1gg7guzbw","time":1611008312,"event":{"mods":["BaseMod","Colored Map","Minty Spire (QoL Compilation)","Replay The Spire","Shop Mod","StSLib"],"gold_per_floor":[115,115,128,128,187,212,212,245,245,265,297,315,347,347,347,424,424,434,276,291,59,59,59,59,86,98,110,132,69,94,6,6,82,82,97,97,40,57,57,57,88,99,99,117,47,77,77,95,95,95,95,95],"floor_reached":51,"language":"RUS","playtime":2565,"items_purged":["Strike_B","Strike_B"],"score":1702,"play_id":"a0338126-a1aa-45f8-a6fa-0defe3e5d3e6","local_time":"20210119021832","is_ascension_mode":true,"campfire_choices":[{"floor":7,"key":"REST"},{"floor":15,"key":"REST"},{"data":"Defragment","floor":23,"key":"SMITH"},{"floor":27,"key":"RECALL"},{"data":"Mirror Shield","floor":32,"key":"SMITH"},{"data":"Chill","floor":40,"key":"SMITH"},{"data":"FIFO Queue","floor":47,"key":"SMITH"},{"data":"Buffer","floor":49,"key":"SMITH"}],"circlet_count":0,"master_deck":["AscendersBane","Defend_B+1","Defend_B","Defend_B","Defend_B","Zap+1","Dualcast","Ball Lightning","Cold Snap","Electrodynamics","Defragment+1","Leap","Cold Snap","Chill+1","Steam Power+1","Mirror Shield+1","Conserve Battery+1","White Noise","Chill+1","Storm","Turbo","Coolheaded","Sweeping Beam","Echo Form","Hologram","FIFO Queue+1","Buffer+1"],"relics":["Cracked Core","NeowsBlessing","Omamori","Carrot","HornCleat","Strawberry","ReplayTheSpireMod:Shallot","MealTicket","Inserter","Runic Capacitor","Happy Flower","Symbiotic Virus","Centennial Puzzle","MawBank","Mummified Hand","Ring of Chaos","Ring of Misfortune","Ring of Panic","Geode","Chameleon Ring","Akabeko"],"acts_visited":["Exordium","TheCity","TheBeyond"],"potions_floor_usage":[8,11],"damage_taken":[{"damage":0,"enemies":"Jaw Worm","floor":1,"turns":1},{"damage":0,"enemies":"2 Louse","floor":3,"turns":1},{"damage":0,"enemies":"3 Sentries","floor":6,"turns":1},{"damage":0,"enemies":"Gremlin Nob","floor":8,"turns":3},{"damage":0,"enemies":"Small Slimes","floor":10,"turns":2},{"damage":3,"enemies":"3 Sentries","floor":11,"turns":4},{"damage":0,"enemies":"Blue Slaver","floor":12,"turns":2},{"damage":18,"enemies":"Gremlin Nob","floor":13,"turns":4},{"damage":33,"enemies":"Hexaghost","floor":16,"turns":13},{"damage":0,"enemies":"3 Byrds","floor":18,"turns":3},{"damage":10,"enemies":"Chosen","floor":20,"turns":4},{"damage":13,"enemies":"Slavers","floor":25,"turns":2},{"damage":0,"enemies":"Shelled Parasite and Fungi","floor":28,"turns":4},{"damage":0,"enemies":"Centurion and Healer","floor":30,"turns":3},{"damage":0,"enemies":"Automaton","floor":33,"turns":6},{"damage":0,"enemies":"3 Darklings","floor":35,"turns":4},{"damage":0,"enemies":"3 Shapes","floor":38,"turns":6},{"damage":0,"enemies":"Reptomancer","floor":41,"turns":4},{"damage":0,"enemies":"Transient","floor":42,"turns":6},{"damage":1,"enemies":"Jaw Worm Horde","floor":44,"turns":3},{"damage":0,"enemies":"R_Hoarder","floor":46,"turns":11},{"damage":0,"enemies":"Maw","floor":48,"turns":7},{"damage":28,"enemies":"Awakened One","floor":50,"turns":13},{"damage":156,"enemies":"Replay:Hell Engine","floor":51,"turns":23}],"seed_played":"-3462427373730777808","potions_obtained":[{"floor":1,"key":"PowerPotion"},{"floor":3,"key":"Swift Potion"},{"floor":5,"key":"Flashbang"},{"floor":11,"key":"Strength Potion"},{"floor":18,"key":"SteroidPotion"},{"floor":28,"key":"BlessingOfTheForge"},{"floor":30,"key":"DistilledChaos"},{"floor":35,"key":"EntropicBrew"}],"is_trial":false,"path_per_floor":["M","?","M","?","?","E","R","E","T","M","E","M","E","?","R","B",null,"M","$","M","$","?","R","?","E","T","R","M","?","M","$","R","B",null,"M","?","$","M","?","R","E","M","T","M","?","E","R","M","R","B","B"],"character_chosen":"DEFECT","items_purchased":["Runic Capacitor","Happy Flower","Coolheaded"],"campfire_rested":2,"item_purchase_floors":[19,21,37],"current_hp_per_floor":[64,57,57,36,13,13,34,34,41,41,38,38,20,20,43,10,61,61,76,66,78,78,78,78,65,65,65,65,65,65,78,78,78,78,78,78,78,78,74,74,74,74,74,73,73,73,73,73,73,45,0,0],"gold":95,"neow_bonus":"THREE_ENEMY_KILL","is_daily":false,"chose_seed":false,"campfire_upgraded":5,"win_rate":0.0,"timestamp":1611008312,"path_taken":["M","?","M","?","?","E","R","E","T","M","E","M","E","?","R","BOSS","M","$","M","$","?","R","?","E","T","R","M","?","M","$","R","BOSS","M","?","$","M","?","R","E","M","T","M","?","E","R","M","R","BOSS","BOSS"],"items_purchased_type":["Relic","Relic","Card"],"build_version":"2020-12-22","purchased_purges":2,"victory":false,"max_hp_per_floor":[71,71,71,71,71,71,71,71,78,78,78,78,78,78,78,78,78,78,78,78,78,78,78,78,78,78,78,78,78,78,78,78,78,78,78,78,78,78,74,74,74,74,74,74,74,74,74,74,74,74,74,74],"card_choices":[{"not_picked":["Go for the Eyes","Gash"],"picked":"Ball Lightning","floor":1},{"not_picked":["Rebound","Beam Cell"],"picked":"Cold Snap","floor":3},{"not_picked":["Blizzard","Barrage"],"picked":"Sunder","floor":5},{"not_picked":["Beam Cell","Ball Lightning"],"picked":"Electrodynamics","floor":6},{"not_picked":["Streamline","Sweeping Beam"],"picked":"Defragment","floor":8},{"not_picked":["Loop","Consume"],"picked":"Leap","floor":10},{"not_picked":["Stack","Streamline"],"picked":"Cold Snap","floor":11},{"not_picked":["Machine Learning","Compile Driver"],"picked":"Chill","floor":12},{"not_picked":["Streamline","Leap","Cold Snap"],"picked":"SKIP","floor":13},{"not_picked":["Meteor Strike","Hyperbeam"],"picked":"Mirror Shield","floor":16},{"not_picked":["Barrage","Panic Button"],"picked":"Conserve Battery+1","floor":18},{"not_picked":["Streamline","Redo"],"picked":"White Noise","floor":20},{"not_picked":["Rebound","Hologram"],"picked":"Chill+1","floor":25},{"not_picked":["BasicCrystalCard","Reinforced Body"],"picked":"Storm","floor":28},{"not_picked":["Rebound","Sweeping Beam","BasicCrystalCard"],"picked":"SKIP","floor":30},{"not_picked":["Gash","Stack"],"picked":"Turbo","floor":35},{"not_picked":["Gash","Coolheaded"],"picked":"Sweeping Beam","floor":38},{"not_picked":["Reprogram+1","Consume+1"],"picked":"Echo Form","floor":41},{"not_picked":["Streamline","Rebound"],"picked":"Hologram","floor":42},{"not_picked":["Coolheaded","Skim+1"],"picked":"FIFO Queue","floor":44},{"not_picked":["Turbo","Panic Button"],"picked":"Buffer","floor":46},{"not_picked":["Turbo","FIFO Queue","Rebound"],"picked":"SKIP","floor":48}],"player_experience":917648,"relics_obtained":[{"floor":5,"key":"Omamori"},{"floor":6,"key":"Carrot"},{"floor":8,"key":"HornCleat"},{"floor":9,"key":"Strawberry"},{"floor":11,"key":"ReplayTheSpireMod:Shallot"},{"floor":13,"key":"MealTicket"},{"floor":25,"key":"MawBank"},{"floor":26,"key":"Mummified Hand"},{"floor":36,"key":"Ring of Misfortune"},{"floor":36,"key":"Ring of Panic"},{"floor":41,"key":"Geode"},{"floor":46,"key":"Akabeko"}],"event_choices":[{"cards_removed":["Strike_B"],"damage_healed":0,"gold_gain":0,"player_choice":"Card Removal","damage_taken":7,"max_hp_gain":0,"max_hp_loss":0,"event_name":"Golden Wing","floor":2,"gold_loss":0},{"damage_healed":0,"gold_gain":0,"player_choice":"Entered Light","damage_taken":21,"max_hp_gain":0,"max_hp_loss":0,"event_name":"Shining Light","floor":4,"gold_loss":0,"cards_upgraded":["Zap","Defend_B"]},{"damage_healed":0,"gold_gain":0,"player_choice":"Stole Relic","damage_taken":0,"relics_obtained":["Centennial Puzzle"],"max_hp_gain":0,"max_hp_loss":0,"event_name":"Addict","floor":24,"gold_loss":0,"cards_obtained":["Shame"]},{"cards_removed":["Strike_B"],"damage_healed":0,"gold_gain":0,"player_choice":"Gave Gold","damage_taken":0,"max_hp_gain":0,"max_hp_loss":0,"event_name":"Beggar","floor":29,"gold_loss":75},{"damage_healed":0,"gold_gain":0,"player_choice":"Max HP","damage_taken":0,"max_hp_gain":0,"max_hp_loss":4,"event_name":"Winding Halls","floor":39,"gold_loss":0},{"damage_healed":0,"gold_gain":0,"player_choice":"Paid Gold","damage_taken":0,"relics_obtained":["Chameleon Ring"],"max_hp_gain":0,"max_hp_loss":0,"event_name":"WeMeetAgain","floor":45,"gold_loss":70}],"is_beta":false,"boss_relics":[{"not_picked":["Runic Pyramid","Kintsugi"],"picked":"Inserter"},{"not_picked":["Velvet Choker","Replay:Drink Me"],"picked":"Ring of Chaos"}],"items_purged_floors":[21,31],"is_endless":false,"potions_floor_spawned":[1,3,11,18,28,30,35,42,46,48],"killed_by":"Replay:Hell Engine","ascension_level":20}}