{"host":"8ps3pfk2b2drr3ex","time":1611007364,"event":{"mods":["2.2 Compatiblity","AchievementEnabler","Act Like it!","BaseMod","Bestiary","Better Match","BetterRewards","Colored Map","Colored Powertips","Conspire","Downfall","Evolution","GifTheSpireLib","Gold Saver","Hallownest","Hubris","Minty Spire (QoL Compilation)","Permanent Neow","Relic Filter","Shop Mod","StSLib","Stuff the Spire","The Animator"],"gold_per_floor":[99,199,199,199,210,235,235,246,246,258,258,290,190,190,205,305,305,305,305,305,316,223,249,249,259,244,256,284,299,299,299,299],"floor_reached":30,"language":"ENG","playtime":3438,"items_purged":[],"score":301,"play_id":"99dbddd3-7132-4646-97ad-d3d1892569de","local_time":"20210118170244","is_ascension_mode":false,"campfire_choices":[{"data":"Slimebound:Split","floor":1.0,"key":"SMITH"},{"data":"Slimebound:GrowthPunch","floor":9,"key":"SMITH"},{"data":"Slimebound:OneTwoCombo","floor":11,"key":"SMITH"},{"data":"Slimebound:CorrosiveSpit","floor":13,"key":"SMITH"},{"data":"Slimebound:SplitSpecialist","floor":18,"key":"SMITH"}],"circlet_count":0,"master_deck":["conspire:GhostlyStrike","conspire:GhostlyStrike","conspire:GhostlyStrike","Slimebound:Tackle","conspire:GhostlyDefend","conspire:GhostlyDefend","conspire:GhostlyDefend","conspire:GhostlyDefend","Slimebound:Split+1","Slimebound:CorrosiveSpit+1","Slimebound:RallyTheTroops","Slimebound:GrowthPunch+1","Slimebound:Schlurp","Slimebound:SplitSpecialist+1","Slimebound:OneTwoCombo+1","Slimebound:OozeBath","Slimebound:SplitSpecialist","Slimebound:SplitSpecialist+1","Slimebound:SlimeTap","Slimebound:MegaLick+1"],"relics":["Slimebound:AbsorbEndCombat","EVO:Axolotl","sneckomod:BlankCard","conspire:Flyswatter","StuffTheSpire:PointBlank","downfall:HeartBlessingGreen","SlaversCollar","Pen Nib","Potion Belt","StuffTheSpire:RubySignet"],"acts_visited":["Exordium","TheCity"],"potions_floor_usage":[16,25],"damage_taken":[{"damage":2.0,"enemies":"Cultist","floor":5.0,"turns":4.0},{"damage":9.0,"enemies":"Gremlin Nob","floor":6.0,"turns":5.0},{"damage":2,"enemies":"conspire:RoseBush","floor":8,"turns":4},{"damage":0,"enemies":"2 Louse","floor":10,"turns":3},{"damage":7,"enemies":"3 Sentries","floor":12,"turns":9},{"damage":4,"enemies":"Exordium Wildlife","floor":15,"turns":5},{"damage":56,"enemies":"SI_SHIV_ARCHETYPE","floor":16,"turns":6},{"damage":0,"enemies":"Chosen","floor":19,"turns":1},{"damage":5,"enemies":"conspire:FuzzyDice","floor":21,"turns":7},{"damage":4,"enemies":"downfall:FleeingMerchant","floor":22,"turns":4},{"damage":9,"enemies":"Book of Stabbing","floor":23,"turns":5},{"damage":19,"enemies":"Cultist and Chosen","floor":25,"turns":7},{"damage":3,"enemies":"downfall:FleeingMerchant","floor":26,"turns":4},{"damage":27,"enemies":"Centurion and Healer","floor":27,"turns":6},{"damage":15,"enemies":"conspire:SneckoGhost","floor":28,"turns":6},{"damage":2,"enemies":"Chosen and Byrds","floor":29,"turns":6},{"damage":22,"enemies":"Sentry and Sphere","floor":30,"turns":3}],"seed_played":"319213944254849860","potions_obtained":[{"floor":10,"key":"PowerPotion"},{"floor":15,"key":"BlessingOfTheForge"},{"floor":16,"key":"champ:CounterPotion"},{"floor":23,"key":"PowerPotion"},{"floor":25,"key":"SkillPotion"},{"floor":28,"key":"Slimebound:SlimyTonguePotion"},{"floor":29,"key":"SneckoOil"}],"is_trial":false,"path_per_floor":["R","?","?","?","M","E","T","M","R","M","R","E","R","?","M","B",null,"R","M","?","M","$","E","T","M","$","M","E","M","M"],"character_chosen":"SLIMEBOUND","items_purchased":["Slimebound:SlimeTap"],"campfire_rested":0,"item_purchase_floors":[22],"current_hp_per_floor":[65,65,65,65,65,59,59,59,59,62,62,59,59,59,59,7,65,65,65,65,64,63,59,59,45,47,26,15,20,0,0,0],"gold":299,"neow_bonus":"ONE_RANDOM_RARE_CARD","is_daily":false,"chose_seed":false,"campfire_upgraded":5,"win_rate":0.0,"timestamp":1611007364,"path_taken":["R","?","?","?","M","E","T","?","R","M","R","E","R","?","M","BOSS","R","M","?","M","$","E","T","?","?","M","E","M","M"],"items_purchased_type":["Card"],"build_version":"2020-12-22","purchased_purges":0,"victory":false,"max_hp_per_floor":[65,65,65,65,65,65,65,65,65,65,65,65,65,65,65,65,65,65,65,65,65,65,65,65,65,65,65,65,65,65,65,65],"card_choices":[{"not_picked":["Slimebound:LivingWall","Slimebound:Gluttony"],"picked":"Slimebound:Schlurp","floor":5.0},{"not_picked":["Slimebound:SplitMire","Slimebound:TongueLash"],"picked":"Slimebound:SplitSpecialist","floor":6},{"not_picked":["Slimebound:RollThrough","Slimebound:FinishingTackle","Slimebound:SamplingLick"],"picked":"SKIP","floor":8},{"not_picked":["Slimebound:LivingWall","Slimebound:GoopTackle"],"picked":"Slimebound:OneTwoCombo","floor":10},{"not_picked":["Slimebound:LeechingTouch","Slimebound:FormOfPuddle","Slimebound:LeechEnergy"],"picked":"SKIP","floor":12},{"not_picked":["Slimebound:BestDefense","Slimebound:LivingWall","Slimebound:Prepare"],"picked":"SKIP","floor":15},{"not_picked":["Slimebound:SlimeSlap","Slimebound:FirmFortitude"],"picked":"Slimebound:OozeBath","floor":16},{"not_picked":["Slimebound:SplitLeeching","Slimebound:ComboTackle"],"picked":"Slimebound:SplitSpecialist","floor":19},{"not_picked":["Slimebound:FormOfPuddle+1","Slimebound:ForwardTackle","Slimebound:HungryTackle"],"picked":"SKIP","floor":21},{"not_picked":["Slimebound:DouseInSlime","Slimebound:HauntingLick","Slimebound:LeechEnergy"],"picked":"SKIP","floor":22},{"not_picked":["Slimebound:SplitAcid+1","Slimebound:LivingWall+1","Slimebound:SlimeSpikes"],"picked":"SKIP","floor":23},{"not_picked":["Slimebound:SplitMire","Slimebound:AcidTongue","Slimebound:ServeAndProtect"],"picked":"SKIP","floor":25},{"not_picked":["Slimebound:DivideAndConquer","Slimebound:Schlurp","Slimebound:RejuvenatingLick"],"picked":"SKIP","floor":26},{"not_picked":["Slimebound:GoopTackle","Slimebound:FormOfPuddle","Slimebound:SlimeSpikes+1"],"picked":"SKIP","floor":27},{"not_picked":["Slimebound:SplitLeeching","Slimebound:ComboTackle"],"picked":"Slimebound:MegaLick+1","floor":28},{"not_picked":["Slimebound:HauntingLick+1","Slimebound:SlimeSlap","Slimebound:SplitMire"],"picked":"SKIP","floor":29}],"player_experience":1122850,"relics_obtained":[{"floor":6,"key":"sneckomod:BlankCard"},{"floor":7,"key":"conspire:Flyswatter"},{"floor":12,"key":"StuffTheSpire:PointBlank"},{"floor":23,"key":"Pen Nib"},{"floor":24,"key":"Potion Belt"},{"floor":28,"key":"StuffTheSpire:RubySignet"}],"event_choices":[{"damage_healed":0.0,"max_hp_gain":0.0,"max_hp_loss":0.0,"gold_gain":0.0,"event_name":"conspire:LoneGhost","player_choice":"Agree","floor":4.0,"gold_loss":0.0,"damage_taken":0.0}],"is_beta":false,"boss_relics":[{"not_picked":["Velvet Choker","StuffTheSpire:RunicHypercube"],"picked":"SlaversCollar"}],"items_purged_floors":[],"is_endless":false,"potions_floor_spawned":[10,15,16,23,25,28,29],"killed_by":"Sentry and Sphere","ascension_level":0}}