{"host":"n264v15x7h51zqzc","time":1611002089,"event":{"mods":["AchievementEnabler","BaseMod","BetterRewards","Colored Powertips","Hermit","Hubris","Infinite Spire","Minty Spire (QoL Compilation)","Replay The Spire","StSLib","The Construct"],"gold_per_floor":[114,114,10010,8984,9003,9036,9046,8550,8599,8625,8625,8643,8643,8643,8643,8763,8763,8786,8809,8809,8830,8830,8830,8865,8790,8790,8790,8803,8213,8247,7645,7645,7774,7774,7799,7812,7830,7844,7869,7902,7922,7922,7922,7922,7945,7945,7959,7997,7997,8118,8118,8129,6994,7000,7003,7009,6996,6996,6946,6946,6814,6814,7120,7130,7133,7133,7176,7176,7169,7174,7171,6742,6742,6742,6767,6769,6769,6778,6771,6783,6785,6802,6802,6869,6869,6865,6874,6849,6856,6856,6859,6856,6856,6932,6712,6712,6357,6314,6288,6288,6366,6366,6381,6381,6381,6381,6388,6421,6447,6434,6434,6473,6509,6529,6529,6561,6561,6668,6668,6680,6687,6602,6147,6142,6168,6197,6197,6197,6198,5859,5859,5859,5866,5866,5956,5956,5953,5950,5950,5950,5655,5655,5676,5676,5676,5666,5666,5673,5627,5627,5627,5567,5567,5567,5282,5320,5380],"floor_reached":158,"language":"ENG","playtime":7973,"items_purged":["Phantasmal Killer","Replay:Bootleg Shield Generator","Defend_G","ReplayTheSpireMod:Shiv Toss+1","Deflect","Shame","hermit:Vantage","Defend_G","Neutralize","ReplayTheSpireMod:Speed Training","Strike_G"],"score":4991,"play_id":"5b09a68d-8aa7-4046-a9cd-187096a592db","local_time":"20210118143449","is_ascension_mode":true,"campfire_choices":[{"floor":11.0,"key":"REST"},{"floor":15.0,"key":"REST"},{"floor":23.0,"key":"REST"},{"floor":32.0,"key":"REST"},{"floor":49.0,"key":"REST"},{"floor":62,"key":"REST"},{"floor":66,"key":"REST"},{"floor":74,"key":"REST"},{"floor":83,"key":"REST"},{"floor":100,"key":"RECALL"},{"floor":115,"key":"REST"},{"floor":117,"key":"REST"}],"circlet_count":0,"master_deck":["Strike_G+1","Defend_G+1","Defend_G+2","Deadly Poison","Deadly Poison","Dodge and Roll","hubris:Fate+1","Replay:Poison Smokescreen","infinitespire:Gouge","Corpse Explosion","PiercingWail","infinitespire:Collect+1","hubris:Fate","A Thousand Cuts","hubris:Fate+1","Crippling Poison+1","Backflip","Poisoned Stab+1","Backflip","Poisoned Stab+1","Adrenaline","Leg Sweep","Prepared+1","Apotheosis+1","Sneak Up","Crippling Poison","ReplayTheSpireMod:Necrosis","Venomology","Panache","Crippling Poison","After Image","Noxious Fumes","After Image","Crippling Poison","Fluid Movement+1","A Thousand Cuts","Noxious Fumes+1","After Image","Crippling Poison+1","Footwork","Noxious Fumes","Adrenaline","Noxious Fumes","Caltrops","Caltrops","Catalyst","A Thousand Cuts"],"relics":["Sizzling Blood","Darkstone Periapt","Counterbalance","Strange Spoon","hubris:CuriousFeather","Replay:Ringing Soul","Dream Catcher","infinitespire:Cubic Diamond","Golden Idol","Replay:Grab Bag","Painkiller Herb","Fusion Hammer","ReplayTheSpireMod:SealedPack","Snecko Eye","Ninja Scroll","PreservedInsect","Replay:Accelerometer","ClockworkSouvenir","Simple Rune","Toy Ornithopter","hubris:KleinBottle","BargainBundle","Paper Crane","Lantern","Replay:Wax Seal","Omamori","Regal Pillow","Frozen Eye","SacredBark","Meat on the Bone","Astrolabe","hubris:EmptyBottle","Ancient Tea Set","Iron Hammer","hubris:VirtuousBlindfold","Medical Kit","Mercury Hourglass","HornCleat","Boot","ReplayTheSpireMod:TigerMarble","Anchor","Pear","Old Coin","hubris:Backtick","Mummified Hand","infinitespire:Beetle Shell","ReplayTheSpireMod:TigerMarble","Happy Flower","War Paint","Bag of Marbles","Question Card","construct:WeddingRing","Ring of Fangs","Art of War","Membership Card","hubris:TinFlute","OrangePellets","Tiny Chest","hubris:Icosahedron","Blood Vial","construct:FoamFinger","Cauldron","SlaversCollar","WingedGreaves","Replay:Baseball","Centennial Puzzle","Replay:Bandana","Pen Nib","Garlic","Bronze Scales","Bag of Preparation","InkBottle","Gremlin Food","DollysMirror","Ornamental Fan","infinitespire:WardingShard","ReplayFunnel","Oddly Smooth Stone","infinitespire:Magic Flask","HandDrill","Chameleon Ring","Black Star","Replay:Rubber Ducky","hubris:ToyBattleship","White Beast Statue","Blue Doll","hubris:Spice","Calipers","hubris:Metronome","Replay:Multitool","Bottled Lightning","Whetstone"],"acts_visited":["Exordium","TheCity","TheBeyond","Exordium","TheCity","TheBeyond","Exordium","TheCity","TheBeyond","TheEnding"],"potions_floor_usage":[63,63,63,67,67,67,67,69,70,72,72,75,76,78,78,79,79,80,80,81,82,82,82,86,86,88,88,88,89,91,91,92,92,98,98,99,99,99,101,101,101,101,101,108,108,110,110,112,112,113,118,118,121,124,124,125,126,126,126,133,133,135,135,135,135,137,138,138,143,143,146,146,146,146,146,147,147,148,148,148,148,149,149,149,149,152,152,152,152,152,152,152,152,152,152,152,152,152,152,152,152,156,156,156,157,157,157,157,157,157,157],"damage_taken":[{"damage":0.0,"enemies":"Jaw Worm","floor":1.0,"turns":6.0},{"damage":2.0,"enemies":"Small Slimes","floor":3.0,"turns":5.0},{"damage":2.0,"enemies":"infinitespire:Voidling","floor":5.0,"turns":4.0},{"damage":25.0,"enemies":"Gremlin Nob","floor":6.0,"turns":4.0},{"damage":9.0,"enemies":"Lots of Slimes","floor":7.0,"turns":8.0},{"damage":5.0,"enemies":"Lagavulin","floor":10.0,"turns":4.0},{"damage":6.0,"enemies":"Exordium Wildlife","floor":12.0,"turns":7.0},{"damage":62.0,"enemies":"Fading Forest","floor":16.0,"turns":11.0},{"damage":0.0,"enemies":"Shell Parasite","floor":18.0,"turns":4.0},{"damage":8.0,"enemies":"Spheric Guardian","floor":19.0,"turns":4.0},{"damage":7.0,"enemies":"Centurion and Healer","floor":21.0,"turns":4.0},{"damage":0.0,"enemies":"Nightmare","floor":24.0,"turns":8.0},{"damage":5.0,"enemies":"Snake Plant","floor":28.0,"turns":3.0},{"damage":0.0,"enemies":"Replay:Snechameleon","floor":30.0,"turns":4.0},{"damage":9.0,"enemies":"hubris:MusketHawk","floor":33.0,"turns":7.0},{"damage":0.0,"enemies":"3 Darklings","floor":35.0,"turns":2.0},{"damage":3.0,"enemies":"3 Shapes","floor":36.0,"turns":3.0},{"damage":0.0,"enemies":"Maw","floor":37.0,"turns":6.0},{"damage":14.0,"enemies":"Spire Growth","floor":38.0,"turns":5.0},{"damage":36.0,"enemies":"Sphere and 2 Shapes","floor":39.0,"turns":5.0},{"damage":44.0,"enemies":"Reptomancer","floor":40.0,"turns":7.0},{"damage":7.0,"enemies":"3 Darklings","floor":41.0,"turns":3.0},{"damage":0.0,"enemies":"Jaw Worm Horde","floor":45.0,"turns":2.0},{"damage":0.0,"enemies":"Maw","floor":47.0,"turns":6.0},{"damage":0.0,"enemies":"Nemesis","floor":48.0,"turns":4.0},{"damage":1.0,"enemies":"Time Eater","floor":50.0,"turns":10.0},{"damage":0.0,"enemies":"2 Louse","floor":52.0,"turns":1.0},{"damage":0.0,"enemies":"Small Slimes","floor":54.0,"turns":3.0},{"damage":0.0,"enemies":"Cultist","floor":55.0,"turns":3.0},{"damage":0.0,"enemies":"Looter","floor":56.0,"turns":2.0},{"damage":1.0,"enemies":"Nightmare","floor":57.0,"turns":5.0},{"damage":0,"enemies":"Lagavulin","floor":63,"turns":2},{"damage":0,"enemies":"Large Slime","floor":64,"turns":3},{"damage":0,"enemies":"2 Fungi Beasts","floor":65,"turns":1},{"damage":0,"enemies":"Fading Forest","floor":67,"turns":6},{"damage":1,"enemies":"Spheric Guardian","floor":69,"turns":4},{"damage":0,"enemies":"2 Thieves","floor":70,"turns":2},{"damage":0,"enemies":"Cultist and Chosen","floor":71,"turns":3},{"damage":0,"enemies":"Slavers","floor":75,"turns":2},{"damage":0,"enemies":"Snecko","floor":76,"turns":3},{"damage":0,"enemies":"Centurion and Healer","floor":78,"turns":1},{"damage":0,"enemies":"Shelled Parasite and Fungi","floor":79,"turns":2},{"damage":0,"enemies":"Gremlin Leader","floor":80,"turns":1},{"damage":0,"enemies":"Chosen and Byrds","floor":81,"turns":2},{"damage":0,"enemies":"Book of Stabbing","floor":82,"turns":3},{"damage":0,"enemies":"Champ","floor":84,"turns":7},{"damage":0,"enemies":"3 Shapes","floor":86,"turns":3},{"damage":0,"enemies":"3 Darklings","floor":87,"turns":1},{"damage":0,"enemies":"Transient","floor":88,"turns":5},{"damage":0,"enemies":"4 Shapes","floor":89,"turns":3},{"damage":0,"enemies":"R_Hoarder","floor":91,"turns":3},{"damage":3,"enemies":"Jaw Worm Horde","floor":92,"turns":3},{"damage":0,"enemies":"Transient","floor":98,"turns":5},{"damage":0,"enemies":"Maw","floor":99,"turns":4},{"damage":0,"enemies":"Donu and Deca","floor":101,"turns":4},{"damage":0,"enemies":"Cultist","floor":103,"turns":1},{"damage":0,"enemies":"Jaw Worm","floor":107,"turns":2},{"damage":0,"enemies":"Lagavulin","floor":108,"turns":1},{"damage":0,"enemies":"Nightmare","floor":110,"turns":5},{"damage":0,"enemies":"3 Sentries","floor":112,"turns":2},{"damage":0,"enemies":"Gremlin Nob","floor":113,"turns":2},{"damage":0,"enemies":"3 Sentries","floor":114,"turns":2},{"damage":0,"enemies":"Gremlin Nob","floor":116,"turns":2},{"damage":66,"enemies":"Hexaghost","floor":118,"turns":4},{"damage":0,"enemies":"Shell Parasite","floor":120,"turns":2},{"damage":0,"enemies":"3 Byrds","floor":121,"turns":2},{"damage":0,"enemies":"Snecko","floor":124,"turns":3},{"damage":0,"enemies":"Book of Stabbing","floor":125,"turns":3},{"damage":0,"enemies":"Gremlin Leader","floor":126,"turns":3},{"damage":0,"enemies":"Snake Plant","floor":129,"turns":2},{"damage":0,"enemies":"Centurion and Healer","floor":133,"turns":2},{"damage":0,"enemies":"Automaton","floor":135,"turns":4},{"damage":0,"enemies":"Orb Walker","floor":137,"turns":2},{"damage":0,"enemies":"3 Darklings","floor":138,"turns":3},{"damage":0,"enemies":"R_Hoarder","floor":143,"turns":4},{"damage":0,"enemies":"Maw","floor":146,"turns":4},{"damage":0,"enemies":"4 Shapes","floor":147,"turns":2},{"damage":0,"enemies":"Giant Head","floor":148,"turns":4},{"damage":0,"enemies":"Transient","floor":149,"turns":5},{"damage":0,"enemies":"infinitespire:LordOfFortification","floor":152,"turns":15},{"damage":0,"enemies":"Shield and Spear","floor":156,"turns":1},{"damage":0,"enemies":"The Heart","floor":157,"turns":6}],"seed_played":"-1178847497796945733","potions_obtained":[{"floor":3.0,"key":"Weak Potion"},{"floor":5.0,"key":"Strength Potion"},{"floor":7.0,"key":"DistilledChaos"},{"floor":19.0,"key":"Dexterity Potion"},{"floor":21.0,"key":"Milkshake"},{"floor":28.0,"key":"Swift Potion"},{"floor":36.0,"key":"Poison Potion"},{"floor":40.0,"key":"LiquidMemories"},{"floor":41.0,"key":"GhostInAJar"},{"floor":44.0,"key":"GhostInAJar"},{"floor":44.0,"key":"Ancient Potion"},{"floor":44.0,"key":"Flashbang"},{"floor":48.0,"key":"Elixir"},{"floor":54.0,"key":"Block Potion"},{"floor":56.0,"key":"ColorlessPotion"},{"floor":57,"key":"SkillPotion"},{"floor":64,"key":"Block Potion"},{"floor":69,"key":"Weak Potion"},{"floor":81,"key":"Ancient Potion"},{"floor":87,"key":"SteroidPotion"},{"floor":89,"key":"AttackPotion"},{"floor":91,"key":"Dexterity Potion"},{"floor":97,"key":"LiquidMemories"},{"floor":97,"key":"CunningPotion"},{"floor":98,"key":"GhostInAJar"},{"floor":99,"key":"Poison Potion"},{"floor":107,"key":"SteroidPotion"},{"floor":125,"key":"Elixir"},{"floor":131,"key":"Venom Potion"},{"floor":135,"key":"PowerPotion"},{"floor":140,"key":"SkillPotion"},{"floor":142,"key":"EntropicBrew"},{"floor":146,"key":"Fire Potion"},{"floor":148,"key":"EssenceOfSteel"},{"floor":149,"key":"LiquidMemories"},{"floor":151,"key":"LifebloodPotion"},{"floor":154,"key":"SkillPotion"},{"floor":154,"key":"Fire Potion"},{"floor":157,"key":"Explosive Potion"}],"is_trial":false,"path_per_floor":["M","?","M","$","M","E","M","?","T","E","R","M","?","?","R","B",null,"?","?","AVR","?","?","T","NM","?","T","T","?","T","E","T","T","B",null,"?","?","?","?","?","E","?","AVR","T","?","?","?","?","E","T","B",null,"?","T","?","?","?","NM","AVR","?","T","?","T","E","?","?","T","B",null,"?","?","?","T","?","T","E","?","T","?","?","E","?","E","T","B",null,"?","?","?","?","?","E","?","AVR","T","T","?","T","?","?","T","B",null,"?","AVR","?","?","?","E","T","NM","T","E","E","E","T","E","T","B",null,"?","?","?","T","?","E","E","?","T","?","T","T","T","?","T","B",null,"?","?","?","?","T","T","E","AVR","T","?","?","E","?","T","T","B",null,"T","T","E","B",null],"character_chosen":"THE_SILENT","items_purchased":["Counterbalance","Strange Spoon","hubris:CuriousFeather","Deadly Poison","Venom Potion","Weak Potion","ClockworkSouvenir","Simple Rune","Toy Ornithopter","hubris:KleinBottle","BargainBundle","Energy Potion","Explosive Potion","Swift Potion","Paper Crane","Lantern","Backflip","Poisoned Stab","Omamori","Regal Pillow","Frozen Eye","Swift Potion","ReplayTheSpireMod:Private Reserves","Elixir","Medical Kit","Mercury Hourglass","HornCleat","Venomology","SkillPotion","Panache","infinitespire:Beetle Shell","Fluid Movement","ReplayTheSpireMod:TigerMarble","Fruit Juice","OrangePellets","Tiny Chest","Blood Vial","Footwork","construct:FoamFinger","DuplicationPotion","Cauldron","DollysMirror","Ornamental Fan","infinitespire:WardingShard","Noxious Fumes","HandDrill","Chameleon Ring","Caltrops","Replay:Rubber Ducky","hubris:ToyBattleship","Caltrops","Replay:Multitool","Bottled Lightning"],"campfire_rested":11,"item_purchase_floors":[4,4,4,4,4,4,27,27,27,27,29,29,29,29,29,29,29,29,31,31,31,31,31,31,53,53,53,53,53,53,72,72,72,72,95,95,97,97,97,97,97,123,123,123,123,130,130,130,141,141,141,155,155],"current_hp_per_floor":[70,52,50,50,48,23,17,20,20,18,41,35,35,35,59,11,85,85,84,87,84,87,97,97,97,97,51,63,66,80,83,112,111,112,112,112,112,105,73,36,48,51,51,51,72,75,79,103,130,133,133,133,136,136,139,139,142,142,142,142,152,152,152,152,155,155,158,158,161,161,161,184,184,184,187,187,187,187,187,187,187,187,187,187,187,190,190,190,190,190,193,196,196,196,196,196,199,199,199,199,199,199,199,199,199,199,199,199,199,199,199,199,199,199,199,199,199,137,199,202,202,202,205,205,205,205,205,205,205,208,208,208,208,208,208,208,208,208,208,208,211,211,214,222,230,230,230,230,230,230,230,230,230,230,230,230,233],"gold":5380,"neow_bonus":"RANDOM_EVENT","is_daily":false,"chose_seed":false,"campfire_upgraded":0,"win_rate":0.0,"timestamp":1611002089,"path_taken":["M","?","M","$","M","E","M","?","T","E","R","M","?","?","R","BOSS","?","?","AVR","?","?","T","NM","?","T","?","?","T","E","T","T","BOSS","?","?","?","?","?","E","?","AVR","T","?","?","?","?","E","T","BOSS","?","T","?","?","?","NM","AVR","?","T","?","T","E","?","?","T","BOSS","?","?","?","T","?","T","E","?","T","?","?","E","?","E","T","BOSS","?","?","?","?","?","E","?","AVR","T","T","?","T","?","?","T","BOSS","?","AVR","?","?","?","E","?","NM","T","E","E","E","T","E","T","BOSS","?","?","?","T","?","E","E","?","T","?","T","T","?","?","T","BOSS","?","?","?","?","T","T","E","AVR","T","?","?","E","?","?","T","BOSS","T","T","E","BOSS"],"items_purchased_type":["Relic","Relic","Relic","Card","Potion","Potion","Relic","Relic","Relic","Relic","Relic","Potion","Potion","Potion","Relic","Relic","Card","Card","Relic","Relic","Relic","Potion","Card","Potion","Relic","Relic","Relic","Card","Potion","Card","Relic","Card","Relic","Potion","Relic","Relic","Relic","Card","Relic","Potion","Relic","Relic","Relic","Relic","Card","Relic","Relic","Card","Relic","Relic","Card","Relic","Relic"],"build_version":"2020-12-22","purchased_purges":11,"victory":true,"max_hp_per_floor":[70,70,70,70,70,70,73,76,76,79,79,79,79,73,76,76,85,85,88,91,91,94,97,97,97,97,100,103,106,106,109,112,112,112,112,112,112,115,115,118,121,124,124,124,124,127,127,127,130,133,133,133,136,136,139,139,142,142,142,142,152,152,152,152,155,155,158,158,161,161,161,184,184,184,187,187,187,187,187,187,187,187,187,187,187,190,190,190,190,190,193,196,196,196,196,196,199,199,199,199,199,199,199,199,199,199,199,199,199,199,199,199,199,199,199,199,199,199,199,202,202,202,205,205,205,205,205,205,205,208,208,208,208,208,208,208,208,208,208,208,211,211,214,222,230,230,230,230,230,230,230,230,230,230,230,230,233],"card_choices":[{"not_picked":["Quick Slash","Acrobatics"],"picked":"Deadly Poison","floor":1.0},{"not_picked":["Eviscerate","Blur","hubris:Sniper"],"picked":"SKIP","floor":3.0},{"not_picked":["Slice","hubris:SlightOfHand"],"picked":"Deflect","floor":5.0},{"not_picked":["Cloak And Dagger","hubris:SlightOfHand","Dagger Spray"],"picked":"SKIP","floor":6.0},{"not_picked":["Draining Mist","Cloak And Dagger"],"picked":"Dodge and Roll","floor":7.0},{"not_picked":["ReplayTheSpireMod:Black Plague","hubris:Rewind"],"picked":"hubris:Fate","floor":8.0},{"not_picked":["Quick Slash","Outmaneuver"],"picked":"ReplayTheSpireMod:Speed Training","floor":10.0},{"not_picked":["Storm of Steel","Acrobatics","Slice"],"picked":"SKIP","floor":12.0},{"not_picked":["Deflect","Sucker Punch"],"picked":"Replay:Poison Smokescreen","floor":15.0},{"not_picked":["Bash","construct:AttackMode"],"picked":"Neutralize","floor":17.0},{"not_picked":["ReplayTheSpireMod:Uncanny Aura","ReplayTheSpireMod:Trickstab"],"picked":"Replay:Bootleg Shield Generator","floor":17.0},{"not_picked":["ReplayTheSpireMod:??????????????????????","hubris:InfiniteBlow"],"picked":"infinitespire:Gouge","floor":17.0},{"not_picked":["Wraith Form v2","Malaise"],"picked":"Corpse Explosion","floor":17.0},{"not_picked":["Dagger Throw","Outmaneuver+1","Riddle With Holes"],"picked":"SKIP","floor":18.0},{"not_picked":["Eviscerate","Blade Dance"],"picked":"PiercingWail","floor":19.0},{"not_picked":["Flying Knee","Slice","hubris:SlightOfHand+1"],"picked":"SKIP","floor":21.0},{"not_picked":["Flechettes","Escape Plan"],"picked":"A Thousand Cuts","floor":23.0},{"not_picked":["PiercingWail","Expertise","Blade Dance"],"picked":"SKIP","floor":24.0},{"not_picked":["infinitespire:NeuralNetwork","infinitespire:DeathsTouch"],"picked":"hubris:Fate","floor":27.0},{"not_picked":["hubris:SlightOfHand","Bouncing Flask"],"picked":"Crippling Poison+1","floor":28.0},{"not_picked":["Hidden Blade+1","Outmaneuver","Masterful Stab+1"],"picked":"SKIP","floor":30.0},{"not_picked":["hubris:TrickCloak","Backstab"],"picked":"Backflip","floor":32.0},{"not_picked":["Dodge and Roll","Cloak And Dagger+1","PiercingWail+1"],"picked":"SKIP","floor":35.0},{"not_picked":["Endless Agony","Underhanded Strike","Draining Mist+1"],"picked":"SKIP","floor":36.0},{"not_picked":["ReplayTheSpireMod:Tripwire","Acrobatics+1","Dagger Throw+1"],"picked":"SKIP","floor":37.0},{"not_picked":["Cloak And Dagger+1","hubris:Counter"],"picked":"Poisoned Stab+1","floor":38.0},{"not_picked":["Sneak Up+1","PiercingWail","Expertise+1"],"picked":"SKIP","floor":39.0},{"not_picked":["Flying Knee","Quick Slash"],"picked":"Adrenaline","floor":40.0},{"not_picked":["Sucker Punch","Slice+1"],"picked":"Leg Sweep","floor":41.0},{"not_picked":["All Out Attack","Slice","Blur"],"picked":"SKIP","floor":45.0},{"not_picked":["Bane","Well Laid Plans","Finisher+1"],"picked":"SKIP","floor":47.0},{"not_picked":["Prepared+1","Accuracy","hubris:TrickCloak"],"picked":"SKIP","floor":48.0},{"not_picked":["Sucker Punch","Bane"],"picked":"Crippling Poison","floor":49.0},{"not_picked":["Atom Bomb","Grand Finale"],"picked":"ReplayTheSpireMod:Necrosis","floor":50.0},{"not_picked":["Bane","Poisoned Stab","Sucker Punch"],"picked":"SKIP","floor":52.0},{"not_picked":["Poisoned Stab","Slice","Eviscerate"],"picked":"SKIP","floor":54.0},{"not_picked":["Dodge and Roll","Accuracy"],"picked":"Crippling Poison","floor":55.0},{"not_picked":["Prepared","Acrobatics","Dagger Throw"],"picked":"SKIP","floor":56.0},{"not_picked":["Poisoned Stab","Crippling Poison"],"picked":"After Image","floor":57},{"not_picked":["hubris:SlightOfHand","Backflip","Setup"],"picked":"SKIP","floor":63},{"not_picked":["Prepared","Leg Sweep","hubris:SlightOfHand"],"picked":"SKIP","floor":64},{"not_picked":["Slice","Prepared"],"picked":"Noxious Fumes","floor":65},{"not_picked":["Night Terror","Malaise"],"picked":"After Image","floor":67},{"not_picked":["Accuracy","Poisoned Stab"],"picked":"Crippling Poison","floor":69},{"not_picked":["Masterful Stab","Distraction","Quick Slash"],"picked":"SKIP","floor":70},{"not_picked":["Cloak And Dagger","Deadly Poison+1","Outmaneuver"],"picked":"SKIP","floor":71},{"not_picked":["Draining Mist","Dagger Spray"],"picked":"A Thousand Cuts","floor":75},{"not_picked":["hubris:Counter+1","Acrobatics","Quick Slash"],"picked":"SKIP","floor":76},{"not_picked":["Concentrate","Predator","Escape Plan"],"picked":"SKIP","floor":78},{"not_picked":["Backflip","PiercingWail","Flechettes"],"picked":"SKIP","floor":79},{"not_picked":["Hidden Blade","Dagger Spray","Blur"],"picked":"SKIP","floor":80},{"not_picked":["Finisher","Flying Knee+1","Deadly Poison"],"picked":"SKIP","floor":81},{"not_picked":["Poisoned Stab","Heel Hook","Envenom"],"picked":"SKIP","floor":82},{"not_picked":["ReplayTheSpireMod:Exploit Weakness","Well Laid Plans","Prepared+1"],"picked":"Noxious Fumes+1","floor":86},{"not_picked":["Hidden Blade","Outmaneuver","Slice+1","Cloak And Dagger+1"],"picked":"SKIP","floor":87},{"not_picked":["Cloak And Dagger+1","ReplayTheSpireMod:Tripwire+1","Acrobatics","hubris:SlightOfHand+1"],"picked":"SKIP","floor":88},{"not_picked":["Heel Hook","Flechettes","Outmaneuver+1","Poisoned Stab"],"picked":"SKIP","floor":89},{"not_picked":["Dash","PiercingWail","Dagger Throw+1"],"picked":"After Image","floor":91},{"not_picked":["Cloak And Dagger+1","Dash+1","Choke"],"picked":"Crippling Poison+1","floor":92},{"not_picked":["Bane+1","Quick Slash","PiercingWail+1","Finisher+1"],"picked":"SKIP","floor":98},{"not_picked":["Slice","Eviscerate+1","All Out Attack","Quick Slash+1"],"picked":"SKIP","floor":99},{"not_picked":["Masterful Stab","Dodge and Roll","Deadly Poison","Underhanded Strike"],"picked":"SKIP","floor":103},{"not_picked":["Flying Knee","PiercingWail","Cloak And Dagger","Eviscerate"],"picked":"SKIP","floor":107},{"not_picked":["Flying Knee","PiercingWail","Cloak And Dagger","Dash"],"picked":"SKIP","floor":108},{"not_picked":["Dagger Throw","Bouncing Flask","ReplayTheSpireMod:Tripwire","Backflip"],"picked":"SKIP","floor":110},{"not_picked":["Die Die Die","Blade Dance","Deadly Poison","hubris:Counter"],"picked":"SKIP","floor":112},{"not_picked":["Quick Slash","ReplayTheSpireMod:Shiv Toss","Deadly Poison","Prepared"],"picked":"SKIP","floor":113},{"not_picked":["Dagger Throw","Underhanded Strike","Burst","Backflip"],"picked":"SKIP","floor":114},{"not_picked":["Accuracy","Backflip","ReplayTheSpireMod:Shiv Toss","Calculated Gamble"],"picked":"SKIP","floor":116},{"not_picked":["Flying Knee","Sucker Punch","Tactician"],"picked":"Noxious Fumes","floor":120},{"not_picked":["Slice","Acrobatics","Sucker Punch","Prepared"],"picked":"SKIP","floor":121},{"not_picked":["Dagger Throw+1","Backflip","Bullet Time","Terror+1"],"picked":"SKIP","floor":124},{"not_picked":["Flying Knee","Cloak And Dagger","PiercingWail","Slice+1"],"picked":"SKIP","floor":125},{"not_picked":["Hidden Blade+1","Distraction","Storm of Steel","Reflex"],"picked":"SKIP","floor":126},{"not_picked":["Underhanded Strike","hubris:Counter","ReplayTheSpireMod:Exploit Weakness+1","Prepared"],"picked":"SKIP","floor":129},{"not_picked":["Riddle With Holes","Underhanded Strike","Acrobatics+1","Backflip+1"],"picked":"SKIP","floor":133},{"not_picked":["Fluid Movement","Endless Agony","Acrobatics","Blade Dance"],"picked":"SKIP","floor":137},{"not_picked":["Slice+1","Bouncing Flask","Deadly Poison+1","hubris:SlightOfHand"],"picked":"SKIP","floor":138},{"not_picked":["Phantasmal Killer","Slice+1","Poisoned Stab+1"],"picked":"Catalyst","floor":143},{"not_picked":["Acrobatics+1","PiercingWail+1","Sucker Punch","Bane"],"picked":"SKIP","floor":146},{"not_picked":["PiercingWail+1","hubris:SlightOfHand+1","Deadly Poison","Draining Mist+1"],"picked":"SKIP","floor":147},{"not_picked":["Leg Sweep+1","Burst","Deadly Poison","Tactician"],"picked":"SKIP","floor":148},{"not_picked":["hubris:SpiceAddiction","Hidden Blade","Dagger Spray","hubris:SpiceAddiction"],"picked":"SKIP","floor":149},{"not_picked":["Concentrate+1","Quick Slash","A Thousand Cuts","All Out Attack"],"picked":"SKIP","floor":156},{"not_picked":["hubris:SpiceAddiction","Die Die Die","Phantasmal Killer"],"picked":"A Thousand Cuts","floor":157}],"player_experience":189896,"relics_obtained":[{"floor":6.0,"key":"Replay:Ringing Soul"},{"floor":10.0,"key":"Dream Catcher"},{"floor":24.0,"key":"PreservedInsect"},{"floor":26.0,"key":"Replay:Accelerometer"},{"floor":30.0,"key":"Replay:Wax Seal"},{"floor":40.0,"key":"Meat on the Bone"},{"floor":43.0,"key":"Ancient Tea Set"},{"floor":48.0,"key":"Iron Hammer"},{"floor":57,"key":"Boot"},{"floor":60,"key":"Anchor"},{"floor":63,"key":"Old Coin"},{"floor":75,"key":"Happy Flower"},{"floor":77,"key":"War Paint"},{"floor":80,"key":"Bag of Marbles"},{"floor":82,"key":"Question Card"},{"floor":90,"key":"Ring of Fangs"},{"floor":91,"key":"Art of War"},{"floor":94,"key":"hubris:TinFlute"},{"floor":108,"key":"Replay:Baseball"},{"floor":109,"key":"Centennial Puzzle"},{"floor":110,"key":"Replay:Bandana"},{"floor":111,"key":"Pen Nib"},{"floor":112,"key":"Garlic"},{"floor":113,"key":"Bronze Scales"},{"floor":114,"key":"Bag of Preparation"},{"floor":116,"key":"InkBottle"},{"floor":125,"key":"ReplayFunnel"},{"floor":126,"key":"Oddly Smooth Stone"},{"floor":128,"key":"infinitespire:Magic Flask"},{"floor":143,"key":"White Beast Statue"},{"floor":143,"key":"Blue Doll"},{"floor":145,"key":"hubris:Spice"},{"floor":148,"key":"Calipers"},{"floor":150,"key":"hubris:Metronome"},{"floor":156,"key":"Whetstone"}],"event_choices":[{"damage_healed":0.0,"max_hp_gain":0.0,"max_hp_loss":0.0,"gold_gain":0.0,"cards_transformed":["Strike_G"],"event_name":"Living Wall","player_choice":"Change","floor":0.0,"gold_loss":0.0,"damage_taken":0.0,"cards_obtained":["Phantasmal Killer"]},{"damage_healed":0.0,"max_hp_gain":0.0,"max_hp_loss":0.0,"gold_gain":0.0,"event_name":"Scrap Ooze","player_choice":"Success","floor":2.0,"gold_loss":0.0,"damage_taken":18.0,"relics_obtained":["Darkstone Periapt"]},{"damage_healed":0.0,"max_hp_gain":0.0,"max_hp_loss":6.0,"gold_gain":0.0,"event_name":"Golden Idol","player_choice":"Lose Max HP","floor":14.0,"gold_loss":0.0,"damage_taken":0.0,"relics_obtained":["Golden Idol"]},{"damage_healed":0.0,"max_hp_gain":0.0,"max_hp_loss":0.0,"gold_gain":0.0,"event_name":"The Library","player_choice":"Read","floor":22.0,"gold_loss":0.0,"damage_taken":0.0,"cards_obtained":["hermit:Vantage"]},{"cards_removed":["Strike_G"],"damage_healed":0.0,"max_hp_gain":0.0,"max_hp_loss":0.0,"gold_gain":0.0,"event_name":"Beggar","player_choice":"Gave Gold","floor":25.0,"gold_loss":75.0,"damage_taken":0.0},{"damage_healed":0.0,"max_hp_gain":0.0,"max_hp_loss":0.0,"gold_gain":0.0,"event_name":"Lab","player_choice":"Got Potions","floor":44.0,"gold_loss":0.0,"damage_taken":0.0},{"damage_healed":0.0,"max_hp_gain":0.0,"max_hp_loss":0.0,"gold_gain":0.0,"cards_transformed":["Survivor"],"event_name":"Transmorgrifier","player_choice":"Transformed","floor":46.0,"gold_loss":0.0,"damage_taken":0.0,"cards_obtained":["Sneak Up"]},{"cards_removed":["Neutralize"],"damage_healed":0,"gold_gain":0,"player_choice":"Card Removal","damage_taken":0,"max_hp_gain":0,"max_hp_loss":0,"event_name":"The Cleric","floor":59,"gold_loss":50},{"damage_healed":0,"gold_gain":0,"player_choice":"Paid Gold","damage_taken":0,"relics_obtained":["Pear"],"max_hp_gain":0,"max_hp_loss":0,"event_name":"WeMeetAgain","floor":61,"gold_loss":132},{"damage_healed":0,"gold_gain":0,"player_choice":"Upgraded","damage_taken":0,"max_hp_gain":0,"max_hp_loss":0,"event_name":"Upgrade Shrine","floor":73,"gold_loss":0,"cards_upgraded":["Fluid Movement"]},{"damage_healed":0,"gold_gain":0,"player_choice":"Grow","damage_taken":0,"max_hp_gain":0,"max_hp_loss":0,"event_name":"Living Wall","floor":106,"gold_loss":0,"cards_upgraded":["hubris:Fate"]},{"damage_healed":0,"gold_gain":0,"player_choice":"Obtained Relic","damage_taken":0,"relics_obtained":["Gremlin Food"],"max_hp_gain":0,"max_hp_loss":0,"event_name":"Addict","floor":122,"gold_loss":85},{"damage_healed":0,"gold_gain":0,"player_choice":"Ignored","damage_taken":0,"max_hp_gain":0,"max_hp_loss":0,"event_name":"Transmorgrifier","floor":127,"gold_loss":0},{"damage_healed":0,"gold_gain":0,"player_choice":"Ignored","damage_taken":0,"max_hp_gain":0,"max_hp_loss":0,"event_name":"Tomb of Lord Red Mask","floor":139,"gold_loss":0},{"damage_healed":0,"gold_gain":0,"player_choice":"Got Potions","damage_taken":0,"max_hp_gain":0,"max_hp_loss":0,"event_name":"Lab","floor":140,"gold_loss":0}],"is_beta":false,"boss_relics":[{"not_picked":["hubris:Stopwatch","Coffee Dripper"],"picked":"Replay:Grab Bag"},{"not_picked":["Replay:Bronze Core","hubris:TerracottaHorce"],"picked":"Painkiller Herb"},{"not_picked":["hubris:RunicObelisk","Cursed Key"],"picked":"Fusion Hammer"},{"not_picked":["Ring of Chaos","HoveringKite"],"picked":"ReplayTheSpireMod:SealedPack"},{"not_picked":["hubris:BlackHole","ChewingGum"],"picked":"SacredBark"},{"not_picked":["Replay:Ancient Bell","hubris:CrackedHourglass"],"picked":"hubris:VirtuousBlindfold"},{"not_picked":["Calling Bell","Replay:Bronze Core"],"picked":"hubris:Backtick"},{"not_picked":["Abe\u0027s Treasure","Pandora\u0027s Box"],"picked":"construct:WeddingRing"},{"not_picked":["hubris:Stopwatch","WristBlade"],"picked":"SlaversCollar"},{"not_picked":["Sozu","HoveringKite","hubris:GrandSneckoEye"]},{"not_picked":["Runic Pyramid","Pandora\u0027s Box"],"picked":"Black Star"},{"not_picked":["hubris:Spice","Ring of Chaos","construct:ClawGrip"]}],"items_purged_floors":[4,20,29,42,53,58,95,104,123,130,141],"is_endless":true,"potions_floor_spawned":[3,5,7,19,21,28,36,40,41,48,50,54,56,57,63,64,69,76,79,81,87,89,91,98,99,107,116,125,126,133,135,146,147,148,149,152,156,157],"ascension_level":1}}