{"host":"Squid","time":1611002059,"event":{"mods":["BaseMod","Minty Spire (QoL Compilation)","StSLib"],"gold_per_floor":[118,136,147,107,121,121,151,151,151,203,26,45,74,74,74,74,74],"floor_reached":16,"language":"ENG","playtime":557,"items_purged":["Strike_G"],"score":182,"play_id":"561d214e-ebe0-4ec6-b4d6-d42f207d64ea","local_time":"20210118153419","is_ascension_mode":true,"campfire_choices":[{"data":"Dagger Spray","floor":6,"key":"SMITH"},{"data":"Neutralize","floor":8,"key":"SMITH"},{"floor":15,"key":"REST"}],"circlet_count":0,"master_deck":["AscendersBane","Strike_G","Strike_G","Strike_G","Strike_G","Defend_G","Defend_G","Defend_G","Defend_G","Defend_G","Survivor","Neutralize+1","Dagger Spray+1","Underhanded Strike","After Image","Dagger Throw","Blur","Accuracy","Cloak And Dagger+1","Dash","Acrobatics"],"relics":["Ring of the Snake","Unceasing Top","Juzu Bracelet","Smiling Mask","Meat on the Bone"],"acts_visited":["Exordium"],"potions_floor_usage":[13,13,16],"damage_taken":[{"damage":3,"enemies":"Cultist","floor":1,"turns":4},{"damage":0,"enemies":"2 Louse","floor":2,"turns":2},{"damage":2,"enemies":"Jaw Worm","floor":3,"turns":4},{"damage":8,"enemies":"Large Slime","floor":5,"turns":6},{"damage":21,"enemies":"3 Sentries","floor":7,"turns":8},{"damage":1,"enemies":"Looter","floor":12,"turns":4},{"damage":2,"enemies":"Lagavulin","floor":13,"turns":7},{"damage":0,"enemies":"Slime Boss","floor":16,"turns":3}],"seed_played":"-3452869525254003754","potions_obtained":[{"floor":4,"key":"SteroidPotion"},{"floor":4,"key":"FearPotion"},{"floor":13,"key":"Poison Potion"}],"is_trial":false,"path_per_floor":["M","M","M","?","M","R","E","R","T","?","$","M","E","?","R","B"],"character_chosen":"THE_SILENT","items_purchased":["Accuracy","Cloak And Dagger"],"campfire_rested":1,"item_purchase_floors":[11,11],"current_hp_per_floor":[42,42,40,40,32,32,11,11,11,11,11,10,8,8,29,29,29],"gold":74,"neow_bonus":"ONE_RARE_RELIC","is_daily":false,"chose_seed":false,"campfire_upgraded":2,"win_rate":0.0,"timestamp":1611002059,"path_taken":["M","M","M","?","M","R","E","R","T","?","$","M","E","?","R","BOSS"],"items_purchased_type":["Card","Card"],"build_version":"2020-12-18","purchased_purges":1,"victory":false,"max_hp_per_floor":[70,70,70,70,70,70,70,70,70,70,70,70,70,70,70,70,70],"card_choices":[{"not_picked":["Flying Knee","Quick Slash"],"picked":"Dagger Spray","floor":1},{"not_picked":["Caltrops","All Out Attack"],"picked":"Underhanded Strike","floor":2},{"not_picked":["Catalyst","Bane"],"picked":"After Image","floor":3},{"not_picked":["PiercingWail","Dagger Spray"],"picked":"Dagger Throw","floor":5},{"not_picked":["Poisoned Stab","Storm of Steel"],"picked":"Blur","floor":7},{"not_picked":["Tactician","Quick Slash"],"picked":"Dash","floor":12},{"not_picked":["Poisoned Stab","Riddle With Holes"],"picked":"Acrobatics","floor":13}],"player_experience":846020,"relics_obtained":[{"floor":7,"key":"Juzu Bracelet"},{"floor":9,"key":"Smiling Mask"},{"floor":13,"key":"Meat on the Bone"}],"event_choices":[{"damage_healed":0,"gold_gain":0,"player_choice":"Bought 3 Potions","damage_taken":0,"max_hp_gain":0,"max_hp_loss":0,"event_name":"The Woman in Blue","floor":4,"gold_loss":0},{"damage_healed":0,"gold_gain":52,"player_choice":"Gained Gold","damage_taken":0,"max_hp_gain":0,"max_hp_loss":0,"event_name":"Golden Wing","floor":10,"gold_loss":0},{"damage_healed":0,"gold_gain":0,"player_choice":"Grow","damage_taken":0,"max_hp_gain":0,"max_hp_loss":0,"event_name":"Living Wall","floor":14,"gold_loss":0,"cards_upgraded":["Cloak And Dagger"]}],"is_beta":true,"boss_relics":[],"items_purged_floors":[11],"is_endless":false,"potions_floor_spawned":[5,7,12,13],"killed_by":"Slime Boss","ascension_level":13}}