{"host":"J","time":1611007777,"event":{"mods":["AchievementEnabler","BaseMod","Block Reminder","Highlight Path","Minty Spire (QoL Compilation)","Permanent Neow","Quick Restart","Relic Stats","UnlockEverythingMod"],"gold_per_floor":[110,122,136,61,80,80,110,126,126,126,144,144,219,234,234,311,311,325,341,357,371,11,11,42,55,105,105,130,130,130,165,165,165,165],"floor_reached":33,"language":"ENG","playtime":5760,"items_purged":["Doubt","Strike_R"],"score":541,"play_id":"64ac315d-a92c-4987-ae0d-aba3a598f217","local_time":"20210118230937","is_ascension_mode":true,"campfire_choices":[{"data":"Bash","floor":6.0,"key":"SMITH"},{"data":"True Grit","floor":10.0,"key":"SMITH"},{"data":"Clothesline","floor":12.0,"key":"SMITH"},{"data":"Cleave","floor":15.0,"key":"SMITH"},{"floor":23.0,"key":"REST"},{"data":"Blood for Blood","floor":29,"key":"SMITH"},{"floor":32,"key":"REST"}],"circlet_count":0,"master_deck":["AscendersBane","Strike_R","Strike_R","Strike_R","Strike_R","Defend_R","Defend_R","Defend_R","Defend_R","Bash+1","Ghostly Armor","True Grit+1","Twin Strike","Twin Strike","Clothesline+1","Cleave+1","Offering","Thunderclap","Disarm+1","Hemokinesis","Sentinel","Blood for Blood+1","True Grit+1"],"relics":["Black Blood","Thread and Needle","Strawberry","TungstenRod","Paper Frog","Pear","Ancient Tea Set","Bird Faced Urn","Omamori"],"acts_visited":["Exordium","TheCity"],"potions_floor_usage":[24,31,33],"damage_taken":[{"damage":5.0,"enemies":"Cultist","floor":1.0,"turns":5.0},{"damage":4.0,"enemies":"Jaw Worm","floor":2.0,"turns":8.0},{"damage":0.0,"enemies":"2 Louse","floor":3.0,"turns":4.0},{"damage":5.0,"enemies":"Looter","floor":5.0,"turns":4.0},{"damage":38.0,"enemies":"Lagavulin","floor":7.0,"turns":7.0},{"damage":2.0,"enemies":"Blue Slaver","floor":8.0,"turns":4.0},{"damage":8.0,"enemies":"3 Louse","floor":11.0,"turns":4.0},{"damage":0.0,"enemies":"Exordium Wildlife","floor":14.0,"turns":6.0},{"damage":31.0,"enemies":"The Guardian","floor":16.0,"turns":14.0},{"damage":5.0,"enemies":"Shell Parasite","floor":18.0,"turns":5.0},{"damage":26.0,"enemies":"2 Thieves","floor":19.0,"turns":4.0},{"damage":18.0,"enemies":"Snecko","floor":20.0,"turns":6.0},{"damage":39.0,"enemies":"Sentry and Sphere","floor":21.0,"turns":12.0},{"damage":29,"enemies":"Gremlin Leader","floor":24,"turns":7},{"damage":5,"enemies":"Snake Plant","floor":25,"turns":5},{"damage":41,"enemies":"Book of Stabbing","floor":28,"turns":7},{"damage":13,"enemies":"Gremlin Leader","floor":31,"turns":7},{"damage":75,"enemies":"Collector","floor":33,"turns":7}],"seed_played":"-3438082473179708482","potions_obtained":[{"floor":2.0,"key":"LiquidMemories"},{"floor":7.0,"key":"FearPotion"},{"floor":16.0,"key":"HeartOfIron"},{"floor":18.0,"key":"Fire Potion"},{"floor":21.0,"key":"PowerPotion"},{"floor":31,"key":"Regen Potion"}],"is_trial":false,"path_per_floor":["M","M","M","$","M","R","E","M","T","R","M","R","?","M","R","B",null,"M","M","M","M","$","R","E","M","T","$","E","R","?","E","R","B"],"character_chosen":"IRONCLAD","items_purchased":["Paper Frog"],"campfire_rested":2,"item_purchase_floors":[22],"current_hp_per_floor":[69,71,75,75,75,75,50,54,54,54,52,52,42,48,48,23,67,74,60,54,27,27,51,44,51,51,51,22,22,22,21,48,0,0],"gold":165,"neow_bonus":"ONE_RARE_RELIC","is_daily":false,"chose_seed":false,"campfire_upgraded":5,"win_rate":0.0,"timestamp":1611007777,"path_taken":["M","M","M","$","?","R","E","?","T","R","M","R","?","M","R","BOSS","M","M","M","M","$","R","E","M","T","$","E","R","?","E","R","BOSS"],"items_purchased_type":["Relic"],"build_version":"2020-12-18","purchased_purges":2,"victory":false,"max_hp_per_floor":[75,75,75,75,75,75,82,82,82,82,82,82,82,82,82,82,82,82,82,82,82,82,82,92,92,92,92,92,92,92,92,92,92,92],"relic_stats":{"counters":[18,116],"Bird Faced Urn":[0],"Black Blood":147,"obtain_stats":[{"Pear":24,"Strawberry":7,"Bird Faced Urn":28,"Black Blood":17,"Thread and Needle":0,"Omamori":31,"Ancient Tea Set":26,"Burning Blood":0,"TungstenRod":9,"Paper Frog":22},{"Pear":14,"Strawberry":5,"Bird Faced Urn":16,"Black Blood":9,"Thread and Needle":0,"Omamori":17,"Ancient Tea Set":15,"Burning Blood":0,"TungstenRod":6,"Paper Frog":13},{"Pear":90,"Strawberry":28,"Bird Faced Urn":102,"Black Blood":56,"Thread and Needle":0,"Omamori":109,"Ancient Tea Set":95,"Burning Blood":0,"TungstenRod":32,"Paper Frog":83}],"TungstenRod":69},"card_choices":[{"not_picked":["Rampage","Perfected Strike"],"picked":"Ghostly Armor","floor":1.0},{"not_picked":["Feel No Pain","Sentinel","Shrug It Off"],"picked":"SKIP","floor":2.0},{"not_picked":["Perfected Strike","Warcry"],"picked":"True Grit","floor":3.0},{"not_picked":["Perfected Strike","Entrench"],"picked":"Twin Strike","floor":5.0},{"not_picked":["Shrug It Off","Heavy Blade"],"picked":"Twin Strike","floor":7.0},{"not_picked":["Flex","Thunderclap"],"picked":"Clothesline","floor":8.0},{"not_picked":["Dual Wield","Flex","Body Slam"],"picked":"SKIP","floor":11.0},{"not_picked":["Body Slam","Perfected Strike"],"picked":"Cleave","floor":14.0},{"not_picked":["Juggernaut","Berserk"],"picked":"Offering","floor":16.0},{"not_picked":["Flex","Armaments"],"picked":"Thunderclap","floor":18.0},{"not_picked":["Twin Strike","Cleave"],"picked":"Disarm+1","floor":19.0},{"not_picked":["Dropkick","Rupture","Perfected Strike+1"],"picked":"SKIP","floor":20.0},{"not_picked":["Flex","Carnage"],"picked":"Hemokinesis","floor":21.0},{"not_picked":["Limit Break","Ghostly Armor"],"picked":"Sentinel","floor":24},{"not_picked":["Seeing Red","Clothesline","Havoc"],"picked":"SKIP","floor":25},{"not_picked":["Heavy Blade+1","Iron Wave"],"picked":"Blood for Blood","floor":28},{"not_picked":["Intimidate","Metallicize"],"picked":"True Grit+1","floor":31}],"player_experience":163329,"relics_obtained":[{"floor":7.0,"key":"Strawberry"},{"floor":9.0,"key":"TungstenRod"},{"floor":24,"key":"Pear"},{"floor":26,"key":"Ancient Tea Set"},{"floor":28,"key":"Bird Faced Urn"},{"floor":31,"key":"Omamori"}],"event_choices":[{"damage_healed":0.0,"max_hp_gain":0.0,"max_hp_loss":0.0,"gold_gain":75.0,"event_name":"World of Goop","player_choice":"Gather Gold","floor":13.0,"gold_loss":0.0,"damage_taken":11.0},{"damage_healed":0,"gold_gain":0,"player_choice":"Ignored","damage_taken":0,"max_hp_gain":0,"max_hp_loss":0,"event_name":"The Mausoleum","floor":30,"gold_loss":0}],"is_beta":true,"boss_relics":[{"not_picked":["Empty Cage","Ectoplasm"],"picked":"Black Blood"}],"items_purged_floors":[4,22],"is_endless":false,"potions_floor_spawned":[2,7,16,18,19,21,31],"killed_by":"Collector","ascension_level":15}}