{"host":"t2jxv9tm8kj57cky","time":1611006298,"event":{"mods":["BaseMod","Minty Spire (QoL Compilation)","StSLib","The Poker Player","The Saiyan"],"gold_per_floor":[111,111,121,121,134,168,44,44,44,44,58,87,101,114,114,213,213,225,585,604,604,604],"floor_reached":21,"language":"ENG","playtime":1516,"items_purged":[],"score":191,"play_id":"2e03bdf1-6f8b-48e3-931b-6fcb611cc037","local_time":"20210118154458","is_ascension_mode":false,"campfire_choices":[{"floor":8,"key":"REST"},{"data":"CrushJoints","floor":15,"key":"SMITH"}],"circlet_count":0,"master_deck":["Strike_P","Strike_P","Strike_P","Strike_P","Defend_P","Defend_P","Defend_P","Defend_P","Eruption+1","Vigilance","Crescendo","Nirvana","Wallop","Halt+1","EmptyBody+1","TalkToTheHand","EmptyBody+1","Protect+1","EmptyMind+1","CrushJoints+1","Omniscience+1","Halt+1","WindmillStrike"],"relics":["PureWater","NeowsBlessing","Bird Faced Urn","Toxic Egg 2","Peace Pipe","Bronze Scales","Cursed Key"],"acts_visited":["Exordium","TheCity"],"potions_floor_usage":[12,16,16,16,21],"damage_taken":[{"damage":0,"enemies":"2 Louse","floor":1,"turns":1},{"damage":0,"enemies":"Small Slimes","floor":3,"turns":2},{"damage":0,"enemies":"Jaw Worm","floor":5,"turns":1},{"damage":44,"enemies":"Lagavulin","floor":6,"turns":6},{"damage":0,"enemies":"Looter","floor":11,"turns":2},{"damage":16,"enemies":"3 Sentries","floor":12,"turns":8},{"damage":2,"enemies":"Lots of Slimes","floor":13,"turns":5},{"damage":0,"enemies":"2 Fungi Beasts","floor":14,"turns":4},{"damage":23,"enemies":"The Guardian","floor":16,"turns":10},{"damage":16,"enemies":"2 Thieves","floor":18,"turns":5},{"damage":12,"enemies":"Chosen","floor":20,"turns":5},{"damage":13,"enemies":"Sentry and Sphere","floor":21,"turns":6}],"seed_played":"5493178697583185138","potions_obtained":[{"floor":6,"key":"LiquidMemories"},{"floor":11,"key":"LiquidMemories"},{"floor":12,"key":"PowerPotion"},{"floor":14,"key":"ColorlessPotion"},{"floor":20,"key":"SteroidPotion"}],"is_trial":false,"path_per_floor":["M","?","M","?","M","E","$","R","T","?","M","E","M","M","R","B",null,"M","?","M","M"],"character_chosen":"WATCHER","items_purchased":["EmptyBody+1","TalkToTheHand"],"campfire_rested":1,"item_purchase_floors":[7,7],"current_hp_per_floor":[72,65,65,65,65,21,21,42,42,66,66,52,50,50,50,31,72,56,20,8,0,0],"gold":604,"neow_bonus":"THREE_ENEMY_KILL","is_daily":false,"chose_seed":false,"campfire_upgraded":1,"win_rate":0.0,"timestamp":1611006298,"path_taken":["M","?","M","?","M","E","$","R","T","?","M","E","M","M","R","BOSS","M","?","?","M"],"items_purchased_type":["Card","Card"],"build_version":"2020-12-22","purchased_purges":0,"victory":false,"max_hp_per_floor":[72,72,72,72,72,72,72,72,72,72,72,72,72,72,72,72,72,72,72,72,72,72],"card_choices":[{"not_picked":["BowlingBash","Evaluate"],"picked":"Crescendo","floor":1},{"not_picked":["ClearTheMind","Meditate"],"picked":"Nirvana","floor":3},{"not_picked":["FollowUp","Collect"],"picked":"Wallop","floor":5},{"not_picked":["Consecrate","Judgement+1"],"picked":"Halt+1","floor":6},{"not_picked":["PathToVictory+1","Vengeance+1"],"picked":"EmptyBody+1","floor":11},{"not_picked":["BowlingBash","Establishment"],"picked":"Protect+1","floor":12},{"not_picked":["CrushJoints","JustLucky"],"picked":"EmptyMind+1","floor":13},{"not_picked":["Crescendo+1","LikeWater"],"picked":"CrushJoints","floor":14},{"not_picked":["Establishment","DeusExMachina+1"],"picked":"Omniscience+1","floor":16},{"not_picked":["Perseverance+1","CrushJoints+1"],"picked":"Halt+1","floor":18},{"not_picked":["FlyingSleeves","BowlingBash"],"picked":"WindmillStrike","floor":20}],"player_experience":74310,"relics_obtained":[{"floor":6,"key":"Toxic Egg 2"},{"floor":9,"key":"Peace Pipe"},{"floor":12,"key":"Bronze Scales"}],"event_choices":[{"damage_healed":0,"gold_gain":0,"player_choice":"Success","damage_taken":7,"relics_obtained":["Bird Faced Urn"],"max_hp_gain":0,"max_hp_loss":0,"event_name":"Scrap Ooze","floor":2,"gold_loss":0},{"damage_healed":0,"gold_gain":0,"player_choice":"Grow","damage_taken":0,"max_hp_gain":0,"max_hp_loss":0,"event_name":"Living Wall","floor":4,"gold_loss":0,"cards_upgraded":["Eruption"]},{"damage_healed":24,"gold_gain":0,"player_choice":"Banana","damage_taken":0,"max_hp_gain":0,"max_hp_loss":0,"event_name":"Big Fish","floor":10,"gold_loss":0},{"damage_healed":0,"gold_gain":360,"player_choice":"GOLD GOLD GOLD GOLD ","damage_taken":36,"max_hp_gain":0,"max_hp_loss":0,"event_name":"Knowing Skull","floor":19,"potions_obtained":[],"gold_loss":0,"cards_obtained":[]}],"is_beta":false,"boss_relics":[{"not_picked":["VioletLotus","Busted Crown"],"picked":"Cursed Key"}],"items_purged_floors":[],"is_endless":false,"potions_floor_spawned":[6,11,12,14,20],"killed_by":"Sentry and Sphere","ascension_level":0}}