{"host":"8f5cu9y0fpol72qs","time":1611000288,"event":{"mods":["AlwaysNeverKeys","BaseMod","Colored Map","Colored Powertips","Curses Come First","Highlight Path","Key Reminder","Minty Spire (QoL Compilation)","StSLib"],"gold_per_floor":[117,134,147,222,239,267,267,281,308,84,84,126,126,169,169,273,273,296,311,363,363,363],"floor_reached":21,"language":"ENG","playtime":1198,"items_purged":["Strike_B"],"score":508,"play_id":"f8fd3cb5-6b84-4d02-afdf-00042731e802","local_time":"20210118120448","is_ascension_mode":true,"campfire_choices":[{"floor":7.0,"key":"REST"},{"floor":13.0,"key":"REST"},{"floor":15.0,"key":"REST"}],"circlet_count":0,"master_deck":["AscendersBane","Strike_B+1","Strike_B","Strike_B+1","Defend_B","Defend_B","Defend_B","Defend_B","Zap","Dualcast","Streamline","Reinforced Body","Tempest","Chill","Compile Driver","Biased Cognition","Coolheaded","Core Surge","Self Repair+1"],"relics":["Fusion Hammer","Art of War","CeramicFish","Whetstone","Golden Idol","Orichalcum","Tiny Chest","Velvet Choker","Red Mask"],"acts_visited":["Exordium","TheCity"],"potions_floor_usage":[20],"damage_taken":[{"damage":0.0,"enemies":"2 Louse","floor":1.0,"turns":2.0},{"damage":0.0,"enemies":"Small Slimes","floor":2.0,"turns":3.0},{"damage":0.0,"enemies":"Jaw Worm","floor":3.0,"turns":4.0},{"damage":8.0,"enemies":"Looter","floor":5.0,"turns":4.0},{"damage":7.0,"enemies":"Lagavulin","floor":6.0,"turns":7.0},{"damage":10.0,"enemies":"Large Slime","floor":8.0,"turns":5.0},{"damage":15.0,"enemies":"3 Sentries","floor":12.0,"turns":6.0},{"damage":13.0,"enemies":"Lagavulin","floor":14.0,"turns":6.0},{"damage":21.0,"enemies":"Slime Boss","floor":16.0,"turns":9.0},{"damage":21,"enemies":"Shell Parasite","floor":18,"turns":7},{"damage":6,"enemies":"2 Thieves","floor":19,"turns":5},{"damage":25,"enemies":"Masked Bandits","floor":20,"turns":5},{"damage":8,"enemies":"Shelled Parasite and Fungi","floor":21,"turns":2}],"seed_played":"7379765547182806041","potions_obtained":[{"floor":2.0,"key":"DistilledChaos"},{"floor":3.0,"key":"ColorlessPotion"},{"floor":5.0,"key":"SkillPotion"},{"floor":18,"key":"SteroidPotion"}],"is_trial":false,"path_per_floor":["M","M","M","?","M","E","R","M","T","$","?","E","R","E","R","B",null,"M","M","?","M"],"character_chosen":"DEFECT","items_purchased":["Whetstone"],"campfire_rested":3,"item_purchase_floors":[10],"current_hp_per_floor":[64,64,64,53,45,38,59,49,49,49,32,17,38,25,46,25,60,39,33,8,0,0],"gold":363,"neow_bonus":"BOSS_RELIC","is_daily":false,"chose_seed":false,"campfire_upgraded":0,"win_rate":0.0,"timestamp":1611000288,"path_taken":["M","M","M","?","M","E","R","M","T","$","?","E","R","E","R","BOSS","M","M","?","M"],"items_purchased_type":["Relic"],"build_version":"2020-12-22","purchased_purges":1,"victory":false,"max_hp_per_floor":[71,71,71,71,71,71,71,71,71,71,71,71,71,71,71,71,71,71,71,71,71,71],"card_choices":[{"not_picked":["Steam","White Noise"],"picked":"Streamline","floor":1.0},{"not_picked":["Double Energy","Doom and Gloom"],"picked":"Reinforced Body","floor":2.0},{"not_picked":["Beam Cell","Fusion"],"picked":"Tempest","floor":3.0},{"not_picked":["Storm","Steam"],"picked":"Chill","floor":5.0},{"not_picked":["Leap","FTL"],"picked":"Compile Driver","floor":6.0},{"not_picked":["Redo","Gash","Barrage"],"picked":"SKIP","floor":8.0},{"not_picked":["Tempest","Conserve Battery"],"picked":"Biased Cognition","floor":12.0},{"not_picked":["Reinforced Body","Compile Driver"],"picked":"Coolheaded","floor":14.0},{"not_picked":["Seek","Fission"],"picked":"Core Surge","floor":16.0},{"not_picked":["Redo","Coolheaded","White Noise"],"picked":"SKIP","floor":18},{"not_picked":["Steam","Rip and Tear","Gash"],"picked":"SKIP","floor":19},{"not_picked":["Conserve Battery+1","Genetic Algorithm"],"picked":"Self Repair+1","floor":20}],"player_experience":832498,"relics_obtained":[{"floor":6.0,"key":"Art of War"},{"floor":9.0,"key":"CeramicFish"},{"floor":12.0,"key":"Orichalcum"},{"floor":14.0,"key":"Tiny Chest"},{"floor":20,"key":"Red Mask"}],"event_choices":[{"damage_healed":0.0,"max_hp_gain":0.0,"max_hp_loss":0.0,"gold_gain":75.0,"event_name":"World of Goop","player_choice":"Gather Gold","floor":4.0,"gold_loss":0.0,"damage_taken":11.0},{"damage_healed":0.0,"max_hp_gain":0.0,"max_hp_loss":0.0,"gold_gain":0.0,"event_name":"Golden Idol","player_choice":"Take Damage","floor":11.0,"gold_loss":0.0,"damage_taken":17.0,"relics_obtained":["Golden Idol"]},{"damage_healed":0,"gold_gain":0,"player_choice":"Fought Bandits","damage_taken":0,"max_hp_gain":0,"max_hp_loss":0,"event_name":"Masked Bandits","floor":20,"gold_loss":0}],"is_beta":false,"boss_relics":[{"not_picked":["Calling Bell","Nuclear Battery"],"picked":"Velvet Choker"}],"items_purged_floors":[10],"is_endless":false,"potions_floor_spawned":[2,3,5,18],"killed_by":"Shelled Parasite and Fungi","ascension_level":14}}