{"host":"jpzdg3po3tjxdjri","time":1611004618,"event":{"mods":["BaseMod","Better Third Choice","Colored Map","Colored Powertips","Minty Spire (QoL Compilation)","StSLib"],"gold_per_floor":[114,64,76,96,45,80,80,115,168,183,183,198,227,227,227,328,328,348,359,459,471,189,201,201,230,230,240,240,250,279,294,294,294,294],"floor_reached":33,"language":"ENG","playtime":996,"items_purged":[],"score":349,"play_id":"f7f13488-54e6-401d-bb96-15f83c3c9fc2","local_time":"20210118211658","is_ascension_mode":true,"campfire_choices":[{"data":"Perfected Strike","floor":7,"key":"SMITH"},{"floor":11,"key":"REST"},{"data":"Perfected Strike","floor":15,"key":"SMITH"},{"floor":24,"key":"REST"},{"floor":28,"key":"REST"},{"floor":32,"key":"REST"}],"circlet_count":0,"master_deck":["Strike_R","Strike_R","Strike_R","Strike_R","Defend_R","Defend_R","Defend_R","Defend_R","Bash","Sword Boomerang+1","Uppercut","Perfected Strike+1","Flex","Headbutt+1","Cleave","Perfected Strike+1","Perfected Strike","Hemokinesis","Immolate","Juggernaut","Thunderclap+1","Fire Breathing+1","Perfected Strike","Perfected Strike","Metallicize","Clothesline+1","Blood for Blood+1","Flex","Metallicize+1","Pommel Strike+1","Sentinel","Wild Strike+1","Shrug It Off","Iron Wave"],"relics":["Burning Blood","Potion Belt","Eternal Feather","Dream Catcher","Whetstone","FossilizedHelix","SlaversCollar","ClockworkSouvenir","Strawberry","Lantern","PreservedInsect"],"acts_visited":["Exordium","TheCity"],"potions_floor_usage":[16,21,23,30,33],"damage_taken":[{"damage":7,"enemies":"Small Slimes","floor":1,"turns":3},{"damage":13,"enemies":"Jaw Worm","floor":3,"turns":3},{"damage":6,"enemies":"2 Louse","floor":4,"turns":2},{"damage":28,"enemies":"Gremlin Nob","floor":6,"turns":4},{"damage":43,"enemies":"3 Sentries","floor":8,"turns":8},{"damage":4,"enemies":"Exordium Thugs","floor":10,"turns":4},{"damage":7,"enemies":"Red Slaver","floor":12,"turns":3},{"damage":6,"enemies":"Gremlin Nob","floor":13,"turns":3},{"damage":58,"enemies":"The Guardian","floor":16,"turns":9},{"damage":34,"enemies":"3 Byrds","floor":18,"turns":5},{"damage":20,"enemies":"Chosen","floor":19,"turns":5},{"damage":14,"enemies":"Snake Plant","floor":21,"turns":3},{"damage":30,"enemies":"Shelled Parasite and Fungi","floor":23,"turns":6},{"damage":30,"enemies":"Gremlin Leader","floor":25,"turns":6},{"damage":17,"enemies":"Sentry and Sphere","floor":27,"turns":4},{"damage":24,"enemies":"Centurion and Healer","floor":29,"turns":4},{"damage":26,"enemies":"Book of Stabbing","floor":30,"turns":4},{"damage":15,"enemies":"Shelled Parasite and Fungi","floor":31,"turns":3},{"damage":66,"enemies":"Champ","floor":33,"turns":10}],"seed_played":"5340780613452282546","potions_obtained":[{"floor":1,"key":"Weak Potion"},{"floor":3,"key":"ElixirPotion"},{"floor":16,"key":"ElixirPotion"},{"floor":18,"key":"Energy Potion"},{"floor":21,"key":"Block Potion"},{"floor":27,"key":"BlessingOfTheForge"},{"floor":31,"key":"FearPotion"}],"is_trial":false,"path_per_floor":["M","?","M","M","$","E","R","E","T","M","R","M","E","?","R","B",null,"M","M","?","M","$","M","R","E","T","M","R","M","E","M","R","B"],"character_chosen":"IRONCLAD","items_purchased":["Flex","Perfected Strike","ClockworkSouvenir","Metallicize"],"campfire_rested":4,"item_purchase_floors":[5,22,22,22],"current_hp_per_floor":[79,79,72,72,72,50,56,19,19,21,54,53,53,58,67,15,85,57,43,43,35,35,11,51,34,34,23,65,47,27,18,63,0,0],"gold":294,"neow_bonus":"RANDOM_COMMON_RELIC","is_daily":false,"chose_seed":false,"campfire_upgraded":2,"win_rate":0.0,"timestamp":1611004618,"path_taken":["M","?","M","M","$","E","R","E","T","M","R","M","E","?","R","BOSS","M","M","?","M","?","M","R","E","T","M","R","M","E","M","R","BOSS"],"items_purchased_type":["Card","Card","Relic","Card"],"build_version":"2020-12-22","purchased_purges":0,"victory":false,"max_hp_per_floor":[80,80,80,80,80,80,80,80,80,80,80,80,80,85,85,85,85,85,85,85,85,85,85,85,92,92,92,92,92,92,92,92,92,92],"card_choices":[{"not_picked":["Dark Embrace","Anger"],"picked":"Sword Boomerang","floor":1},{"not_picked":["Anger","Power Through"],"picked":"Uppercut","floor":3},{"not_picked":["Power Through","Twin Strike"],"picked":"Perfected Strike","floor":4},{"not_picked":["Burning Pact","Uppercut"],"picked":"Headbutt","floor":6},{"not_picked":["Battle Trance","Flex"],"picked":"Cleave","floor":8},{"not_picked":["Body Slam","Wild Strike"],"picked":"Perfected Strike","floor":10},{"not_picked":["Twin Strike","Second Wind"],"picked":"Perfected Strike","floor":11},{"not_picked":["Warcry","Clash"],"picked":"Hemokinesis","floor":12},{"not_picked":["Warcry","Clash"],"picked":"Immolate","floor":13},{"not_picked":["Bludgeon","Brutality"],"picked":"Juggernaut","floor":16},{"not_picked":["Shockwave","True Grit"],"picked":"Thunderclap+1","floor":18},{"not_picked":["Thunderclap","Rage"],"picked":"Fire Breathing+1","floor":19},{"not_picked":["Iron Wave","Heavy Blade"],"picked":"Perfected Strike","floor":21},{"not_picked":["Flex","Iron Wave"],"picked":"Clothesline+1","floor":23},{"not_picked":["Reaper","Havoc"],"picked":"Blood for Blood+1","floor":24},{"not_picked":["Body Slam","Warcry"],"picked":"Flex","floor":25},{"not_picked":["Perfected Strike+1","Blood for Blood"],"picked":"Metallicize+1","floor":27},{"not_picked":["Power Through+1","Headbutt"],"picked":"Pommel Strike+1","floor":28},{"not_picked":["Hemokinesis","Searing Blow"],"picked":"Sentinel","floor":29},{"not_picked":["Rampage","Demon Form"],"picked":"Wild Strike+1","floor":30},{"not_picked":["Perfected Strike","Twin Strike"],"picked":"Shrug It Off","floor":31},{"not_picked":["Sword Boomerang","Havoc+1"],"picked":"Iron Wave","floor":32}],"player_experience":841041,"relics_obtained":[{"floor":6,"key":"Eternal Feather"},{"floor":8,"key":"Dream Catcher"},{"floor":9,"key":"Whetstone"},{"floor":13,"key":"FossilizedHelix"},{"floor":25,"key":"Strawberry"},{"floor":26,"key":"Lantern"},{"floor":30,"key":"PreservedInsect"}],"event_choices":[{"cards_removed":["Strike_R"],"damage_healed":0,"gold_gain":0,"player_choice":"Card Removal","damage_taken":0,"max_hp_gain":0,"max_hp_loss":0,"event_name":"The Cleric","floor":2,"gold_loss":50},{"damage_healed":0,"gold_gain":0,"player_choice":"Donut","damage_taken":0,"max_hp_gain":5,"max_hp_loss":0,"event_name":"Big Fish","floor":14,"gold_loss":0},{"damage_healed":0,"gold_gain":100,"player_choice":"Pray","damage_taken":0,"max_hp_gain":0,"max_hp_loss":0,"event_name":"Golden Shrine","floor":20,"gold_loss":0}],"is_beta":false,"boss_relics":[{"not_picked":["Tiny House","Sozu"],"picked":"SlaversCollar"}],"items_purged_floors":[],"is_endless":false,"potions_floor_spawned":[1,3,16,18,21,27,31],"killed_by":"Champ","ascension_level":1}}