{"host":"qxvfhyaudhuuf9dn","time":1611006007,"event":{"mods":["Arknights The Spire","BaseMod","Colored Map","Highlight Path","Minty Spire (QoL Compilation)","StSLib","Waifu the Spire","noobMod","【功能Mod】混沌之环修复补丁"],"gold_per_floor":[117,417,492,510,520,554,568,597,597,597,615,626,626,643,643,742,742,755,534,553,302,315,347,347,365,392,424,450,467,567,567,567,669,669,669],"floor_reached":34,"language":"ZHS","playtime":2582,"items_purged":["Regret","ats:Strike S"],"score":479,"play_id":"a4f5a11b-0d63-4ed9-ac07-100b7a2a5853","local_time":"20210119054007","is_ascension_mode":false,"campfire_choices":[{"floor":10,"key":"RECALL"},{"data":"ats:Emotion Absorption","floor":13,"key":"SMITH"},{"data":"ats:Counter Healing Mode","floor":15,"key":"SMITH"},{"data":"ats:Dogmatic Field","floor":24,"key":"SMITH"},{"data":"ats:Cat Scratch","floor":32,"key":"SMITH"}],"circlet_count":0,"master_deck":["ats:Strike C","ats:Strike G","ats:Armor Crushing Shot","ats:Defend","ats:Defend","ats:Defend","ats:Defend","ats:Emotion Absorption+1","ats:Soul Absorption","ats:Cat Scratch+1","ats:Shell Defense","ats:Nebulous Foxfire","ats:Counter Healing Mode+1","ats:Charging Defense","ats:Dogmatic Field+1","ats:Sword Rain","ats:Thorns","ats:Shadow Assault"],"relics":["ats:Sanity","ice","NeowsBlessing","Old Coin","ats:Originium","Blood Vial","HornCleat","Coffee Dripper","ats:Attack","Sling","Ginger","ats:Hidden Killer","Mango","Red Mask","ats:Emergency Defibrillator","Bottled Tornado","ats:Tactical Delivery"],"acts_visited":["Exordium","TheCity","TheBeyond"],"potions_floor_usage":[],"damage_taken":[{"damage":0,"enemies":"2 Louse","floor":1,"turns":1},{"damage":0,"enemies":"Jaw Worm","floor":4,"turns":1},{"damage":0,"enemies":"Cultist","floor":5,"turns":1},{"damage":57,"enemies":"Gremlin Nob","floor":6,"turns":7},{"damage":25,"enemies":"Gremlin Gang","floor":7,"turns":6},{"damage":22,"enemies":"3 Sentries","floor":8,"turns":9},{"damage":18,"enemies":"2 Fungi Beasts","floor":11,"turns":5},{"damage":19,"enemies":"Blue Slaver","floor":12,"turns":5},{"damage":10,"enemies":"Looter","floor":14,"turns":3},{"damage":19,"enemies":"Hexaghost","floor":16,"turns":12},{"damage":46,"enemies":"Spheric Guardian","floor":18,"turns":6},{"damage":64,"enemies":"3 Byrds","floor":20,"turns":9},{"damage":58,"enemies":"Sentry and Sphere","floor":22,"turns":9},{"damage":74,"enemies":"Gremlin Leader","floor":23,"turns":7},{"damage":45,"enemies":"Shelled Parasite and Fungi","floor":25,"turns":8},{"damage":77,"enemies":"Slavers","floor":27,"turns":7},{"damage":19,"enemies":"Masked Bandits","floor":28,"turns":5},{"damage":198,"enemies":"3 Cultists","floor":29,"turns":10},{"damage":8,"enemies":"Colosseum Slavers","floor":30,"turns":3},{"damage":5,"enemies":"Colosseum Nobs","floor":30,"turns":4},{"damage":20,"enemies":"Collector","floor":33,"turns":7}],"seed_played":"-284095699536747998","potions_obtained":[{"floor":5,"key":"Weak Potion"},{"floor":6,"key":"SkillPotion"},{"floor":11,"key":"AttackPotion"}],"is_trial":false,"path_per_floor":["M","?","?","M","M","E","M","E","T","R","M","M","R","M","R","B",null,"M","$","M","$","M","E","R","M","T","E","?","M","?","?","R","B",null],"character_chosen":"DOCTOR_CLASS","items_purchased":["ats:Attack","Sling"],"campfire_rested":0,"item_purchase_floors":[19,21],"current_hp_per_floor":[72,72,61,61,61,72,50,39,39,39,28,18,18,13,13,12,120,108,108,165,165,176,188,188,201,201,218,206,252,261,261,261,272,275,275],"gold":669,"neow_bonus":"THREE_ENEMY_KILL","is_daily":false,"chose_seed":false,"campfire_upgraded":4,"win_rate":0.0,"timestamp":1611006007,"path_taken":["M","?","?","M","M","E","M","E","T","R","?","?","R","?","R","BOSS","M","$","M","$","M","E","R","M","T","E","?","M","?","?","R","BOSS"],"items_purchased_type":["Relic","Relic"],"build_version":"2020-12-22","purchased_purges":2,"victory":false,"max_hp_per_floor":[72,72,72,72,72,72,80,88,88,88,92,96,96,98,98,120,120,126,126,165,165,176,190,190,201,201,225,236,252,261,261,261,275,275,275],"card_choices":[{"not_picked":["ats:Assault Order","ats:Composite Medical Shells"],"picked":"ats:Soul Absorption","floor":1},{"not_picked":["ats:Powerful Strike","ats:Curse Doll"],"picked":"ats:Cat Scratch","floor":4},{"not_picked":["ats:Healing Drone","ats:Childhood Dance"],"picked":"ats:Shell Defense","floor":5},{"not_picked":["ats:Curse Doll","ats:Flexible Camouflage"],"picked":"ats:Nebulous Foxfire","floor":6},{"not_picked":["ats:Explosion Area Strengthen","ats:Automatic Cover","ats:Powerful Strike"],"picked":"SKIP","floor":7},{"not_picked":["ats:Automatic Cover","ats:Encircling Forest"],"picked":"ats:Counter Healing Mode","floor":8},{"not_picked":["ats:Explosion Area Strengthen","ats:Curse Doll"],"picked":"ats:Charging Defense","floor":11},{"not_picked":["ats:Hammer On","ats:Revitalization","ats:Cat Scratch"],"picked":"SKIP","floor":12},{"not_picked":["ats:Explosion Area Strengthen","ats:Nebulous Foxfire","ats:Shell Defense"],"picked":"SKIP","floor":14},{"not_picked":["ats:Volcano","ats:Echo Reverb"],"picked":"ats:Dogmatic Field","floor":16},{"not_picked":["ats:Revitalization","ats:Steam Pump"],"picked":"ats:Sword Rain","floor":18},{"not_picked":["ats:Shell Defense","ats:Explosion Area Strengthen","ats:Powerful Strike+1"],"picked":"SKIP","floor":20},{"not_picked":["ats:Blood Oath","ats:Poison Spread+1"],"picked":"ats:Thorns","floor":22},{"not_picked":["ats:Sunburst+1","ats:Guardian Obelisk","ats:Calcification"],"picked":"SKIP","floor":23},{"not_picked":["ats:Poison Spread+1","ats:Ignite","ats:Charging Defense"],"picked":"SKIP","floor":25},{"not_picked":["ats:Neurotoxin+1","ats:Sunburst","ats:Support Order"],"picked":"SKIP","floor":27},{"not_picked":["ats:Neurotoxin","ats:Thermite Blade","ats:Consecutive Shot Auto+1"],"picked":"SKIP","floor":29},{"not_picked":["ats:Roar Of Ursus","ats:Echo Reverb"],"picked":"ats:Shadow Assault","floor":33}],"player_experience":37905,"relics_obtained":[{"floor":6,"key":"ats:Originium"},{"floor":6,"key":"Blood Vial"},{"floor":8,"key":"ats:Originium"},{"floor":8,"key":"HornCleat"},{"floor":23,"key":"ats:Originium"},{"floor":23,"key":"Ginger"},{"floor":26,"key":"ats:Hidden Killer"},{"floor":27,"key":"Mango"},{"floor":28,"key":"Red Mask"},{"floor":30,"key":"ats:Emergency Defibrillator"},{"floor":30,"key":"Bottled Tornado"}],"event_choices":[{"damage_healed":0,"gold_gain":0,"player_choice":"Box","damage_taken":0,"relics_obtained":["Old Coin"],"max_hp_gain":0,"max_hp_loss":0,"event_name":"Big Fish","floor":2,"gold_loss":0,"cards_obtained":["Regret"]},{"damage_healed":0,"gold_gain":75,"player_choice":"Gather Gold","damage_taken":11,"max_hp_gain":0,"max_hp_loss":0,"event_name":"World of Goop","floor":3,"gold_loss":0},{"damage_healed":0,"gold_gain":0,"player_choice":"Fought Bandits","damage_taken":0,"max_hp_gain":0,"max_hp_loss":0,"event_name":"Masked Bandits","floor":28,"gold_loss":0},{"damage_healed":0,"gold_gain":0,"player_choice":"Fight","damage_taken":0,"max_hp_gain":0,"max_hp_loss":0,"event_name":"Colosseum","floor":30,"gold_loss":0},{"damage_healed":0,"gold_gain":0,"player_choice":"Fought Nobs","damage_taken":0,"max_hp_gain":0,"max_hp_loss":0,"event_name":"Colosseum","floor":30,"gold_loss":0},{"cards_removed":["ats:Strike V"],"damage_healed":0,"gold_gain":0,"player_choice":"Elegance","damage_taken":0,"max_hp_gain":0,"max_hp_loss":0,"event_name":"Back to Basics","floor":31,"gold_loss":0}],"is_beta":false,"boss_relics":[{"not_picked":["SacredBark","Calling Bell"],"picked":"Coffee Dripper"},{"not_picked":["Astrolabe","Runic Pyramid"],"picked":"ats:Tactical Delivery"}],"items_purged_floors":[19,21],"is_endless":false,"potions_floor_spawned":[5,6,11,12,14,16,18,27,28,30,33],"ascension_level":0}}