{"host":"fm9e0lfunjlbhzxv","time":1611011426,"event":{"mods":["100% Spire Juice","2.2 Compatiblity","Abigail Mod","Act Like it!","Alarm Clock","BaseMod","Bestiary","Better Match","Better Skull","Better Third Choice","Colored Map","Colored Powertips","Gensokyo","Key Reminder","Koishi","Marisa????????","Minty Spire (QoL Compilation)","Permanent Neow","Rare Cards Sparkle","Reimu??????","Relic Stats","Remilia??????","Spicy Shops","StSLib","The Administrix","The Servant 0.9.4","slay the spire mod where everything is the same but ironclad has a cowboy hat"],"gold_per_floor":[116,116,0,105,125,125,144,144,193,209,209,36,69,87,87,87,87],"floor_reached":16,"language":"ENG","playtime":1512,"items_purged":["Strike_Lin:ReiMu"],"score":100,"play_id":"48555453-d97e-4dbd-867d-2e18acabcc01","local_time":"20210118151026","is_ascension_mode":false,"campfire_choices":[{"floor":6,"key":"REST"},{"data":"NB:ReiMu","floor":8,"key":"SMITH"},{"floor":15,"key":"REST"}],"circlet_count":0,"master_deck":["Strike_Lin:ReiMu","Strike_Lin:ReiMu","Strike_Lin:ReiMu","Defend_Lin:ReiMu+1","Defend_Lin:ReiMu","Defend_Lin:ReiMu","NB:ReiMu+1","Stagnation:ReiMu+1","FantasyMoon:ReiMu","CleanRite:ReiMu","ShadowOfCrow2:ReiMu","Dreaming2:ReiMu","RainPray2:ReiMu","PassingAway:ReiMu","OctopathBindingBorder2:ReiMu","BlastKick2:ReiMu","InherentArray:ReiMu","SubAcupoint:ReiMu","SealNeedle:ReiMu"],"relics":["FlyPower:ReiMu","War Paint","Strawberry","MealTicket","Happy Flower","FossilizedHelix","Juzu Bracelet"],"acts_visited":["Gensokyo:Gensokyo"],"potions_floor_usage":[16],"damage_taken":[{"damage":4,"enemies":"Gensokyo:3_Fairies","floor":1,"turns":6},{"damage":9,"enemies":"Gensokyo:Gryphon","floor":5,"turns":5},{"damage":9,"enemies":"Gensokyo:Python","floor":7,"turns":4},{"damage":0,"enemies":"Gensokyo:VengefulSpirit","floor":10,"turns":3},{"damage":22,"enemies":"Gensokyo:Cirno","floor":13,"turns":7},{"damage":0,"enemies":"Gensokyo:LivingMonolith","floor":14,"turns":3},{"damage":53,"enemies":"Gensokyo:Reimu","floor":16,"turns":9}],"seed_played":"-5457999296022803862","potions_obtained":[{"floor":5,"key":"SteroidPotion"},{"floor":7,"key":"PinkPotion:ReiMu"},{"floor":14,"key":"SteroidPotion"}],"is_trial":false,"path_per_floor":["M","?","COS","?","M","R","M","R","T","M","?","$","E","M","R","B"],"character_chosen":"REIMU","items_purchased":["InherentArray:ReiMu"],"campfire_rested":2,"item_purchase_floors":[12],"current_hp_per_floor":[61,61,61,33,24,45,36,36,36,36,36,51,29,29,50,0,0],"gold":87,"neow_bonus":"REMOVE_CARD","is_daily":false,"chose_seed":false,"campfire_upgraded":1,"win_rate":0.0,"timestamp":1611011426,"path_taken":["M","?","COS","?","M","R","?","R","T","M","?","$","E","M","R","BOSS"],"items_purchased_type":["Card"],"build_version":"2020-12-22","purchased_purges":1,"victory":false,"max_hp_per_floor":[65,65,65,72,72,72,72,72,72,72,72,72,72,72,72,72,72],"relic_stats":{"Happy Flower":[7],"counters":[7,36],"MealTicket":15,"Juzu Bracelet":0,"War Paint":["Stagnation:ReiMu","Defend_Lin:ReiMu"],"obtain_stats":[{"Happy Flower":9,"Strawberry":4,"MealTicket":7,"Juzu Bracelet":13,"War Paint":4,"FlyPower:ReiMu":0,"FossilizedHelix":13},{"Happy Flower":3,"Strawberry":1,"MealTicket":3,"Juzu Bracelet":5,"War Paint":1,"FlyPower:ReiMu":0,"FossilizedHelix":5},{"Happy Flower":14,"Strawberry":6,"MealTicket":12,"Juzu Bracelet":24,"War Paint":6,"FlyPower:ReiMu":0,"FossilizedHelix":20}]},"card_choices":[{"not_picked":["WonderfulDomain:ReiMu","InherentArray:ReiMu"],"picked":"FantasyMoon:ReiMu","floor":1},{"not_picked":["OctopathSalyBorderN:ReiMu","CardOfSanctity:ReiMu"],"picked":"CleanRite:ReiMu","floor":2},{"not_picked":["DoubleButterfly:ReiMu","Crusade:ReiMu"],"picked":"ShadowOfCrow2:ReiMu","floor":2},{"not_picked":["FantasyMoon:ReiMu","AirStrike:ReiMu"],"picked":"Dreaming2:ReiMu","floor":5},{"not_picked":["AlertArray:ReiMu","SpreadBorder2:ReiMu"],"picked":"RainPray2:ReiMu","floor":7},{"not_picked":["AlertArray:ReiMu","EmergencyTakeOff:ReiMu"],"picked":"PassingAway:ReiMu","floor":10},{"not_picked":["SafetyPray:ReiMu","Amulet:ReiMu"],"picked":"OctopathBindingBorder2:ReiMu","floor":11},{"not_picked":["Intuition:ReiMu","AlertArray:ReiMu"],"picked":"BlastKick2:ReiMu","floor":11},{"not_picked":["PassingAway:ReiMu","CareerPray:ReiMu"],"picked":"SubAcupoint:ReiMu","floor":13},{"not_picked":["Intuition:ReiMu","WonderfulDomain:ReiMu"],"picked":"SealNeedle:ReiMu","floor":14}],"player_experience":577927,"relics_obtained":[{"floor":9,"key":"Happy Flower"},{"floor":13,"key":"Juzu Bracelet"}],"event_choices":[{"damage_healed":0,"gold_gain":0,"player_choice":"1","damage_taken":0,"max_hp_gain":0,"max_hp_loss":0,"event_name":"betterMatch:BetterMatch","floor":2,"gold_loss":0,"cards_obtained":["betterMatch:RareCard","betterMatch:UncommonCard"]},{"damage_healed":0,"gold_gain":105,"player_choice":"RE GO RE ","damage_taken":40,"relics_obtained":["War Paint","Strawberry"],"max_hp_gain":0,"max_hp_loss":0,"event_name":"betterSkull:BetterSkull","floor":4,"gold_loss":0,"cards_upgraded":[]}],"is_beta":false,"boss_relics":[],"items_purged_floors":[12],"is_endless":false,"potions_floor_spawned":[5,7,14],"killed_by":"Gensokyo:Reimu","ascension_level":0}}