{"host":"cyg2l0kxxafiqofp","time":1611012489,"event":{"mods":["BaseMod","Colored Map","Colored Powertips","Highlight Path","Minty Spire (QoL Compilation)","Permanent Neow","Quick Restart","Replay The Spire","StSLib"],"gold_per_floor":[113,113,113,129,152,196,221,221,221,45,45,69,85,118,118,243,243,259,334,350,370,370,370],"floor_reached":22,"language":"ENG","playtime":27270,"items_purged":[],"score":218,"play_id":"8a17d5cb-5d2e-4b29-a0aa-45d6998e09c0","local_time":"20210118182809","is_ascension_mode":true,"campfire_choices":[{"floor":11,"key":"REST"},{"floor":15,"key":"RECALL"}],"circlet_count":0,"master_deck":["Strike_G","Strike_G","Strike_G","Strike_G+1","Strike_G","Defend_G","Defend_G","Defend_G","Defend_G","Defend_G","Survivor+1","Neutralize","Underhanded Strike","Sucker Punch","Bouncing Flask+1","Cloak And Dagger","Slice","Outmaneuver","Grand Finale","Poisoned Stab","ReplayTheSpireMod:Tripwire","Adrenaline","Escape Plan","Reflex+1","Acrobatics","Outmaneuver+1"],"relics":["Sozu","Golden Idol","Centennial Puzzle","Eternal Feather","TwistedFunnel","CaptainsWheel","SlaversCollar"],"acts_visited":["Exordium","TheCity"],"potions_floor_usage":[],"damage_taken":[{"damage":1,"enemies":"2 Louse","floor":1,"turns":3},{"damage":9,"enemies":"Small Slimes","floor":4,"turns":4},{"damage":0,"enemies":"Cultist","floor":5,"turns":3},{"damage":28,"enemies":"3 Sentries","floor":6,"turns":11},{"damage":0,"enemies":"Looter","floor":7,"turns":3},{"damage":1,"enemies":"Blue Slaver","floor":12,"turns":3},{"damage":2,"enemies":"2 Fungi Beasts","floor":13,"turns":3},{"damage":7,"enemies":"Gremlin Nob","floor":14,"turns":4},{"damage":7,"enemies":"Hexaghost","floor":16,"turns":8},{"damage":20,"enemies":"3 Byrds","floor":18,"turns":6},{"damage":2,"enemies":"Spheric Guardian","floor":20,"turns":5},{"damage":19,"enemies":"Cultist and Chosen","floor":21,"turns":7},{"damage":16,"enemies":"Shelled Parasite and Fungi","floor":22,"turns":2}],"seed_played":"-610832589272179961","potions_obtained":[],"is_trial":false,"path_per_floor":["M","?","?","M","M","E","M","?","T","$","R","M","M","E","R","B",null,"M","?","M","M","M"],"character_chosen":"THE_SILENT","items_purchased":["TwistedFunnel","Outmaneuver"],"campfire_rested":1,"item_purchase_floors":[10,10],"current_hp_per_floor":[69,55,38,29,29,1,1,1,1,1,31,30,28,21,33,26,70,50,33,31,12,0,0],"gold":370,"neow_bonus":"BOSS_RELIC","is_daily":false,"chose_seed":false,"campfire_upgraded":0,"win_rate":0.0,"timestamp":1611012489,"path_taken":["M","?","?","M","M","E","M","?","T","$","R","M","M","E","R","BOSS","M","?","M","M","M"],"items_purchased_type":["Relic","Card"],"build_version":"2020-12-22","purchased_purges":0,"victory":false,"max_hp_per_floor":[70,70,70,70,70,70,70,70,70,70,70,70,70,70,70,70,70,70,70,70,70,70,70],"card_choices":[{"not_picked":["Eviscerate","Finisher"],"picked":"Underhanded Strike","floor":1},{"not_picked":["Blur","Deflect"],"picked":"Sucker Punch","floor":4},{"not_picked":["Dash","Backflip"],"picked":"Bouncing Flask","floor":5},{"not_picked":["Dodge and Roll","Catalyst"],"picked":"Cloak And Dagger","floor":6},{"not_picked":["Deflect","PiercingWail"],"picked":"Slice","floor":7},{"not_picked":["Quick Slash","Fluid Movement"],"picked":"Grand Finale","floor":12},{"not_picked":["Distraction","Masterful Stab"],"picked":"Poisoned Stab","floor":13},{"not_picked":["Endless Agony","Backstab"],"picked":"ReplayTheSpireMod:Tripwire","floor":14},{"not_picked":["Replay:Bag of Tricks","Phantasmal Killer"],"picked":"Adrenaline","floor":16},{"not_picked":["Underhanded Strike","Reflex"],"picked":"Escape Plan","floor":18},{"not_picked":["Deflect","Dagger Throw"],"picked":"Reflex+1","floor":19},{"not_picked":["Slice","PiercingWail"],"picked":"Acrobatics","floor":20},{"not_picked":["Deflect","Tactician+1"],"picked":"Outmaneuver+1","floor":21}],"player_experience":226773,"relics_obtained":[{"floor":6,"key":"Centennial Puzzle"},{"floor":9,"key":"Eternal Feather"},{"floor":14,"key":"CaptainsWheel"}],"event_choices":[{"damage_healed":0,"gold_gain":0,"player_choice":"Entered Light","damage_taken":14,"max_hp_gain":0,"max_hp_loss":0,"event_name":"Shining Light","floor":2,"gold_loss":0,"cards_upgraded":["Strike_G","Survivor"]},{"damage_healed":0,"gold_gain":0,"player_choice":"Take Damage","damage_taken":17,"relics_obtained":["Golden Idol"],"max_hp_gain":0,"max_hp_loss":0,"event_name":"Golden Idol","floor":3,"gold_loss":0},{"damage_healed":0,"gold_gain":0,"player_choice":"Upgraded","damage_taken":0,"max_hp_gain":0,"max_hp_loss":0,"event_name":"Upgrade Shrine","floor":8,"gold_loss":0,"cards_upgraded":["Bouncing Flask"]}],"is_beta":false,"boss_relics":[{"not_picked":["Runic Dome","Ring of Chaos"],"picked":"SlaversCollar"}],"items_purged_floors":[],"is_endless":false,"potions_floor_spawned":[5,6,7,12,14],"killed_by":"Shelled Parasite and Fungi","ascension_level":2}}