{"host":"te4ihy0orbpglf07","time":1611007872,"event":{"mods":["Act Like it!","Arknights The Spire","BaseMod","BetterRewards","Friendly Minions","Gensokyo","Hubris","Infinite Spire","Minty Spire (QoL Compilation)","Prisma Mod","RumiaBox-????????","Small Relic Pack","StSLib","SuperFastMode","Td1madao Mod","The Servant 0.9.4"],"gold_per_floor":[116,135,168,1,21,21,21,21],"floor_reached":7,"language":"ENG","playtime":286,"items_purged":["ats:Strike S"],"score":51,"play_id":"4b94aa5a-660f-4f4b-b7f3-d63842e62b11","local_time":"20210119011112","is_ascension_mode":false,"campfire_choices":[{"data":"ats:Part Time Job","floor":6,"key":"SMITH"}],"circlet_count":0,"master_deck":["ats:Strike C","ats:Strike G","ats:Armor Crushing Shot","ats:Defend","ats:Defend","ats:Defend","ats:Defend","ats:Emotion Absorption","ats:Ignite","ats:Thorns","ats:Consecutive Shot Auto","ats:Thorns","ats:Part Time Job+1","ats:Burning Ground","ats:Ignite"],"relics":["ats:Sanity","AddBug","SecretRecord"],"acts_visited":["Exordium"],"potions_floor_usage":[],"damage_taken":[{"damage":6,"enemies":"Gensokyo:2_Kodama","floor":1,"turns":3},{"damage":11,"enemies":"Gensokyo:Python","floor":2,"turns":3},{"damage":22,"enemies":"Gensokyo:Aya","floor":3,"turns":5},{"damage":10,"enemies":"Gensokyo:3_Fairies","floor":5,"turns":4},{"damage":30,"enemies":"Gensokyo:Aya","floor":7,"turns":3}],"seed_played":"1044955738113421301","potions_obtained":[{"floor":1,"key":"Dexterity Potion"},{"floor":5,"key":"ats:Top Emergency Sanity Potion"}],"is_trial":false,"path_per_floor":["M","M","?","$","M","R","E"],"character_chosen":"DOCTOR_CLASS","items_purchased":["ats:Ignite","ats:Thorns","ats:Burning Ground","ats:Ignite"],"campfire_rested":0,"item_purchase_floors":[0,0,4,4],"current_hp_per_floor":[61,50,28,28,21,21,0,0],"gold":21,"neow_bonus":"","is_daily":false,"chose_seed":false,"campfire_upgraded":1,"win_rate":0.0,"timestamp":1611007872,"path_taken":["M","M","?","$","?","R","E"],"items_purchased_type":["Card","Card","Card","Card"],"build_version":"2020-12-22","purchased_purges":1,"victory":false,"max_hp_per_floor":[67,67,67,67,67,67,67,67],"card_choices":[{"not_picked":["ats:Flexible Camouflage","ats:Childhood Dance"],"picked":"ats:Consecutive Shot Auto","floor":1},{"not_picked":["ats:Cat Scratch","ats:Assault Order"],"picked":"ats:Thorns","floor":2},{"not_picked":["ats:Powerful Strike","ats:Beaten Up"],"picked":"ats:Part Time Job","floor":3},{"not_picked":["ats:Sword Rain","ats:Assault Order","ats:Curse Doll"],"picked":"SKIP","floor":5}],"player_experience":78956,"relics_obtained":[{"floor":1,"key":"AddBug"},{"floor":3,"key":"ats:Originium"},{"floor":3,"key":"War Paint"}],"event_choices":[],"is_beta":false,"boss_relics":[],"items_purged_floors":[4],"is_endless":false,"potions_floor_spawned":[1,5],"killed_by":"Gensokyo:Aya","ascension_level":0}}