{"host":"sygfylmorsvdndbx","time":1611005766,"event":{"mods":["AchievementEnabler","BaseMod","Highlight Path","Minty Spire (QoL Compilation)","Permanent Neow","Quick Restart","Relic Stats"],"gold_per_floor":[366,316,162,178,191,226,238,279,291,303,315,327,366,393,405,522,534,559,486,498,510,102,127,127,159,159,84,111,111,163,189,189,285,285,296,144,164,164,184,218,237,237,261,275,307,307,336,350,350,350,350,350,2,34,34],"floor_reached":56,"language":"ENG","playtime":6085,"items_purged":["Defend_P","Decay","LessonLearned"],"score":1588,"play_id":"3f6e862c-091a-4fc5-85e9-53ac298b6c0a","local_time":"20210118163606","is_ascension_mode":true,"campfire_choices":[{"data":"Eruption","floor":7.0,"key":"SMITH"},{"floor":10.0,"key":"REST"},{"data":"Adaptation","floor":12.0,"key":"SMITH"},{"data":"Vault","floor":15.0,"key":"SMITH"},{"data":"TalkToTheHand","floor":24.0,"key":"SMITH"},{"data":"BowlingBash","floor":32.0,"key":"SMITH"},{"data":"FlurryOfBlows","floor":42.0,"key":"SMITH"},{"data":"Protect","floor":46.0,"key":"SMITH"},{"floor":49.0,"key":"RECALL"},{"data":"Ghostly","floor":52.0,"key":"SMITH"}],"circlet_count":0,"master_deck":["Strike_P+1","Defend_P+1","Defend_P+1","Eruption+1","Vigilance+1","WheelKick+1","Wallop+1","Conclude+1","Adaptation+1","SashWhip+1","CutThroughFate+1","BowlingBash+1","Vault+1","LessonLearned+1","WindmillStrike+1","Swivel+1","FearNoEvil+1","TalkToTheHand+1","Protect+1","Crescendo+1","Ghostly+1","Ghostly+1","Ghostly+1","Ghostly+1","Ghostly+1","FlurryOfBlows+1","Tantrum+1","FollowUp+1","EmptyFist+1","ThirdEye+1","BattleHymn+1","Wallop","Scrawl"],"relics":["PureWater","MawBank","Mango","Matryoshka","WarpedTongs","Juzu Bracelet","Astrolabe","Tiny Chest","Gambling Chip","Blue Candle","Bronze Scales","MealTicket","Gremlin Horn","Orichalcum","Strawberry","Bag of Preparation","SlaversCollar","Whetstone","Sundial","Dream Catcher","Bag of Marbles","Damaru","Lee\u0027s Waffle","War Paint"],"acts_visited":["Exordium","TheCity","TheBeyond","TheEnding"],"potions_floor_usage":[55],"damage_taken":[{"damage":0.0,"enemies":"2 Louse","floor":1.0,"turns":2.0},{"damage":0.0,"enemies":"Small Slimes","floor":4.0,"turns":2.0},{"damage":0.0,"enemies":"Cultist","floor":5.0,"turns":2.0},{"damage":16.0,"enemies":"Gremlin Nob","floor":6.0,"turns":5.0},{"damage":26.0,"enemies":"3 Sentries","floor":8.0,"turns":4.0},{"damage":6.0,"enemies":"Gremlin Nob","floor":13.0,"turns":3.0},{"damage":2.0,"enemies":"Exordium Thugs","floor":14.0,"turns":3.0},{"damage":7.0,"enemies":"Slime Boss","floor":16.0,"turns":4.0},{"damage":23.0,"enemies":"3 Byrds","floor":18.0,"turns":4.0},{"damage":16.0,"enemies":"Gremlin Leader","floor":23.0,"turns":5.0},{"damage":3.0,"enemies":"Slavers","floor":25.0,"turns":5.0},{"damage":10.0,"enemies":"Book of Stabbing","floor":28.0,"turns":5.0},{"damage":0.0,"enemies":"Slavers","floor":31.0,"turns":4.0},{"damage":0.0,"enemies":"Champ","floor":33.0,"turns":11.0},{"damage":0.0,"enemies":"3 Shapes","floor":35.0,"turns":5.0},{"damage":0.0,"enemies":"Orb Walker","floor":37.0,"turns":2.0},{"damage":0.0,"enemies":"Sphere and 2 Shapes","floor":39.0,"turns":9.0},{"damage":0.0,"enemies":"Nemesis","floor":40.0,"turns":5.0},{"damage":0.0,"enemies":"Spire Growth","floor":41.0,"turns":5.0},{"damage":0.0,"enemies":"Maw","floor":44.0,"turns":6.0},{"damage":0.0,"enemies":"Reptomancer","floor":45.0,"turns":2.0},{"damage":0.0,"enemies":"Nemesis","floor":47.0,"turns":4.0},{"damage":0.0,"enemies":"Sphere and 2 Shapes","floor":48.0,"turns":4.0},{"damage":39.0,"enemies":"Donu and Deca","floor":50.0,"turns":9.0},{"damage":0.0,"enemies":"Shield and Spear","floor":54.0,"turns":7.0},{"damage":23,"enemies":"The Heart","floor":55,"turns":8}],"seed_played":"5086593175654497952","potions_obtained":[{"floor":1.0,"key":"CultistPotion"},{"floor":5.0,"key":"Weak Potion"},{"floor":14.0,"key":"FearPotion"},{"floor":23.0,"key":"Energy Potion"},{"floor":25.0,"key":"DuplicationPotion"},{"floor":33.0,"key":"Fire Potion"},{"floor":35.0,"key":"LiquidMemories"},{"floor":45.0,"key":"Explosive Potion"}],"is_trial":false,"path_per_floor":["M","?","$","M","M","E","R","E","T","R","?","R","E","M","R","B",null,"M","?","$","?","$","E","R","E","T","?","E","?","T","E","R","B",null,"M","$","M","$","M","E","M","R","T","M","E","R","E","M","R","B",null,"R","$","E","B",null],"character_chosen":"WATCHER","items_purchased":["Wallop","Gambling Chip","Protect","Whetstone","Lee\u0027s Waffle","Wallop"],"campfire_rested":1,"item_purchase_floors":[3,22,22,36,53,53],"current_hp_per_floor":[51,51,51,51,51,35,35,23,23,48,48,48,42,40,40,33,86,63,63,63,63,63,47,47,44,44,44,34,34,41,41,41,41,50,50,50,50,50,50,50,50,50,50,50,50,50,50,50,50,11,50,50,57,57,34],"gold":34,"neow_bonus":"TWO_FIFTY_GOLD","is_daily":false,"chose_seed":false,"campfire_upgraded":8,"win_rate":0.0,"timestamp":1611005766,"path_taken":["M","?","$","M","M","E","R","E","T","R","?","R","E","M","R","BOSS","M","?","$","?","$","E","R","E","T","?","E","?","?","E","R","BOSS","M","$","M","$","M","E","M","R","T","M","E","R","E","M","R","BOSS","R","$","E","BOSS"],"items_purchased_type":["Card","Relic","Card","Relic","Relic","Card"],"build_version":"2020-12-22","purchased_purges":3,"victory":true,"max_hp_per_floor":[72,72,72,72,72,72,72,86,86,86,86,86,86,86,86,86,86,86,86,86,86,86,86,86,86,86,86,86,43,50,50,50,50,50,50,50,50,50,50,50,50,50,50,50,50,50,50,50,50,50,50,50,57,57,57],"relic_stats":{"Lee\u0027s Waffle":7,"Gremlin Horn":[11,11],"counters":[26,125],"Astrolabe":["Decay","WindmillStrike","Swivel"],"Blue Candle":[0],"Juzu Bracelet":1,"Bag of Preparation":[26],"Whetstone":["Wallop","SashWhip"],"Orichalcum":[144],"War Paint":[],"MawBank":192,"WarpedTongs":[98],"Dream Catcher":0,"Sundial":[4],"Gambling Chip":[58],"Bronze Scales":[214],"Tiny Chest":1,"MealTicket":0,"obtain_stats":[{"Lee\u0027s Waffle":53,"Gremlin Horn":26,"Astrolabe":17,"Blue Candle":23,"Damaru":47,"Mango":8,"Juzu Bracelet":13,"Bag of Preparation":31,"Whetstone":36,"Orichalcum":28,"War Paint":54,"MawBank":6,"WarpedTongs":11,"SlaversCollar":34,"Dream Catcher":43,"Matryoshka":9,"Sundial":40,"Gambling Chip":22,"Bronze Scales":25,"Strawberry":30,"Tiny Chest":19,"MealTicket":26,"Bag of Marbles":45,"PureWater":0},{"Lee\u0027s Waffle":24,"Gremlin Horn":11,"Astrolabe":8,"Blue Candle":10,"Damaru":22,"Mango":5,"Juzu Bracelet":6,"Bag of Preparation":13,"Whetstone":15,"Orichalcum":12,"War Paint":25,"MawBank":4,"WarpedTongs":5,"SlaversCollar":14,"Dream Catcher":19,"Matryoshka":5,"Sundial":18,"Gambling Chip":9,"Bronze Scales":11,"Strawberry":12,"Tiny Chest":9,"MealTicket":11,"Bag of Marbles":21,"PureWater":0},{"Lee\u0027s Waffle":110,"Gremlin Horn":39,"Astrolabe":25,"Blue Candle":34,"Damaru":97,"Mango":15,"Juzu Bracelet":18,"Bag of Preparation":48,"Whetstone":64,"Orichalcum":44,"War Paint":117,"MawBank":11,"WarpedTongs":15,"SlaversCollar":59,"Dream Catcher":85,"Matryoshka":15,"Sundial":80,"Gambling Chip":29,"Bronze Scales":39,"Strawberry":44,"Tiny Chest":29,"MealTicket":39,"Bag of Marbles":93,"PureWater":0}]},"card_choices":[{"not_picked":["Pray","WindmillStrike"],"picked":"WheelKick","floor":1.0},{"not_picked":["ThirdEye","InnerPeace"],"picked":"Conclude","floor":4.0},{"not_picked":["CrushJoints","Halt"],"picked":"Adaptation","floor":5.0},{"not_picked":["ClearTheMind","Nirvana"],"picked":"SashWhip","floor":6.0},{"not_picked":["CrushJoints","FlyingSleeves"],"picked":"CutThroughFate","floor":8.0},{"not_picked":["Collect","WaveOfTheHand"],"picked":"BowlingBash","floor":13.0},{"not_picked":["WreathOfFlame","SashWhip"],"picked":"Vault","floor":14.0},{"not_picked":["Blasphemy","Scrawl"],"picked":"LessonLearned","floor":16.0},{"not_picked":["SashWhip","CutThroughFate+1"],"picked":"FearNoEvil+1","floor":18.0},{"not_picked":["Fasting2","EmptyBody","FearNoEvil"],"picked":"SKIP","floor":23.0},{"not_picked":["EmptyBody","Consecrate","JustLucky+1"],"picked":"SKIP","floor":25.0},{"not_picked":["CrushJoints","Omniscience"],"picked":"Crescendo+1","floor":28.0},{"not_picked":["Swivel","Protect"],"picked":"FlurryOfBlows","floor":31.0},{"not_picked":["Judgement","Establishment"],"picked":"LessonLearned","floor":33.0},{"not_picked":["Worship","FlurryOfBlows"],"picked":"Tantrum+1","floor":35.0},{"not_picked":["Consecrate","ClearTheMind+1"],"picked":"FollowUp+1","floor":37.0},{"not_picked":["CutThroughFate+1","WaveOfTheHand"],"picked":"EmptyFist+1","floor":39.0},{"not_picked":["Consecrate","FollowUp","Evaluate"],"picked":"SKIP","floor":40.0},{"not_picked":["Meditate","EmptyFist+1","BowlingBash"],"picked":"SKIP","floor":41.0},{"not_picked":["ReachHeaven+1","FlyingSleeves","BowlingBash"],"picked":"SKIP","floor":44.0},{"not_picked":["Evaluate","WaveOfTheHand"],"picked":"ThirdEye+1","floor":45.0},{"not_picked":["Halt+1","Conclude"],"picked":"BattleHymn+1","floor":47.0},{"not_picked":["SashWhip+1","Crescendo","Halt+1"],"picked":"SKIP","floor":48.0},{"not_picked":["Crescendo","SashWhip"],"picked":"Scrawl","floor":54.0}],"player_experience":261023,"relics_obtained":[{"floor":6.0,"key":"MawBank"},{"floor":8.0,"key":"Mango"},{"floor":9.0,"key":"Matryoshka"},{"floor":13.0,"key":"Juzu Bracelet"},{"floor":23.0,"key":"Blue Candle"},{"floor":25.0,"key":"Bronze Scales"},{"floor":26.0,"key":"MealTicket"},{"floor":26.0,"key":"Gremlin Horn"},{"floor":28.0,"key":"Orichalcum"},{"floor":30.0,"key":"Strawberry"},{"floor":31.0,"key":"Bag of Preparation"},{"floor":40.0,"key":"Sundial"},{"floor":43.0,"key":"Dream Catcher"},{"floor":45.0,"key":"Bag of Marbles"},{"floor":47.0,"key":"Damaru"},{"floor":54.0,"key":"War Paint"}],"event_choices":[{"cards_removed":["Strike_P"],"damage_healed":0.0,"max_hp_gain":0.0,"max_hp_loss":0.0,"gold_gain":0.0,"event_name":"The Cleric","player_choice":"Card Removal","floor":2.0,"gold_loss":50.0,"damage_taken":0.0},{"damage_healed":0.0,"max_hp_gain":0.0,"max_hp_loss":0.0,"gold_gain":0.0,"event_name":"Accursed Blacksmith","player_choice":"Rummage","floor":11.0,"gold_loss":0.0,"damage_taken":0.0,"relics_obtained":["WarpedTongs"],"cards_obtained":["Pain"]},{"damage_healed":0.0,"max_hp_gain":0.0,"max_hp_loss":0.0,"gold_gain":0.0,"event_name":"Addict","player_choice":"Obtained Relic","floor":19.0,"gold_loss":85.0,"damage_taken":0.0,"relics_obtained":["Tiny Chest"]},{"damage_healed":0.0,"max_hp_gain":0.0,"max_hp_loss":0.0,"gold_gain":0.0,"event_name":"The Library","player_choice":"Read","floor":21.0,"gold_loss":0.0,"damage_taken":0.0,"cards_obtained":["TalkToTheHand"]},{"cards_removed":["Defend_P"],"damage_healed":0.0,"max_hp_gain":0.0,"max_hp_loss":0.0,"gold_gain":0.0,"event_name":"Beggar","player_choice":"Gave Gold","floor":27.0,"gold_loss":75.0,"damage_taken":0.0},{"damage_healed":0.0,"max_hp_gain":0.0,"max_hp_loss":43.0,"gold_gain":0.0,"event_name":"Ghosts","player_choice":"Became a Ghost","floor":29.0,"gold_loss":0.0,"damage_taken":0.0,"cards_obtained":["Ghostly","Ghostly","Ghostly","Ghostly","Ghostly"]}],"is_beta":false,"boss_relics":[{"not_picked":["Pandora\u0027s Box","Runic Pyramid"],"picked":"Astrolabe"},{"not_picked":["Black Star","SacredBark"],"picked":"SlaversCollar"}],"items_purged_floors":[3,22,53],"is_endless":false,"potions_floor_spawned":[1,5,14,23,25,33,35,41,44,45,48,54],"ascension_level":1}}