{"host":"vsgmwxc1n8l4tqfd","time":1611009390,"event":{"mods":["AchievementEnabler","BaseMod","Bestiary","Block Reminder","Colored Map","Colored Powertips","Minty Spire (QoL Compilation)","Quick Restart"],"gold_per_floor":[116,132,132,132,132,132,148,148,148,478,78,112,136,160,160,160,160],"floor_reached":16,"language":"ENG","playtime":673,"items_purged":["Injury"],"score":100,"play_id":"989aa323-f84b-4e9b-96a9-fb5674d31654","local_time":"20210118223630","is_ascension_mode":false,"campfire_choices":[{"data":"Infernal Blade","floor":6,"key":"SMITH"},{"data":"Inflame","floor":8,"key":"SMITH"},{"floor":15,"key":"REST"}],"circlet_count":0,"master_deck":["Strike_R","Strike_R","Strike_R","Strike_R","Strike_R","Defend_R","Defend_R","Defend_R","Defend_R","Bash+1","Flex","Infernal Blade+1","Inflame+1","Good Instincts","Bloodletting","Rupture+1","Spot Weakness","Feel No Pain+1"],"relics":["Burning Blood","Golden Idol","Shuriken","Old Coin","Lee\u0027s Waffle","Frozen Egg 2"],"acts_visited":["Exordium"],"potions_floor_usage":[12,16],"damage_taken":[{"damage":6,"enemies":"Jaw Worm","floor":1,"turns":5},{"damage":0,"enemies":"2 Louse","floor":2,"turns":3},{"damage":0,"enemies":"Small Slimes","floor":7,"turns":1},{"damage":29,"enemies":"3 Sentries","floor":12,"turns":6},{"damage":8,"enemies":"Looter","floor":13,"turns":3},{"damage":9,"enemies":"3 Louse","floor":14,"turns":2},{"damage":59,"enemies":"Hexaghost","floor":16,"turns":9}],"seed_played":"6499666046572674239","potions_obtained":[{"floor":1,"key":"PowerPotion"},{"floor":2,"key":"DuplicationPotion"},{"floor":12,"key":"ElixirPotion"}],"is_trial":false,"path_per_floor":["M","M","?","?","?","R","M","R","T","?","$","E","M","M","R","B"],"character_chosen":"IRONCLAD","items_purchased":["Good Instincts","Lee\u0027s Waffle","Bloodletting"],"campfire_rested":1,"item_purchase_floors":[11,11,11],"current_hp_per_floor":[80,80,80,80,85,85,85,85,85,85,92,69,67,64,91,32,32],"gold":160,"neow_bonus":"UPGRADE_CARD","is_daily":false,"chose_seed":false,"campfire_upgraded":2,"win_rate":0.0,"timestamp":1611009390,"path_taken":["M","M","?","?","?","R","M","R","T","?","?","E","M","M","R","BOSS"],"items_purchased_type":["Card","Relic","Card"],"build_version":"2020-12-22","purchased_purges":1,"victory":false,"max_hp_per_floor":[80,80,80,80,85,85,85,85,85,85,92,92,92,92,92,92,92],"card_choices":[{"not_picked":["Uppercut","Headbutt"],"picked":"Flex","floor":1},{"not_picked":["Twin Strike","Sever Soul"],"picked":"Infernal Blade","floor":2},{"not_picked":["Clash","Spot Weakness"],"picked":"Inflame","floor":7},{"not_picked":["Fiend Fire","Sever Soul"],"picked":"Rupture+1","floor":12},{"not_picked":["Armaments","Blood for Blood"],"picked":"Spot Weakness","floor":13},{"not_picked":["Pummel","Cleave"],"picked":"Feel No Pain+1","floor":14}],"player_experience":49213,"relics_obtained":[{"floor":9,"key":"Shuriken"},{"floor":12,"key":"Frozen Egg 2"}],"event_choices":[{"damage_healed":0,"gold_gain":0,"player_choice":"Ignored","damage_taken":0,"max_hp_gain":0,"max_hp_loss":0,"event_name":"Liars Game","floor":3,"gold_loss":0},{"damage_healed":0,"gold_gain":0,"player_choice":"Take Wound","damage_taken":0,"relics_obtained":["Golden Idol"],"max_hp_gain":0,"max_hp_loss":0,"event_name":"Golden Idol","floor":4,"gold_loss":0,"cards_obtained":["Injury"]},{"damage_healed":0,"gold_gain":0,"player_choice":"Donut","damage_taken":0,"max_hp_gain":5,"max_hp_loss":0,"event_name":"Big Fish","floor":5,"gold_loss":0},{"damage_healed":0,"gold_gain":30,"player_choice":"Searched \u00272\u0027 times","damage_taken":0,"relics_obtained":["Old Coin"],"max_hp_gain":0,"max_hp_loss":0,"event_name":"Dead Adventurer","floor":10,"gold_loss":0}],"is_beta":false,"boss_relics":[],"items_purged_floors":[11],"is_endless":false,"potions_floor_spawned":[1,2,12],"killed_by":"Hexaghost","ascension_level":0}}