{"host":"8d3fefv2347kqkpz","time":1611002492,"event":{"mods":["100% Spire Juice","AchievementEnabler","Act Like it!","Aspiration","BaseMod","Better Vampires","Colored Map","Colored Powertips","Conspire","GifTheSpireLib","Highlight Path","Mimic Mod","Minty Spire (QoL Compilation)","Quick Restart","Reimu£®≤©¿ˆ¡È√Œ£©","Relic Stats","Remilia£®¿Ÿ√◊¿Ú—«£©","Replay The Spire","Spicy Shops","StSLib","The Gatherer","The Jungle","The Senshi","The Servant 0.9.4","Waifu the Spire","vexMod"],"gold_per_floor":[117,134,153,6,24,24,54,54,79,79,95,95,119,142,142,270,270,263,99,99,112,112,150,150,165,189,189,189],"floor_reached":27,"language":"ZHS","playtime":1561,"items_purged":["Strike_B"],"score":235,"play_id":"ca0cf52d-97f7-4dfa-b637-cb23ce784845","local_time":"20210119044132","is_ascension_mode":false,"campfire_choices":[{"data":"Conserve Battery","floor":6,"key":"SMITH"},{"floor":10,"key":"REST"},{"floor":15,"key":"REST"},{"floor":24,"key":"REST"}],"circlet_count":0,"master_deck":["Strike_B+1","Strike_B","Strike_B","Defend_B+1","Defend_B","Defend_B","Defend_B","Zap","Dualcast","Storm","Conserve Battery+1","FIFO Queue","Leap","Rebound","ReplayTheSpireMod:Dual Polarity","Thunder Strike","Static Discharge","Reboot","Defragment","Time Bomb","Lockon+1","Capacitor"],"relics":["Cracked Core","Prayer Wheel","Golden Idol","Ancient Tea Set","aspiration:SecretTechniqueScroll","Replay:Antivirus Software","Simple Rune","Prayer Wheel"],"acts_visited":["Exordium","TheCity"],"potions_floor_usage":[7,16,23],"damage_taken":[{"damage":1,"enemies":"Cultist","floor":1,"turns":3},{"damage":8,"enemies":"Jaw Worm","floor":2,"turns":4},{"damage":0,"enemies":"Small Slimes","floor":3,"turns":4},{"damage":9,"enemies":"Red Slaver","floor":5,"turns":4},{"damage":26,"enemies":"Lagavulin","floor":7,"turns":9},{"damage":0,"enemies":"Exordium Wildlife","floor":11,"turns":5},{"damage":50,"enemies":"Gremlin Gang","floor":13,"turns":5},{"damage":2,"enemies":"Blue Slaver","floor":14,"turns":4},{"damage":25,"enemies":"Hexaghost","floor":16,"turns":10},{"damage":28,"enemies":"2 Thieves","floor":18,"turns":4},{"damage":21,"enemies":"Shell Parasite","floor":21,"turns":7},{"damage":7,"enemies":"conspire:Head Lice","floor":23,"turns":9},{"damage":12,"enemies":"Snake Plant","floor":25,"turns":3},{"damage":39,"enemies":"Centurion and Healer","floor":27,"turns":7}],"seed_played":"-4138196070401212025","potions_obtained":[{"floor":2,"key":"SteroidPotion"},{"floor":5,"key":"PowerPotion"},{"floor":7,"key":"Fruit Juice"},{"floor":11,"key":"Elixir"},{"floor":16,"key":"Flashbang"},{"floor":23,"key":"GamblersBrew"}],"is_trial":false,"path_per_floor":["M","M","M","$","M","R","E","?","T","R","M","?","M","M","R","B",null,"M","$","?","M","?","E","R","M","T","M"],"character_chosen":"DEFECT","items_purchased":["FIFO Queue","Defragment"],"campfire_rested":3,"item_purchase_floors":[4,19],"current_hp_per_floor":[81,73,73,73,64,64,43,43,43,67,67,75,25,23,47,22,81,53,53,53,32,29,22,46,34,34,0,0],"gold":189,"neow_bonus":"TEN_PERCENT_HP_BONUS","is_daily":false,"chose_seed":false,"campfire_upgraded":1,"win_rate":0.0,"timestamp":1611002492,"path_taken":["M","M","M","$","?","R","E","?","T","R","M","?","M","M","R","BOSS","M","$","?","M","?","E","R","M","T","?"],"items_purchased_type":["Card","Card"],"build_version":"2020-12-22","purchased_purges":1,"victory":false,"max_hp_per_floor":[82,82,82,82,82,82,87,81,81,81,81,81,81,81,81,81,81,81,81,81,81,81,81,81,81,81,81,81],"relic_stats":{"counters":[14,78],"Golden Idol":58,"Prayer Wheel":6,"obtain_stats":[{"Golden Idol":8,"Prayer Wheel":7,"Simple Rune":26,"aspiration:SecretTechniqueScroll":17,"Replay:Antivirus Software":23,"Cracked Core":0,"Ancient Tea Set":9},{"Golden Idol":5,"Prayer Wheel":5,"Simple Rune":13,"aspiration:SecretTechniqueScroll":9,"Replay:Antivirus Software":12,"Cracked Core":0,"Ancient Tea Set":5},{"Golden Idol":24,"Prayer Wheel":24,"Simple Rune":71,"aspiration:SecretTechniqueScroll":48,"Replay:Antivirus Software":68,"Cracked Core":0,"Ancient Tea Set":24}]},"card_choices":[{"not_picked":["Panic Button","Streamline"],"picked":"Storm","floor":1},{"not_picked":["Undo","Recycle","Hologram"],"picked":"SKIP","floor":2},{"not_picked":["Self Repair","Stack"],"picked":"Conserve Battery","floor":3},{"not_picked":["Auto Shields","ReplayTheSpireMod:Reroute Power","Ball Lightning"],"picked":"SKIP","floor":5},{"not_picked":["Gash","Chill","Streamline"],"picked":"SKIP","floor":7},{"not_picked":["Steam","Stack"],"picked":"Leap","floor":11},{"not_picked":["ReplayTheSpireMod:System Scan","BasicCrystalCard"],"picked":"Rebound","floor":11},{"not_picked":["ReplayTheSpireMod:Reroute Power","Genetic Algorithm"],"picked":"ReplayTheSpireMod:Dual Polarity","floor":13},{"not_picked":["Coolheaded","Hologram","Turbo"],"picked":"SKIP","floor":13},{"not_picked":["Redo","Auto Shields"],"picked":"Thunder Strike","floor":14},{"not_picked":["Barrage","Streamline"],"picked":"Static Discharge","floor":14},{"not_picked":["Mirror Shield","Fission"],"picked":"Reboot","floor":16},{"not_picked":["Cold Snap","Stack","Sunder"],"picked":"SKIP","floor":18},{"not_picked":["Barrage","Stack+1","Genetic Algorithm+1"],"picked":"SKIP","floor":18},{"not_picked":["Cold Snap","Sweeping Beam","Crystallizer"],"picked":"SKIP","floor":21},{"not_picked":["Go for the Eyes+1","ReplayTheSpireMod:GoodbyeWorld","Reinforced Body+1"],"picked":"SKIP","floor":21},{"not_picked":["Steam","Reinforced Body"],"picked":"Time Bomb","floor":23},{"not_picked":["Aggregate+1","Ball Lightning"],"picked":"Lockon+1","floor":25},{"not_picked":["Recycle","Hologram"],"picked":"Capacitor","floor":25}],"player_experience":102167,"relics_obtained":[{"floor":7,"key":"Prayer Wheel"},{"floor":9,"key":"Ancient Tea Set"},{"floor":23,"key":"Replay:Antivirus Software"},{"floor":26,"key":"Simple Rune"}],"event_choices":[{"damage_healed":0,"gold_gain":0,"player_choice":"Lose Max HP","damage_taken":0,"relics_obtained":["Golden Idol"],"max_hp_gain":0,"max_hp_loss":6,"event_name":"Golden Idol","floor":8,"gold_loss":0},{"damage_healed":0,"gold_gain":0,"player_choice":"Ignored","damage_taken":0,"max_hp_gain":0,"max_hp_loss":0,"event_name":"Vampires","floor":20,"gold_loss":0},{"damage_healed":0,"gold_gain":0,"player_choice":"Punched","damage_taken":3,"max_hp_gain":0,"max_hp_loss":0,"event_name":"Designer","floor":22,"gold_loss":0}],"is_beta":false,"boss_relics":[{"not_picked":["Ectoplasm","vexMod:CursedCompass"],"picked":"aspiration:SecretTechniqueScroll"}],"items_purged_floors":[4],"is_endless":false,"potions_floor_spawned":[2,5,7,11,16,18,23,25],"killed_by":"Centurion and Healer","ascension_level":0}}