{"host":"y087t2reloz9bi43","time":1611012339,"event":{"mods":["2.2 Compatiblity","AchievementEnabler","Aspiration","BaseMod","Beaked The Cultist","Bestiary","Better Note","Better Vampires","BetterRewards","ChefMod","Colored Map","Colored Powertips","Conspire","Ekko","Fireblade Mod","Friendly Minions","GifTheSpireLib","Gold Saver","Halation","Hermit","Hubris","Infinite Spire","Jedi Mod","JesterMod","Jorbs\u0027s Wanderer Trilogy","Mad Scientist","Marisa????????","Mimic Mod","Minty Spire (QoL Compilation)","Permanent Neow","Potionbrewer","Rare Cards Sparkle","Relic Stats","Replay The Spire","Robot Space Explorer","Shade Mod","Shop Mod","StSLib","The Alterego","The Blackbeard","The Bug Knight","The Construct","The Cursed","The Disciple","The Elementalist","The Hierophant","The Jungle","The Marked","The Mystic","The Necromancer","The Runesmith","The Servant 0.9.4","TheBandit","TheFirefly","TheHero","TheVacant","Transform Curses","Uncapped","everything is the same but u backflip on backflip","thorton","vexMod"],"gold_per_floor":[112,112,112,126,144,144,159,159,159],"floor_reached":8,"language":"ENG","playtime":856,"items_purged":[],"score":48,"play_id":"c81d28ad-a215-4b98-866d-0b3a67daa3c6","local_time":"20210118232539","is_ascension_mode":false,"campfire_choices":[{"data":"potionbrewer:ChemicalSpill","floor":6,"key":"SMITH"}],"circlet_count":0,"master_deck":["potionbrewer:PotionbrewerStrike","potionbrewer:PotionbrewerStrike","potionbrewer:PotionbrewerStrike","potionbrewer:PotionbrewerStrike","potionbrewer:PotionbrewerDefend","potionbrewer:PotionbrewerDefend","potionbrewer:PotionbrewerDefend","potionbrewer:PotionbrewerDefend","potionbrewer:Collect+1","potionbrewer:ChemicalSpill+1","potionbrewer:Accelerant","potionbrewer:TestFormula","potionbrewer:QuickStep","potionbrewer:FlashPowder","potionbrewer:Shovel"],"relics":["potionbrewer:PotionKit","Golden Idol"],"acts_visited":["Exordium"],"potions_floor_usage":[4,5,5,7,8,8,8],"damage_taken":[{"damage":0,"enemies":"2 Louse","floor":1,"turns":4},{"damage":0,"enemies":"Cultist","floor":4,"turns":5},{"damage":0,"enemies":"Small Slimes","floor":5,"turns":2},{"damage":4,"enemies":"2 Fungi Beasts","floor":7,"turns":4},{"damage":18,"enemies":"3 Sentries","floor":8,"turns":5}],"seed_played":"-3409888702039456594","potions_obtained":[{"floor":4,"key":"Doom Potion"},{"floor":5,"key":"Milkshake"}],"is_trial":false,"path_per_floor":["M","?","?","M","M","R","M","E"],"character_chosen":"POTIONBREWER","items_purchased":[],"campfire_rested":0,"item_purchase_floors":[],"current_hp_per_floor":[75,69,69,69,69,69,65,47,47],"gold":159,"neow_bonus":"ONE_RANDOM_RARE_CARD","is_daily":false,"chose_seed":false,"campfire_upgraded":1,"win_rate":0.0,"timestamp":1611012339,"path_taken":["M","?","?","M","M","R","M","E"],"items_purchased_type":[],"build_version":"2020-12-22","purchased_purges":0,"victory":false,"max_hp_per_floor":[75,69,69,69,69,69,69,69,69],"relic_stats":{"counters":[5,20],"Golden Idol":10,"obtain_stats":[{"Golden Idol":2,"potionbrewer:PotionKit":0},{"Golden Idol":1,"potionbrewer:PotionKit":0},{"Golden Idol":4,"potionbrewer:PotionKit":0}]},"card_choices":[{"not_picked":["potionbrewer:Experimentation","potionbrewer:Biohazard"],"picked":"potionbrewer:TestFormula","floor":1},{"not_picked":["potionbrewer:TestSubject","potionbrewer:Biohazard"],"picked":"potionbrewer:QuickStep","floor":4},{"not_picked":["potionbrewer:Brandish","potionbrewer:BlindingSpray"],"picked":"potionbrewer:FlashPowder","floor":5},{"not_picked":["potionbrewer:DigDeep","potionbrewer:FlashPowder"],"picked":"potionbrewer:Shovel","floor":7}],"player_experience":319878,"relics_obtained":[],"event_choices":[{"damage_healed":0,"gold_gain":0,"player_choice":"Lose Max HP","damage_taken":0,"relics_obtained":["Golden Idol"],"max_hp_gain":0,"max_hp_loss":6,"event_name":"Golden Idol","floor":2,"gold_loss":0},{"damage_healed":0,"gold_gain":0,"player_choice":"Forge","damage_taken":0,"max_hp_gain":0,"max_hp_loss":0,"event_name":"Accursed Blacksmith","floor":3,"gold_loss":0,"cards_upgraded":["potionbrewer:Collect"]}],"is_beta":false,"boss_relics":[],"items_purged_floors":[],"is_endless":false,"potions_floor_spawned":[4,5,7],"killed_by":"3 Sentries","ascension_level":0}}