{"host":"1v94wza6sq30pv3l","time":1611009943,"event":{"mods":["AchievementEnabler","BaseMod","Highlight Path","Minty Spire (QoL Compilation)"],"gold_per_floor":[115,115,134,144,94,120,120,154,181,214,214,214,224,244,244,344,344,358,358,368,5,5,39,39,67,67,97,97,197,197,217,217,319,319,336,111,111,111,124,124,124,154,154,182,197,197,117,117,117,117],"floor_reached":51,"language":"ENG","playtime":2810,"items_purged":["Bite","Defend_R"],"score":905,"play_id":"5c122406-927c-47d1-8388-534aad1fd34f","local_time":"20210118174543","is_ascension_mode":true,"campfire_choices":[{"data":"Bash","floor":7,"key":"SMITH"},{"floor":11,"key":"REST"},{"data":"Flame Barrier","floor":15,"key":"SMITH"},{"data":"Blood for Blood","floor":24,"key":"SMITH"},{"floor":28,"key":"REST"},{"floor":30,"key":"REST"},{"data":"Double Tap","floor":32,"key":"SMITH"},{"floor":40,"key":"RECALL"},{"floor":46,"key":"REST"},{"floor":49,"key":"REST"}],"circlet_count":0,"master_deck":["Defend_R","Defend_R","Bash+1","Thunderclap","Headbutt","Dropkick","Flame Barrier+1","Offering","Armaments","Heavy Blade+1","Blood for Blood+1","Double Tap+1","Bloodletting","Bite","Bite","Bite","Bite","Pommel Strike","Pommel Strike+1","Cleave+1","Demon Form+1","Combust+1","Barricade+1","Rupture+1","Blood for Blood+1","Ghostly Armor","Thinking Ahead"],"relics":["Burning Blood","NeowsBlessing","Bronze Scales","Omamori","Nunchaku","Self Forming Clay","Runic Cube","Frozen Egg 2","HornCleat","Strawberry","Molten Egg 2","Letter Opener","Busted Crown","Bag of Marbles","The Courier","Boot"],"acts_visited":["Exordium","TheCity","TheBeyond"],"potions_floor_usage":[16,23,25,35,50,50],"damage_taken":[{"damage":0,"enemies":"2 Louse","floor":1,"turns":1},{"damage":0,"enemies":"Jaw Worm","floor":3,"turns":1},{"damage":0,"enemies":"Small Slimes","floor":4,"turns":1},{"damage":26,"enemies":"Lagavulin","floor":6,"turns":6},{"damage":22,"enemies":"3 Sentries","floor":8,"turns":7},{"damage":34,"enemies":"Lagavulin","floor":10,"turns":7},{"damage":1,"enemies":"Exordium Wildlife","floor":13,"turns":4},{"damage":1,"enemies":"Looter","floor":14,"turns":3},{"damage":44,"enemies":"The Guardian","floor":16,"turns":10},{"damage":8,"enemies":"Chosen","floor":18,"turns":5},{"damage":6,"enemies":"3 Byrds","floor":20,"turns":2},{"damage":39,"enemies":"Slavers","floor":23,"turns":6},{"damage":9,"enemies":"Book of Stabbing","floor":25,"turns":4},{"damage":55,"enemies":"Gremlin Leader","floor":27,"turns":7},{"damage":14,"enemies":"Snake Plant","floor":31,"turns":3},{"damage":29,"enemies":"Automaton","floor":33,"turns":5},{"damage":15,"enemies":"3 Shapes","floor":35,"turns":6},{"damage":25,"enemies":"3 Darklings","floor":39,"turns":3},{"damage":28,"enemies":"Nemesis","floor":42,"turns":5},{"damage":13,"enemies":"Giant Head","floor":44,"turns":6},{"damage":11,"enemies":"Spire Growth","floor":45,"turns":3},{"damage":60,"enemies":"Awakened One","floor":50,"turns":8}],"seed_played":"2372242367996125384","potions_obtained":[{"floor":10,"key":"BlessingOfTheForge"},{"floor":13,"key":"FearPotion"},{"floor":14,"key":"FearPotion"},{"floor":16,"key":"BlessingOfTheForge"},{"floor":18,"key":"PowerPotion"},{"floor":25,"key":"Ancient Potion"},{"floor":27,"key":"Ancient Potion"},{"floor":42,"key":"Explosive Potion"},{"floor":45,"key":"Fire Potion"}],"is_trial":false,"path_per_floor":["M","?","M","M","?","E","R","E","T","E","R","?","M","M","R","B",null,"M","?","M","$","?","E","R","E","T","E","R","?","R","M","R","B",null,"M","$","?","?","M","R","?","E","T","E","M","R","$","?","R","B",null],"character_chosen":"IRONCLAD","items_purchased":["Fire Potion","Frozen Egg 2","Fire Breathing+1","Rupture+1","Blood for Blood+1"],"campfire_rested":5,"item_purchase_floors":[21,21,21,36,36],"current_hp_per_floor":[80,80,80,80,80,60,60,44,44,16,40,66,71,76,76,38,80,78,56,56,56,56,40,40,48,48,11,29,29,47,41,41,24,63,54,54,54,54,45,45,45,27,27,32,31,49,49,49,63,13],"gold":117,"neow_bonus":"THREE_ENEMY_KILL","is_daily":false,"chose_seed":false,"campfire_upgraded":4,"win_rate":0.0,"timestamp":1611009943,"path_taken":["M","?","M","M","?","E","R","E","T","E","R","?","M","M","R","BOSS","M","?","M","$","?","E","R","E","T","E","R","?","R","?","R","BOSS","M","$","?","?","?","R","?","E","T","E","M","R","$","?","R","BOSS"],"items_purchased_type":["Potion","Relic","Card","Card","Card"],"build_version":"2020-12-22","purchased_purges":2,"victory":true,"max_hp_per_floor":[80,80,80,80,80,80,80,80,80,80,80,80,80,80,80,80,80,80,56,56,56,56,63,63,63,63,63,63,63,63,63,63,63,63,63,63,63,63,63,63,63,63,63,63,63,63,63,63,63,63],"card_choices":[{"not_picked":["Warcry","Clothesline"],"picked":"Thunderclap","floor":1},{"not_picked":["Evolve","Rupture"],"picked":"Headbutt","floor":3},{"not_picked":["Dual Wield","Clash"],"picked":"Dropkick","floor":4},{"not_picked":["Rampage","Thunderclap"],"picked":"Flame Barrier","floor":6},{"not_picked":["Shockwave","Clash"],"picked":"Offering","floor":8},{"not_picked":["Rupture","Pommel Strike"],"picked":"Armaments","floor":10},{"not_picked":["Anger","Wild Strike"],"picked":"Heavy Blade","floor":13},{"not_picked":["Whirlwind","Clothesline"],"picked":"Blood for Blood","floor":14},{"not_picked":["Bludgeon","Fiend Fire"],"picked":"Double Tap","floor":16},{"not_picked":["Shrug It Off","Cleave"],"picked":"Bloodletting","floor":18},{"not_picked":["True Grit","Warcry"],"picked":"Pommel Strike","floor":20},{"not_picked":["Warcry+1","Limit Break"],"picked":"Pommel Strike+1","floor":23},{"not_picked":["Seeing Red+1","Flame Barrier"],"picked":"Cleave+1","floor":25},{"not_picked":["Sever Soul+1","Spot Weakness"],"picked":"Demon Form+1","floor":27},{"not_picked":["Cleave+1","Feel No Pain+1"],"picked":"Combust+1","floor":31},{"not_picked":["Reaper+1","Limit Break"],"picked":"Barricade+1","floor":33},{"not_picked":["Warcry+1"],"picked":"SKIP","floor":35},{"not_picked":["Whirlwind+1"],"picked":"SKIP","floor":39},{"not_picked":[],"picked":"Ghostly Armor","floor":42},{"not_picked":["Clothesline+1"],"picked":"SKIP","floor":44},{"not_picked":["Clothesline+1"],"picked":"SKIP","floor":45},{"not_picked":[],"picked":"Thinking Ahead","floor":48}],"player_experience":87474,"relics_obtained":[{"floor":6,"key":"Bronze Scales"},{"floor":8,"key":"Omamori"},{"floor":9,"key":"Nunchaku"},{"floor":10,"key":"Self Forming Clay"},{"floor":23,"key":"Strawberry"},{"floor":25,"key":"Molten Egg 2"},{"floor":27,"key":"Letter Opener"},{"floor":42,"key":"Bag of Marbles"},{"floor":43,"key":"The Courier"},{"floor":44,"key":"Boot"}],"event_choices":[{"damage_healed":0,"gold_gain":0,"player_choice":"Ignored","damage_taken":0,"max_hp_gain":0,"max_hp_loss":0,"event_name":"Liars Game","floor":2,"gold_loss":0},{"cards_removed":["Defend_R"],"damage_healed":0,"gold_gain":0,"player_choice":"Card Removal","damage_taken":0,"max_hp_gain":0,"max_hp_loss":0,"event_name":"The Cleric","floor":5,"gold_loss":50},{"damage_healed":26,"gold_gain":0,"player_choice":"Banana","damage_taken":0,"max_hp_gain":0,"max_hp_loss":0,"event_name":"Big Fish","floor":12,"gold_loss":0},{"damage_healed":0,"gold_gain":0,"player_choice":"Became a vampire","damage_taken":0,"max_hp_gain":0,"max_hp_loss":24,"event_name":"Vampires","floor":19,"gold_loss":0,"cards_obtained":["Bite","Bite","Bite","Bite","Bite"]},{"damage_healed":0,"gold_gain":0,"player_choice":"Stole Relic","damage_taken":0,"relics_obtained":["HornCleat"],"max_hp_gain":0,"max_hp_loss":0,"event_name":"Addict","floor":22,"gold_loss":0,"cards_obtained":["Shame"]},{"damage_healed":0,"gold_gain":100,"player_choice":"Pray","damage_taken":0,"max_hp_gain":0,"max_hp_loss":0,"event_name":"Golden Shrine","floor":29,"gold_loss":0},{"cards_removed":["Fire Breathing"],"damage_healed":0,"gold_gain":0,"player_choice":"Removed Power","damage_taken":0,"max_hp_gain":0,"max_hp_loss":0,"event_name":"Falling","floor":37,"gold_loss":0},{"damage_healed":0,"gold_gain":0,"player_choice":"Forge","damage_taken":0,"max_hp_gain":0,"max_hp_loss":0,"event_name":"Accursed Blacksmith","floor":38,"gold_loss":0,"cards_upgraded":["Heavy Blade"]},{"damage_healed":0,"gold_gain":0,"player_choice":"Ignored","damage_taken":0,"max_hp_gain":0,"max_hp_loss":0,"event_name":"Mysterious Sphere","floor":41,"gold_loss":0},{"damage_healed":0,"gold_gain":0,"player_choice":"Memory 1","damage_taken":0,"max_hp_gain":0,"max_hp_loss":0,"event_name":"SensoryStone","floor":48,"gold_loss":0}],"is_beta":false,"boss_relics":[{"not_picked":["Pandora\u0027s Box","Ectoplasm"],"picked":"Runic Cube"},{"not_picked":["Velvet Choker","Runic Dome"],"picked":"Busted Crown"}],"items_purged_floors":[36,47],"is_endless":false,"potions_floor_spawned":[10,13,14,16,18,25,27,42,45],"ascension_level":2}}