{"host":"goj2s4fnav97bn09","time":1611000793,"event":{"mods":["AchievementEnabler","Act Like it!","BaseMod","Colored Map","GifTheSpireLib","Hermit","Infinite Spire","Minty Spire (QoL Compilation)","Replay The Spire","StSLib","The Hierophant","The Servant 0.9.4"],"gold_per_floor":[116,128,128,148,148,182,107,121,121,136,136,154,190,90,90,221,221,244,265,265,283,373,373,373],"floor_reached":23,"language":"ENG","playtime":3026,"items_purged":["Strike_G","Strike_G"],"score":264,"play_id":"6add7c93-0836-4c92-8568-8b27ea71c3a0","local_time":"20210118141313","is_ascension_mode":true,"campfire_choices":[{"floor":11,"key":"REST"},{"floor":15,"key":"REST"}],"circlet_count":0,"master_deck":["Strike_G","Strike_G","Strike_G","Defend_G","Defend_G","Defend_G","Defend_G","Defend_G","Survivor","Neutralize","Terror","Slice","Acrobatics","Leg Sweep","Prepared","Sneak Up","ReplayTheSpireMod:Scrap Shanks","Flying Knee","After Image","PiercingWail+1"],"relics":["Ring of the Snake","NeowsBlessing","Bottled Lightning","Golden Idol","Happy Flower","infinitespire:PuzzleCube","Blue Candle","Cursed Key"],"acts_visited":["Exordium","TheCity"],"potions_floor_usage":[16,19],"damage_taken":[{"damage":0,"enemies":"Cultist","floor":1,"turns":1},{"damage":0,"enemies":"Small Slimes","floor":2,"turns":1},{"damage":0,"enemies":"Jaw Worm","floor":4,"turns":1},{"damage":43,"enemies":"Gremlin Nob","floor":6,"turns":5},{"damage":2,"enemies":"Exordium Thugs","floor":8,"turns":6},{"damage":0,"enemies":"Looter","floor":10,"turns":4},{"damage":0,"enemies":"2 Fungi Beasts","floor":12,"turns":4},{"damage":2,"enemies":"Lagavulin","floor":13,"turns":6},{"damage":36,"enemies":"The Guardian","floor":16,"turns":14},{"damage":0,"enemies":"Chosen","floor":18,"turns":3},{"damage":7,"enemies":"3 Byrds","floor":19,"turns":9},{"damage":18,"enemies":"Centurion and Healer","floor":21,"turns":9},{"damage":24,"enemies":"Gremlin Leader","floor":23,"turns":2}],"seed_played":"6929685324574369147","potions_obtained":[{"floor":2,"key":"Weak Potion"},{"floor":6,"key":"Adrenaline Potion"},{"floor":8,"key":"LifebloodPotion"}],"is_trial":false,"path_per_floor":["M","M","T","M","?","E","$","M","T","M","R","M","E","$","R","B",null,"M","M","?","M","?","E"],"character_chosen":"THE_SILENT","items_purchased":[],"campfire_rested":2,"item_purchase_floors":[],"current_hp_per_floor":[63,63,63,63,46,3,3,1,1,1,22,22,20,20,41,5,54,54,47,47,29,17,0,0],"gold":373,"neow_bonus":"THREE_ENEMY_KILL","is_daily":false,"chose_seed":false,"campfire_upgraded":0,"win_rate":0.0,"timestamp":1611000793,"path_taken":["M","?","?","M","?","E","$","M","T","M","R","M","E","?","R","BOSS","M","M","?","M","?","E"],"items_purchased_type":[],"build_version":"2020-12-22","purchased_purges":2,"victory":false,"max_hp_per_floor":[70,70,70,70,70,70,70,70,70,70,70,70,70,70,70,70,70,70,70,70,70,70,70,70],"card_choices":[{"not_picked":["Acrobatics","Backflip"],"picked":"Terror","floor":1},{"not_picked":["Deflect","Bane"],"picked":"Slice","floor":2},{"not_picked":["Dagger Spray","Phantasmal Killer"],"picked":"Acrobatics","floor":4},{"not_picked":["Dagger Spray","Bane"],"picked":"Leg Sweep","floor":6},{"not_picked":["Deadly Poison","PiercingWail"],"picked":"Prepared","floor":8},{"not_picked":["Blur","Choke"],"picked":"Sneak Up","floor":10},{"not_picked":["Endless Agony","Expertise"],"picked":"ReplayTheSpireMod:Scrap Shanks","floor":12},{"not_picked":["Dagger Spray","Poisoned Stab"],"picked":"Flying Knee","floor":13},{"not_picked":["Night Terror","ReplayTheSpireMod:From All Sides"],"picked":"After Image","floor":16},{"not_picked":["Dodge and Roll","Deflect","Setup"],"picked":"SKIP","floor":18},{"not_picked":["Bane","Terror","Distraction"],"picked":"SKIP","floor":19},{"not_picked":["Acrobatics","Blur"],"picked":"PiercingWail+1","floor":21}],"player_experience":330100,"relics_obtained":[{"floor":3,"key":"Bottled Lightning"},{"floor":6,"key":"Happy Flower"},{"floor":9,"key":"infinitespire:PuzzleCube"},{"floor":13,"key":"Blue Candle"}],"event_choices":[{"damage_healed":0,"gold_gain":0,"player_choice":"Take Damage","damage_taken":17,"relics_obtained":["Golden Idol"],"max_hp_gain":0,"max_hp_loss":0,"event_name":"Golden Idol","floor":5,"gold_loss":0},{"damage_healed":0,"gold_gain":0,"player_choice":"Ignored","damage_taken":0,"max_hp_gain":0,"max_hp_loss":0,"event_name":"Vampires","floor":20,"gold_loss":0},{"damage_healed":0,"gold_gain":90,"player_choice":"GOLD ","damage_taken":12,"max_hp_gain":0,"max_hp_loss":0,"event_name":"Knowing Skull","floor":22,"potions_obtained":[],"gold_loss":0,"cards_obtained":[]}],"is_beta":false,"boss_relics":[{"not_picked":["ChewingGum","Abe\u0027s Treasure"],"picked":"Cursed Key"}],"items_purged_floors":[7,14],"is_endless":false,"potions_floor_spawned":[2,6,8,12],"killed_by":"Gremlin Leader","ascension_level":6}}