{"host":"s0ikvqhe10eopvjn","time":1611007108,"event":{"mods":["Act Like it!","Bard","BaseMod","Better Third Choice","Block Reminder","Colored Map","Colored Powertips","DeckTracker","Downfall","GifTheSpireLib","Halation","Hallownest","Hermit","Highlight Path","Hubris","Infinite Spire","Mad Scientist","Minty Spire (QoL Compilation)","Permanent Neow","Random Character Button","StSLib","The Blue Laboratory","The Bug Knight","The Construct","The Cursed","The Disciple","The Marked","The Necromancer","The Poker Player","The Runesmith","The Servant 0.9.4"],"gold_per_floor":[110,110,121,141,141,167,181,181,181,198,218,234,259,259,259,359,359,371,147,147,147,160,160,185,185,209,244,258,258,258,268,268,366,366,378,182,182,182,57,57,88,88,160,160,177,189,221,234,234,234,234,234,58,85,85,85],"floor_reached":55,"language":"ENG","playtime":2812,"items_purged":["construct:Synchronize","construct:Defend_Gold","construct:Strike_Gold","construct:Strike_Gold"],"score":950,"play_id":"99157a7e-8d86-46a2-837f-617227aa74e9","local_time":"20210118215828","is_ascension_mode":false,"campfire_choices":[{"floor":8.0,"key":"REST"},{"floor":15.0,"key":"REST"},{"floor":23.0,"key":"RECALL"},{"data":"construct:FocusedBeam","floor":25.0,"key":"SMITH"},{"data":"construct:AttackMode","floor":30.0,"key":"SMITH"},{"data":"construct:MetalShell","floor":32.0,"key":"SMITH"},{"data":"construct:ForceCore","floor":40,"key":"SMITH"},{"data":"construct:ForceCore","floor":42,"key":"SMITH"},{"data":"construct:HyperBeam","floor":49,"key":"SMITH"},{"data":"construct:FierceBash","floor":52,"key":"SMITH"}],"circlet_count":0,"master_deck":["construct:Strike_Gold","construct:Strike_Gold","construct:Strike_Gold","construct:Defend_Gold","construct:Defend_Gold","construct:Defend_Gold","construct:AttackMode+1","construct:DefenseMode","construct:ForceCore+1","construct:PowerUp","construct:FocusedBeam+1","construct:SuppressiveFire","construct:FierceBash+1","construct:ForceCore+1","construct:Forcefield","construct:MetalShell+1","construct:HyperBeam+1","construct:Impenetrable+1","construct:FlameCore+1"],"relics":["construct:Cogwheel","construct:BoolHorns","hubris:Zylophone","hubris:SlimyHat","Busted Crown","Omamori","hubris:BottledHeart","Orichalcum","Bronze Scales","Anchor","construct:WeddingRing","Pocketwatch","Velvet Choker","halation:EternalFortune","hubris:ToyBattleship","halation:LettersToHer","Pen Nib"],"acts_visited":["Exordium","TheCity","TheBeyond","TheEnding"],"potions_floor_usage":[33,33,47,50,50,55],"damage_taken":[{"damage":4.0,"enemies":"Jaw Worm","floor":1.0,"turns":4.0},{"damage":1.0,"enemies":"Cultist","floor":3.0,"turns":3.0},{"damage":5.0,"enemies":"2 Louse","floor":4.0,"turns":3.0},{"damage":29.0,"enemies":"3 Sentries","floor":6.0,"turns":6.0},{"damage":5.0,"enemies":"Looter","floor":7.0,"turns":2.0},{"damage":11.0,"enemies":"Lots of Slimes","floor":10.0,"turns":3.0},{"damage":6.0,"enemies":"3 Louse","floor":11.0,"turns":3.0},{"damage":14.0,"enemies":"2 Fungi Beasts","floor":12.0,"turns":3.0},{"damage":18.0,"enemies":"Lagavulin","floor":13.0,"turns":5.0},{"damage":51.0,"enemies":"The Guardian","floor":16.0,"turns":8.0},{"damage":7.0,"enemies":"3 Byrds","floor":18.0,"turns":4.0},{"damage":0.0,"enemies":"2 Thieves","floor":22.0,"turns":3.0},{"damage":0.0,"enemies":"Book of Stabbing","floor":24.0,"turns":5.0},{"damage":0.0,"enemies":"Slavers","floor":27.0,"turns":4.0},{"damage":0.0,"enemies":"Sentry and Sphere","floor":28.0,"turns":3.0},{"damage":0.0,"enemies":"3 Cultists","floor":31.0,"turns":3.0},{"damage":0,"enemies":"Collector","floor":33,"turns":5},{"damage":0,"enemies":"Orb Walker","floor":35,"turns":3},{"damage":0,"enemies":"Giant Head","floor":41,"turns":5},{"damage":0,"enemies":"3 Shapes","floor":45,"turns":2},{"damage":0,"enemies":"Spire Growth","floor":46,"turns":3},{"damage":0,"enemies":"Reptomancer","floor":47,"turns":4},{"damage":0,"enemies":"3 Darklings","floor":48,"turns":3},{"damage":0,"enemies":"Donu and Deca","floor":50,"turns":5},{"damage":0,"enemies":"Shield and Spear","floor":54,"turns":4},{"damage":1,"enemies":"The Heart","floor":55,"turns":5}],"seed_played":"-8437743002401373857","potions_obtained":[{"floor":0.0,"key":"hexamod:SoulburnPotion"},{"floor":0.0,"key":"blueLaboratory:FrostheartPotion"},{"floor":0.0,"key":"blueLaboratory:AbyssPotion"},{"floor":7.0,"key":"blueLaboratory:BubblePotion"},{"floor":10.0,"key":"Weak Potion"},{"floor":13.0,"key":"FairyPotion"},{"floor":22.0,"key":"blueLaboratory:BottledHope"},{"floor":24.0,"key":"Block Potion"},{"floor":27.0,"key":"AttackPotion"},{"floor":33,"key":"blueLaboratory:HummingbirdPotion"},{"floor":35,"key":"blueLaboratory:RememoryPotion"},{"floor":45,"key":"blueLaboratory:FruitPunch"},{"floor":54,"key":"blueLaboratory:FrostheartPotion"}],"is_trial":false,"path_per_floor":["M","?","M","M","?","E","M","R","T","M","M","M","E","?","R","B",null,"M","$","?","?","M","R","E","R","T","E","M","AVR","R","M","R","B",null,"M","$","?","?","$","R","E","R","T","?","M","M","E","M","R","B",null,"R","$","E","B"],"character_chosen":"THE_CONSTRUCT_MOD","items_purchased":["Omamori","Swift Potion","champ:CounterPotion","blueLaboratory:RememoryPotion","blueLaboratory:HorrorPotion","blueLaboratory:NullPotion"],"campfire_rested":2,"item_purchase_floors":[19,36,36,53,53,53],"current_hp_per_floor":[81,81,80,75,75,46,41,66,66,55,49,35,17,9,34,10,85,78,78,1,1,1,1,1,1,1,1,1,1,1,1,1,1,1,1,1,1,1,1,1,1,1,1,1,1,1,1,1,1,1,1,1,1,1,0,0],"gold":85,"neow_bonus":"THREE_SMALL_POTIONS","is_daily":false,"chose_seed":false,"campfire_upgraded":7,"win_rate":0.0,"timestamp":1611007108,"path_taken":["M","?","?","M","?","E","M","R","T","M","M","M","E","?","R","BOSS","M","?","?","?","M","R","E","R","T","E","M","AVR","R","M","R","BOSS","M","$","?","?","?","R","E","R","T","?","?","M","E","M","R","BOSS","R","$","E","BOSS"],"items_purchased_type":["Relic","Potion","Potion","Potion","Potion","Potion"],"build_version":"2020-12-22","purchased_purges":4,"victory":false,"max_hp_per_floor":[85,85,85,85,85,85,85,85,85,85,85,85,85,85,85,85,85,85,85,1,1,1,1,1,1,1,1,1,1,1,1,1,1,1,1,1,1,1,1,1,1,1,1,1,1,1,1,1,1,1,1,1,1,1,1,1],"card_choices":[{"not_picked":["construct:Construct_Overclock","construct:Analyze"],"picked":"construct:Synchronize","floor":1.0},{"not_picked":["construct:ClusterMines","construct:ShiftStrike"],"picked":"construct:ForceCore","floor":3.0},{"not_picked":["construct:Tumble","construct:FierceBash"],"picked":"construct:PowerUp","floor":4.0},{"not_picked":["construct:Zapper","construct:SiegeForm"],"picked":"construct:FocusedBeam","floor":6.0},{"not_picked":["construct:FocusedBeam","construct:Autoturret"],"picked":"construct:SuppressiveFire","floor":7.0},{"not_picked":["construct:Isolate","construct:Autoturret"],"picked":"construct:FierceBash","floor":10.0},{"not_picked":["construct:Chainstrike","construct:CriticalHit"],"picked":"construct:ForceCore","floor":11.0},{"not_picked":["construct:Reinforce","construct:Analyze"],"picked":"construct:Forcefield","floor":12.0},{"not_picked":["construct:Boost","construct:ShiftingStance"],"picked":"construct:MetalShell","floor":13.0},{"not_picked":["construct:Reserves","construct:PanicFire"],"picked":"construct:HyperBeam","floor":16.0},{"not_picked":["construct:SyphonStrike"],"picked":"SKIP","floor":18.0},{"not_picked":[],"picked":"construct:Impenetrable+1","floor":22.0},{"not_picked":[],"picked":"construct:FlameCore","floor":24.0},{"not_picked":["construct:ReactiveShield+1"],"picked":"SKIP","floor":27.0},{"not_picked":["construct:FlameCore"],"picked":"SKIP","floor":28.0},{"not_picked":["construct:ModeShift+1"],"picked":"SKIP","floor":31.0},{"not_picked":["construct:SyphonStrike"],"picked":"SKIP","floor":35},{"not_picked":["construct:HeavyBolt"],"picked":"SKIP","floor":41},{"not_picked":["construct:Versatility"],"picked":"SKIP","floor":45},{"not_picked":["construct:Tumble+1"],"picked":"SKIP","floor":46},{"not_picked":["construct:SuppressiveFire"],"picked":"SKIP","floor":47},{"not_picked":["construct:Versatility+1"],"picked":"SKIP","floor":48},{"not_picked":["construct:Dampening"],"picked":"SKIP","floor":54}],"player_experience":284191,"relics_obtained":[{"floor":6.0,"key":"construct:BoolHorns"},{"floor":9.0,"key":"hubris:Zylophone"},{"floor":13.0,"key":"hubris:SlimyHat"},{"floor":24.0,"key":"Orichalcum"},{"floor":26.0,"key":"Bronze Scales"},{"floor":27.0,"key":"Anchor"},{"floor":41,"key":"hubris:ToyBattleship"},{"floor":45,"key":"halation:EternalFortune"},{"floor":47,"key":"halation:LettersToHer"},{"floor":54,"key":"Pen Nib"}],"event_choices":[{"cards_removed":["construct:Defend_Gold"],"damage_healed":0.0,"max_hp_gain":0.0,"max_hp_loss":0.0,"gold_gain":0.0,"event_name":"Purifier","player_choice":"Purged","floor":2.0,"gold_loss":0.0,"damage_taken":0.0},{"damage_healed":0.0,"max_hp_gain":0.0,"max_hp_loss":0.0,"gold_gain":0.0,"event_name":"betterThird:BetterSerpent","player_choice":"Ignored","floor":5.0,"gold_loss":0.0,"damage_taken":141.0},{"damage_healed":0.0,"max_hp_gain":0.0,"max_hp_loss":0.0,"gold_gain":0.0,"event_name":"Wheel of Change","player_choice":"Damaged","floor":14.0,"gold_loss":0.0,"damage_taken":8.0},{"damage_healed":0.0,"max_hp_gain":0.0,"max_hp_loss":0.0,"gold_gain":0.0,"event_name":"Vampires","player_choice":"Ignored","floor":21.0,"gold_loss":0.0,"damage_taken":0.0},{"damage_healed":0,"gold_gain":0,"player_choice":"Memory 1","damage_taken":0,"max_hp_gain":0,"max_hp_loss":0,"event_name":"SensoryStone","floor":37,"gold_loss":0},{"damage_healed":0,"gold_gain":0,"player_choice":"Upgraded","damage_taken":0,"max_hp_gain":0,"max_hp_loss":0,"event_name":"Upgrade Shrine","floor":44,"gold_loss":0,"cards_upgraded":["construct:FlameCore"]}],"is_beta":false,"boss_relics":[{"not_picked":["Ectoplasm","SlaversCollar"],"picked":"Busted Crown"},{"not_picked":["construct:ClawGrip","Runesmith:UraniumAnvil"],"picked":"Velvet Choker"}],"items_purged_floors":[19,29,36,39],"is_endless":false,"potions_floor_spawned":[7,10,12,13,22,24,27,33,35,45,54],"killed_by":"The Heart","ascension_level":0}}