{"host":"lvglfvqy3xrupc2a","time":1611012459,"event":{"mods":["Act Like it!","Aspiration","BaseMod","Better Altar","Better Match","Better Note","Better Sensory Stone","Better Skull","Better Third Choice","BetterRewards","Conspire","Custom Start","Dark Map","Friendly Minions","Gensokyo","Grow up Mod","Hallownest","Hubris","HumanHunterMod(????mod)","Humility","Infinite Spire","Ironclad Rager","Lobotomy","LobotomyExtend","Mimic Mod","Minty Spire (QoL Compilation)","MostiFishMod","Remove Card Discount Mod","Replay The Spire","Reworked Bosses","Spicy Shops","StSLib","The Blue Laboratory","The Factory","Uncapped","[IsaacMod]????","vexMod"],"gold_per_floor":[118,183,193,237,237,269,269,296,336,348,375,394,394,409,409,511,511,528,528,541,559,559,559,594,594,625,625,625,653,545,577,577,674,674,688,628,639,670,670,696,696,726,726,743,768,768,768,988,988,988],"floor_reached":49,"language":"ENG","playtime":3700,"items_purged":["BodiesMountain"],"score":979,"play_id":"1725ce29-bf80-4bd5-bccf-24fd6aac700a","local_time":"20210118172739","is_ascension_mode":true,"campfire_choices":[{"data":"Zap","floor":7,"key":"SMITH"},{"data":"Dualcast","floor":15,"key":"SMITH"},{"data":"ReplayTheSpireMod:Fabricate Wheel","floor":23,"key":"SMITH"},{"data":"Defragment","floor":27,"key":"SMITH"},{"data":"Creative AI","floor":32,"key":"SMITH"},{"data":"MostiFishMod:Tomorrow","floor":47,"key":"SMITH"}],"circlet_count":0,"master_deck":["CENSORED","Strike_B","Strike_B","Strike_B","Strike_B","Defend_B","Defend_B","Defend_B","Defend_B","Zap+1","Dualcast+1","OldLady","Rip and Tear","OSAHOGD","Beam Cell","Streamline","Wellcheers","Glacier","UniverseFragment","Defragment","WallGazer","Defragment+1","Rebound","ShyLook","MostiFishMod:IceShield","CherryBlossoms","Compile Driver","Beam Cell","Self Repair","MHz","Gash","Leap","Lockon","Freischutz","Conserve Battery","ReplayTheSpireMod:Chaos Vortex","infinitespire:NeuralNetwork","Creative AI+1","Fusion+1","Gash+1","Conserve Battery","Hologram+1","Hello World+1","Hologram+1","Gensokyo:ShootingStar","MostiFishMod:Hijack","CurseOfTheBell","Leap+1","Ball Lightning+1","Gensokyo:CustomPotion","Cold Snap+1","Rainbow","Doom and Gloom+1","LongBird","MostiFishMod:Tomorrow+1","Gash+1","Hologram+1","Variant","Melter","infinitespire:Collect","Flash of Steel","Finesse"],"relics":["Cracked Core","HushsDoor","DaveBox","HowToJump","Medical Kit","CogitoBucket","RabbitCall","SynthV:TestCard","LetterFromLob","HornCleat","Gensokyo:CelestialsFlawlessClothing","Pet Ghost","infinitespire:SolderingIron","Replay:Wax Seal","Smiling Mask","RedMistMask","Gensokyo:RedStar","Runic Capacitor","Prayer Wheel","infinitespire:Beetle Shell","Gensokyo:MosesMiracle","Singing Bowl","Leech","TheSmile_r","aspiration:EnhancedActuators","Calling Bell","Happy Flower","Replay:PocketPolymizer","Replay:Bottled Flurry","CENSORED_r","StrikeDummy","hubris:Reverence","DeathBook","hubris:DisguiseKit","vexMod:RedPlottingStone","hubris:MysteriousPyramids","Nuclear Battery","Art of War"],"acts_visited":["Exordium","Gensokyo:Gensokyo","Gensokyo:Gensokyoer"],"potions_floor_usage":[10,16,30],"damage_taken":[{"damage":3.0,"enemies":"Gensokyo:Gryphon","floor":1.0,"turns":4.0},{"damage":2.0,"enemies":"Gensokyo:3_Fairies","floor":3.0,"turns":3.0},{"damage":15,"enemies":"Gensokyo:Aya","floor":6,"turns":4},{"damage":6,"enemies":"Gensokyo:Cirno","floor":8,"turns":6},{"damage":0,"enemies":"Gensokyo:Python","floor":9,"turns":5},{"damage":54,"enemies":"Gensokyo:Python","floor":10,"turns":9},{"damage":16,"enemies":"Gensokyo:Aya","floor":11,"turns":5},{"damage":11,"enemies":"Gensokyo:3_Kodama","floor":12,"turns":3},{"damage":2,"enemies":"Gensokyo:LivingMonolith","floor":14,"turns":3},{"damage":21,"enemies":"Gensokyo:Kokoro","floor":16,"turns":10},{"damage":88,"enemies":"Gensokyo:2_Gloops","floor":18,"turns":18},{"damage":0,"enemies":"Gensokyo:Chomper","floor":20,"turns":2},{"damage":13,"enemies":"Gensokyo:Wraith","floor":21,"turns":3},{"damage":31,"enemies":"Nightmare","floor":24,"turns":7},{"damage":0,"enemies":"Gensokyo:Monolith_and_Dog","floor":26,"turns":4},{"damage":37,"enemies":"Gensokyo:Tenshi","floor":29,"turns":5},{"damage":322,"enemies":"Gensokyo:Monolith_and_Dog","floor":30,"turns":24},{"damage":10,"enemies":"Gensokyo:Reisen","floor":31,"turns":4},{"damage":30,"enemies":"Gensokyo:Eternal_Rivals","floor":33,"turns":7},{"damage":6,"enemies":"Gensokyo:AncientGuardian","floor":35,"turns":4},{"damage":2,"enemies":"Gensokyo:3_Boulders","floor":37,"turns":3},{"damage":20,"enemies":"conspire:MimicChest","floor":38,"turns":6},{"damage":82,"enemies":"Gensokyo:Kasen","floor":40,"turns":7},{"damage":4,"enemies":"Gensokyo:Doremy","floor":42,"turns":4},{"damage":73,"enemies":"Gensokyo:4_Bats","floor":44,"turns":6},{"damage":84,"enemies":"Gensokyo:Marisa","floor":45,"turns":6},{"damage":15,"enemies":"Gensokyo:Sharpion","floor":48,"turns":3}],"seed_played":"5749819007473177529","potions_obtained":[{"floor":4,"key":"blueLaboratory:FrostheartPotion"},{"floor":8,"key":"BlessingOfTheForge"},{"floor":11,"key":"blueLaboratory:BottleOfRum"},{"floor":12,"key":"Elixir"},{"floor":14,"key":"Fire Potion"},{"floor":21,"key":"DuplicationPotion"},{"floor":30,"key":"blueLaboratory:Moonshine"},{"floor":31,"key":"conspire:TimeTravelPotion"},{"floor":37,"key":"PowerPotion"}],"is_trial":false,"path_per_floor":["M","?","M","?","?","E","R","E","MIM","M","E","M","?","M","R","B",null,"M","?","M","M","AVR","R","NM","?","MIM","R","?","E","M","E","R","B",null,"M","?","M","?","T","E","?","E","T","M","E","AVR","R","M","R"],"character_chosen":"DEFECT","items_purchased":[],"campfire_rested":0,"item_purchase_floors":[],"current_hp_per_floor":[85,80,88,70,49,44,54,58,68,24,18,17,27,45,55,54,207,145,155,165,171,181,191,186,196,219,229,224,201,382,395,405,390,419,431,441,455,449,459,444,454,487,497,488,470,480,490,526,526,526],"gold":988,"neow_bonus":"","is_daily":false,"chose_seed":false,"campfire_upgraded":6,"win_rate":0.0,"timestamp":1611012459,"path_taken":["M","?","M","?","?","E","R","E","MIM","M","E","M","?","M","R","BOSS","M","?","?","M","AVR","R","NM","?","MIM","R","?","E","M","E","R","BOSS","M","?","M","?","?","E","?","E","T","M","E","AVR","R","M","R"],"items_purchased_type":[],"build_version":"2020-12-22","purchased_purges":1,"victory":false,"max_hp_per_floor":[95,105,115,125,135,145,155,165,175,185,195,205,215,225,235,245,255,265,275,285,295,305,315,325,335,345,355,365,375,385,395,405,415,425,435,445,455,465,475,487,497,507,517,527,537,547,557,581,581,581],"card_choices":[{"not_picked":["FairyFestival","Porccubus"],"picked":"OldLady","floor":1.0},{"not_picked":["MostiFishMod:Overload","Aggregate"],"picked":"Rip and Tear","floor":1.0},{"not_picked":["PunishingBird","FairyFestival","Wellcheers"],"picked":"Singing Bowl","floor":3.0},{"not_picked":["Laetitia","FieryBird"],"picked":"OSAHOGD","floor":3.0},{"not_picked":["Compile Driver","aspiration:Polymerization","Go for the Eyes","Steam"],"picked":"Beam Cell","floor":3.0},{"not_picked":["Self Repair","Hologram","Panic Button","ReplayTheSpireMod:System Scan"],"picked":"Streamline","floor":4},{"not_picked":["Scorched","Mercenary"],"picked":"Wellcheers","floor":6},{"not_picked":["Gash","Force Field","MostiFishMod:LinkProtocol","All For One"],"picked":"Glacier","floor":6},{"not_picked":["MeatLantern","CherryBlossoms"],"picked":"UniverseFragment","floor":8},{"not_picked":["Electrodynamics","ElectricPowerLearning","MostiFishMod:ReprogramOld","MostiFishMod:Tomorrow"],"picked":"Defragment","floor":8},{"not_picked":["ShyLook","Yin"],"picked":"WallGazer","floor":9},{"not_picked":["BasicCrystalCard","Fusion","Doom and Gloom","MostiFishMod:PushDownKick"],"picked":"Defragment","floor":9},{"not_picked":["FairyFestival","WhitesApple","Mercenary"],"picked":"Singing Bowl","floor":10},{"not_picked":["FTL","Turbo","Coolheaded","MostiFishMod:PushDownKick"],"picked":"Rebound","floor":10},{"not_picked":["FairyFestival","MeatLantern"],"picked":"ShyLook","floor":11},{"not_picked":["BasicCrystalCard","ReplaySort","Rebound","Panic Button"],"picked":"MostiFishMod:IceShield","floor":11},{"not_picked":["CrumblingArmor","Bloodbath","BigBadWolf"],"picked":"Singing Bowl","floor":12},{"not_picked":["PunishingBird","Scorched"],"picked":"CherryBlossoms","floor":12},{"not_picked":["Coolheaded","MostiFishMod:PushDownKick","Sweeping Beam","Rebound"],"picked":"Compile Driver","floor":12},{"not_picked":["Turbo","Panic Button","Recycle","MostiFishMod:PushDownKick"],"picked":"Beam Cell","floor":13},{"not_picked":["Panic Button","Coolheaded","Beam Cell","Steam"],"picked":"Self Repair","floor":13},{"not_picked":["Murderer","MeatLantern","QueenBee"],"picked":"Singing Bowl","floor":14},{"not_picked":["PunishingBird","SpiderBud"],"picked":"MHz","floor":14},{"not_picked":["Coolheaded","Barrage","White Noise","Steam"],"picked":"Gash","floor":14},{"not_picked":["CrumblingArmor","Rudolta","HappyTeddy"],"picked":"Singing Bowl","floor":16},{"not_picked":["MostiFishMod:SeaWaves","ElectricPowerLearning","Thunder Strike","Seek"],"picked":"ReplayTheSpireMod:Fabricate Wheel","floor":16},{"not_picked":["Murderer","PunishingBird","NakedNest"],"picked":"Singing Bowl","floor":18},{"not_picked":["Hologram+1","BasicCrystalCard","hubris:Prefetch","MostiFishMod:PushDownKick+1"],"picked":"Leap","floor":18},{"not_picked":["BeautyBeast","SnowQueen","GalaxyChild"],"picked":"Singing Bowl","floor":20},{"not_picked":["Funeral","FairyFestival"],"picked":"BodiesMountain","floor":20},{"not_picked":["Panic Button","MostiFishMod:PushDownKick","Leap","FTL"],"picked":"Lockon","floor":20},{"not_picked":["NakedNest","Murderer","Bloodbath"],"picked":"Singing Bowl","floor":21},{"not_picked":["Bloodbath","DreamingCurrent"],"picked":"Freischutz","floor":21},{"not_picked":["Chill","Go for the Eyes","Sweeping Beam","Cold Snap+1"],"picked":"Conserve Battery","floor":21},{"not_picked":["DreamingCurrent","Alriune","FairyFestival"],"picked":"Singing Bowl","floor":24},{"not_picked":["Leap","Turbo","Barrage","Go for the Eyes"],"picked":"Fusion+1","floor":24},{"not_picked":["FairyFestival","Funeral","Bloodbath"],"picked":"Singing Bowl","floor":26},{"not_picked":["Barrage","MostiFishMod:PushDownKick","Chill","Rebound"],"picked":"Gash+1","floor":26},{"not_picked":["Murderer","BeautyBeast","HeroicMonk"],"picked":"Singing Bowl","floor":29},{"not_picked":["Rebound","Compile Driver+1","Auto Shields","MostiFishMod:TalkingToTheRain"],"picked":"Conserve Battery","floor":29},{"not_picked":["MeatLantern","Mercenary","PunishingBird"],"picked":"Singing Bowl","floor":30},{"not_picked":["ReplaySolidLightProjector","Lockon","BasicCrystalCard","Turbo"],"picked":"Hologram+1","floor":30},{"not_picked":["Recycle","BasicCrystalCard+1","ReplayTheSpireMod:Calculation Training+1","Turbo+1"],"picked":"Hello World+1","floor":30},{"not_picked":["BlackArmy","LaLuna","BigBadWolf"],"picked":"Singing Bowl","floor":31},{"not_picked":["MostiFishMod:ReadyAimFire","Static Discharge+1","Undo","ReplayGash"],"picked":"Hologram+1","floor":31},{"not_picked":["LittleHelper","QueenBee","HeroicMonk"],"picked":"Singing Bowl","floor":33},{"not_picked":[],"picked":"Gensokyo:ShootingStar","floor":33},{"not_picked":["MostiFishMod:GoodWordForIt","MostiFishMod:DeathFromBelow","Amplify","ReplayTheSpireMod:Fabricate Wheel"],"picked":"MostiFishMod:Hijack","floor":33},{"not_picked":["SilentOrchestra","HappyTeddy"],"picked":"CENSORED","floor":35},{"not_picked":["Go for the Eyes+1","Conserve Battery+1","Skim","Gash+1"],"picked":"Leap+1","floor":35},{"not_picked":["Steam+1","Compile Driver+1","Darkness+1","Redo"],"picked":"Ball Lightning+1","floor":35},{"not_picked":["WhitesApple","Alriune","BigBadWolf"],"picked":"Singing Bowl","floor":37},{"not_picked":["Coolheaded","Gash+1","Conserve Battery","Melter"],"picked":"Cold Snap+1","floor":37},{"not_picked":["Melter+1","Gash+1","Fan","MostiFishMod:LinkProtocol"],"picked":"Rainbow","floor":37},{"not_picked":["QueenOfHatred","DespairKnight","Woodsman"],"picked":"Singing Bowl","floor":38},{"not_picked":["MostiFishMod:StarOceanB","Beam Cell+1","Auto Shields","Glacier+1"],"picked":"Doom and Gloom+1","floor":38},{"not_picked":["SnowQueen","QueenBee","Woodsman"],"picked":"Singing Bowl","floor":40},{"not_picked":["Time Bomb+1","Skim","Beam Cell","Streamline","Multi-Cast"],"picked":"Singing Bowl","floor":40},{"not_picked":["DespairKnight","MeatLantern","LittleHelper"],"picked":"Singing Bowl","floor":42},{"not_picked":["Murderer","BigBadWolf"],"picked":"LongBird","floor":42},{"not_picked":["Rip and Tear+1","BootSequence+1","Conserve Battery","White Noise+1"],"picked":"MostiFishMod:Tomorrow","floor":42},{"not_picked":["Scorched","Yin","Bloodbath"],"picked":"Singing Bowl","floor":44},{"not_picked":["Leap","Barrage","MostiFishMod:StrandedSiren","MostiFishMod:GatherIntelligence+1","PathToVictory"],"picked":"Gash+1","floor":44},{"not_picked":["BasicCrystalCard+1","Steam","Sweeping Beam+1","Turbo","Replay:LoomingThreat"],"picked":"Hologram+1","floor":44},{"not_picked":["Funeral","BeautyBeast","QueenOfHatred"],"picked":"Singing Bowl","floor":45},{"not_picked":["GreedKing","BigBadWolf"],"picked":"Variant","floor":45},{"not_picked":["White Noise","Glacier+1","Chaos","Hologram","DeceiveReality"],"picked":"Melter","floor":45},{"not_picked":["GalaxyChild","Woodsman","Yin"],"picked":"Singing Bowl","floor":48},{"not_picked":["Time Bomb","Rebound+1","Ball Lightning","Aggregate+1","MostiFishMod:ATRI","PathToVictory"],"picked":"Singing Bowl","floor":48},{"not_picked":["conspire:SharedLibrary+1","Compile Driver+1","hubris:PowerSurge+1","Cold Snap","Gash","PathToVictory"],"picked":"Singing Bowl","floor":48}],"player_experience":1035605,"relics_obtained":[{"floor":1.0,"key":"SynthV:TestCard"},{"floor":1.0,"key":"LetterFromLob"},{"floor":4,"key":"HornCleat"},{"floor":6,"key":"Pet Ghost"},{"floor":8,"key":"infinitespire:SolderingIron"},{"floor":9,"key":"Replay:Wax Seal"},{"floor":11,"key":"Smiling Mask"},{"floor":16,"key":"RedMistMask"},{"floor":24,"key":"infinitespire:Beetle Shell"},{"floor":26,"key":"Singing Bowl"},{"floor":29,"key":"Leech"},{"floor":30,"key":"Gensokyo:MosesMiracle"},{"floor":31,"key":"aspiration:EnhancedActuators"},{"floor":34,"key":"Happy Flower"},{"floor":34,"key":"Replay:PocketPolymizer"},{"floor":34,"key":"Replay:Bottled Flurry"},{"floor":38,"key":"StrikeDummy"},{"floor":39,"key":"hubris:Reverence"},{"floor":40,"key":"DeathBook"},{"floor":42,"key":"hubris:DisguiseKit"},{"floor":43,"key":"vexMod:RedPlottingStone"},{"floor":45,"key":"hubris:MysteriousPyramids"}],"event_choices":[],"is_beta":false,"boss_relics":[{"not_picked":["OneHitWonderSystem","HereWithMe","ReplayTheSpireMod:DimensionalGlitch"]},{"not_picked":["BloodWine","TimeKeys"],"picked":"Calling Bell"},{"not_picked":[]}],"items_purged_floors":[46],"is_endless":false,"potions_floor_spawned":[8,11,12,14,21,24,30,31,33,37,38,42,48],"ascension_level":8}}