{"host":"eny0bxnatoru6fum","time":1611004925,"event":{"mods":["A Magickal Journey","AchievementEnabler","AlwaysNeverKeys","Aspiration","BaseMod","Beaked The Cultist","BetterRewards","Colored Map","Colored Powertips","Conspire","DeckTracker","Duelist Mod","Energized Spire","Glutton Mod","Halation","Hubris","Infinite Spire","Jedi Mod","Lobotomy","LobotomyExtend","Minty Spire (QoL Compilation)","Relic Sorter","Replay The Spire","Shop Mod","Spicy Shops","Spikes Relics","StSLib","Synergy Search","The Animator","The Blue Laboratory","The Bug Knight","The Cursed","The Hierophant","The Jungle","The Problem Sleuth","The Runesmith","The Sage","The Servant 0.9.4","The Spell Scribe","vexMod"],"gold_per_floor":[129,144,156,156,179,179,208,227,276,21,36,36,54,65,65,163,163,177,177,196,196,96,163,163,214,214,277,277,307,307,63,63,180,180,215,225,225,253,270,300,300,330,354,354,404,438,438,468,468,580,580,580],"floor_reached":51,"language":"ENG","playtime":7464,"items_purged":[],"score":671,"play_id":"9b81f2d9-4084-49b8-86d0-8e2318c1d092","local_time":"20210118152205","is_ascension_mode":false,"campfire_choices":[{"floor":6.0,"key":"REST"},{"floor":12.0,"key":"REST"},{"floor":15.0,"key":"REST"},{"floor":24.0,"key":"RECALL"},{"data":"ReplayTheSpireMod:Echo Chamber","floor":28.0,"key":"SMITH"},{"data":"animator:Hitei","floor":30.0,"key":"SMITH"},{"data":"animator:Boros","floor":32.0,"key":"SMITH"},{"floor":41.0,"key":"REST"},{"floor":44.0,"key":"REST"}],"circlet_count":0,"master_deck":["animator:Strike","animator:Defend+1","animator:Defend","animator:Genos","animator:Elesis","animator:Hitei+1","animator:Spearman","animator:Mikaela","animator:Priestess","animator:FeridBathory","ReplayTheSpireMod:Splinters","ReplayTheSpireMod:Echo Chamber+1","animator:IrohaTamaki","animator:DolaCouronne","Parasite","animator:Shigure+1","animator:Witch+1","animator:CowGirl+1","animator:HigakiRinne","animator:AcuraShin"],"relics":["animator:LivingPicture","animator:TheMissingPiece","animator:PurgingStone","LetterFromLob","Strawberry","Simple Rune","Snack Pack","energizedSpire:MagnifyingGlass","halation:EternalFortune","Blood Vial","conspire:GlowingRock","Blood Vial","Anchor","jedi:cryingmask","Darkstone Periapt","halation:MonkeysPaw","Smiling Mask","vexMod:FocusSash","Replay:Accelerometer","hubris:BlackHole"],"acts_visited":["Exordium","TheCity","TheBeyond","Exordium"],"potions_floor_usage":[50],"damage_taken":[{"damage":0.0,"enemies":"Cultist","floor":1.0,"turns":2.0},{"damage":8.0,"enemies":"Jaw Worm","floor":2.0,"turns":2.0},{"damage":5.0,"enemies":"2 Louse","floor":3.0,"turns":2.0},{"damage":7.0,"enemies":"2 Fungi Beasts","floor":5.0,"turns":3.0},{"damage":19.0,"enemies":"Gremlin Nob","floor":7.0,"turns":3.0},{"damage":9.0,"enemies":"Looter","floor":8.0,"turns":2.0},{"damage":11.0,"enemies":"Large Slime","floor":11.0,"turns":3.0},{"damage":11.0,"enemies":"Lots of Slimes","floor":13.0,"turns":3.0},{"damage":3.0,"enemies":"conspire:2 RoseBushes","floor":14.0,"turns":6.0},{"damage":7.0,"enemies":"Slime Boss","floor":16.0,"turns":12.0},{"damage":9.0,"enemies":"conspire:FuzzyDice","floor":18.0,"turns":7.0},{"damage":3.0,"enemies":"Shell Parasite","floor":20.0,"turns":5.0},{"damage":3.0,"enemies":"Nightmare","floor":23.0,"turns":10.0},{"damage":16.0,"enemies":"Snake Plant","floor":25.0,"turns":6.0},{"damage":9.0,"enemies":"conspire:Head Lice","floor":27.0,"turns":9.0},{"damage":15.0,"enemies":"theDuelist:KaibaA2","floor":29.0,"turns":6.0},{"damage":25.0,"enemies":"conspire:MysteriousRune","floor":33.0,"turns":10.0},{"damage":55.0,"enemies":"3 Darklings","floor":35.0,"turns":9.0},{"damage":3.0,"enemies":"3 Shapes","floor":36.0,"turns":10.0},{"damage":18.0,"enemies":"Writhing Mass","floor":38.0,"turns":7.0},{"damage":36.0,"enemies":"4 Shapes","floor":39.0,"turns":6.0},{"damage":40.0,"enemies":"Transient","floor":40.0,"turns":5.0},{"damage":6.0,"enemies":"3 Darklings","floor":42.0,"turns":5.0},{"damage":8.0,"enemies":"Spire Growth","floor":45.0,"turns":6.0},{"damage":30,"enemies":"Nemesis","floor":46,"turns":9},{"damage":36,"enemies":"beaked:SuperParasite","floor":48,"turns":7},{"damage":11,"enemies":"Replay:Hell Engine","floor":50,"turns":8}],"seed_played":"26232347120854792","potions_obtained":[{"floor":5.0,"key":"FearPotion"},{"floor":7.0,"key":"SkillPotion"},{"floor":11.0,"key":"Fire Potion"},{"floor":13.0,"key":"Toxic Potion"},{"floor":14.0,"key":"Weak Potion"},{"floor":23.0,"key":"blueLaboratory:FruitPunch"},{"floor":27.0,"key":"BlessingOfTheForge"},{"floor":29.0,"key":"blueLaboratory:BottleOfVodka"},{"floor":33.0,"key":"Weak Potion"},{"floor":38.0,"key":"jedi:tentaclejuice"},{"floor":40.0,"key":"Venom Potion"},{"floor":45.0,"key":"Death Potion"},{"floor":48,"key":"BlessingOfTheForge"}],"is_trial":false,"path_per_floor":["M","M","M","?","M","R","E","M","T","$","M","R","M","M","R","B",null,"M","?","M","?","?","NM","R","M","T","E","R","E","R","$","R","B",null,"M","M","?","M","M","M","R","M","T","R","M","E","?","E","R_BF","B",null],"character_chosen":"THE_ANIMATOR","items_purchased":["Snack Pack","Darkstone Periapt"],"campfire_rested":5,"item_purchase_floors":[10,31],"current_hp_per_floor":[66,58,53,40,33,52,40,32,32,32,25,47,38,40,62,69,74,74,77,77,77,77,77,77,65,65,66,66,55,55,55,55,50,77,27,30,79,74,45,10,35,44,44,69,76,56,88,56,82,88,88,88],"gold":580,"neow_bonus":"ONE_RANDOM_RARE_CARD","is_daily":false,"chose_seed":false,"campfire_upgraded":3,"win_rate":0.0,"timestamp":1611004925,"path_taken":["M","M","M","?","M","R","E","M","T","$","M","R","M","M","R","BOSS","M","?","M","?","?","NM","R","M","T","E","R","E","R","?","R","BOSS","M","M","?","M","?","M","R","M","T","R","M","E","?","E","R_BF","BOSS"],"items_purchased_type":["Relic","Relic"],"build_version":"2020-12-22","purchased_purges":0,"victory":false,"max_hp_per_floor":[66,66,66,66,66,66,73,74,74,74,74,74,74,74,74,74,74,74,77,77,77,77,77,77,77,77,77,77,77,77,77,77,77,77,79,79,79,85,85,85,85,85,85,85,88,88,88,88,88,88,88,88],"card_choices":[{"not_picked":["animator:CowGirl","animator:DwarfShaman"],"picked":"animator:Hitei","floor":1.0},{"not_picked":["animator:Elsword","animator:ZankiKiguchi"],"picked":"animator:Spearman","floor":2.0},{"not_picked":["animator:NagisaMomoe","animator:Hitei"],"picked":"animator:Mikaela","floor":3.0},{"not_picked":["animator:Genos","animator:Tatsumaki"],"picked":"animator:Boros","floor":5.0},{"not_picked":["animator:KyokoSakura","animator:MumenRider"],"picked":"animator:SayakaMiki","floor":7.0},{"not_picked":["animator:Berserker","animator:MumenRider"],"picked":"animator:Azekura","floor":8.0},{"not_picked":["animator:Shinoa","animator:YachiyoNanami"],"picked":"animator:SwordMaiden","floor":11.0},{"not_picked":["animator:DwarfShaman","animator:CowGirl"],"picked":"animator:Priestess","floor":13.0},{"not_picked":["animator:ShinjiMatou","animator:IzunaHatsuse"],"picked":"animator:Yuuichirou","floor":14.0},{"not_picked":["animator:AcuraShin","animator:SwordMaiden"],"picked":"animator:FeridBathory","floor":16.0},{"not_picked":["animator:SakuraMatou+1","animator:YachiyoNanami"],"picked":"animator:KrulTepes+1","floor":18.0},{"not_picked":["animator:KrulTepes","animator:SayakaMiki+1"],"picked":"animator:CowGirl+1","floor":20.0},{"not_picked":["infinitespire:Gouge","infinitespire:Fortify"],"picked":"ReplayTheSpireMod:Echo Chamber","floor":21.0},{"not_picked":["animator:DwarfShaman","animator:LizardPriest"],"picked":"animator:Priestess","floor":23.0},{"not_picked":["animator:Caster","animator:Assassin"],"picked":"animator:IrohaTamaki","floor":25.0},{"not_picked":["animator:Raven","animator:Layla+1"],"picked":"animator:Kyubey","floor":27.0},{"not_picked":["animator:Nanami+1","animator:Alexander"],"picked":"animator:DolaCouronne","floor":29.0},{"not_picked":["animator:HigakiRinne","animator:Elesis"],"picked":"animator:Kyubey","floor":33.0},{"not_picked":["animator:Tet","animator:Shiro"],"picked":"animator:DolaCouronne","floor":35.0},{"not_picked":["animator:SakuraMatou","animator:ZankiKiguchi"],"picked":"animator:DolaRiku+1","floor":36.0},{"not_picked":["animator:ShinjiMatou+1","animator:YachiyoNanami"],"picked":"animator:Shigure+1","floor":38.0},{"not_picked":["animator:Jibril","animator:Illya+1"],"picked":"animator:Witch+1","floor":39.0},{"not_picked":["animator:LizardPriest","animator:DwarfShaman"],"picked":"animator:CowGirl","floor":40.0},{"not_picked":["animator:AcuraAkari","animator:TsurugaMeisai+1"],"picked":"animator:Hitei+1","floor":42.0},{"not_picked":["animator:Shigure","animator:Togame"],"picked":"animator:HigakiRinne","floor":45.0},{"not_picked":["animator:Shinoa+1","animator:Jibril","animator:Shigure"],"picked":"SKIP","floor":46},{"not_picked":["animator:Eve","animator:Biyorigo"],"picked":"animator:AcuraShin","floor":50}],"player_experience":476093,"relics_obtained":[{"floor":1.0,"key":"LetterFromLob"},{"floor":7.0,"key":"Strawberry"},{"floor":9.0,"key":"Simple Rune"},{"floor":23.0,"key":"Blood Vial"},{"floor":23.0,"key":"conspire:GlowingRock"},{"floor":27.0,"key":"Blood Vial"},{"floor":27.0,"key":"Anchor"},{"floor":29.0,"key":"jedi:cryingmask"},{"floor":43.0,"key":"Smiling Mask"},{"floor":45.0,"key":"halation:EternalFortune"},{"floor":46,"key":"vexMod:FocusSash"},{"floor":48,"key":"Replay:Accelerometer"}],"event_choices":[{"damage_healed":0.0,"max_hp_gain":0.0,"max_hp_loss":0.0,"gold_gain":0.0,"event_name":"Shining Light","player_choice":"Entered Light","floor":4.0,"gold_loss":0.0,"damage_taken":13.0,"cards_upgraded":["animator:Defend_OnePunchMan","animator:Defend"]},{"damage_healed":0.0,"max_hp_gain":0.0,"max_hp_loss":0.0,"gold_gain":0.0,"event_name":"conspire:Investor","player_choice":"Invest 2","floor":22.0,"gold_loss":0.0,"damage_taken":0.0},{"cards_removed":["animator:SayakaMiki"],"damage_healed":49.0,"max_hp_gain":0.0,"max_hp_loss":0.0,"gold_gain":0.0,"event_name":"Bonfire Elementals","player_choice":"Offered Uncommon","floor":37.0,"gold_loss":0.0,"damage_taken":0.0}],"is_beta":false,"boss_relics":[{"not_picked":["sagemod:Falmels_Amulet","Ectoplasm"],"picked":"energizedSpire:MagnifyingGlass"},{"not_picked":["Pandora\u0027s Box","halation:Prosthetics"],"picked":"halation:MonkeysPaw"},{"not_picked":["hubris:HollowSoul","Painkiller Herb"],"picked":"hubris:BlackHole"}],"items_purged_floors":[],"is_endless":true,"potions_floor_spawned":[5,7,11,13,14,23,27,29,33,38,40,45,48],"ascension_level":0}}