{"host":"eemx8njkng76fu5x","time":1611011832,"event":{"mods":["2.2 Compatiblity","BaseMod","Downfall","Minty Spire (QoL Compilation)","Permanent Neow","StSLib","Unceasing Turn Reminder","Unknown Chances"],"gold_per_floor":[99,112,129,144,144,179,179,79,79,109,9,20,38,55,69,69,69],"floor_reached":16,"language":"ENG","playtime":699,"items_purged":[],"score":160,"play_id":"436937a0-e44b-4ffc-ae7b-f6f014c347ee","local_time":"20210119071712","is_ascension_mode":true,"campfire_choices":[{"data":"bronze:Replicate","floor":1,"key":"SMITH"},{"floor":8,"key":"RECALL"},{"data":"bronze:Backtrace","floor":11,"key":"SMITH"}],"circlet_count":0,"master_deck":["bronze:Strike","bronze:Strike","bronze:Strike","bronze:Defend","bronze:Defend","bronze:Defend","bronze:Defend","bronze:Replicate+1","bronze:Goto","bronze:DelayedGuard","bronze:WhirlingStrike","bronze:DelayedGuard","bronze:Boost","bronze:Backtrace+1","bronze:ForceShield","bronze:DelayedSlice","bronze:Invalidate","bronze:FollowUp"],"relics":["bronze:BronzeCore","Toy Ornithopter","Bird Faced Urn","Turnip","downfall:HeartBlessingBlue","hexamod:BolsterEngine","downfall:HeartBlessingRed"],"acts_visited":["Exordium"],"potions_floor_usage":[6],"damage_taken":[{"damage":8,"enemies":"2 Louse","floor":2,"turns":4},{"damage":2,"enemies":"Jaw Worm","floor":3,"turns":4},{"damage":0,"enemies":"Cultist","floor":4,"turns":2},{"damage":0,"enemies":"Gremlin Nob","floor":6,"turns":4},{"damage":17,"enemies":"3 Sentries","floor":10,"turns":7},{"damage":0,"enemies":"2 Fungi Beasts","floor":12,"turns":3},{"damage":5,"enemies":"Gremlin Gang","floor":13,"turns":5},{"damage":6,"enemies":"Exordium Thugs","floor":14,"turns":3},{"damage":0,"enemies":"Large Slime","floor":15,"turns":6},{"damage":41,"enemies":"SI_SHIV_ARCHETYPE","floor":16,"turns":11}],"seed_played":"3245046683337769127","potions_obtained":[{"floor":3,"key":"Block Potion"},{"floor":10,"key":"Ancient Potion"},{"floor":12,"key":"SteroidPotion"},{"floor":13,"key":"SpeedPotion"},{"floor":15,"key":"Strength Potion"}],"is_trial":false,"path_per_floor":["R","M","M","M","?","E","T","R","?","E","R","M","M","M","M","B"],"character_chosen":"THE_AUTOMATON","items_purchased":[],"campfire_rested":0,"item_purchase_floors":[],"current_hp_per_floor":[70,62,60,60,48,53,53,63,63,46,46,46,41,35,35,0,0],"gold":69,"neow_bonus":"RANDOM_COMMON_RELIC","is_daily":false,"chose_seed":false,"campfire_upgraded":2,"win_rate":0.0,"timestamp":1611011832,"path_taken":["R","M","M","M","?","E","T","R","?","E","R","?","M","M","M","BOSS"],"items_purchased_type":[],"build_version":"2020-12-22","purchased_purges":0,"victory":false,"max_hp_per_floor":[70,70,70,70,70,70,70,80,80,80,80,80,80,80,80,80,80],"card_choices":[{"not_picked":["bronze:BugBarrage","bronze:ItsAFeature"],"picked":"bronze:DelayedGuard","floor":2},{"not_picked":["bronze:Invalidate","bronze:DigitalCarnage"],"picked":"bronze:WhirlingStrike","floor":3},{"not_picked":["bronze:BitShift","bronze:WildBeam","bronze:Separator"],"picked":"SKIP","floor":4},{"not_picked":["bronze:WildBeam","bronze:ItsAFeature"],"picked":"bronze:DelayedGuard","floor":6},{"not_picked":["bronze:ForLoop","bronze:CleanCode"],"picked":"bronze:Backtrace","floor":10},{"not_picked":["bronze:Separator","bronze:WhirlingStrike"],"picked":"bronze:ForceShield","floor":12},{"not_picked":["bronze:CloningBeam","bronze:Branch"],"picked":"bronze:DelayedSlice","floor":13},{"not_picked":["bronze:OilSpill","bronze:Refactor"],"picked":"bronze:Invalidate","floor":14},{"not_picked":["bronze:Constructor","bronze:Fortify"],"picked":"bronze:FollowUp","floor":15}],"player_experience":498529,"relics_obtained":[{"floor":6,"key":"Turnip"},{"floor":10,"key":"hexamod:BolsterEngine"}],"event_choices":[{"damage_healed":0,"gold_gain":0,"player_choice":"Success","damage_taken":12,"relics_obtained":["Bird Faced Urn"],"max_hp_gain":0,"max_hp_loss":0,"event_name":"Scrap Ooze","floor":5,"gold_loss":0}],"is_beta":false,"boss_relics":[],"items_purged_floors":[],"is_endless":false,"potions_floor_spawned":[3,10,12,13,15],"killed_by":"SI_SHIV_ARCHETYPE","ascension_level":3}}