{"host":"ad59wuc8ynh8u2z6","time":1611001792,"event":{"mods":["AchievementEnabler","BaseMod","Colored Powertips","DeckTracker","Highlight Path","Minty Spire (QoL Compilation)","Permanent Neow"],"gold_per_floor":[13,30,30,41,41,69,69,94,94,94,112,112,62,87,87,186,186,202,202,117,117,42,75,90,120,146,177,276,288,314,328,328,426,426,439,339,354,8,19,19,45,45,69,69,69,85,113,113,113,113],"floor_reached":51,"language":"ENG","playtime":2000,"items_purged":["Perfected Strike","Strike_R","Strike_R"],"score":1023,"play_id":"1608f34e-86e9-4735-a390-2659f5d62d4f","local_time":"20210118212952","is_ascension_mode":true,"campfire_choices":[{"data":"Apotheosis","floor":7.0,"key":"SMITH"},{"floor":10.0,"key":"REST"},{"floor":15.0,"key":"RECALL"},{"floor":32,"key":"REST"},{"floor":40,"key":"REST"},{"floor":45,"key":"REST"},{"floor":49,"key":"REST"}],"circlet_count":0,"master_deck":["Strike_R","Defend_R+1","Defend_R","Defend_R+1","Defend_R","Apotheosis+1","Pommel Strike","Limit Break","Warcry+1","Warcry+1","Inflame","Pommel Strike+1","Limit Break","Shrug It Off+1","Master of Strategy","Flash of Steel+1","Shrug It Off+1"],"relics":["Burning Blood","Red Skull","Kunai","MealTicket","Eternal Feather","Sozu","Paper Frog","HornCleat","MutagenicStrength","Molten Egg 2","Bag of Marbles","War Paint","Boot","Ancient Tea Set","Fusion Hammer","Membership Card","Shuriken","Lantern","Strawberry","PreservedInsect"],"acts_visited":["Exordium","TheCity","TheBeyond"],"potions_floor_usage":[],"damage_taken":[{"damage":0.0,"enemies":"2 Louse","floor":1.0,"turns":2.0},{"damage":0.0,"enemies":"Cultist","floor":2.0,"turns":3.0},{"damage":0.0,"enemies":"Small Slimes","floor":4.0,"turns":4.0},{"damage":40.0,"enemies":"Gremlin Nob","floor":6.0,"turns":5.0},{"damage":16.0,"enemies":"Lagavulin","floor":8.0,"turns":7.0},{"damage":2.0,"enemies":"2 Fungi Beasts","floor":11.0,"turns":3.0},{"damage":6.0,"enemies":"3 Sentries","floor":14.0,"turns":6.0},{"damage":44.0,"enemies":"Hexaghost","floor":16.0,"turns":10.0},{"damage":11.0,"enemies":"Shell Parasite","floor":18.0,"turns":8.0},{"damage":63.0,"enemies":"Book of Stabbing","floor":23.0,"turns":8.0},{"damage":4.0,"enemies":"Spheric Guardian","floor":24.0,"turns":4.0},{"damage":12.0,"enemies":"Gremlin Leader","floor":25.0,"turns":6.0},{"damage":7,"enemies":"Slavers","floor":27,"turns":6},{"damage":2,"enemies":"Chosen and Byrds","floor":29,"turns":4},{"damage":8,"enemies":"Book of Stabbing","floor":30,"turns":5},{"damage":6,"enemies":"Centurion and Healer","floor":31,"turns":4},{"damage":1,"enemies":"Collector","floor":33,"turns":5},{"damage":0,"enemies":"3 Shapes","floor":35,"turns":3},{"damage":17,"enemies":"3 Darklings","floor":37,"turns":3},{"damage":3,"enemies":"Spire Growth","floor":39,"turns":3},{"damage":5,"enemies":"Reptomancer","floor":41,"turns":4},{"damage":0,"enemies":"Maw","floor":46,"turns":4},{"damage":1,"enemies":"Giant Head","floor":47,"turns":3},{"damage":0,"enemies":"Donu and Deca","floor":50,"turns":3}],"seed_played":"1132914842906471765","potions_obtained":[{"floor":1.0,"key":"ElixirPotion"},{"floor":2.0,"key":"Regen Potion"},{"floor":11.0,"key":"Explosive Potion"},{"floor":14.0,"key":"ElixirPotion"}],"is_trial":false,"path_per_floor":["M","M","?","M","?","E","R","E","T","R","M","?","?","E","R","B",null,"M","?","?","?","$","E","M","E","T","E","?","M","E","M","R","B",null,"M","$","M","$","M","R","E","$","T","?","R","M","E","?","R","B",null],"character_chosen":"IRONCLAD","items_purchased":["Membership Card","Shuriken"],"campfire_rested":5,"item_purchase_floors":[38,38],"current_hp_per_floor":[80,80,80,80,80,46,46,36,36,60,64,64,64,64,70,32,80,75,75,75,75,80,23,25,19,19,18,18,22,20,20,50,55,80,80,80,69,80,80,80,80,80,87,77,87,87,87,83,83,83],"gold":113,"neow_bonus":"RANDOM_COLORLESS_2","is_daily":false,"chose_seed":false,"campfire_upgraded":1,"win_rate":0.0,"timestamp":1611001792,"path_taken":["M","M","?","M","?","E","R","E","T","R","?","?","?","E","R","BOSS","M","?","?","?","?","E","M","E","T","E","?","M","E","?","R","BOSS","M","$","M","$","?","R","E","?","T","?","R","?","E","?","R","BOSS"],"items_purchased_type":["Relic","Relic"],"build_version":"2020-12-22","purchased_purges":3,"victory":true,"max_hp_per_floor":[80,80,80,80,80,80,80,80,80,80,80,80,80,80,80,80,80,80,80,80,80,80,80,80,80,80,80,80,80,80,80,80,80,80,80,80,80,80,80,80,80,80,87,87,87,87,87,83,83,83],"card_choices":[{"not_picked":["Transmutation","Secret Technique"],"picked":"Apotheosis","floor":0.0},{"not_picked":["Wild Strike","Armaments"],"picked":"Perfected Strike","floor":1.0},{"not_picked":["Twin Strike","Feel No Pain","Heavy Blade"],"picked":"SKIP","floor":2.0},{"not_picked":["Twin Strike","Feel No Pain","Heavy Blade"],"picked":"SKIP","floor":2.0},{"not_picked":["Warcry","Wild Strike","Rage"],"picked":"SKIP","floor":4.0},{"not_picked":["Second Wind","Combust","Iron Wave"],"picked":"SKIP","floor":6.0},{"not_picked":["Heavy Blade","Clothesline"],"picked":"Pommel Strike","floor":8.0},{"not_picked":["Feel No Pain","Heavy Blade","Flex"],"picked":"SKIP","floor":11.0},{"not_picked":["Disarm","Rupture"],"picked":"Limit Break","floor":14.0},{"not_picked":["Headbutt","Dropkick","Searing Blow"],"picked":"SKIP","floor":18.0},{"not_picked":["Rage+1","Clash+1","Iron Wave+1"],"picked":"SKIP","floor":23.0},{"not_picked":["Bloodletting","Flame Barrier"],"picked":"Warcry+1","floor":24.0},{"not_picked":["Shockwave","Twin Strike+1"],"picked":"Warcry+1","floor":25.0},{"not_picked":["Fire Breathing+1","Rupture+1"],"picked":"Inflame","floor":27},{"not_picked":["Rupture","Combust+1","Armaments"],"picked":"SKIP","floor":29},{"not_picked":["Twin Strike+1","Flex"],"picked":"Pommel Strike+1","floor":30},{"not_picked":["Armaments","Ghostly Armor","Thunderclap+1"],"picked":"SKIP","floor":31},{"not_picked":["Exhume","Brutality"],"picked":"Limit Break","floor":33},{"not_picked":["Havoc+1","Dropkick+1","True Grit"],"picked":"SKIP","floor":35},{"not_picked":["Fire Breathing","Cleave+1"],"picked":"Shrug It Off+1","floor":37},{"not_picked":["Dropkick+1","Perfected Strike+1","Wild Strike+1"],"picked":"SKIP","floor":39},{"not_picked":["Dropkick+1","Warcry+1","Armaments"],"picked":"SKIP","floor":41},{"not_picked":["Forethought","Dark Shackles"],"picked":"Master of Strategy","floor":44},{"not_picked":["Deep Breath","Forethought"],"picked":"Flash of Steel+1","floor":44},{"not_picked":["Reckless Charge+1","Clash+1"],"picked":"Shrug It Off+1","floor":46},{"not_picked":["Clash+1","Metallicize+1","Anger+1"],"picked":"SKIP","floor":47}],"player_experience":62600,"relics_obtained":[{"floor":6.0,"key":"Red Skull"},{"floor":8.0,"key":"Kunai"},{"floor":9.0,"key":"MealTicket"},{"floor":14.0,"key":"Eternal Feather"},{"floor":23.0,"key":"Molten Egg 2"},{"floor":25.0,"key":"Bag of Marbles"},{"floor":26.0,"key":"War Paint"},{"floor":27,"key":"Boot"},{"floor":30,"key":"Ancient Tea Set"},{"floor":41,"key":"Lantern"},{"floor":43,"key":"Strawberry"},{"floor":47,"key":"PreservedInsect"}],"event_choices":[{"cards_removed":["Strike_R"],"damage_healed":0.0,"max_hp_gain":0.0,"max_hp_loss":0.0,"gold_gain":0.0,"event_name":"Living Wall","player_choice":"Forget","floor":3.0,"gold_loss":0.0,"damage_taken":0.0},{"cards_removed":["Bash"],"damage_healed":0.0,"max_hp_gain":0.0,"max_hp_loss":0.0,"gold_gain":0.0,"event_name":"Purifier","player_choice":"Purged","floor":5.0,"gold_loss":0.0,"damage_taken":0.0},{"damage_healed":0.0,"max_hp_gain":0.0,"max_hp_loss":0.0,"gold_gain":0.0,"event_name":"Liars Game","player_choice":"Ignored","floor":12.0,"gold_loss":0.0,"damage_taken":0.0},{"cards_removed":["Strike_R"],"damage_healed":0.0,"max_hp_gain":0.0,"max_hp_loss":0.0,"gold_gain":0.0,"event_name":"The Cleric","player_choice":"Card Removal","floor":13.0,"gold_loss":50.0,"damage_taken":0.0},{"damage_healed":0.0,"max_hp_gain":0.0,"max_hp_loss":0.0,"gold_gain":0.0,"event_name":"The Mausoleum","player_choice":"Opened","floor":19.0,"gold_loss":0.0,"damage_taken":0.0,"relics_obtained":["Paper Frog"]},{"damage_healed":0.0,"max_hp_gain":0.0,"max_hp_loss":0.0,"gold_gain":0.0,"event_name":"Addict","player_choice":"Obtained Relic","floor":20.0,"gold_loss":85.0,"damage_taken":0.0,"relics_obtained":["HornCleat"]},{"damage_healed":0.0,"max_hp_gain":0.0,"max_hp_loss":0.0,"gold_gain":0.0,"event_name":"Drug Dealer","player_choice":"Inject Mutagens","floor":21.0,"gold_loss":0.0,"damage_taken":0.0,"relics_obtained":["MutagenicStrength"]},{"damage_healed":0,"gold_gain":99,"player_choice":"Stole From Cult","damage_taken":0,"max_hp_gain":0,"max_hp_loss":0,"event_name":"Nest","floor":28,"gold_loss":0},{"damage_healed":0,"gold_gain":0,"player_choice":"Memory 3","damage_taken":10,"max_hp_gain":0,"max_hp_loss":0,"event_name":"SensoryStone","floor":44,"gold_loss":0},{"damage_healed":0,"gold_gain":0,"player_choice":"Max HP","damage_taken":0,"max_hp_gain":0,"max_hp_loss":4,"event_name":"Winding Halls","floor":48,"gold_loss":0}],"is_beta":false,"boss_relics":[{"not_picked":["Cursed Key","Black Blood"],"picked":"Sozu"},{"not_picked":["Calling Bell","Black Star"],"picked":"Fusion Hammer"}],"items_purged_floors":[22,36,38],"is_endless":false,"potions_floor_spawned":[1,2,11,14,23,25,29,33,37,39,46,47],"ascension_level":3}}