{"host":"4ek4eq5z32z3zgvw","time":1611000391,"event":{"mods":["2.2 Compatiblity","AchievementEnabler","Act Like it!","AlwaysNeverKeys","Aspiration","BaseMod","Better Altar","Better Match","Better Note","Better Sensory Stone","Better Skull","Better Third Choice","BetterRewards","Block Reminder","Challenge The Spire","Colored Map","Colored Powertips","Curses Come First","Dark Map","DeckTracker","Defuse TimeMaze Blight","Energized Spire","Evolution","Gensokyo","GifTheSpireLib","Halation","Hallownest","Highlight Path","Hubris","Infinite Spire","Minty Spire (QoL Compilation)","Permanent Neow","Quick Restart","RRrroohrrRGHHhhh!!","Rare Cards Sparkle","RatMod","Relic Filter","Relic Sorter","Relic Stats","Replay The Spire","Reworked Bosses","Shop Mod","Spicy Shops","Spikes Relics","StSLib","Stuff the Spire","SuperFastMode","The Blue Laboratory","Uncapped","Unceasing Turn Reminder","Unknown Chances","UnlockEverythingMod","Waifu the Spire","egg","vexMod","????"],"gold_per_floor":[109,109,120,120,139,139,194,203,277,476,4700,4650,4650,4658,4658,4341,4377,4087,4087,4087,4087,3406,2956,2881,1909,1933,2045,2045,1817,1833,1844,1844,1917,1917,1936,1936,1936,1948,1967,2103,2103,2103,2151,2268,2286,2286,2286,2305,2305,2381,2464,2464,2488,2488,2363,2384,2384],"floor_reached":56,"language":"ENG","playtime":2191,"items_purged":["Dodge and Roll","Dodge and Roll","StuffTheSpire:BrainWave","Hatred","Intolerance","StuffTheSpire:Perfection"],"score":3021,"play_id":"719e4af4-59cc-4e28-a919-f900353d84e8","local_time":"20210118140631","is_ascension_mode":true,"campfire_choices":[{"data":"ReplayUltimateDefense","floor":6.0,"key":"SMITH"},{"data":"ReplayTheSpireMod:IOU","floor":15.0,"key":"SMITH"},{"data":"ReplayTheSpireMod:IOU","floor":32.0,"key":"SMITH"},{"data":"StuffTheSpire:Perfection","floor":41.0,"key":"PURGE"},{"data":"StuffTheSpire:Perfection","floor":49.0,"key":"PURGE"}],"circlet_count":0,"master_deck":["AscendersBane","rat:DextrousStrike+1","rat:DextrousStrike+1","rat:DextrousStrike+1","rat:DextrousStrike+1","rat:DextrousStrike+1","Dodge and Roll+1","Dodge and Roll+1","Dodge and Roll+1","Survivor+1","Distraction+1","Noxious Fumes+1","PiercingWail+1","ReplayUltimateDefense+1","rat:Dispatch+1","rat:Dispatch+1","ReplayUltimateDefense+1","ReplayUltimateDefense+1","Burst","Panacea+1","Backstab+1","Footwork+1","rat:Lunge+1","Footwork+1","Poison Darts","Footwork+1","rat:SilverDagger+1","A Thousand Cuts+1","StuffTheSpire:Harmony+1","StuffTheSpire:CelestialWarden+1","StuffTheSpire:Vigor+1","StuffTheSpire:Vigor","StuffTheSpire:Harmony","StuffTheSpire:CelestialWarden+1","StuffTheSpire:Harmony","StuffTheSpire:Innocence+1","StuffTheSpire:Ambrosia","StuffTheSpire:Innocence","StuffTheSpire:CelestialWarden","StuffTheSpire:Ambrosia","StuffTheSpire:CelestialWarden","StuffTheSpire:Ambrosia","StuffTheSpire:Innocence+1","StuffTheSpire:CelestialWarden","StuffTheSpire:Brawn","StuffTheSpire:Ambrosia","StuffTheSpire:Innocence","StuffTheSpire:Ambrosia","StuffTheSpire:Rapture","StuffTheSpire:Ambrosia","StuffTheSpire:BrainWave","StuffTheSpire:BrainWave","StuffTheSpire:Brawn","StuffTheSpire:Ambrosia","StuffTheSpire:Ambrosia","StuffTheSpire:Harmony","StuffTheSpire:CelestialWarden","Doppelganger","StuffTheSpire:CelestialWarden","StuffTheSpire:Rapture"],"relics":["Ring of the Snake","vexMod:BarristanHead","Omamori","ClockworkSouvenir","halation:PinkSoulGem","Replay:Wax Seal","EVO:Axolotl","vexMod:PaidLearning","halation:PromiseList","Singing Bowl","Ornamental Fan","Mummified Hand","Darkstone Periapt","Snake Skull","halation:WeightlessCrab","Replay:Rubber Ducky","RollingBoulder","Question Card","Juzu Bracelet","ReplayFunnel","Bottled Tornado","vexMod:Spyglass","SnailShell","Strange Spoon","Garlic","infinitespire:Beetle Shell","Du-Vu Doll","Sling","Membership Card","StuffTheSpire:TintedRock","Medical Kit","SpikesRelics:DaevaFist","rat:QuicksilverSash","hubris:MedicalManual","Tough Bandages","hubris:SlimyHat","aspiration:TomeofQuesting","Bronze Scales","hubris:MobiusCoin","Frozen Egg 2","halation:LostSnail","Lantern","ReplayTheSpireMod:TigerMarble","Chemical X","Oddly Smooth Stone","PreservedInsect","hubris:OldNail","vexMod:HeadHunter","ReplayTheSpireMod:Shallot","Tiny Chest","StuffTheSpire:DarkSteelAnvil","ReplayTheSpireMod:CursedCoin","infinitespire:ShieldingShard","Lee\u0027s Waffle","CeramicFish","Potion Belt","BlackRope","halation:PrussianBluePaint","StuffTheSpire:Saxophone","Ring of Peace","StuffTheSpire:Experiment12","vexMod:InvisibilityCloak","Pen Nib","MerchantsRug","Happy Flower","Bottled Lightning","TwistedFunnel","MiniBlackHole","Ice Cream","InkBottle","Kintsugi","rat:KircheisShard","StuffTheSpire:Mouthbags","hubris:Towel","Blue Candle","hubris:NiceRug","Onion Ring","Art of War","aspiration:Nostalgia","Burning Blood","Peace Pipe","Philosopher\u0027s Stone","StuffTheSpire:Barrel","vexMod:MemoryStick","halation:IllGainedPizza","Quantum Egg","rorgmod:The Boot","rat:RedSneckoSkull","Bag of Preparation","Anchor","hubris:CuriousFeather","energizedSpire:RedRose"],"acts_visited":["Exordium","Hallownest:CityofTears","Gensokyo:Gensokyoest","Hallownest:Greenpath"],"potions_floor_usage":[],"damage_taken":[{"damage":0.0,"enemies":"Small Slimes","floor":1.0,"turns":2.0},{"damage":0.0,"enemies":"Cultist","floor":3.0,"turns":2.0},{"damage":0.0,"enemies":"Jaw Worm","floor":5.0,"turns":1.0},{"damage":0.0,"enemies":"3 Sentries","floor":10.0,"turns":3.0},{"damage":0.0,"enemies":"Gremlin Nob","floor":12.0,"turns":1.0},{"damage":0.0,"enemies":"Lagavulin","floor":14.0,"turns":1.0},{"damage":0.0,"enemies":"The Guardian","floor":16.0,"turns":2.0},{"damage":0.0,"enemies":"Hallownest:Guard_and_Sentry","floor":18.0,"turns":1.0},{"damage":0.0,"enemies":"Hallownest:3_Youths","floor":22.0,"turns":3.0},{"damage":0.0,"enemies":"Nightmare","floor":23.0,"turns":4.0},{"damage":0.0,"enemies":"Hallownest:eliteWatcherKnight","floor":25.0,"turns":11.0},{"damage":0.0,"enemies":"Hallownest:Nosk","floor":27.0,"turns":2.0},{"damage":0.0,"enemies":"hubris:Merchant","floor":29.0,"turns":5.0},{"damage":0.0,"enemies":"Hallownest:Warrior_and_Youth","floor":30.0,"turns":1.0},{"damage":0.0,"enemies":"Hallownest:Master_and_Novice","floor":31.0,"turns":1.0},{"damage":0.0,"enemies":"Hallownest:BossGrimm","floor":33.0,"turns":4.0},{"damage":0.0,"enemies":"Gensokyo:3_Boulders","floor":35.0,"turns":3.0},{"damage":0.0,"enemies":"Gensokyo:AncientGuardian","floor":38.0,"turns":3.0},{"damage":0.0,"enemies":"Gensokyo:Sharpion","floor":39.0,"turns":4.0},{"damage":0.0,"enemies":"Gensokyo:Doremy","floor":40.0,"turns":2.0},{"damage":0.0,"enemies":"Nightmare","floor":44.0,"turns":3.0},{"damage":0.0,"enemies":"Gensokyo:4_Bats","floor":45.0,"turns":1.0},{"damage":0.0,"enemies":"Gensokyo:3_Boulders","floor":48.0,"turns":1.0},{"damage":0.0,"enemies":"Gensokyo:Yuyuko","floor":50.0,"turns":1.0},{"damage":0.0,"enemies":"Gensokyo:Scarlet_Devils","floor":51.0,"turns":6.0},{"damage":0,"enemies":"Hallownest:monsterHuskWarrior","floor":53,"turns":5},{"damage":0,"enemies":"Hallownest:monsterHuskGuard","floor":54,"turns":1},{"damage":1998,"enemies":"2_ Uuma","floor":56,"turns":2}],"seed_played":"7160122544408119784","potions_obtained":[{"floor":5.0,"key":"blueLaboratory:FruitPunch"},{"floor":10.0,"key":"blueLaboratory:StoneskinPotion"},{"floor":25.0,"key":"Explosive Potion"},{"floor":27.0,"key":"blueLaboratory:EnvenomedCoating"},{"floor":30.0,"key":"Strength Potion"},{"floor":33.0,"key":"blueLaboratory:SuffocatingSmog"},{"floor":40.0,"key":"AttackPotion"},{"floor":45.0,"key":"Adrenaline Potion"},{"floor":48.0,"key":"Toxic Potion"},{"floor":50.0,"key":"blueLaboratory:EnragingPotion"}],"is_trial":false,"path_per_floor":["M","$","M","?","M","R","T","?","T","E","$","E","T","E","R","B",null,"M","?","?","?","M","NM","$","E","T","E","?","$","M","M","R","B",null,"M","T","?","M","M","E","R","?","T","NM","M","?","T","M","R","B","B",null,"M","M","?","M"],"character_chosen":"THE_SILENT","items_purchased":["Distraction","vexMod:PaidLearning","StuffTheSpire:Python","rat:RuptureArtery","Noxious Fumes","PiercingWail","rat:Exsanguinate","ReplayUltimateDefense","halation:PromiseList","Singing Bowl","Ornamental Fan","rat:Dispatch","Mummified Hand","Darkstone Periapt","Snake Skull","halation:WeightlessCrab","Replay:Rubber Ducky","RollingBoulder","Question Card","Juzu Bracelet","halation:NonexistentMirror","ReplayFunnel","Bottled Tornado","Whetstone","Guide Book","vexMod:Spyglass","SnailShell","ReplayUltimateDefense","BargainBundle","Strange Spoon","Garlic","infinitespire:Beetle Shell","blueLaboratory:FruitPunch","AttackPotion","Backstab","Burst","Du-Vu Doll","Sling","Membership Card","hubris:DuctTape","StuffTheSpire:TintedRock","Panacea","Medical Kit","SpikesRelics:DaevaFist","rat:QuicksilverSash","hubris:MedicalManual","Tough Bandages","hubris:SlimyHat","aspiration:TomeofQuesting","Orrery","Bronze Scales","hubris:MobiusCoin","Frozen Egg 2","halation:LostSnail","DollysMirror","Lantern","ReplayTheSpireMod:TigerMarble","War Paint","Chemical X","Oddly Smooth Stone","PreservedInsect","hubris:OldNail","vexMod:HeadHunter","ReplayTheSpireMod:Shallot","Replay:Wax Seal","After Image+1","Tiny Chest","StuffTheSpire:DarkSteelAnvil","ReplayTheSpireMod:CursedCoin","infinitespire:ShieldingShard","Footwork+1","rat:Lunge+1","Omamori","ClockworkSouvenir","hubris:Potato","Lee\u0027s Waffle","CeramicFish","Potion Belt","Footwork+1","BlackRope","halation:PrussianBluePaint","Poison Darts","StuffTheSpire:Saxophone","Footwork+1","MerchantsRug","Happy Flower","Bottled Lightning","TwistedFunnel","Blue Candle"],"campfire_rested":0,"item_purchase_floors":[0,0,0,0,0,0,0,0,0,0,0,0,0,0,0,0,0,0,0,0,0,0,0,0,0,0,0,0,0,0,0,0,0,0,0,0,0,0,0,0,0,0,0,0,0,0,0,0,0,0,0,0,0,0,0,0,0,0,0,0,0,0,0,0,0,0,0,0,0,0,0,0,0,0,0,0,0,0,0,0,0,0,0,0,11,11,11,11,29],"current_hp_per_floor":[89,89,91,91,93,93,93,93,93,95,317,329,329,345,345,353,365,375,375,375,375,385,399,399,411,411,423,423,441,451,461,461,471,471,481,481,360,406,452,491,491,491,491,527,537,71,71,98,98,100,161,466,518,532,532,0,0],"gold":2384,"neow_bonus":"","is_daily":false,"chose_seed":false,"campfire_upgraded":3,"win_rate":0.0,"timestamp":1611000391,"path_taken":["M","?","?","?","M","R","?","?","T","E","$","E","?","E","R","BOSS","M","?","?","?","M","NM","?","E","T","E","?","$","M","M","R","BOSS","M","?","?","M","M","E","R","?","T","NM","M","?","?","?","R","BOSS","BOSS","BOSS","M","?","?","?"],"items_purchased_type":["Card","Relic","Card","Card","Card","Card","Card","Card","Relic","Relic","Relic","Card","Relic","Relic","Relic","Relic","Relic","Relic","Relic","Relic","Relic","Relic","Relic","Relic","Relic","Relic","Relic","Card","Relic","Relic","Relic","Relic","Potion","Potion","Card","Card","Relic","Relic","Relic","Relic","Relic","Card","Relic","Relic","Relic","Relic","Relic","Relic","Relic","Relic","Relic","Relic","Relic","Relic","Relic","Relic","Relic","Relic","Relic","Relic","Relic","Relic","Relic","Relic","Relic","Card","Relic","Relic","Relic","Relic","Card","Card","Relic","Relic","Relic","Relic","Relic","Relic","Card","Relic","Relic","Card","Relic","Card","Relic","Relic","Relic","Relic","Relic"],"build_version":"2020-12-22","purchased_purges":6,"victory":false,"max_hp_per_floor":[89,89,91,91,93,93,93,93,93,95,317,329,329,345,345,353,365,375,375,375,375,385,399,399,411,411,423,423,441,451,461,461,471,471,481,481,483,493,503,515,515,515,515,527,537,537,537,547,547,557,567,567,575,583,583,591,591],"relic_stats":{"Darkstone Periapt":240,"Singing Bowl":82,"CeramicFish":756,"Snake Skull":[75],"Juzu Bracelet":0,"Bag of Preparation":[12],"Burning Blood":45,"Tough Bandages":[33],"Mummified Hand":[254],"Tiny Chest":0,"Chemical X":[16],"InkBottle":[35],"Ring of the Snake":[68],"Lee\u0027s Waffle":14,"Happy Flower":[24],"counters":[38,99],"Blue Candle":[5],"PreservedInsect":320,"Pen Nib":[7],"Question Card":89,"Medical Kit":[0],"Peace Pipe":2,"Strange Spoon":[58],"Ornamental Fan":[20],"Bronze Scales":[156],"Art of War":[10],"obtain_stats":[{"TwistedFunnel":11,"Golden Egg":0,"StuffTheSpire:Barrel":36,"vexMod:MemoryStick":40,"Whetstone":0,"Bottled Tornado":0,"Sling":0,"vexMod:InvisibilityCloak":9,"infinitespire:ShieldingShard":0,"rorgmod:The Boot":46,"halation:PromiseList":7,"Replay:Wax Seal":9,"hubris:MobiusCoin":0,"MerchantsRug":11,"Blue Candle":29,"Pen Nib":10,"aspiration:FrozenJewel":0,"Kintsugi":17,"Lantern":0,"Torii":0,"Singing Bowl":0,"Bag of Preparation":46,"Burning Blood":29,"Replay:Rubber Ducky":0,"StuffTheSpire:OccultApparatus":3,"Ring of Peace":4,"hubris:CuriousFeather":47,"Chemical X":0,"InkBottle":14,"Ring of the Snake":0,"StuffTheSpire:TintedRock":0,"Potion Belt":0,"Lee\u0027s Waffle":0,"StuffTheSpire:Saxophone":0,"PreservedInsect":0,"Omamori":0,"hubris:Towel":2,"Frozen Egg 2":0,"halation:NonexistentMirror":0,"StuffTheSpire:Mouthbags":25,"Ornamental Fan":0,"rat:KircheisShard":23,"Orrery":0,"Garlic":0,"SpikesRelics:DaevaFist":0,"Art of War":29,"Bottled Lightning":11,"halation:LostSnail":0,"halation:PinkSoulGem":42,"Ice Cream":13,"CeramicFish":0,"EVO:Axolotl":0,"DollysMirror":0,"halation:PrussianBluePaint":0,"Philosopher\u0027s Stone":34,"Happy Flower":11,"hubris:DuctTape":0,"ReplayTheSpireMod:CursedCoin":0,"aspiration:Nostalgia":29,"Oddly Smooth Stone":0,"infinitespire:Beetle Shell":0,"vexMod:PaidLearning":0,"BlackRope":0,"War Paint":0,"Question Card":0,"Du-Vu Doll":0,"rat:RedSneckoSkull":46,"ReplayTheSpireMod:Shallot":0,"Bronze Scales":0,"StuffTheSpire:DarkSteelAnvil":0,"Onion Ring":29,"ReplayTheSpireMod:TigerMarble":0,"Darkstone Periapt":0,"ReplayFunnel":0,"SnailShell":0,"aspiration:TomeofQuesting":0,"Snake Skull":0,"halation:WeightlessCrab":0,"Juzu Bracelet":0,"hubris:SlimyHat":0,"vexMod:Spyglass":0,"ClockworkSouvenir":0,"StuffTheSpire:Experiment12":7,"Tough Bandages":0,"hubris:Icosahedron":3,"Mummified Hand":0,"MiniBlackHole":12,"RollingBoulder":0,"Tiny Chest":0,"energizedSpire:RedRose":52,"BargainBundle":0,"Replay:Towering Pillar of Hats":0,"infinitespire:CursedDice":27,"Guide Book":0,"Quantum Egg":44,"halation:IllGainedPizza":43,"hubris:MedicalManual":0,"Medical Kit":0,"Peace Pipe":29,"Strange Spoon":0,"Anchor":46,"vexMod:BarristanHead":26,"vexMod:HeadHunter":0,"rat:QuicksilverSash":0,"Membership Card":0,"hubris:OldNail":0,"hubris:Potato":0,"ReplayTheSpireMod:ShopPack":0,"hubris:NiceRug":29},{"TwistedFunnel":13,"Golden Egg":2,"StuffTheSpire:Barrel":26,"vexMod:MemoryStick":29,"Whetstone":9,"Bottled Tornado":9,"Sling":9,"vexMod:InvisibilityCloak":12,"infinitespire:ShieldingShard":9,"rorgmod:The Boot":31,"halation:PromiseList":5,"Replay:Wax Seal":6,"hubris:MobiusCoin":9,"MerchantsRug":13,"Blue Candle":21,"Pen Nib":13,"aspiration:FrozenJewel":2,"Kintsugi":16,"Lantern":9,"Torii":2,"Singing Bowl":9,"Bag of Preparation":31,"Burning Blood":22,"Replay:Rubber Ducky":9,"StuffTheSpire:OccultApparatus":1,"Ring of Peace":11,"hubris:CuriousFeather":31,"Chemical X":9,"InkBottle":15,"Ring of the Snake":0,"StuffTheSpire:TintedRock":9,"Potion Belt":9,"Lee\u0027s Waffle":9,"StuffTheSpire:Saxophone":2,"PreservedInsect":9,"Omamori":9,"hubris:Towel":1,"Frozen Egg 2":9,"halation:NonexistentMirror":2,"StuffTheSpire:Mouthbags":20,"Ornamental Fan":9,"rat:KircheisShard":19,"Orrery":9,"Garlic":9,"SpikesRelics:DaevaFist":9,"Art of War":22,"Bottled Lightning":13,"halation:LostSnail":9,"halation:PinkSoulGem":29,"Ice Cream":14,"CeramicFish":9,"EVO:Axolotl":0,"DollysMirror":9,"halation:PrussianBluePaint":9,"Philosopher\u0027s Stone":25,"Happy Flower":7,"hubris:DuctTape":9,"ReplayTheSpireMod:CursedCoin":9,"aspiration:Nostalgia":22,"Oddly Smooth Stone":9,"infinitespire:Beetle Shell":9,"vexMod:PaidLearning":9,"BlackRope":9,"War Paint":9,"Question Card":9,"Du-Vu Doll":9,"rat:RedSneckoSkull":31,"ReplayTheSpireMod:Shallot":9,"Bronze Scales":9,"StuffTheSpire:DarkSteelAnvil":9,"Onion Ring":22,"ReplayTheSpireMod:TigerMarble":9,"Darkstone Periapt":9,"ReplayFunnel":9,"SnailShell":9,"aspiration:TomeofQuesting":9,"Snake Skull":9,"halation:WeightlessCrab":9,"Juzu Bracelet":9,"hubris:SlimyHat":9,"vexMod:Spyglass":9,"ClockworkSouvenir":9,"StuffTheSpire:Experiment12":12,"Tough Bandages":9,"hubris:Icosahedron":3,"Mummified Hand":9,"MiniBlackHole":14,"RollingBoulder":9,"Tiny Chest":9,"energizedSpire:RedRose":35,"BargainBundle":9,"Replay:Towering Pillar of Hats":2,"infinitespire:CursedDice":21,"Guide Book":9,"Quantum Egg":30,"halation:IllGainedPizza":29,"hubris:MedicalManual":9,"Medical Kit":9,"Peace Pipe":22,"Strange Spoon":9,"Anchor":31,"vexMod:BarristanHead":20,"vexMod:HeadHunter":9,"rat:QuicksilverSash":9,"Membership Card":9,"hubris:OldNail":9,"hubris:Potato":9,"ReplayTheSpireMod:ShopPack":2,"hubris:NiceRug":22},{"TwistedFunnel":30,"Golden Egg":6,"StuffTheSpire:Barrel":69,"vexMod:MemoryStick":78,"Whetstone":22,"Bottled Tornado":22,"Sling":22,"vexMod:InvisibilityCloak":27,"infinitespire:ShieldingShard":22,"rorgmod:The Boot":82,"halation:PromiseList":14,"Replay:Wax Seal":15,"hubris:MobiusCoin":22,"MerchantsRug":30,"Blue Candle":55,"Pen Nib":30,"aspiration:FrozenJewel":6,"Kintsugi":34,"Lantern":22,"Torii":6,"Singing Bowl":22,"Bag of Preparation":82,"Burning Blood":60,"Replay:Rubber Ducky":22,"StuffTheSpire:OccultApparatus":5,"Ring of Peace":26,"hubris:CuriousFeather":82,"Chemical X":22,"InkBottle":32,"Ring of the Snake":0,"StuffTheSpire:TintedRock":22,"Potion Belt":22,"Lee\u0027s Waffle":22,"StuffTheSpire:Saxophone":6,"PreservedInsect":22,"Omamori":22,"hubris:Towel":5,"Frozen Egg 2":22,"halation:NonexistentMirror":6,"StuffTheSpire:Mouthbags":53,"Ornamental Fan":22,"rat:KircheisShard":42,"Orrery":22,"Garlic":22,"SpikesRelics:DaevaFist":22,"Art of War":60,"Bottled Lightning":30,"halation:LostSnail":22,"halation:PinkSoulGem":78,"Ice Cream":31,"CeramicFish":22,"EVO:Axolotl":0,"DollysMirror":22,"halation:PrussianBluePaint":22,"Philosopher\u0027s Stone":66,"Happy Flower":19,"hubris:DuctTape":22,"ReplayTheSpireMod:CursedCoin":22,"aspiration:Nostalgia":60,"Oddly Smooth Stone":22,"infinitespire:Beetle Shell":22,"vexMod:PaidLearning":22,"BlackRope":22,"War Paint":22,"Question Card":22,"Du-Vu Doll":22,"rat:RedSneckoSkull":82,"ReplayTheSpireMod:Shallot":22,"Bronze Scales":22,"StuffTheSpire:DarkSteelAnvil":22,"Onion Ring":60,"ReplayTheSpireMod:TigerMarble":22,"Darkstone Periapt":22,"ReplayFunnel":22,"SnailShell":22,"aspiration:TomeofQuesting":22,"Snake Skull":22,"halation:WeightlessCrab":22,"Juzu Bracelet":22,"hubris:SlimyHat":22,"vexMod:Spyglass":22,"ClockworkSouvenir":22,"StuffTheSpire:Experiment12":27,"Tough Bandages":22,"hubris:Icosahedron":10,"Mummified Hand":22,"MiniBlackHole":31,"RollingBoulder":22,"Tiny Chest":22,"energizedSpire:RedRose":91,"BargainBundle":22,"Replay:Towering Pillar of Hats":6,"infinitespire:CursedDice":55,"Guide Book":22,"Quantum Egg":81,"halation:IllGainedPizza":78,"hubris:MedicalManual":22,"Medical Kit":22,"Peace Pipe":60,"Strange Spoon":22,"Anchor":82,"vexMod:BarristanHead":53,"vexMod:HeadHunter":22,"rat:QuicksilverSash":22,"Membership Card":22,"hubris:OldNail":22,"hubris:Potato":22,"ReplayTheSpireMod:ShopPack":6,"hubris:NiceRug":60}]},"card_choices":[{"not_picked":["rorgmod:Prepared","StuffTheSpire:Shiver","ReplayTheSpireMod:The Works"],"picked":"Backstab","floor":0.0},{"not_picked":["Sucker Punch","StuffTheSpire:Injection","Setup","rat:SiphonBlood"],"picked":"Singing Bowl","floor":0.0},{"not_picked":["rat:SilverDagger","rat:MimicPod","Quick Slash","Setup"],"picked":"Singing Bowl","floor":0.0},{"not_picked":["hubris:SlightOfHand","StuffTheSpire:Shiver","rat:SilveredBlade","StuffTheSpire:Sprint"],"picked":"Singing Bowl","floor":0.0},{"not_picked":["rorgmod:Prepared","rat:SilveredBlade","Dodge and Roll","Glass Knife"],"picked":"Singing Bowl","floor":0.0},{"not_picked":["Backstab","Dagger Spray","StuffTheSpire:Fury","rat:DextrousStrike"],"picked":"Singing Bowl","floor":1.0},{"not_picked":["Outmaneuver","Pace","Dagger Spray","Poisoned Stab"],"picked":"Singing Bowl","floor":3.0},{"not_picked":["StuffTheSpire:DoubleShiv","Deflect","StuffTheSpire:ClusterCrunch","All Out Attack"],"picked":"Singing Bowl","floor":5.0},{"not_picked":["Sadistic Nature","ReplayTheSpireMod:From All Sides","aspiration:Lunge"],"picked":"A Thousand Cuts","floor":10.0},{"not_picked":["rat:SilverDagger","Sucker Punch","Outmaneuver","StuffTheSpire:Python"],"picked":"Singing Bowl","floor":10.0},{"not_picked":["aspiration:Lunge","rorgmod:Wraith Form 2","StuffTheSpire:FinalStruggle","rorgmod:Tools of the Trade"],"picked":"Singing Bowl","floor":12.0},{"not_picked":["rat:SilverCoating+1","rorgmod:Slice","StuffTheSpire:Injection","Deflect"],"picked":"Singing Bowl","floor":12.0},{"not_picked":["rorgmod:Wraith Form","rat:Disembowel","StuffTheSpire:FinalStruggle","Tools of the Trade"],"picked":"Singing Bowl","floor":14.0},{"not_picked":["hubris:TrickCloak","Tactician","Well Laid Plans+1","Dagger Throw"],"picked":"Singing Bowl","floor":14.0},{"not_picked":["A Thousand Cuts+1","rorgmod:Wraith Form+1","rat:SilverCoating+1"],"picked":"Doppelganger","floor":16.0},{"not_picked":["Backflip","Dagger Spray+1","Hidden Blade","Quick Slash"],"picked":"Singing Bowl","floor":18.0},{"not_picked":["Flying Knee","Bane","rat:Sprint","Dagger Throw"],"picked":"Singing Bowl","floor":22.0},{"not_picked":["aspiration:Lunge","Poison Darts","infinitespire:Neurotoxin","Night Terror"],"picked":"Singing Bowl","floor":23.0},{"not_picked":["ReplayTheSpireMod:Black Plague","ReplayTheSpireMod:Echoes of Time","infinitespire:NeuralNetwork"],"picked":"Singing Bowl","floor":23.0},{"not_picked":["StuffTheSpire:ClusterCrunch","rat:SilverDagger","rat:OpeningStrike","ReplayTheSpireMod:Tripwire"],"picked":"Singing Bowl","floor":23.0},{"not_picked":["aspiration:Lunge","Atom Bomb","Malaise","Envenom"],"picked":"Singing Bowl","floor":25.0},{"not_picked":["Sucker Punch","ReplayTheSpireMod:Exploit Weakness","Distraction","Poisoned Stab"],"picked":"Singing Bowl","floor":25.0},{"not_picked":["Poison Darts","Sadistic Nature","rat:BloodPact","A Thousand Cuts"],"picked":"Singing Bowl","floor":27.0},{"not_picked":["rat:SilveredBlade","Toxin Wave+1","Cloak And Dagger","Burst"],"picked":"Singing Bowl","floor":27.0},{"not_picked":["StuffTheSpire:FinalStruggle"],"picked":"Singing Bowl","floor":29.0},{"not_picked":["rorgmod:Tendon Slice"],"picked":"Singing Bowl","floor":29.0},{"not_picked":["StuffTheSpire:Python"],"picked":"Singing Bowl","floor":29.0},{"not_picked":["Reforge"],"picked":"Singing Bowl","floor":29.0},{"not_picked":["Madness"],"picked":"Singing Bowl","floor":29.0},{"not_picked":["Backflip"],"picked":"SKIP","floor":29.0},{"not_picked":["Well Laid Plans+1"],"picked":"SKIP","floor":29.0},{"not_picked":["Dagger Spray","Acrobatics+1","Poisoned Stab","StuffTheSpire:Shiver+1"],"picked":"Singing Bowl","floor":30.0},{"not_picked":["StuffTheSpire:Python+1","rat:BloodPact+1","Backflip","StuffTheSpire:DoubleShiv+1"],"picked":"Singing Bowl","floor":31.0},{"not_picked":["Burst","rat:Disembowel","Replay:Bag of Tricks","A Thousand Cuts+1"],"picked":"Singing Bowl","floor":33.0},{"not_picked":["Cloak And Dagger","Sucker Punch+1","StuffTheSpire:Fury+1","Poisoned Stab+1"],"picked":"Singing Bowl","floor":35.0},{"not_picked":["infinitespire:Punishment","infinitespire:TheBestDefense","infinitespire:Oblivion"],"picked":"Singing Bowl","floor":37.0},{"not_picked":["Cloak And Dagger","Outmaneuver+1","Dagger Throw+1","Backstab"],"picked":"Singing Bowl","floor":38.0},{"not_picked":["rat:RuptureArtery","A Thousand Cuts+1","rorgmod:Reflex+1","Choke+1"],"picked":"Singing Bowl","floor":39.0},{"not_picked":["rorgmod:Tools of the Trade","Wraith Form v2","Die Die Die","Storm of Steel"],"picked":"Singing Bowl","floor":40.0},{"not_picked":["rat:EchoingStrikes","Deadly Poison+1","rorgmod:Slice","rorgmod:Tools of the Trade+1"],"picked":"Singing Bowl","floor":40.0},{"not_picked":["Malaise","rorgmod:Wraith Form","rat:Lunge","Burst"],"picked":"Singing Bowl","floor":44.0},{"not_picked":["StuffTheSpire:Injection+1","Hidden Blade","Flechettes","Predator+1"],"picked":"Singing Bowl","floor":44.0},{"not_picked":["PiercingWail+1","Infinite Blades+1","All Out Attack","Poisoned Stab+1"],"picked":"Singing Bowl","floor":45.0},{"not_picked":["StuffTheSpire:ClusterCrunch+1","Replay:Poison Smokescreen","Sucker Punch","rat:OpeningStrike+1"],"picked":"Singing Bowl","floor":48.0},{"not_picked":["Replay:Bag of Tricks","Unload","rorgmod:Wraith Form+1","StuffTheSpire:FinalStruggle"],"picked":"Singing Bowl","floor":50.0},{"not_picked":["Night Terror","rat:SilverCoating+1","ReplayTheSpireMod:From All Sides","rorgmod:Storm of Steel+1"],"picked":"Singing Bowl","floor":51.0},{"not_picked":["rorgmod:Slice","rorgmod:Prepared","Sucker Punch","Skewer"],"picked":"SKIP","floor":53},{"not_picked":["Dodge and Roll","rat:RuptureArtery","Bane","rat:ColdBlood+1"],"picked":"SKIP","floor":54}],"player_experience":626913,"relics_obtained":[{"floor":4.0,"key":"Ring of Peace"},{"floor":7.0,"key":"StuffTheSpire:Experiment12"},{"floor":9.0,"key":"vexMod:InvisibilityCloak"},{"floor":10.0,"key":"Pen Nib"},{"floor":12.0,"key":"MiniBlackHole"},{"floor":13.0,"key":"Ice Cream"},{"floor":14.0,"key":"InkBottle"},{"floor":23.0,"key":"rat:KircheisShard"},{"floor":25.0,"key":"StuffTheSpire:Mouthbags"},{"floor":26.0,"key":"vexMod:BarristanHead"},{"floor":27.0,"key":"infinitespire:CursedDice"},{"floor":29.0,"key":"Onion Ring"},{"floor":29.0,"key":"Art of War"},{"floor":29.0,"key":"aspiration:Nostalgia"},{"floor":29.0,"key":"Peace Pipe"},{"floor":36.0,"key":"StuffTheSpire:Barrel"},{"floor":40.0,"key":"vexMod:MemoryStick"},{"floor":43.0,"key":"halation:IllGainedPizza"},{"floor":44.0,"key":"Quantum Egg"},{"floor":47.0,"key":"hubris:CuriousFeather"}],"event_choices":[{"damage_healed":0.0,"max_hp_gain":0.0,"max_hp_loss":0.0,"gold_gain":0.0,"event_name":"betterMatch:BetterMatch","player_choice":"3","floor":19.0,"gold_loss":0.0,"damage_taken":0.0,"cards_obtained":[]},{"damage_healed":0.0,"max_hp_gain":0.0,"max_hp_loss":0.0,"gold_gain":0.0,"event_name":"betterSkull:BetterSkull","player_choice":"RE RE RE RE ","floor":46.0,"gold_loss":0.0,"damage_taken":474.0,"cards_upgraded":[],"relics_obtained":["rorgmod:The Boot","rat:RedSneckoSkull","Bag of Preparation","Anchor"]},{"damage_healed":0,"gold_gain":0,"player_choice":"3","damage_taken":0,"max_hp_gain":0,"max_hp_loss":0,"event_name":"betterMatch:BetterMatch","floor":55,"gold_loss":0,"cards_obtained":[]}],"is_beta":false,"boss_relics":[{"not_picked":["energizedSpire:MagnifyingGlass","Busted Crown"],"picked":"Kintsugi"},{"not_picked":["aspiration:FutureDiary","aspiration:WatcherSkillbook"],"picked":"Philosopher\u0027s Stone"},{"not_picked":["energizedSpire:SpiderWeb","aspiration:PoetsPen"],"picked":"energizedSpire:RedRose"}],"items_purged_floors":[0,0,11,24,29,29],"is_endless":true,"potions_floor_spawned":[5,10,12,25,27,30,33,35,40,45,48,50,54],"killed_by":"2_ Uuma","ascension_level":20}}