{"host":"suaetoo57rt99mh0","time":1611005154,"event":{"mods":["Act Like it!","Aspiration","BaseMod","Conspire","Defuse TimeMaze Blight","Elementarium","Energized Spire","Hubris","Infinite Spire","Jedi Mod","Minty Spire (QoL Compilation)","Quick Restart","Relic Filter","Replay The Spire","StSLib","The Jungle","Uncapped","UnlockEverythingMod","Useless Jewels Mod","vexMod"],"gold_per_floor":[116,116,6,25,45,45,45],"floor_reached":6,"language":"ENG","playtime":178,"items_purged":[],"score":36,"play_id":"69ef80f7-696a-4dcb-b768-4aee2cfc1df7","local_time":"20210118152554","is_ascension_mode":false,"campfire_choices":[],"circlet_count":0,"master_deck":["Strike_R","Strike_R","Strike_R","Strike_R","Strike_R","Defend_R","Defend_R","Defend_R","Defend_R","Bash","Replay:Undeath\u0027s Touch","Infernal Blade","Fiend Fire","Life Link","Life Link","Run Through","Run Through","Clothesline"],"relics":["Burning Blood","NeowsBlessing"],"acts_visited":["Exordium"],"potions_floor_usage":[6],"damage_taken":[{"damage":0,"enemies":"2 Louse","floor":1,"turns":1},{"damage":0,"enemies":"Cultist","floor":4,"turns":1},{"damage":0,"enemies":"Small Slimes","floor":5,"turns":1},{"damage":15,"enemies":"3 Sentries","floor":6,"turns":3}],"seed_played":"8993688429558877335","potions_obtained":[{"floor":1,"key":"LiquidMemories"},{"floor":4,"key":"Death Potion"}],"is_trial":false,"path_per_floor":["M","?","$","M","M","E"],"character_chosen":"IRONCLAD","items_purchased":["Life Link","Run Through"],"campfire_rested":0,"item_purchase_floors":[3,3],"current_hp_per_floor":[80,80,80,80,80,65,65],"gold":45,"neow_bonus":"THREE_ENEMY_KILL","is_daily":false,"chose_seed":false,"campfire_upgraded":0,"win_rate":0.0,"timestamp":1611005154,"path_taken":["M","?","$","M","?","E"],"items_purchased_type":["Card","Card"],"build_version":"2020-12-22","purchased_purges":0,"victory":false,"max_hp_per_floor":[80,80,80,80,80,80,80],"card_choices":[{"not_picked":["Flex","Armaments"],"picked":"Replay:Undeath\u0027s Touch","floor":1},{"not_picked":["Havoc","Ghostly Armor"],"picked":"Run Through","floor":4},{"not_picked":["Bloodletting","Searing Blow"],"picked":"Clothesline","floor":5}],"player_experience":89425,"relics_obtained":[],"event_choices":[{"damage_healed":0,"gold_gain":0,"player_choice":"2 cards matched","damage_taken":0,"max_hp_gain":0,"max_hp_loss":0,"event_name":"Match and Keep!","floor":2,"gold_loss":0,"cards_obtained":["Infernal Blade","Fiend Fire"]},{"damage_healed":0,"gold_gain":0,"player_choice":"2 cards matched","damage_taken":0,"max_hp_gain":0,"max_hp_loss":0,"event_name":"Match and Keep!","floor":2,"gold_loss":0,"cards_obtained":["Infernal Blade","Fiend Fire"]}],"is_beta":false,"boss_relics":[],"items_purged_floors":[],"is_endless":false,"potions_floor_spawned":[1,4],"killed_by":"3 Sentries","ascension_level":0}}