{"host":"3qkmyeoym75lj4wn","time":1611000654,"event":{"mods":["2.2 Compatiblity","BaseMod","Block Reminder","Colored Powertips","Highlight Path","Minty Spire (QoL Compilation)","Permanent Neow","Potion Indicator Mod","Rare Cards Sparkle","Relic Stats","StSLib","Unceasing Turn Reminder"],"gold_per_floor":[109,19,19,35,51,51,65,100,125,125,24,41,51,84,84,84,84],"floor_reached":16,"language":"ENG","playtime":475,"items_purged":["Pain"],"score":224,"play_id":"dc6bd082-f9ed-4bc6-acc2-1153c5b253e1","local_time":"20210118201054","is_ascension_mode":true,"campfire_choices":[{"data":"Zap","floor":6,"key":"SMITH"},{"data":"Chaos","floor":15,"key":"SMITH"}],"circlet_count":0,"master_deck":["AscendersBane","Strike_B","Strike_B","Strike_B","Strike_B","Defend_B","Defend_B","Defend_B","Defend_B","Zap+1","Dualcast","Cold Snap","Streamline","Dramatic Entrance","Seek","Chaos+1","Coolheaded","Capacitor","Ball Lightning","Self Repair","Go for the Eyes","Self Repair"],"relics":["Cracked Core","WarpedTongs","Art of War","Strawberry","Blood Vial"],"acts_visited":["Exordium"],"potions_floor_usage":[8,14,16],"damage_taken":[{"damage":1,"enemies":"Small Slimes","floor":1,"turns":4},{"damage":3,"enemies":"Cultist","floor":4,"turns":3},{"damage":0,"enemies":"Jaw Worm","floor":5,"turns":2},{"damage":13,"enemies":"Exordium Wildlife","floor":7,"turns":4},{"damage":9,"enemies":"3 Sentries","floor":8,"turns":7},{"damage":9,"enemies":"Red Slaver","floor":12,"turns":2},{"damage":6,"enemies":"Lots of Slimes","floor":13,"turns":2},{"damage":9,"enemies":"Gremlin Nob","floor":14,"turns":3},{"damage":46,"enemies":"Slime Boss","floor":16,"turns":6}],"seed_played":"3682101801253988176","potions_obtained":[{"floor":4,"key":"DuplicationPotion"},{"floor":5,"key":"PowerPotion"},{"floor":8,"key":"Dexterity Potion"}],"is_trial":false,"path_per_floor":["M","$","?","M","M","R","M","E","T","?","$","M","M","E","R","B"],"character_chosen":"DEFECT","items_purchased":["Dramatic Entrance","Ball Lightning"],"campfire_rested":0,"item_purchase_floors":[2,11],"current_hp_per_floor":[63,63,63,60,60,60,47,38,45,45,45,36,37,42,42,0,0],"gold":84,"neow_bonus":"THREE_CARDS","is_daily":false,"chose_seed":false,"campfire_upgraded":2,"win_rate":0.0,"timestamp":1611000654,"path_taken":["M","$","?","?","M","R","M","E","T","?","?","M","?","E","R","BOSS"],"items_purchased_type":["Card","Card"],"build_version":"2020-12-22","purchased_purges":1,"victory":false,"max_hp_per_floor":[71,71,71,71,71,71,71,71,78,78,78,78,78,78,78,78,78],"relic_stats":{"Blood Vial":2,"counters":[9,33],"Art of War":[1],"obtain_stats":[{"Blood Vial":14,"Strawberry":9,"Art of War":8,"Cracked Core":0,"WarpedTongs":3},{"Blood Vial":8,"Strawberry":5,"Art of War":5,"Cracked Core":0,"WarpedTongs":1},{"Blood Vial":27,"Strawberry":20,"Art of War":20,"Cracked Core":0,"WarpedTongs":4}],"WarpedTongs":[29]},"card_choices":[{"not_picked":["Darkness","Stack"],"picked":"Cold Snap","floor":0},{"not_picked":["Beam Cell","Leap"],"picked":"Streamline","floor":1},{"not_picked":["Gash","BootSequence"],"picked":"Seek","floor":4},{"not_picked":["Hologram","Barrage"],"picked":"Chaos","floor":5},{"not_picked":["Beam Cell","Gash"],"picked":"Coolheaded","floor":7},{"not_picked":["Scrape","Rainbow"],"picked":"Capacitor","floor":8},{"not_picked":["Conserve Battery","Hologram"],"picked":"Self Repair","floor":12},{"not_picked":["Cold Snap","Sweeping Beam"],"picked":"Go for the Eyes","floor":13},{"not_picked":["Rebound","Gash"],"picked":"Self Repair","floor":14}],"player_experience":1688640,"relics_obtained":[{"floor":8,"key":"Art of War"},{"floor":9,"key":"Strawberry"},{"floor":14,"key":"Blood Vial"}],"event_choices":[{"damage_healed":0,"gold_gain":0,"player_choice":"Rummage","damage_taken":0,"relics_obtained":["WarpedTongs"],"max_hp_gain":0,"max_hp_loss":0,"event_name":"Accursed Blacksmith","floor":3,"gold_loss":0,"cards_obtained":["Pain"]},{"damage_healed":0,"gold_gain":0,"player_choice":"Ignored","damage_taken":0,"max_hp_gain":0,"max_hp_loss":0,"event_name":"Shining Light","floor":10,"gold_loss":0}],"is_beta":false,"boss_relics":[],"items_purged_floors":[11],"is_endless":false,"potions_floor_spawned":[4,5,8,12],"killed_by":"Slime Boss","ascension_level":20}}