{"host":"8anlmvy5ylhozj27","time":1611000513,"event":{"mods":["2.2 Compatiblity","Act Like it!","Aspiration","BaseMod","Best Route Mod","Better Match","Better Note","Better Sensory Stone","Better Skull","Better Third Choice","BetterRewards","Block Reminder","Colored Map","Colored Powertips","Conspire","Curses Come First","Duelist Mod","Energized Spire","GifTheSpireLib","Gold Saver","Halation","Hermit","Highlight Path","Hubris","Infinite Spire","Ironclad Rager","Minty Spire (QoL Compilation)","Permanent Neow","Quick Restart","Rare Cards Sparkle","Replay The Spire","Robot Space Explorer","Spicy Shops","StSLib","Stuff the Spire","The Bladedancer","The Blue Laboratory","The Disciple","The Exalted","The Necromancer","The Sage","Transform Curses","Wandering Minibosses","vexMod"],"gold_per_floor":[115,115,115,129,148,148,179,179,202,202,29,93,124,138,138,138,138],"floor_reached":16,"language":"FRA","playtime":916,"items_purged":["Defend_B","Defend_B"],"score":108,"play_id":"643de946-0125-4220-8767-0c285b4c264c","local_time":"20210118210833","is_ascension_mode":false,"campfire_choices":[{"data":"Creative AI","floor":6,"key":"SMITH"},{"data":"ReplayUltimateDefense","floor":8,"key":"SMITH"},{"data":"Mayhem","floor":10,"key":"SMITH"},{"data":"Defend_B","floor":15,"key":"PURGE"}],"circlet_count":0,"master_deck":["Strike_B","Strike_B","Strike_B","Strike_B","Zap","Dualcast","Mayhem+1","ReplayUltimateDefense+1","Chrysalis","Sweeping Beam","Darkness","Creative AI+1","Cold Snap","StuffTheSpire:Plugnplay","ReplayTheSpireMod:Calculation Training","Reboot","Reboot"],"relics":["Cracked Core","ReplayTheSpireMod:ShopPack","halation:Jellyphish","White Beast Statue","Orichalcum","Bag of Preparation","Prayer Wheel","vexMod:MysteryBossChallenge","RobotSpaceExplorer:Reprocessor","Geode","Gremlin Food","halation:NonexistentMirror","infinitespire:PuzzleCube","infinitespire:ShieldingShard","Kunai"],"acts_visited":["Exordium"],"potions_floor_usage":[7,7,7,13,13,16,16],"damage_taken":[{"damage":0,"enemies":"Small Slimes","floor":1,"turns":3},{"damage":0,"enemies":"2 Louse","floor":4,"turns":3},{"damage":3,"enemies":"2 Fungi Beasts","floor":5,"turns":4},{"damage":5,"enemies":"3 Sentries","floor":7,"turns":6},{"damage":10,"enemies":"Gremlin Nob","floor":13,"turns":2},{"damage":0,"enemies":"Blue Slaver","floor":14,"turns":3},{"damage":10,"enemies":"The Guardian","floor":16,"turns":2}],"seed_played":"1783737067149977276","potions_obtained":[{"floor":1,"key":"Energy Potion"},{"floor":4,"key":"PotionOfCapacity"},{"floor":5,"key":"Energy Potion"},{"floor":7,"key":"blueLaboratory:BottledHope"},{"floor":12,"key":"blueLaboratory:TeslaPotion"},{"floor":12,"key":"blueLaboratory:CreativityPotion"},{"floor":13,"key":"Adrenaline Potion"},{"floor":14,"key":"SkillPotion"}],"is_trial":false,"path_per_floor":["M","?","M","M","M","R","E","R","T","R","$","?","E","M","R_BF","B"],"character_chosen":"DEFECT","items_purchased":["ReplayTheSpireMod:ShopPack","halation:Jellyphish","White Beast Statue","Orichalcum","Bag of Preparation","Sweeping Beam","halation:NonexistentMirror"],"campfire_rested":0,"item_purchase_floors":[0,0,0,0,0,0,11],"current_hp_per_floor":[40,40,40,40,37,37,32,32,32,32,32,14,4,4,4,0,0],"gold":138,"neow_bonus":"","is_daily":false,"chose_seed":false,"campfire_upgraded":3,"win_rate":0.0,"timestamp":1611000513,"path_taken":["M","?","?","M","M","R","E","R","T","R","$","?","E","M","R_BF","BOSS"],"items_purchased_type":["Relic","Relic","Relic","Relic","Relic","Card","Relic"],"build_version":"2020-12-22","purchased_purges":2,"victory":false,"max_hp_per_floor":[75,75,75,75,75,75,75,75,75,75,75,75,75,75,75,75,75],"card_choices":[{"not_picked":["Chrysalis","vexMod:StairwayStrike"],"picked":"Mayhem","floor":0},{"not_picked":["Swift Strike","Deep Breath"],"picked":"ReplayUltimateDefense","floor":0},{"not_picked":["Discovery","Flash of Steel"],"picked":"Chrysalis","floor":0},{"not_picked":["Compile Driver","Sweeping Beam"],"picked":"Darkness","floor":1},{"not_picked":["Hologram","Reinforced Body","Barrage"],"picked":"SKIP","floor":1},{"not_picked":["Beam Cell","conspire:Rain"],"picked":"Creative AI","floor":4},{"not_picked":["StuffTheSpire:LoadUp","Panic Button"],"picked":"Cold Snap","floor":4},{"not_picked":["Gash","Beam Cell"],"picked":"StuffTheSpire:Plugnplay","floor":5},{"not_picked":["Rip and Tear","Hologram","StuffTheSpire:Coldhearted"],"picked":"SKIP","floor":5},{"not_picked":["Chill","Stack"],"picked":"ReplayTheSpireMod:Calculation Training","floor":7},{"not_picked":["ReplaySolidLightProjector","BasicCrystalCard"],"picked":"Reboot","floor":13},{"not_picked":["Consume","Beam Cell","StuffTheSpire:SnapShoot"],"picked":"SKIP","floor":14},{"not_picked":["Hologram","Conserve Battery","ReplayTheSpireMod:Reroute Power"],"picked":"SKIP","floor":14}],"player_experience":173228,"relics_obtained":[{"floor":7,"key":"Geode"},{"floor":9,"key":"Gremlin Food"},{"floor":12,"key":"infinitespire:PuzzleCube"},{"floor":13,"key":"infinitespire:ShieldingShard"}],"event_choices":[{"cards_removed":["Defend_B"],"damage_healed":0,"gold_gain":0,"player_choice":"Offered Basic","damage_taken":0,"max_hp_gain":0,"max_hp_loss":0,"event_name":"Bonfire Elementals","floor":2,"gold_loss":0}],"is_beta":false,"boss_relics":[],"items_purged_floors":[0,11],"is_endless":false,"potions_floor_spawned":[1,4,5,7,13,14],"killed_by":"The Guardian","ascension_level":0}}