{"host":"7zdktqb5xjtif29d","time":1611009751,"event":{"mods":["AchievementEnabler","BaseMod","Colored Map","Colored Powertips","Dark Map","Highlight Path","Minty Spire (QoL Compilation)","Rare Cards Sparkle","SuperFastMode","Waifu the Spire","everything is the same but u backflip on backflip"],"gold_per_floor":[131,154,341,364,326,369,381,403,415,427,468,480,511,552,564,674,686,711,741,753,782,364,398,111,146,146,146,179,199,199,199,199,296,296,316,316,316],"floor_reached":36,"language":"ENG","playtime":1716,"items_purged":["Defend_B","Strike_B"],"score":534,"play_id":"e499dc33-f642-43a0-9371-7e6718c3819b","local_time":"20210118224231","is_ascension_mode":true,"campfire_choices":[{"data":"Chaos","floor":7,"key":"SMITH"},{"data":"Dualcast","floor":10,"key":"SMITH"},{"floor":15,"key":"REST"},{"floor":27,"key":"REST"},{"floor":30,"key":"REST"},{"floor":32,"key":"DIG"}],"circlet_count":0,"master_deck":["Strike_B","Strike_B","Defend_B","Defend_B","Defend_B","Zap","Dualcast+1","Chaos+1","Conserve Battery","BootSequence","BootSequence","Electrodynamics+1","BootSequence","Conserve Battery","Defragment","Apotheosis","Sunder","Streamline","Doom and Gloom","Leap","Undo+1","Meteor Strike+1"],"relics":["Cracked Core","MawBank","Ginger","TungstenRod","Mango","Shovel","Velvet Choker","Orrery","Kunai","Molten Egg 2","StoneCalendar","Pantograph","Pear","Sozu"],"acts_visited":["Exordium","TheCity","TheBeyond"],"potions_floor_usage":[25,29],"damage_taken":[{"damage":5,"enemies":"2 Louse","floor":1,"turns":3},{"damage":5,"enemies":"Cultist","floor":2,"turns":4},{"damage":0,"enemies":"Small Slimes","floor":4,"turns":3},{"damage":24,"enemies":"3 Sentries","floor":6,"turns":10},{"damage":1,"enemies":"Blue Slaver","floor":8,"turns":4},{"damage":22,"enemies":"Lagavulin","floor":11,"turns":9},{"damage":0,"enemies":"Exordium Wildlife","floor":13,"turns":3},{"damage":10,"enemies":"3 Sentries","floor":14,"turns":11},{"damage":39,"enemies":"The Guardian","floor":16,"turns":18},{"damage":16,"enemies":"Chosen","floor":18,"turns":5},{"damage":5,"enemies":"2 Thieves","floor":19,"turns":3},{"damage":28,"enemies":"Centurion and Healer","floor":21,"turns":11},{"damage":26,"enemies":"Gremlin Leader","floor":23,"turns":6},{"damage":21,"enemies":"Book of Stabbing","floor":25,"turns":6},{"damage":14,"enemies":"Slavers","floor":28,"turns":3},{"damage":17,"enemies":"Snecko","floor":29,"turns":3},{"damage":82,"enemies":"Automaton","floor":33,"turns":13},{"damage":14,"enemies":"Orb Walker","floor":35,"turns":4},{"damage":90,"enemies":"2 Orb Walkers","floor":36,"turns":5}],"seed_played":"4833446935211719853","potions_obtained":[{"floor":1,"key":"BlessingOfTheForge"},{"floor":13,"key":"FearPotion"},{"floor":16,"key":"FairyPotion"},{"floor":28,"key":"AttackPotion"}],"is_trial":false,"path_per_floor":["M","M","?","M","?","E","R","M","T","R","E","?","M","E","R","B",null,"M","M","?","M","$","E","$","E","T","R","E","M","R","?","R","B",null,"M","?"],"character_chosen":"DEFECT","items_purchased":["Defragment","Apotheosis","Orrery","FairyPotion","Doom and Gloom"],"campfire_rested":3,"item_purchase_floors":[22,22,22,24,24],"current_hp_per_floor":[70,65,65,65,65,41,41,40,40,40,32,32,32,22,48,9,89,73,68,68,40,40,14,14,21,21,47,33,16,42,42,52,29,99,85,0,0],"gold":316,"neow_bonus":"RANDOM_COMMON_RELIC","is_daily":false,"chose_seed":false,"campfire_upgraded":2,"win_rate":0.0,"timestamp":1611009751,"path_taken":["M","M","?","M","?","E","R","M","T","R","E","?","M","E","R","BOSS","M","M","?","M","?","E","$","E","T","R","E","M","R","?","R","BOSS","M","?"],"items_purchased_type":["Card","Card","Relic","Potion","Card"],"build_version":"2020-12-22","purchased_purges":2,"victory":false,"max_hp_per_floor":[75,75,75,75,75,75,75,75,75,75,89,89,89,89,89,89,89,89,89,89,89,89,89,89,89,89,89,89,89,89,89,99,99,99,99,99,99],"card_choices":[{"not_picked":["Genetic Algorithm","Go for the Eyes"],"picked":"Chaos","floor":1},{"not_picked":["Stack","Steam","Consume"],"picked":"SKIP","floor":2},{"not_picked":["Storm","Consume"],"picked":"Conserve Battery","floor":4},{"not_picked":["Rebound","Cold Snap","Blizzard"],"picked":"SKIP","floor":6},{"not_picked":["Hello World","Beam Cell"],"picked":"BootSequence","floor":8},{"not_picked":["Blizzard","Barrage"],"picked":"BootSequence","floor":11},{"not_picked":["Steam","Hologram","Go for the Eyes"],"picked":"SKIP","floor":13},{"not_picked":["Turbo","Recycle","Rip and Tear"],"picked":"SKIP","floor":14},{"not_picked":["Reboot","All For One"],"picked":"Electrodynamics","floor":16},{"not_picked":["Coolheaded","Stack"],"picked":"BootSequence","floor":18},{"not_picked":["Turbo","Ball Lightning"],"picked":"Conserve Battery","floor":19},{"not_picked":["Gash+1","Barrage","Rebound+1"],"picked":"SKIP","floor":21},{"not_picked":["Compile Driver+1","Ball Lightning"],"picked":"Sunder","floor":22},{"not_picked":["Steam","Fusion+1"],"picked":"Streamline","floor":22},{"not_picked":["Reinforced Body+1","Fusion","Cold Snap"],"picked":"SKIP","floor":23},{"not_picked":["Beam Cell+1","Auto Shields+1"],"picked":"Leap","floor":25},{"not_picked":["White Noise","Redo"],"picked":"Undo+1","floor":28},{"not_picked":["Seek","Rip and Tear+1","Coolheaded+1"],"picked":"SKIP","floor":29},{"not_picked":["Reboot","Multi-Cast"],"picked":"Meteor Strike+1","floor":33},{"not_picked":["Barrage+1","Redo+1","Steam+1"],"picked":"SKIP","floor":35}],"player_experience":242027,"relics_obtained":[{"floor":6,"key":"Ginger"},{"floor":9,"key":"TungstenRod"},{"floor":11,"key":"Mango"},{"floor":14,"key":"Shovel"},{"floor":23,"key":"Kunai"},{"floor":25,"key":"Molten Egg 2"},{"floor":26,"key":"StoneCalendar"},{"floor":28,"key":"Pantograph"},{"floor":32,"key":"Pear"}],"event_choices":[{"damage_healed":0,"gold_gain":175,"player_choice":"AGREE","damage_taken":0,"max_hp_gain":0,"max_hp_loss":0,"event_name":"Liars Game","floor":3,"gold_loss":0,"cards_obtained":["Doubt"]},{"cards_removed":["Doubt"],"damage_healed":0,"gold_gain":0,"player_choice":"Card Removal","damage_taken":0,"max_hp_gain":0,"max_hp_loss":0,"event_name":"The Cleric","floor":5,"gold_loss":50},{"cards_removed":["Strike_B"],"damage_healed":0,"gold_gain":0,"player_choice":"Offered Basic","damage_taken":0,"max_hp_gain":0,"max_hp_loss":0,"event_name":"Bonfire Elementals","floor":12,"gold_loss":0},{"damage_healed":0,"gold_gain":0,"player_choice":"Forge","damage_taken":0,"max_hp_gain":0,"max_hp_loss":0,"event_name":"Accursed Blacksmith","floor":20,"gold_loss":0,"cards_upgraded":["Electrodynamics"]},{"damage_healed":0,"gold_gain":0,"player_choice":"Bought 0 Potions","damage_taken":0,"max_hp_gain":0,"max_hp_loss":0,"event_name":"The Woman in Blue","floor":31,"gold_loss":0},{"damage_healed":0,"gold_gain":0,"player_choice":"Fight","damage_taken":0,"max_hp_gain":0,"max_hp_loss":0,"event_name":"Mysterious Sphere","floor":36,"gold_loss":0}],"is_beta":false,"boss_relics":[{"not_picked":["Fusion Hammer","Black Star"],"picked":"Velvet Choker"},{"not_picked":["Runic Dome","Calling Bell"],"picked":"Sozu"}],"items_purged_floors":[22,24],"is_endless":false,"potions_floor_spawned":[1,13,16,18,23,28,35],"killed_by":"2 Orb Walkers","ascension_level":2}}