{"host":"gkg6a0io4zd37ymq","time":1611005965,"event":{"mods":["A Magickal Journey","AchievementEnabler","Aspiration","Astrologer","Bard","BaseMod","Beaked The Cultist","Better Third Choice","Colored Powertips","DeckTracker","Energized Spire","Friendly Minions","Halation","Hermit","Hubris","Infinite Spire","Koishi","Luminous","Mad Scientist","Marisa????????","Minty Spire (QoL Compilation)","Potionbrewer","Replay The Spire","Shade Mod","Shop Mod","Somnambulant","StSLib","The Administrix","The Blackbeard","The Bug Knight","The Clintock","The Construct","The Cursed","The Disciple","The Elementalist","The Forsaken","The Gatherer","The Hierophant","The Judge","The Juggle","The Jungle","The Marked","The Mystic","The Necromancer","The Poker Player","The Runesmith","The Servant 0.9.4","The Spell Scribe","The Valiant","The Wild Card","The Witch","TheBandit","TheFirefly","TheSwordswoman","Trackpad"],"gold_per_floor":[116,6,6,6,6,6,27,70,70,70,70,84,84,97,97,223,223,238,44,69,84,84,125,125,141,141,141,164,164,164,185,185,315,315,329,329,329],"floor_reached":36,"language":"ENG","playtime":2806,"items_purged":["TheCursedMod:Strike_TheCursed","TheCursedMod:Defend_TheCursed"],"score":432,"play_id":"87486c2b-4f2a-4d68-a5a3-e61ddb291fd2","local_time":"20210118223924","is_ascension_mode":false,"campfire_choices":[{"data":"TheCursedMod:Hemoplague","floor":6,"key":"SMITH"},{"data":"TheCursedMod:CircleOfFlame","floor":13,"key":"SMITH"},{"floor":15,"key":"DIG"},{"data":"TheCursedMod:DemonicPact","floor":24,"key":"SMITH"},{"data":"TheCursedMod:SoulReap","floor":27,"key":"SMITH"},{"data":"TheCursedMod:Hemoplague","floor":27,"key":"SMITH"},{"data":"TheCursedMod:CursedRelics","floor":30,"key":"SMITH"},{"data":"TheCursedMod:CleanUpWorkshop","floor":30,"key":"SMITH"},{"floor":32,"key":"REST"}],"circlet_count":0,"master_deck":["TheCursedMod:Strike_TheCursed","TheCursedMod:Strike_TheCursed","TheCursedMod:Strike_TheCursed","TheCursedMod:Defend_TheCursed","TheCursedMod:Defend_TheCursed","TheCursedMod:Defend_TheCursed","TheCursedMod:CursedWand+1","TheCursedMod:CleanUpWorkshop+1","TheCursedMod:Dregs","TheCursedMod:Wield","TheCursedMod:Hemoplague+1","TheCursedMod:RapidMovement","TheCursedMod:CursedRelics+1","TheCursedMod:CircleOfFlame+1","TheCursedMod:CursedAmulet","TheCursedMod:Hemoplague+1","TheCursedMod:AntiAging+1","TheCursedMod:CircleOfCorruption+1","TheCursedMod:FleshFromBone","TheCursedMod:SoulReap+1","TheCursedMod:Obscuration","TheCursedMod:DemonicPact+1","TheCursedMod:StingEye+1","TheCursedMod:CircleOfFlame+1","TheCursedMod:CircleOfFocus+1","TheCursedMod:LuckyCharm","TheCursedMod:CircleOfAbyss","TheCursedMod:EmpowerCircles+1"],"relics":["TheCursedMod:BlackMagic101","NeowsBlessing","Golden Idol","halation:Toothbrush","infinitespire:Golems Mask","infinitespire:BottledMercury","elementalistmod:GreenCirclet","TheCursedMod:MagicCandle","Painkiller Herb","Strange Spoon","trackpad:FieryHotPepper","Lantern","halation:PenCase","energizedSpire:SpiderWeb"],"acts_visited":["Exordium","TheCity","TheBeyond"],"potions_floor_usage":[16,16,18,23,31,33,33,33,35],"damage_taken":[{"damage":0,"enemies":"2 Louse","floor":1,"turns":1},{"damage":0,"enemies":"Small Slimes","floor":7,"turns":2},{"damage":0,"enemies":"3 Sentries","floor":8,"turns":2},{"damage":7,"enemies":"Jaw Worm","floor":12,"turns":3},{"damage":4,"enemies":"Lots of Slimes","floor":14,"turns":3},{"damage":6,"enemies":"The Guardian","floor":16,"turns":9},{"damage":0,"enemies":"Spheric Guardian","floor":18,"turns":2},{"damage":9,"enemies":"Chosen","floor":20,"turns":5},{"damage":22,"enemies":"Centurion and Healer","floor":21,"turns":7},{"damage":17,"enemies":"Replay:Snechameleon","floor":23,"turns":4},{"damage":15,"enemies":"Snecko","floor":25,"turns":4},{"damage":5,"enemies":"Snake Plant","floor":28,"turns":4},{"damage":5,"enemies":"3 Cultists","floor":31,"turns":3},{"damage":47,"enemies":"hubris:MusketHawk","floor":33,"turns":8},{"damage":81,"enemies":"3 Shapes","floor":35,"turns":4},{"damage":23,"enemies":"3 Darklings","floor":36,"turns":2}],"seed_played":"4902279890526403688","potions_obtained":[{"floor":7,"key":"potionbrewer:AcidPotion"},{"floor":8,"key":"Strength Potion"},{"floor":12,"key":"EssenceOfSteel"},{"floor":20,"key":"potionbrewer:CleansingPotion"},{"floor":21,"key":"Adrenaline Potion"},{"floor":23,"key":"DistilledChaos"},{"floor":28,"key":"LiquidBronze"},{"floor":31,"key":"EssenceOfSteel"},{"floor":33,"key":"Weak Potion"}],"is_trial":false,"path_per_floor":["M","$","?","?","T","R","M","E","T","?","?","M","R","M","R","B",null,"?","T","?","?","AVR","E","T","?","T","T","?","?","T","?","T","B",null,"?","?"],"character_chosen":"THE_CURSED","items_purchased":["TheCursedMod:Hemoplague","Strange Spoon","TheCursedMod:FleshFromBone"],"campfire_rested":1,"item_purchase_floors":[2,19,19],"current_hp_per_floor":[75,75,75,75,75,75,75,75,75,75,71,64,64,60,60,54,78,78,78,71,67,70,60,60,53,53,53,50,50,50,56,84,50,97,16,0,0],"gold":329,"neow_bonus":"THREE_ENEMY_KILL","is_daily":false,"chose_seed":false,"campfire_upgraded":7,"win_rate":0.0,"timestamp":1611005964,"path_taken":["M","$","?","?","?","R","?","E","T","?","?","M","R","M","R","BOSS","?","T","?","?","AVR","E","T","?","T","T","?","?","T","?","T","BOSS","?","?"],"items_purchased_type":["Card","Relic","Card"],"build_version":"2020-12-22","purchased_purges":2,"victory":false,"max_hp_per_floor":[75,75,75,75,75,75,75,75,75,75,78,78,78,78,78,78,78,78,78,80,84,87,87,87,89,89,89,91,91,91,94,94,97,97,97,97,97],"card_choices":[{"not_picked":["TheCursedMod:Stigma","TheCursedMod:SpitefulStrike"],"picked":"TheCursedMod:Wield","floor":1},{"not_picked":["TheCursedMod:FleshFromBone","TheCursedMod:SaltUponWound"],"picked":"TheCursedMod:RapidMovement","floor":7},{"not_picked":["TheCursedMod:RavingStaff","TheCursedMod:WearCloak"],"picked":"TheCursedMod:CursedRelics","floor":8},{"not_picked":["TheCursedMod:RapidMovement","TheCursedMod:Hemoplague"],"picked":"TheCursedMod:CircleOfFlame","floor":12},{"not_picked":["TheCursedMod:StingEye","TheCursedMod:CircleOfCorruption"],"picked":"TheCursedMod:CursedAmulet","floor":14},{"not_picked":["TheCursedMod:DarkBarrier","TheCursedMod:ManaCirculation"],"picked":"TheCursedMod:AntiAging","floor":16},{"not_picked":["TheCursedMod:CursedArmor","TheCursedMod:WearCloak+1"],"picked":"TheCursedMod:CircleOfCorruption+1","floor":18},{"not_picked":["TheCursedMod:Wield","TheCursedMod:CircleOfAmplification+1"],"picked":"TheCursedMod:SoulReap","floor":20},{"not_picked":["TheCursedMod:RavingStaff+1","TheCursedMod:SmokeScreen"],"picked":"TheCursedMod:Obscuration","floor":21},{"not_picked":["TheCursedMod:RavingStaff","TheCursedMod:CursedBoomerang+1"],"picked":"TheCursedMod:DemonicPact","floor":23},{"not_picked":["TheCursedMod:CursedMace+1","TheCursedMod:SaltUponWound"],"picked":"TheCursedMod:CircleOfFlame+1","floor":25},{"not_picked":["TheCursedMod:Stigma","TheCursedMod:HellsGateOpen","TheCursedMod:Wield+1"],"picked":"SKIP","floor":28},{"not_picked":["TheCursedMod:SpitefulPlan","TheCursedMod:Stretching"],"picked":"TheCursedMod:LuckyCharm","floor":31},{"not_picked":["TheCursedMod:ParallelWorld","TheCursedMod:Neurasthenia"],"picked":"TheCursedMod:CircleOfAbyss","floor":33},{"not_picked":["TheCursedMod:StingEye","TheCursedMod:CursedMace+1"],"picked":"TheCursedMod:EmpowerCircles+1","floor":35}],"player_experience":460811,"relics_obtained":[{"floor":5,"key":"halation:Toothbrush"},{"floor":8,"key":"infinitespire:Golems Mask"},{"floor":9,"key":"infinitespire:BottledMercury"},{"floor":15,"key":"TheCursedMod:MagicCandle"},{"floor":23,"key":"Lantern"},{"floor":26,"key":"halation:PenCase"}],"event_choices":[{"damage_healed":0,"gold_gain":0,"player_choice":"Take Wound","damage_taken":0,"relics_obtained":["Golden Idol"],"max_hp_gain":0,"max_hp_loss":0,"event_name":"Golden Idol","floor":4,"gold_loss":0,"cards_obtained":["Injury"]}],"is_beta":false,"boss_relics":[{"not_picked":["beaked:MawFillet","trackpad:Trackpad"],"picked":"Painkiller Herb"},{"not_picked":["Fusion Hammer","hubris:CrackedHourglass"],"picked":"energizedSpire:SpiderWeb"}],"items_purged_floors":[2,22],"is_endless":false,"potions_floor_spawned":[7,8,12,20,21,23,28,31,33],"killed_by":"3 Darklings","ascension_level":0}}