{"host":"2hea6pl5vmah38iy","time":1611001532,"event":{"mods":["AchievementEnabler","BaseMod","Colored Map","DeckTracker","Keyboard Shortcuts","Minty Spire (QoL Compilation)","Rare Cards Sparkle","StSLib","SuperFastMode","everything is the same but u backflip on backflip"],"gold_per_floor":[117,127,145,161,173,173,201,201,201,161,74,74,88,104,104,198,198,211,229,154,170,170,206,206,239,288,323,342,356,406,406,406,406,406],"floor_reached":33,"language":"KOR","playtime":1466,"items_purged":["Clumsy"],"score":556,"play_id":"67a9f22a-5c5a-4ec9-bec7-4e338b5ddb7c","local_time":"20210119052532","is_ascension_mode":true,"campfire_choices":[{"data":"Eruption","floor":6.0,"key":"SMITH"},{"floor":8.0,"key":"REST"},{"data":"FearNoEvil","floor":15.0,"key":"SMITH"},{"floor":24.0,"key":"REST"},{"floor":32.0,"key":"REST"}],"circlet_count":0,"master_deck":["AscendersBane","Strike_P+1","Strike_P+1","Strike_P+1","Strike_P+1","Defend_P+1","Defend_P+1","Defend_P","Defend_P","Eruption+1","Vigilance","LessonLearned+1","Halt","EmptyMind+1","SandsOfTime+1","FearNoEvil+1","Adaptation+1"],"relics":["PureWater","Strawberry","Meat on the Bone","Golden Idol","SlaversCollar","Orichalcum","TeardropLocket","Vajra","Gremlin Horn","Oddly Smooth Stone"],"acts_visited":["Exordium","TheCity"],"potions_floor_usage":[33,33,33],"damage_taken":[{"damage":2.0,"enemies":"Cultist","floor":1.0,"turns":3.0},{"damage":23.0,"enemies":"Jaw Worm","floor":2.0,"turns":8.0},{"damage":4.0,"enemies":"2 Louse","floor":3.0,"turns":3.0},{"damage":9.0,"enemies":"2 Fungi Beasts","floor":4.0,"turns":5.0},{"damage":0.0,"enemies":"Blue Slaver","floor":5.0,"turns":2.0},{"damage":18.0,"enemies":"Gremlin Nob","floor":7.0,"turns":4.0},{"damage":0.0,"enemies":"Large Slime","floor":13.0,"turns":4.0},{"damage":0.0,"enemies":"Looter","floor":14.0,"turns":2.0},{"damage":42.0,"enemies":"The Guardian","floor":16.0,"turns":14.0},{"damage":14.0,"enemies":"Shell Parasite","floor":18.0,"turns":5.0},{"damage":0.0,"enemies":"Spheric Guardian","floor":19.0,"turns":2.0},{"damage":18.0,"enemies":"Centurion and Healer","floor":21.0,"turns":3.0},{"damage":31.0,"enemies":"Gremlin Leader","floor":23.0,"turns":5.0},{"damage":21.0,"enemies":"Slavers","floor":25.0,"turns":10.0},{"damage":18.0,"enemies":"Gremlin Leader","floor":27.0,"turns":4.0},{"damage":18.0,"enemies":"Snake Plant","floor":28.0,"turns":3.0},{"damage":13.0,"enemies":"Sentry and Sphere","floor":29.0,"turns":4.0},{"damage":26,"enemies":"Automaton","floor":33,"turns":6}],"seed_played":"-3004512577536699178","potions_obtained":[{"floor":5.0,"key":"Fire Potion"},{"floor":10.0,"key":"StancePotion"},{"floor":18.0,"key":"DuplicationPotion"},{"floor":25.0,"key":"Swift Potion"},{"floor":29.0,"key":"EntropicBrew"}],"is_trial":false,"path_per_floor":["M","M","M","M","M","R","E","R","T","?","$","?","M","M","R","B",null,"M","M","$","M","?","E","R","E","T","E","M","M","?","T","R","B"],"character_chosen":"WATCHER","items_purchased":["Adaptation"],"campfire_rested":3,"item_purchase_floors":[11],"current_hp_per_floor":[59,36,32,23,23,23,12,34,34,34,34,34,46,46,46,16,55,41,41,41,35,35,16,36,27,27,21,15,14,14,14,34,8,8],"gold":406,"neow_bonus":"THREE_RARE_CARDS","is_daily":false,"chose_seed":false,"campfire_upgraded":2,"win_rate":0.0,"timestamp":1611001532,"path_taken":["M","M","M","?","M","R","E","R","T","?","?","?","M","M","R","BOSS","M","M","$","M","?","E","R","E","T","E","M","M","?","?","R","BOSS"],"items_purchased_type":["Card"],"build_version":"2020-12-22","purchased_purges":1,"victory":false,"max_hp_per_floor":[68,68,68,68,68,68,75,75,75,75,75,68,68,68,68,68,68,68,68,68,68,68,68,68,68,68,68,68,68,68,68,68,68,68],"card_choices":[{"not_picked":["SpiritShield","Scrawl"],"picked":"LessonLearned","floor":0.0},{"not_picked":["CrushJoints","BowlingBash"],"picked":"Halt","floor":1.0},{"not_picked":["Perseverance","Evaluate"],"picked":"EmptyMind","floor":2.0},{"not_picked":["SignatureMove","Wireheading"],"picked":"SandsOfTime","floor":3.0},{"not_picked":["PathToVictory","Study","Conclude"],"picked":"SKIP","floor":4.0},{"not_picked":["Study","BowlingBash"],"picked":"FearNoEvil","floor":5.0},{"not_picked":["FlyingSleeves","Crescendo","Weave"],"picked":"SKIP","floor":7.0},{"not_picked":["SashWhip","EmptyFist","BowlingBash"],"picked":"SKIP","floor":13.0},{"not_picked":["CrushJoints","Perseverance","Prostrate"],"picked":"SKIP","floor":14.0},{"not_picked":["Consecrate","EmptyMind","Collect"],"picked":"SKIP","floor":18.0},{"not_picked":["Protect","Vengeance","Evaluate"],"picked":"SKIP","floor":19.0},{"not_picked":["Prostrate","Pray","FlurryOfBlows"],"picked":"SKIP","floor":21.0},{"not_picked":["Adaptation","Wallop","Swivel"],"picked":"SKIP","floor":23.0},{"not_picked":["PathToVictory","CrushJoints","Scrawl"],"picked":"SKIP","floor":25.0},{"not_picked":["DevaForm","ThirdEye","ReachHeaven+1"],"picked":"SKIP","floor":27.0},{"not_picked":["FlurryOfBlows+1","Collect","FollowUp"],"picked":"SKIP","floor":28.0},{"not_picked":["Prostrate","CrushJoints+1","Vengeance"],"picked":"SKIP","floor":29.0}],"player_experience":498248,"relics_obtained":[{"floor":7.0,"key":"Strawberry"},{"floor":9.0,"key":"Meat on the Bone"},{"floor":23.0,"key":"Orichalcum"},{"floor":25.0,"key":"TeardropLocket"},{"floor":26.0,"key":"Vajra"},{"floor":27.0,"key":"Gremlin Horn"},{"floor":31.0,"key":"Oddly Smooth Stone"}],"event_choices":[{"damage_healed":0.0,"max_hp_gain":0.0,"max_hp_loss":0.0,"gold_gain":0.0,"event_name":"The Woman in Blue","player_choice":"Bought 3 Potions","floor":10.0,"gold_loss":0.0,"damage_taken":0.0},{"damage_healed":0.0,"max_hp_gain":0.0,"max_hp_loss":7.0,"gold_gain":0.0,"event_name":"Golden Idol","player_choice":"Lose Max HP","floor":12.0,"gold_loss":0.0,"damage_taken":0.0,"relics_obtained":["Golden Idol"]},{"damage_healed":0.0,"max_hp_gain":0.0,"max_hp_loss":0.0,"gold_gain":0.0,"event_name":"The Mausoleum","player_choice":"Ignored","floor":22.0,"gold_loss":0.0,"damage_taken":0.0},{"damage_healed":0.0,"max_hp_gain":0.0,"max_hp_loss":0.0,"gold_gain":50.0,"event_name":"Nest","player_choice":"Stole From Cult","floor":30.0,"gold_loss":0.0,"damage_taken":0.0}],"is_beta":false,"boss_relics":[{"not_picked":["Snecko Eye","Tiny House"],"picked":"SlaversCollar"}],"items_purged_floors":[20],"is_endless":false,"potions_floor_spawned":[5,13,14,18,25,29],"killed_by":"Automaton","ascension_level":16}}