{"host":"6h0diz2ap0m56grs","time":1611000755,"event":{"mods":["2.2 Compatiblity","BaseMod","Colored Map","Marisa????????","Minty Spire (QoL Compilation)","Quick Restart","Replay The Spire","Shop Mod","StSLib","The Servant 0.9.4"],"gold_per_floor":[116,135,135,147,147,180,180,208,263,295,295,295,325,351,351,351,351],"floor_reached":16,"language":"ENG","playtime":420,"items_purged":[],"score":274,"play_id":"d29bd30e-0d6a-48e2-87b3-02fa23e2ae6b","local_time":"20210118141235","daily_mods":["SealedDeck","Heirloom","Time Dilation","Flight"],"is_ascension_mode":true,"campfire_choices":[{"data":"Replay:Poison Smokescreen","floor":7,"key":"SMITH"},{"data":"Caltrops","floor":11,"key":"SMITH"},{"data":"Skewer","floor":12,"key":"SMITH"},{"data":"Backflip","floor":15,"key":"SMITH"}],"circlet_count":0,"master_deck":["Caltrops+1","Backflip+1","Toxin Wave","Dodge and Roll","Skewer+1","Dagger Spray","Replay:Poison Smokescreen+1","Dash","Footwork+1","Poisoned Stab","Footwork+1","Bullet Time"],"relics":["Snecko Eye","Ring of Chaos","replay:Trail_Library","Thread and Needle","Frozen Egg 2","Bag of Marbles","Potion Belt","Pondfish Scales","CeramicFish","Prayer Wheel"],"acts_visited":["Exordium"],"potions_floor_usage":[],"damage_taken":[{"damage":0,"enemies":"Cultist","floor":1,"turns":3},{"damage":0,"enemies":"Jaw Worm","floor":2,"turns":2},{"damage":0,"enemies":"Small Slimes","floor":4,"turns":2},{"damage":0,"enemies":"Gremlin Nob","floor":6,"turns":2},{"damage":0,"enemies":"3 Sentries","floor":8,"turns":4},{"damage":0,"enemies":"Gremlin Nob","floor":10,"turns":3},{"damage":0,"enemies":"3 Sentries","floor":13,"turns":2},{"damage":0,"enemies":"Lagavulin","floor":14,"turns":2},{"damage":0,"enemies":"Fading Forest","floor":16,"turns":1}],"seed_played":"498322229030868129","potions_obtained":[{"floor":4,"key":"Energy Potion"},{"floor":8,"key":"Reflective Coating"},{"floor":13,"key":"PowerPotion"}],"is_trial":true,"path_per_floor":["M","M","?","M","?","E","R","E","T","E","R","R","E","E","R","B"],"character_chosen":"THE_SILENT","items_purchased":[],"campfire_rested":0,"item_purchase_floors":[],"current_hp_per_floor":[70,70,70,70,70,70,70,70,70,70,70,70,70,70,70,70,70],"gold":351,"neow_bonus":"","is_daily":false,"chose_seed":false,"campfire_upgraded":4,"win_rate":0.0,"timestamp":1611000755,"path_taken":["M","M","?","?","?","E","R","E","T","E","R","R","E","E","R","BOSS"],"items_purchased_type":[],"build_version":"2020-12-22","purchased_purges":0,"victory":false,"max_hp_per_floor":[70,70,70,70,70,70,70,70,70,70,70,70,70,70,70,70,70],"card_choices":[{"not_picked":["ReplayTheSpireMod:Speed Training","Blade Dance"],"picked":"Poisoned Stab","floor":1},{"not_picked":["Slice","Dodge and Roll","Toxin Wave"],"picked":"SKIP","floor":2},{"not_picked":["Deadly Poison","Outmaneuver","ReplayTheSpireMod:The Works"],"picked":"SKIP","floor":4},{"not_picked":["Deadly Poison","Blur","Hidden Blade"],"picked":"SKIP","floor":6},{"not_picked":["Leg Sweep","ReplayTheSpireMod:Shiv Toss"],"picked":"Footwork+1","floor":8},{"not_picked":["Escape Plan","Backflip","Outmaneuver"],"picked":"SKIP","floor":10},{"not_picked":["Terror","Dodge and Roll","Riddle With Holes"],"picked":"SKIP","floor":13},{"not_picked":["Dagger Spray","Deflect","Quick Slash"],"picked":"SKIP","floor":14}],"player_experience":208670,"relics_obtained":[{"floor":6,"key":"Frozen Egg 2"},{"floor":8,"key":"Bag of Marbles"},{"floor":9,"key":"Potion Belt"},{"floor":10,"key":"Pondfish Scales"},{"floor":13,"key":"CeramicFish"},{"floor":14,"key":"Prayer Wheel"}],"event_choices":[{"cards_removed":["Poisoned Stab"],"damage_healed":5,"gold_gain":0,"player_choice":"Offered Common","damage_taken":0,"max_hp_gain":0,"max_hp_loss":0,"event_name":"Bonfire Elementals","floor":3,"gold_loss":0},{"cards_removed":["Poisoned Stab"],"damage_healed":5,"gold_gain":0,"player_choice":"Offered Special","damage_taken":0,"max_hp_gain":0,"max_hp_loss":0,"event_name":"Bonfire Elementals","floor":3,"gold_loss":0},{"damage_healed":0,"gold_gain":0,"player_choice":"Grow","damage_taken":0,"max_hp_gain":0,"max_hp_loss":0,"event_name":"Living Wall","floor":5,"gold_loss":0,"cards_upgraded":["Footwork"]}],"is_beta":false,"boss_relics":[],"items_purged_floors":[],"is_endless":false,"potions_floor_spawned":[4,8,13],"killed_by":"Fading Forest","ascension_level":1}}