{"host":"p7cjtxxrilhp4dw7","time":1611002029,"event":{"mods":["BaseMod","Block Reminder","Colored Map","Highlight Path","Minty Spire (QoL Compilation)","Replay The Spire","StSLib","The Hierophant"],"gold_per_floor":[112,112,89,14,34,34,44,71,97,97,132,143,155,20,20,123,123,142,192,192,202,219,219,251,251,277,292,207,207,223,71,71,176,176,191,191,210,210,210],"floor_reached":38,"language":"ENG","playtime":4313,"items_purged":["Strike_G"],"score":658,"play_id":"9775819d-b7b9-4253-94a5-e4508670c72e","local_time":"20210118133349","is_ascension_mode":true,"campfire_choices":[{"data":"Neutralize","floor":6,"key":"SMITH"},{"floor":10,"key":"REST"},{"floor":15,"key":"REST"},{"floor":23,"key":"RECALL"},{"data":"Leg Sweep","floor":25,"key":"SMITH"},{"data":"Underhanded Strike","floor":29,"key":"SMITH"},{"data":"Replay:Bag of Tricks","floor":32,"key":"SMITH"}],"circlet_count":0,"master_deck":["Strike_G","Strike_G","Strike_G","Strike_G","Defend_G+1","Defend_G","Defend_G","Defend_G+1","Survivor","Neutralize+1","Grand Finale","Underhanded Strike+1","Well Laid Plans","Slice","Acrobatics","Leg Sweep+1","Reflex","Grand Finale","Replay:Bag of Tricks+1","Underhanded Strike+1","Hidden Blade","ReplayTheSpireMod:The Works+1","Blur+1","Hallucinations","ReplayTheSpireMod:Speed Training"],"relics":["Ring of the Snake","MealTicket","War Paint","Replay:Towering Pillar of Hats","SlaversCollar","Meat on the Bone","Nunchaku","Bag of Preparation","Sozu","Ring of Hypnosis"],"acts_visited":["TheCity","TheBeyond"],"potions_floor_usage":[16,21,22,30,33,37],"damage_taken":[{"damage":0,"enemies":"2 Louse","floor":1,"turns":3},{"damage":1,"enemies":"Cultist","floor":5,"turns":4},{"damage":0,"enemies":"Jaw Worm","floor":7,"turns":4},{"damage":35,"enemies":"3 Sentries","floor":8,"turns":9},{"damage":20,"enemies":"Lagavulin","floor":11,"turns":9},{"damage":0,"enemies":"Large Slime","floor":12,"turns":2},{"damage":0,"enemies":"2 Fungi Beasts","floor":13,"turns":4},{"damage":0,"enemies":"Fading Forest","floor":16,"turns":11},{"damage":8,"enemies":"3 Byrds","floor":18,"turns":6},{"damage":0,"enemies":"2 Thieves","floor":21,"turns":2},{"damage":5,"enemies":"Centurion and Healer","floor":22,"turns":5},{"damage":9,"enemies":"Gremlin Leader","floor":24,"turns":5},{"damage":0,"enemies":"Snecko","floor":27,"turns":5},{"damage":0,"enemies":"Chosen and Byrds","floor":30,"turns":6},{"damage":54,"enemies":"Automaton","floor":33,"turns":9},{"damage":4,"enemies":"3 Shapes","floor":35,"turns":6},{"damage":0,"enemies":"Orb Walker","floor":37,"turns":2},{"damage":59,"enemies":"2 Orb Walkers","floor":38,"turns":4}],"seed_played":"7101988661997308710","potions_obtained":[{"floor":7,"key":"Poison Potion"},{"floor":12,"key":"FearPotion"},{"floor":13,"key":"Swift Potion"},{"floor":21,"key":"Poison Potion"},{"floor":24,"key":"Block Potion"},{"floor":30,"key":"Weak Potion"},{"floor":33,"key":"Energy Potion"}],"is_trial":false,"path_per_floor":["M","?","$","$","M","R","M","E","T","R","E","M","M","$","R","B",null,"M","?","$","M","M","R","E","R","T","M","?","R","M","$","R","B",null,"M","?","M","?"],"character_chosen":"THE_SILENT","items_purchased":["Underhanded Strike","Grand Finale","Bag of Preparation"],"campfire_rested":2,"item_purchase_floors":[3,14,31],"current_hp_per_floor":[63,63,63,63,62,62,62,27,27,48,28,28,28,43,64,70,70,62,62,70,70,65,65,56,56,56,56,56,56,56,70,70,28,60,56,56,56,0,0],"gold":210,"neow_bonus":"ONE_RANDOM_RARE_CARD","is_daily":false,"chose_seed":false,"campfire_upgraded":4,"win_rate":0.0,"timestamp":1611002029,"path_taken":["M","?","?","$","M","R","M","E","T","R","E","?","M","$","R","BOSS","M","?","$","M","?","R","E","R","T","M","?","R","M","$","R","BOSS","M","?","M","?"],"items_purchased_type":["Card","Card","Relic"],"build_version":"2020-12-22","purchased_purges":1,"victory":false,"max_hp_per_floor":[70,70,70,70,70,70,70,70,70,70,70,70,70,70,70,70,70,70,70,70,70,70,70,70,70,70,70,70,70,70,70,70,70,70,70,70,70,70,70],"card_choices":[{"not_picked":["Deadly Poison","Choke","Infinite Blades"],"picked":"SKIP","floor":1},{"not_picked":["All Out Attack","Hidden Blade"],"picked":"Well Laid Plans","floor":5},{"not_picked":["Choke","Bane"],"picked":"Slice","floor":7},{"not_picked":["Sneak Up","Corpse Explosion","Blade Dance"],"picked":"SKIP","floor":8},{"not_picked":["Underhanded Strike","Deadly Poison"],"picked":"Acrobatics","floor":11},{"not_picked":["Bane","ReplayTheSpireMod:Tripwire"],"picked":"Leg Sweep","floor":12},{"not_picked":["Quick Slash","Blade Dance"],"picked":"Reflex","floor":13},{"not_picked":["After Image","Storm of Steel"],"picked":"Replay:Bag of Tricks","floor":16},{"not_picked":["Deflect","Well Laid Plans"],"picked":"Underhanded Strike+1","floor":18},{"not_picked":["Dagger Spray","Crippling Poison"],"picked":"Hidden Blade","floor":21},{"not_picked":["Poisoned Stab","Underhanded Strike","Flying Knee"],"picked":"SKIP","floor":22},{"not_picked":["Setup","Hidden Blade","Skewer"],"picked":"SKIP","floor":24},{"not_picked":["Setup","Hidden Blade","Skewer"],"picked":"SKIP","floor":24},{"not_picked":["Dodge and Roll","Wraith Form v2","Flying Knee"],"picked":"SKIP","floor":27},{"not_picked":["Prepared+1","Bane+1"],"picked":"ReplayTheSpireMod:The Works+1","floor":30},{"not_picked":["Footwork","Deadly Poison+1"],"picked":"Blur+1","floor":35},{"not_picked":["Noxious Fumes+1","Dodge and Roll+1"],"picked":"ReplayTheSpireMod:Speed Training","floor":37}],"player_experience":485539,"relics_obtained":[{"floor":8,"key":"MealTicket"},{"floor":9,"key":"War Paint"},{"floor":11,"key":"Replay:Towering Pillar of Hats"},{"floor":24,"key":"Meat on the Bone"},{"floor":36,"key":"Ring of Hypnosis"}],"event_choices":[{"cards_removed":["Defend_G"],"damage_healed":0,"gold_gain":0,"player_choice":"Purged","damage_taken":0,"max_hp_gain":0,"max_hp_loss":0,"event_name":"Purifier","floor":2,"gold_loss":0},{"damage_healed":0,"gold_gain":100,"player_choice":"Bet on Murderer","damage_taken":0,"max_hp_gain":0,"max_hp_loss":0,"event_name":"The Joust","floor":19,"gold_loss":50},{"damage_healed":0,"gold_gain":0,"player_choice":"Obtained Relic","damage_taken":0,"relics_obtained":["Nunchaku"],"max_hp_gain":0,"max_hp_loss":0,"event_name":"Addict","floor":28,"gold_loss":85},{"damage_healed":0,"gold_gain":0,"player_choice":"Fight","damage_taken":0,"max_hp_gain":0,"max_hp_loss":0,"event_name":"Mysterious Sphere","floor":38,"gold_loss":0}],"is_beta":false,"boss_relics":[{"not_picked":["Honey Jar","Runic Pyramid"],"picked":"SlaversCollar"},{"not_picked":["Painkiller Herb","Cursed Key"],"picked":"Sozu"}],"items_purged_floors":[4],"is_endless":false,"potions_floor_spawned":[7,12,13,21,24,30,33,37],"killed_by":"2 Orb Walkers","ascension_level":9}}