{"host":"qrbkigq52dd42dk0","time":1611006940,"event":{"mods":["AchievementEnabler","BaseMod","Colored Map","Colored Powertips","Minty Spire (QoL Compilation)","Quick Restart","StSLib","SuperFastMode","The IronCluck"],"gold_per_floor":[94,110,185,49,66,66,99,99,117,117,134,165,184,184,184],"floor_reached":13,"language":"ENG","playtime":236,"items_purged":[],"score":198,"play_id":"297b9a46-3363-4151-a854-cdce4a98317b","local_time":"20210118225540","is_ascension_mode":true,"campfire_choices":[{"data":"Shrug It Off","floor":7,"key":"SMITH"}],"circlet_count":0,"master_deck":["AscendersBane","Strike_R","Strike_R","Strike_R","Strike_R","Strike_R","Defend_R","Defend_R","Defend_R","Defend_R","Bash","Shrug It Off+1","Reaper"],"relics":["Burning Blood","NeowsBlessing","Shuriken","Ancient Tea Set","Mummified Hand","Singing Bowl"],"acts_visited":["Exordium"],"potions_floor_usage":[11,13],"damage_taken":[{"damage":0,"enemies":"Small Slimes","floor":1,"turns":1},{"damage":0,"enemies":"Jaw Worm","floor":4,"turns":1},{"damage":0,"enemies":"Gremlin Nob","floor":6,"turns":1},{"damage":16,"enemies":"Cultist","floor":8,"turns":4},{"damage":16,"enemies":"2 Fungi Beasts","floor":10,"turns":5},{"damage":55,"enemies":"Lagavulin","floor":11,"turns":8},{"damage":6,"enemies":"Blue Slaver","floor":12,"turns":8},{"damage":16,"enemies":"Gremlin Nob","floor":13,"turns":2}],"seed_played":"-3014219230457548692","potions_obtained":[{"floor":6,"key":"DistilledChaos"},{"floor":12,"key":"PowerPotion"}],"is_trial":false,"path_per_floor":["M","?","?","M","$","E","R","M","T","M","E","M","E"],"character_chosen":"IRONCLAD","items_purchased":[],"campfire_rested":0,"item_purchase_floors":[],"current_hp_per_floor":[18,78,67,67,73,73,79,79,69,69,59,12,12,0,0],"gold":184,"neow_bonus":"THREE_ENEMY_KILL","is_daily":false,"chose_seed":false,"campfire_upgraded":1,"win_rate":0.0,"timestamp":1611006940,"path_taken":["M","?","?","?","$","E","R","M","T","M","E","M","E"],"items_purchased_type":[],"build_version":"2020-12-22","purchased_purges":0,"victory":false,"max_hp_per_floor":[80,80,80,80,80,80,80,80,80,80,80,82,82,82,82],"card_choices":[{"not_picked":["Perfected Strike","True Grit","Warcry"],"picked":"SKIP","floor":1},{"not_picked":["Armaments","Sword Boomerang","Anger"],"picked":"SKIP","floor":4},{"not_picked":["True Grit","Perfected Strike"],"picked":"Shrug It Off","floor":6},{"not_picked":["Reckless Charge","Combust","Wild Strike"],"picked":"SKIP","floor":8},{"not_picked":["Cleave","Fire Breathing","Warcry"],"picked":"SKIP","floor":10},{"not_picked":["Flame Barrier","True Grit","Wild Strike"],"picked":"Singing Bowl","floor":11},{"not_picked":["Shrug It Off","Rupture"],"picked":"Reaper","floor":12}],"player_experience":177041,"relics_obtained":[{"floor":6,"key":"Ancient Tea Set"},{"floor":9,"key":"Mummified Hand"},{"floor":11,"key":"Singing Bowl"}],"event_choices":[{"damage_healed":0,"gold_gain":75,"player_choice":"Gather Gold","damage_taken":11,"max_hp_gain":0,"max_hp_loss":0,"event_name":"World of Goop","floor":2,"gold_loss":0},{"damage_healed":0,"gold_gain":0,"player_choice":"Paid Gold","damage_taken":0,"relics_obtained":["Shuriken"],"max_hp_gain":0,"max_hp_loss":0,"event_name":"WeMeetAgain","floor":3,"gold_loss":136}],"is_beta":false,"boss_relics":[],"items_purged_floors":[],"is_endless":false,"potions_floor_spawned":[6,12],"killed_by":"Gremlin Nob","ascension_level":13}}