{"host":"hjw1ay65n7jm40lc","time":1611003019,"event":{"mods":["AchievementEnabler","BaseMod","Block Reminder","Colored Map","Colored Powertips","Curses Come First","Downfall","Googly Eyes","Hermit","Highlight Path","Minty Spire (QoL Compilation)","Quick Restart","Relic Stats","StSLib"],"gold_per_floor":[99,116,129,129,279,279,331,348,383,394,409,409,437,449,462,560,560,560,560,392,392,411,440,466,481,481,481,481],"floor_reached":27,"language":"ENG","playtime":2382,"items_purged":["Pain"],"score":392,"play_id":"bce5bc37-4d64-4e3b-a4e0-d3a432c3de22","local_time":"20210118155019","is_ascension_mode":true,"campfire_choices":[{"data":"bronze:Goto","floor":1.0,"key":"SMITH"},{"floor":12.0,"key":"REST"},{"data":"bronze:Assembly","floor":18.0,"key":"SMITH"},{"floor":26,"key":"REST"}],"circlet_count":0,"master_deck":["bronze:Strike","bronze:Strike","bronze:Strike","bronze:Strike","bronze:Defend","bronze:Defend","bronze:Defend","bronze:Defend","bronze:Replicate","bronze:Goto+1","bronze:Optimize","bronze:DelayedSlice","bronze:Spike","bronze:ForLoop","downfall:Icky","bronze:HardenedForm","bronze:OilSpill","bronze:Boost","bronze:Constructor","bronze:Fortify","bronze:Assembly+1","downfall:Icky","Doubt","downfall:Icky","bronze:Repulsor","bronze:WhirlingStrike","downfall:Aged"],"relics":["bronze:BronzeCore","Slimebound:StickyStick","Pantograph","Calipers","Snecko Eye","Cursed Key","Art of War","PreservedInsect"],"acts_visited":["Exordium","TheCity"],"potions_floor_usage":[27],"damage_taken":[{"damage":3.0,"enemies":"2 Louse","floor":2.0,"turns":3.0},{"damage":7.0,"enemies":"Small Slimes","floor":3.0,"turns":3.0},{"damage":14.0,"enemies":"Small Slimes","floor":4.0,"turns":2.0},{"damage":0.0,"enemies":"Cultist","floor":8.0,"turns":4.0},{"damage":16.0,"enemies":"Lagavulin","floor":9.0,"turns":7.0},{"damage":10.0,"enemies":"3 Louse","floor":10.0,"turns":2.0},{"damage":8.0,"enemies":"Red Slaver","floor":11.0,"turns":3.0},{"damage":16.0,"enemies":"3 Sentries","floor":13.0,"turns":5.0},{"damage":0.0,"enemies":"2 Fungi Beasts","floor":14.0,"turns":2.0},{"damage":10.0,"enemies":"Gremlin Gang","floor":15.0,"turns":4.0},{"damage":14.0,"enemies":"SI_SHIV_ARCHETYPE","floor":16.0,"turns":8.0},{"damage":0.0,"enemies":"downfall:FleeingMerchant","floor":20.0,"turns":4.0},{"damage":22.0,"enemies":"Shell Parasite","floor":22.0,"turns":6.0},{"damage":42.0,"enemies":"Book of Stabbing","floor":23.0,"turns":5.0},{"damage":2,"enemies":"Cultist and Chosen","floor":25,"turns":4},{"damage":49,"enemies":"3 Cultists","floor":27,"turns":6}],"seed_played":"-2916789428945702074","potions_obtained":[{"floor":2.0,"key":"Explosive Potion"},{"floor":3.0,"key":"AttackPotion"},{"floor":8.0,"key":"SpeedPotion"},{"floor":11.0,"key":"AttackPotion"},{"floor":15.0,"key":"bronze:FreeFunctionsPotion"},{"floor":25,"key":"Explosive Potion"}],"is_trial":false,"path_per_floor":["R","M","M","?","?","?","T","M","E","M","M","R","E","M","M","B",null,"R","?","$","?","M","E","T","M","R","M"],"character_chosen":"THE_AUTOMATON","items_purchased":["bronze:Repulsor"],"campfire_rested":2,"item_purchase_floors":[20],"current_hp_per_floor":[77,74,67,53,53,58,58,58,42,32,24,48,32,32,22,33,82,82,82,82,82,60,18,18,16,40,0,0],"gold":481,"neow_bonus":"TEN_PERCENT_HP_BONUS","is_daily":false,"chose_seed":false,"campfire_upgraded":2,"win_rate":0.0,"timestamp":1611003019,"path_taken":["R","M","M","?","?","?","T","M","E","M","M","R","E","M","M","BOSS","R","?","$","?","M","E","T","M","R","M"],"items_purchased_type":["Card"],"build_version":"2020-12-22","purchased_purges":1,"victory":false,"max_hp_per_floor":[77,77,77,77,77,82,82,82,82,82,82,82,82,82,82,82,82,82,82,82,82,82,82,82,82,82,82,82],"relic_stats":{"counters":[16,68],"Pantograph":25,"Snecko Eye":[49,55,51,45],"PreservedInsect":0,"Art of War":[0],"Cursed Key":1,"obtain_stats":[{"bronze:BronzeCore":0,"Calipers":13,"Slimebound:StickyStick":7,"Pantograph":9,"Snecko Eye":17,"PreservedInsect":24,"Art of War":23,"Cursed Key":19},{"bronze:BronzeCore":0,"Calipers":8,"Slimebound:StickyStick":3,"Pantograph":5,"Snecko Eye":11,"PreservedInsect":14,"Art of War":14,"Cursed Key":11},{"bronze:BronzeCore":0,"Calipers":29,"Slimebound:StickyStick":8,"Pantograph":19,"Snecko Eye":43,"PreservedInsect":58,"Art of War":58,"Cursed Key":43}]},"card_choices":[{"not_picked":["bronze:Deprecate","bronze:Allocate"],"picked":"bronze:Optimize","floor":2.0},{"not_picked":["bronze:DelayedGuard","bronze:Return"],"picked":"bronze:DelayedSlice","floor":3.0},{"not_picked":[],"picked":"bronze:Spike","floor":4.0},{"not_picked":["bronze:DelayedSlice","bronze:Terminator"],"picked":"bronze:ForLoop","floor":4.0},{"not_picked":["bronze:Deprecate","bronze:Frontload"],"picked":"bronze:HardenedForm","floor":8.0},{"not_picked":["bronze:Constructor","bronze:WildBeam"],"picked":"bronze:OilSpill","floor":9.0},{"not_picked":["bronze:Separator","bronze:DelayedSlice","bronze:DarkDash"],"picked":"SKIP","floor":10.0},{"not_picked":["bronze:CloningBeam","bronze:Turbo"],"picked":"bronze:Boost","floor":11.0},{"not_picked":["bronze:DarkDash","bronze:FineTuning"],"picked":"bronze:Constructor","floor":13.0},{"not_picked":["bronze:Constructor","bronze:Terminator"],"picked":"bronze:Fortify","floor":14.0},{"not_picked":["bronze:HyperBeam","bronze:Terminator","bronze:BugBarrage"],"picked":"SKIP","floor":15.0},{"not_picked":["bronze:HardenedForm","bronze:CleanCode"],"picked":"bronze:Assembly","floor":16.0},{"not_picked":["bronze:OilSpill","bronze:Iterate","bronze:Turbo+1"],"picked":"SKIP","floor":20.0},{"not_picked":["bronze:BitShift","bronze:WhirlingStrike","bronze:Separator"],"picked":"SKIP","floor":22.0},{"not_picked":["bronze:BitShift","bronze:Separator"],"picked":"bronze:WhirlingStrike","floor":22.0},{"not_picked":["bronze:InfiniteBeams","bronze:Backtrace","bronze:ChosenStrike+1"],"picked":"SKIP","floor":23.0},{"not_picked":["bronze:Safeguard","bronze:ForceShield","bronze:Overload"],"picked":"SKIP","floor":25},{"not_picked":["bronze:Safeguard","bronze:ForceShield","bronze:Overload"],"picked":"SKIP","floor":25}],"player_experience":938194,"relics_obtained":[{"floor":7.0,"key":"Slimebound:StickyStick"},{"floor":9.0,"key":"Pantograph"},{"floor":13.0,"key":"Calipers"},{"floor":23.0,"key":"Art of War"},{"floor":24.0,"key":"PreservedInsect"}],"event_choices":[{"damage_healed":0.0,"max_hp_gain":5.0,"max_hp_loss":0.0,"gold_gain":0.0,"event_name":"Big Fish","player_choice":"Donut","floor":6.0,"gold_loss":0.0,"damage_taken":0.0}],"is_beta":false,"boss_relics":[{"not_picked":["sneckomod:SneckoTalon","Cursed Key"],"picked":"Snecko Eye"}],"items_purged_floors":[20],"is_endless":false,"potions_floor_spawned":[2,3,8,11,15,25],"killed_by":"3 Cultists","ascension_level":4}}