{"host":"sygfylmorsvdndbx","time":1611010228,"event":{"mods":["AchievementEnabler","BaseMod","Highlight Path","Minty Spire (QoL Compilation)","Permanent Neow","Quick Restart","Relic Stats"],"gold_per_floor":[109,109,34,46,46,46,73,73,99,129,129,156,156,57,57,186,186,207,223,223,223,238,262,300,300,300,320,320,245,53,84,84,204,204,228,252,252,277,291,291,326,346,415,178,222,247,247,247,247,247],"floor_reached":51,"language":"ENG","playtime":4288,"items_purged":["Defend_P","Parasite"],"score":1192,"play_id":"231b7190-a633-4501-811b-eecf49dde27f","local_time":"20210118175028","is_ascension_mode":true,"campfire_choices":[{"data":"Eruption","floor":6.0,"key":"SMITH"},{"data":"FollowUp","floor":8.0,"key":"SMITH"},{"data":"Consecrate","floor":15.0,"key":"SMITH"},{"data":"Blasphemy","floor":25.0,"key":"SMITH"},{"data":"FollowUp","floor":28,"key":"SMITH"},{"data":"Scrawl","floor":32,"key":"SMITH"},{"data":"Omniscience","floor":40,"key":"SMITH"},{"data":"TalkToTheHand","floor":47,"key":"SMITH"},{"data":"CutThroughFate","floor":49,"key":"SMITH"}],"circlet_count":0,"master_deck":["Strike_P","Defend_P","Eruption+1","Vigilance","Violence","FollowUp+1","ThirdEye","Scrawl+1","ThirdEye","Consecrate+1","Blasphemy+1","Judgement+1","FearNoEvil+1","WindmillStrike+1","FlurryOfBlows","Protect+1","Ghostly","Ghostly","Ghostly","Ghostly","Ghostly","FollowUp+1","JustLucky+1","Master of Strategy","FlurryOfBlows","Omniscience+1","Weave+1","Protect+1","ThirdEye+1","CutThroughFate+1","TalkToTheHand+1","Flash of Steel","Panacea"],"relics":["PureWater","FossilizedHelix","Vajra","Meat on the Bone","Centennial Puzzle","Orichalcum","Golden Idol","Astrolabe","Shuriken","Pocketwatch","StoneCalendar","Cursed Key","Smiling Mask","Bottled Flame","Membership Card","Bag of Marbles"],"acts_visited":["Exordium","TheCity","TheBeyond"],"potions_floor_usage":[27,31],"damage_taken":[{"damage":7.0,"enemies":"Jaw Worm","floor":1.0,"turns":4.0},{"damage":0.0,"enemies":"Small Slimes","floor":4.0,"turns":2.0},{"damage":10.0,"enemies":"Gremlin Nob","floor":7.0,"turns":4.0},{"damage":0.0,"enemies":"3 Sentries","floor":10.0,"turns":4.0},{"damage":0.0,"enemies":"Lagavulin","floor":12.0,"turns":3.0},{"damage":0.0,"enemies":"Slime Boss","floor":16.0,"turns":4.0},{"damage":0.0,"enemies":"2 Thieves","floor":18.0,"turns":2.0},{"damage":0.0,"enemies":"Shell Parasite","floor":19.0,"turns":1.0},{"damage":10.0,"enemies":"Shelled Parasite and Fungi","floor":22.0,"turns":3.0},{"damage":0.0,"enemies":"Cultist and Chosen","floor":23.0,"turns":2.0},{"damage":0.0,"enemies":"Gremlin Leader","floor":24.0,"turns":6.0},{"damage":0,"enemies":"Snake Plant","floor":27,"turns":1},{"damage":0,"enemies":"Book of Stabbing","floor":31,"turns":4},{"damage":0,"enemies":"Collector","floor":33,"turns":4},{"damage":0,"enemies":"3 Shapes","floor":35,"turns":2},{"damage":0,"enemies":"3 Darklings","floor":36,"turns":4},{"damage":0,"enemies":"4 Shapes","floor":38,"turns":1},{"damage":0,"enemies":"Spire Growth","floor":39,"turns":2},{"damage":0,"enemies":"Giant Head","floor":41,"turns":5},{"damage":0,"enemies":"Maw","floor":42,"turns":5},{"damage":0,"enemies":"Nemesis","floor":45,"turns":3},{"damage":0,"enemies":"Jaw Worm Horde","floor":46,"turns":3},{"damage":0,"enemies":"Awakened One","floor":50,"turns":7}],"seed_played":"-8132727403582185784","potions_obtained":[{"floor":4.0,"key":"Dexterity Potion"},{"floor":10.0,"key":"PowerPotion"},{"floor":16.0,"key":"FairyPotion"},{"floor":31,"key":"Fruit Juice"},{"floor":35,"key":"Energy Potion"},{"floor":39,"key":"LiquidBronze"}],"is_trial":false,"path_per_floor":["M","?","$","M","?","R","E","R","T","E","T","E","?","$","R","B",null,"M","M","?","?","M","M","E","R","T","M","R","?","$","E","R","B",null,"M","M","?","M","M","R","E","M","T","$","E","M","R","?","R","B",null],"character_chosen":"WATCHER","items_purchased":["Fruit Juice","Master of Strategy","Membership Card","TalkToTheHand"],"campfire_rested":0,"item_purchase_floors":[14,30,44,44],"current_hp_per_floor":[44,44,44,44,37,37,27,27,27,27,27,39,21,26,26,38,77,77,77,77,38,28,28,28,28,28,28,28,28,28,33,33,33,43,43,43,43,43,43,43,43,43,43,40,40,40,40,30,30,30],"gold":247,"neow_bonus":"RANDOM_COLORLESS_2","is_daily":false,"chose_seed":false,"campfire_upgraded":9,"win_rate":0.0,"timestamp":1611010228,"path_taken":["M","?","$","M","?","R","E","R","T","E","?","E","?","?","R","BOSS","M","M","?","?","M","M","E","R","T","M","R","?","$","E","R","BOSS","M","M","?","M","M","R","E","M","T","$","E","M","R","?","R","BOSS"],"items_purchased_type":["Potion","Card","Relic","Card"],"build_version":"2020-12-22","purchased_purges":2,"victory":true,"max_hp_per_floor":[72,72,72,72,72,72,72,72,72,72,72,72,72,77,77,77,77,77,77,77,38,38,38,38,38,38,38,38,38,38,43,43,43,43,43,43,43,43,43,43,43,43,43,40,40,40,40,40,40,40],"relic_stats":{"Centennial Puzzle":[3],"counters":[23,76],"Golden Idol":152,"Shuriken":[46],"Astrolabe":["Judgement","FearNoEvil","WindmillStrike"],"StoneCalendar":[0],"Orichalcum":[54],"Cursed Key":1,"Smiling Mask":0,"obtain_stats":[{"Golden Idol":13,"Astrolabe":17,"Vajra":9,"StoneCalendar":31,"Orichalcum":12,"Cursed Key":34,"Smiling Mask":41,"Centennial Puzzle":11,"Bottled Flame":43,"Shuriken":20,"Bag of Marbles":45,"Membership Card":44,"PureWater":0,"FossilizedHelix":7,"Meat on the Bone":10,"Pocketwatch":24},{"Golden Idol":5,"Astrolabe":6,"Vajra":3,"StoneCalendar":13,"Orichalcum":5,"Cursed Key":14,"Smiling Mask":19,"Centennial Puzzle":4,"Bottled Flame":20,"Shuriken":8,"Bag of Marbles":21,"Membership Card":20,"PureWater":0,"FossilizedHelix":3,"Meat on the Bone":4,"Pocketwatch":11},{"Golden Idol":17,"Astrolabe":21,"Vajra":10,"StoneCalendar":40,"Orichalcum":17,"Cursed Key":44,"Smiling Mask":58,"Centennial Puzzle":14,"Bottled Flame":63,"Shuriken":24,"Bag of Marbles":66,"Membership Card":63,"PureWater":0,"FossilizedHelix":10,"Meat on the Bone":14,"Pocketwatch":35}],"Meat on the Bone":24,"Pocketwatch":[13]},"card_choices":[{"not_picked":["Mayhem","Secret Technique"],"picked":"Violence","floor":0.0},{"not_picked":["WaveOfTheHand","Prostrate"],"picked":"FollowUp","floor":1.0},{"not_picked":["Crescendo","Indignation"],"picked":"ThirdEye","floor":4.0},{"not_picked":["Indignation","EmptyBody"],"picked":"Scrawl","floor":7.0},{"not_picked":["ClearTheMind","Sanctity"],"picked":"ThirdEye","floor":10.0},{"not_picked":["FlyingSleeves","Conclude"],"picked":"Consecrate","floor":12.0},{"not_picked":["Alpha","Omniscience"],"picked":"Blasphemy","floor":16.0},{"not_picked":["Swivel","SashWhip"],"picked":"FlurryOfBlows","floor":18.0},{"not_picked":["Evaluate","CutThroughFate"],"picked":"Protect+1","floor":19.0},{"not_picked":["Conclude+1","EmptyFist"],"picked":"FollowUp","floor":22.0},{"not_picked":["EmptyMind","Indignation","Weave"],"picked":"SKIP","floor":23.0},{"not_picked":["Prostrate","Evaluate+1"],"picked":"JustLucky+1","floor":24.0},{"not_picked":["WheelKick","Omniscience","PathToVictory+1"],"picked":"SKIP","floor":27},{"not_picked":["JustLucky","Prostrate"],"picked":"FlurryOfBlows","floor":31},{"not_picked":["MasterReality","Judgement"],"picked":"Omniscience","floor":33},{"not_picked":["Prostrate","EmptyFist","EmptyBody"],"picked":"SKIP","floor":35},{"not_picked":["JustLucky+1","Wallop+1"],"picked":"Weave+1","floor":36},{"not_picked":["Weave","Tantrum","BowlingBash"],"picked":"SKIP","floor":38},{"not_picked":["CarveReality+1","Meditate+1"],"picked":"Protect+1","floor":39},{"not_picked":["EmptyFist","LikeWater"],"picked":"ThirdEye+1","floor":41},{"not_picked":["Tantrum","EmptyFist+1"],"picked":"CutThroughFate","floor":42},{"not_picked":["Swivel","Worship","WaveOfTheHand+1"],"picked":"SKIP","floor":45},{"not_picked":["EmptyFist","Protect","Swivel"],"picked":"SKIP","floor":46},{"not_picked":["Trip","Finesse"],"picked":"Flash of Steel","floor":48},{"not_picked":["Mayhem","Swift Strike"],"picked":"Panacea","floor":48}],"player_experience":267108,"relics_obtained":[{"floor":7.0,"key":"FossilizedHelix"},{"floor":9.0,"key":"Vajra"},{"floor":10.0,"key":"Meat on the Bone"},{"floor":11.0,"key":"Centennial Puzzle"},{"floor":12.0,"key":"Orichalcum"},{"floor":24.0,"key":"Pocketwatch"},{"floor":31,"key":"StoneCalendar"},{"floor":41,"key":"Smiling Mask"},{"floor":43,"key":"Bottled Flame"},{"floor":45,"key":"Bag of Marbles"}],"event_choices":[{"cards_removed":["Strike_P"],"damage_healed":0.0,"max_hp_gain":0.0,"max_hp_loss":0.0,"gold_gain":0.0,"event_name":"Living Wall","player_choice":"Forget","floor":2.0,"gold_loss":0.0,"damage_taken":0.0},{"cards_removed":["Strike_P"],"damage_healed":0.0,"max_hp_gain":0.0,"max_hp_loss":0.0,"gold_gain":0.0,"event_name":"Golden Wing","player_choice":"Card Removal","floor":5.0,"gold_loss":0.0,"damage_taken":7.0},{"damage_healed":0.0,"max_hp_gain":0.0,"max_hp_loss":0.0,"gold_gain":0.0,"event_name":"Golden Idol","player_choice":"Take Damage","floor":13.0,"gold_loss":0.0,"damage_taken":18.0,"relics_obtained":["Golden Idol"]},{"damage_healed":0.0,"max_hp_gain":0.0,"max_hp_loss":0.0,"gold_gain":0.0,"event_name":"The Mausoleum","player_choice":"Opened","floor":20.0,"gold_loss":0.0,"damage_taken":0.0,"relics_obtained":["Shuriken"],"cards_obtained":["Writhe"]},{"damage_healed":0.0,"max_hp_gain":0.0,"max_hp_loss":39.0,"gold_gain":0.0,"event_name":"Ghosts","player_choice":"Became a Ghost","floor":21.0,"gold_loss":0.0,"damage_taken":0.0,"cards_obtained":["Ghostly","Ghostly","Ghostly","Ghostly","Ghostly"]},{"cards_removed":["Writhe"],"damage_healed":0,"gold_gain":0,"player_choice":"Gave Gold","damage_taken":0,"max_hp_gain":0,"max_hp_loss":0,"event_name":"Beggar","floor":29,"gold_loss":75},{"damage_healed":0,"gold_gain":0,"player_choice":"Ignored","damage_taken":0,"max_hp_gain":0,"max_hp_loss":0,"event_name":"Tomb of Lord Red Mask","floor":37,"gold_loss":0},{"damage_healed":0,"gold_gain":0,"player_choice":"Memory 3","damage_taken":10,"max_hp_gain":0,"max_hp_loss":0,"event_name":"SensoryStone","floor":48,"gold_loss":0}],"is_beta":false,"boss_relics":[{"not_picked":["Runic Pyramid","Tiny House"],"picked":"Astrolabe"},{"not_picked":["Coffee Dripper","VioletLotus"],"picked":"Cursed Key"}],"items_purged_floors":[3,44],"is_endless":false,"potions_floor_spawned":[4,10,16,23,24,31,35,39,42,45],"ascension_level":2}}