{"host":"cvgulky4xr711dtb","time":1611013200,"event":{"mods":["AchievementEnabler","BaseMod","BetterRewards","Highlight Path","Minty Spire (QoL Compilation)"],"gold_per_floor":[111,111,131,206,206,235,118,118,143,157,175,175,190,204,204,307,307,321,194,211,32,51,51,62,62,85,102,102,127,127,138,138,239,239,255,255,255,255],"floor_reached":37,"language":"ENG","playtime":1845,"items_purged":["Strike_P"],"score":521,"play_id":"b915a9f2-16d5-49f5-a1c5-c9e567884547","local_time":"20210118234000","is_ascension_mode":false,"campfire_choices":[{"floor":8,"key":"REST"},{"floor":12,"key":"REST"},{"floor":15,"key":"REST"},{"floor":23,"key":"REST"},{"data":"Apotheosis","floor":25,"key":"SMITH"},{"data":"Devotion","floor":28,"key":"SMITH"},{"floor":32,"key":"REST"}],"circlet_count":0,"master_deck":["Strike_P+1","Strike_P","Strike_P","Defend_P","Defend_P","Defend_P","Defend_P+1","Eruption","Vigilance","Jack Of All Trades","TalkToTheHand","BowlingBash","Conclude","FlurryOfBlows","JustLucky","ThirdEye","ThirdEye","FollowUp","JustLucky","Omniscience","EmptyFist+1","Prostrate+1","Apotheosis+1","FlurryOfBlows","Weave","Devotion+1","CutThroughFate","Crescendo+1","LessonLearned","ClearTheMind+1"],"relics":["PureWater","Incense Burner","Blood Vial","SlaversCollar","Lantern","Happy Flower","Philosopher\u0027s Stone"],"acts_visited":["Exordium","TheCity","TheBeyond"],"potions_floor_usage":[6,6,6,16,16,18,22,22,33,33],"damage_taken":[{"damage":0,"enemies":"2 Louse","floor":1,"turns":2},{"damage":0,"enemies":"Small Slimes","floor":3,"turns":2},{"damage":19,"enemies":"Lagavulin","floor":6,"turns":4},{"damage":0,"enemies":"Cultist","floor":10,"turns":2},{"damage":1,"enemies":"Red Slaver","floor":11,"turns":3},{"damage":0,"enemies":"Blue Slaver","floor":13,"turns":3},{"damage":4,"enemies":"3 Louse","floor":14,"turns":3},{"damage":30,"enemies":"The Guardian","floor":16,"turns":6},{"damage":8,"enemies":"3 Byrds","floor":18,"turns":4},{"damage":4,"enemies":"2 Thieves","floor":20,"turns":5},{"damage":10,"enemies":"Snake Plant","floor":22,"turns":4},{"damage":2,"enemies":"Snecko","floor":24,"turns":4},{"damage":11,"enemies":"Cultist and Chosen","floor":27,"turns":3},{"damage":14,"enemies":"Snake Plant","floor":31,"turns":4},{"damage":67,"enemies":"Automaton","floor":33,"turns":7},{"damage":55,"enemies":"Orb Walker","floor":35,"turns":3},{"damage":21,"enemies":"3 Darklings","floor":37,"turns":2}],"seed_played":"-8875577856173899525","potions_obtained":[{"floor":5,"key":"Dexterity Potion"},{"floor":5,"key":"ColorlessPotion"},{"floor":5,"key":"BlessingOfTheForge"},{"floor":10,"key":"Ancient Potion"},{"floor":13,"key":"Fire Potion"},{"floor":16,"key":"SkillPotion"},{"floor":20,"key":"SkillPotion"},{"floor":31,"key":"DistilledChaos"},{"floor":33,"key":"Dexterity Potion"}],"is_trial":false,"path_per_floor":["M","?","M","?","?","E","$","R","T","M","M","R","M","M","R","B",null,"M","$","M","$","M","R","M","R","T","M","R","T","?","M","R","B",null,"M","?","M"],"character_chosen":"WATCHER","items_purchased":["FlurryOfBlows","JustLucky","Swift Potion","Swift Potion","Apotheosis"],"campfire_rested":5,"item_purchase_floors":[7,7,7,19,21],"current_hp_per_floor":[64,50,50,39,39,20,20,41,41,43,44,65,67,65,72,42,72,64,64,62,62,54,72,70,70,70,61,61,61,61,49,70,5,72,17,17,0,0],"gold":255,"neow_bonus":"","is_daily":false,"chose_seed":false,"campfire_upgraded":2,"win_rate":0.0,"timestamp":1611013200,"path_taken":["M","?","M","?","?","E","$","R","T","M","M","R","M","?","R","BOSS","M","$","M","$","M","R","M","R","T","M","R","?","?","M","R","BOSS","M","?","M"],"items_purchased_type":["Card","Card","Potion","Potion","Card"],"build_version":"2020-12-22","purchased_purges":1,"victory":false,"max_hp_per_floor":[72,72,72,72,72,72,72,72,72,72,72,72,72,72,72,72,72,72,72,72,72,72,72,72,72,72,72,72,72,72,72,72,72,72,72,68,68,68],"card_choices":[{"not_picked":["Crescendo","WreathOfFlame"],"picked":"TalkToTheHand","floor":1},{"not_picked":["Evaluate","JustLucky"],"picked":"BowlingBash","floor":3},{"not_picked":["Study","ForeignInfluence"],"picked":"Conclude","floor":6},{"not_picked":["ClearTheMind","SashWhip"],"picked":"ThirdEye","floor":10},{"not_picked":["ReachHeaven","WreathOfFlame"],"picked":"ThirdEye","floor":11},{"not_picked":["CrushJoints","Crescendo"],"picked":"FollowUp","floor":13},{"not_picked":["WindmillStrike","Vault"],"picked":"JustLucky","floor":14},{"not_picked":["Wish","Judgement"],"picked":"Omniscience","floor":16},{"not_picked":["SandsOfTime+1","Consecrate"],"picked":"EmptyFist+1","floor":18},{"not_picked":["LikeWater","Halt"],"picked":"Prostrate+1","floor":20},{"not_picked":["SandsOfTime","Worship"],"picked":"FlurryOfBlows","floor":22},{"not_picked":["Consecrate","WindmillStrike"],"picked":"Weave","floor":24},{"not_picked":["FlyingSleeves+1","SashWhip+1"],"picked":"Devotion","floor":27},{"not_picked":["Prostrate","Pray"],"picked":"Crescendo+1","floor":31},{"not_picked":["Scrawl","MasterReality"],"picked":"LessonLearned","floor":33},{"not_picked":["InnerPeace","PathToVictory+1"],"picked":"ClearTheMind+1","floor":35}],"player_experience":201870,"relics_obtained":[{"floor":6,"key":"Blood Vial"},{"floor":26,"key":"Lantern"},{"floor":29,"key":"Happy Flower"}],"event_choices":[{"damage_healed":0,"gold_gain":0,"player_choice":"Entered Light","damage_taken":14,"max_hp_gain":0,"max_hp_loss":0,"event_name":"Shining Light","floor":2,"gold_loss":0,"cards_upgraded":["Defend_P","Strike_P"]},{"damage_healed":0,"gold_gain":75,"player_choice":"Gather Gold","damage_taken":11,"max_hp_gain":0,"max_hp_loss":0,"event_name":"World of Goop","floor":4,"gold_loss":0},{"damage_healed":0,"gold_gain":0,"player_choice":"Got Potions","damage_taken":0,"max_hp_gain":0,"max_hp_loss":0,"event_name":"Lab","floor":5,"gold_loss":0},{"damage_healed":0,"gold_gain":0,"player_choice":"Read","damage_taken":0,"max_hp_gain":0,"max_hp_loss":0,"event_name":"The Library","floor":30,"gold_loss":0,"cards_obtained":["CutThroughFate"]},{"damage_healed":0,"gold_gain":0,"player_choice":"Max HP","damage_taken":0,"max_hp_gain":0,"max_hp_loss":4,"event_name":"Winding Halls","floor":36,"gold_loss":0}],"is_beta":false,"boss_relics":[{"not_picked":["Runic Dome","Sozu"],"picked":"SlaversCollar"},{"not_picked":["Black Star","SacredBark"],"picked":"Philosopher\u0027s Stone"}],"items_purged_floors":[19],"is_endless":false,"potions_floor_spawned":[10,13,16,20,31,33],"killed_by":"3 Darklings","ascension_level":0}}