{"host":"kw4o7b3ro2ktmmbe","time":1611010850,"event":{"mods":["BaseMod","Evolution","Minty Spire (QoL Compilation)","StSLib","The Druid"],"gold_per_floor":[111,123,123,136,156,156,106,106,106,117,117,117,137,157,157,260,260,274,285,285,299,299,299,312,22,22,22,50,50,50,63,63,165,165,184,200,54,104,117,145,158,158,158,212,240,250,277,290,290,290],"floor_reached":51,"language":"ENG","playtime":8001,"items_purged":[],"score":721,"play_id":"a54e122c-b074-48ba-a696-e35a6b68940c","local_time":"20210119120050","is_ascension_mode":false,"campfire_choices":[{"data":"theDruid:BriarArmor","floor":6.0,"key":"SMITH"},{"data":"theDruid:Recoil","floor":12.0,"key":"SMITH"},{"floor":15.0,"key":"REST"},{"data":"theDruid:InsectSwarm","floor":23.0,"key":"SMITH"},{"data":"theDruid:Rabid","floor":27.0,"key":"SMITH"},{"data":"theDruid:SurvivalCache","floor":29.0,"key":"SMITH"},{"data":"theDruid:Recoil","floor":32.0,"key":"SMITH"},{"data":"theDruid:Rabid","floor":42,"key":"SMITH"},{"data":"theDruid:FuriousSlash","floor":49,"key":"SMITH"}],"circlet_count":0,"master_deck":["theDruid:FuriousSlash+1","theDruid:Defend_O+1","theDruid:Defend_O","theDruid:Defend_O","theDruid:Defend_O","theDruid:BriarArmor+1","theDruid:WildSlash+1","theDruid:InsectSwarm+1","theDruid:Recoil+1","theDruid:WallofRoots","theDruid:TwinStars","theDruid:Rabid+1","theDruid:Forage+1","theDruid:Infestation+1","Bite","Bite","Bite","Bite","Bite","theDruid:SurvivalCache+1","theDruid:Recoil+1","theDruid:Rabid+1","theDruid:FuriousSlash+1","theDruid:ForestGuard+1","Regret","theDruid:Starfall+1","Parasite"],"relics":["theDruid:CrownOfTheWilds","EVO:Axolotl","PreservedInsect","WarpedTongs","Pear","Cursed Key","Blue Candle","Happy Flower","Strawberry","theDruid:HikingStick","Ancient Tea Set","Busted Crown","Orichalcum","FossilizedHelix","Gambling Chip","Meat on the Bone","Dead Branch","Bag of Preparation","Vajra"],"acts_visited":["Exordium","TheCity","TheBeyond"],"potions_floor_usage":[41,44,50,50],"damage_taken":[{"damage":0.0,"enemies":"Small Slimes","floor":1.0,"turns":3.0},{"damage":0.0,"enemies":"Cultist","floor":2.0,"turns":4.0},{"damage":13.0,"enemies":"Jaw Worm","floor":4.0,"turns":5.0},{"damage":11.0,"enemies":"Blue Slaver","floor":5.0,"turns":5.0},{"damage":2.0,"enemies":"Looter","floor":10.0,"turns":4.0},{"damage":0.0,"enemies":"Large Slime","floor":13.0,"turns":6.0},{"damage":0.0,"enemies":"3 Louse","floor":14.0,"turns":3.0},{"damage":26.0,"enemies":"Hexaghost","floor":16.0,"turns":9.0},{"damage":3.0,"enemies":"Chosen","floor":18.0,"turns":6.0},{"damage":0.0,"enemies":"3 Byrds","floor":19.0,"turns":2.0},{"damage":14.0,"enemies":"Centurion and Healer","floor":21.0,"turns":7.0},{"damage":7.0,"enemies":"Chosen and Byrds","floor":24.0,"turns":5.0},{"damage":27.0,"enemies":"Slavers","floor":28.0,"turns":6.0},{"damage":8.0,"enemies":"Shelled Parasite and Fungi","floor":31.0,"turns":5.0},{"damage":79.0,"enemies":"Collector","floor":33.0,"turns":13.0},{"damage":13.0,"enemies":"Orb Walker","floor":35.0,"turns":4.0},{"damage":13.0,"enemies":"3 Shapes","floor":36.0,"turns":10.0},{"damage":0.0,"enemies":"Mind Bloom Boss Battle","floor":38.0,"turns":8.0},{"damage":16.0,"enemies":"Spire Growth","floor":39.0,"turns":6.0},{"damage":2.0,"enemies":"Giant Head","floor":40.0,"turns":8.0},{"damage":8,"enemies":"4 Shapes","floor":41,"turns":5},{"damage":75,"enemies":"2 Orb Walkers","floor":44,"turns":7},{"damage":0,"enemies":"Nemesis","floor":45,"turns":5},{"damage":8,"enemies":"Sphere and 2 Shapes","floor":46,"turns":5},{"damage":1,"enemies":"Writhing Mass","floor":48,"turns":5},{"damage":3,"enemies":"Awakened One","floor":50,"turns":10}],"seed_played":"-989657519833726009","potions_obtained":[{"floor":4.0,"key":"Weak Potion"},{"floor":5.0,"key":"Dexterity Potion"},{"floor":14.0,"key":"DistilledChaos"},{"floor":16.0,"key":"Block Potion"},{"floor":18.0,"key":"Regen Potion"},{"floor":21.0,"key":"LiquidMemories"},{"floor":36.0,"key":"SneckoOil"},{"floor":38.0,"key":"EssenceOfSteel"},{"floor":39.0,"key":"DuplicationPotion"},{"floor":46,"key":"Dexterity Potion"},{"floor":48,"key":"Regen Potion"}],"is_trial":false,"path_per_floor":["M","M","?","M","M","R","?","$","T","M","?","R","M","M","R","B",null,"M","M","?","M","?","R","M","$","T","R","E","R","?","M","R","B",null,"M","M","$","?","M","E","M","R","T","?","E","M","T","M","R","B",null],"character_chosen":"DRUID","items_purchased":["Happy Flower","Strawberry","Orichalcum"],"campfire_rested":1,"item_purchase_floors":[25,25,37],"current_hp_per_floor":[75,75,75,62,51,51,51,51,61,59,42,42,42,42,67,41,85,82,85,59,59,59,59,57,64,64,64,54,54,54,62,62,47,66,55,60,60,66,59,66,65,65,65,17,42,46,46,60,60,66],"gold":290,"neow_bonus":"RANDOM_COMMON_RELIC","is_daily":false,"chose_seed":false,"campfire_upgraded":8,"win_rate":0.0,"timestamp":1611010850,"path_taken":["M","M","?","?","M","R","?","$","T","M","?","R","M","M","R","BOSS","M","M","?","M","?","R","M","$","T","R","E","R","?","M","R","BOSS","M","?","$","?","M","E","M","R","T","?","E","M","?","M","R","BOSS"],"items_purchased_type":["Relic","Relic","Relic"],"build_version":"2020-12-22","purchased_purges":0,"victory":true,"max_hp_per_floor":[75,75,75,75,75,75,75,75,85,85,85,85,85,85,85,85,85,85,85,59,59,59,59,59,66,66,66,66,66,66,66,66,66,66,66,66,66,66,66,66,66,66,66,66,66,66,66,66,66,66],"card_choices":[{"not_picked":["theDruid:BloodiedFur","theDruid:ExposingSlash"],"picked":"theDruid:InsectSwarm","floor":1.0},{"not_picked":["theDruid:Gore","theDruid:IronClaw"],"picked":"theDruid:Recoil","floor":2.0},{"not_picked":["theDruid:ThickHide","theDruid:Guidance","theDruid:BloodiedFur"],"picked":"SKIP","floor":4.0},{"not_picked":["theDruid:Moonbeam","theDruid:Resupply"],"picked":"theDruid:WallofRoots","floor":5.0},{"not_picked":["theDruid:Stampede","theDruid:Thornburst"],"picked":"theDruid:TwinStars","floor":10.0},{"not_picked":["theDruid:FelineGrace","theDruid:PlagueClaw","theDruid:Guidance"],"picked":"SKIP","floor":13.0},{"not_picked":["theDruid:Gore","theDruid:Guidance","theDruid:AstralShield"],"picked":"SKIP","floor":14.0},{"not_picked":["theDruid:CelestialSurge","theDruid:TearOpen"],"picked":"theDruid:Rabid","floor":16.0},{"not_picked":["theDruid:TakeShelter","theDruid:BrambleLash"],"picked":"theDruid:Forage+1","floor":18.0},{"not_picked":["theDruid:TwilightsCall","theDruid:Guidance"],"picked":"theDruid:Infestation+1","floor":19.0},{"not_picked":["theDruid:TakeShelter+1","theDruid:BrambleLash","theDruid:Guidance"],"picked":"SKIP","floor":21.0},{"not_picked":["theDruid:Slingshot","theDruid:Guidance","theDruid:TakeShelter"],"picked":"SKIP","floor":24.0},{"not_picked":["theDruid:WallofRoots","theDruid:Gore"],"picked":"theDruid:SurvivalCache","floor":28.0},{"not_picked":["theDruid:Slingshot","theDruid:BlessedStrike"],"picked":"theDruid:Recoil","floor":31.0},{"not_picked":["theDruid:SurvivalCache","theDruid:SpiritCall"],"picked":"theDruid:Rabid","floor":33.0},{"not_picked":[],"picked":"theDruid:FuriousSlash+1","floor":35.0},{"not_picked":["theDruid:Slingshot"],"picked":"SKIP","floor":36.0},{"not_picked":["theDruid:Starfall+1"],"picked":"SKIP","floor":39.0},{"not_picked":["theDruid:Slingshot"],"picked":"SKIP","floor":40.0},{"not_picked":[],"picked":"theDruid:ForestGuard+1","floor":41},{"not_picked":[],"picked":"theDruid:Starfall+1","floor":44},{"not_picked":["theDruid:Adaptation"],"picked":"SKIP","floor":45},{"not_picked":["theDruid:BrambleLash"],"picked":"SKIP","floor":46},{"not_picked":["theDruid:BloodiedFur"],"picked":"SKIP","floor":48}],"player_experience":1834047,"relics_obtained":[{"floor":9.0,"key":"Pear"},{"floor":26.0,"key":"theDruid:HikingStick"},{"floor":28.0,"key":"Ancient Tea Set"},{"floor":38.0,"key":"FossilizedHelix"},{"floor":40.0,"key":"Gambling Chip"},{"floor":43,"key":"Meat on the Bone"},{"floor":44,"key":"Dead Branch"},{"floor":45,"key":"Bag of Preparation"},{"floor":47,"key":"Vajra"}],"event_choices":[{"damage_healed":0.0,"max_hp_gain":0.0,"max_hp_loss":0.0,"gold_gain":0.0,"event_name":"Accursed Blacksmith","player_choice":"Rummage","floor":3.0,"gold_loss":0.0,"damage_taken":0.0,"relics_obtained":["WarpedTongs"],"cards_obtained":["Pain"]},{"cards_removed":["Pain"],"damage_healed":0.0,"max_hp_gain":0.0,"max_hp_loss":0.0,"gold_gain":0.0,"event_name":"The Cleric","player_choice":"Card Removal","floor":7.0,"gold_loss":50.0,"damage_taken":0.0},{"damage_healed":0.0,"max_hp_gain":0.0,"max_hp_loss":0.0,"gold_gain":0.0,"event_name":"Shining Light","player_choice":"Entered Light","floor":11.0,"gold_loss":0.0,"damage_taken":17.0,"cards_upgraded":["theDruid:WildSlash","theDruid:Defend_O"]},{"damage_healed":0.0,"max_hp_gain":0.0,"max_hp_loss":26.0,"gold_gain":0.0,"event_name":"Vampires","player_choice":"Became a vampire","floor":20.0,"gold_loss":0.0,"damage_taken":0.0,"cards_obtained":["Bite","Bite","Bite","Bite","Bite"]},{"damage_healed":0.0,"max_hp_gain":0.0,"max_hp_loss":0.0,"gold_gain":0.0,"event_name":"The Mausoleum","player_choice":"Opened","floor":22.0,"gold_loss":0.0,"damage_taken":0.0,"relics_obtained":["Blue Candle"]},{"cards_removed":["Normality"],"damage_healed":0.0,"max_hp_gain":0.0,"max_hp_loss":0.0,"gold_gain":0.0,"event_name":"Purifier","player_choice":"Purged","floor":30.0,"gold_loss":0.0,"damage_taken":0.0},{"damage_healed":0.0,"max_hp_gain":0.0,"max_hp_loss":0.0,"gold_gain":0.0,"event_name":"MindBloom","player_choice":"Fight","floor":38.0,"gold_loss":0.0,"damage_taken":0.0},{"damage_healed":0,"gold_gain":0,"player_choice":"Fight","damage_taken":0,"max_hp_gain":0,"max_hp_loss":0,"event_name":"Mysterious Sphere","floor":44,"gold_loss":0}],"is_beta":false,"boss_relics":[{"not_picked":["Pandora\u0027s Box","Ectoplasm"],"picked":"Cursed Key"},{"not_picked":["Empty Cage","Snecko Eye"],"picked":"Busted Crown"}],"items_purged_floors":[],"is_endless":false,"potions_floor_spawned":[4,5,14,16,18,19,21,28,36,38,39,46,48],"ascension_level":0}}