{"host":"1zjc08c6hob33401","time":1611014074,"event":{"mods":["AchievementEnabler","Act Like it!","Aspiration","BaseMod","Downfall","Energized Spire","Evolution","Friendly Minions","Gensokyo","GifTheSpireLib","Hubris","Infinite Spire","Jedi Mod","Minty Spire (QoL Compilation)","Pale of the Ancients","Quick Restart","Retaliation","Shop Mod","Spire Arcade","StS++","StSLib","Stuff the Spire","The Blue Laboratory","Wandering Minibosses","vexMod","??????REMEMod"],"gold_per_floor":[115,135,135,152,172,172,185,196,223,63,63,95,95,95,95,95,95],"floor_reached":16,"language":"RUS","playtime":678,"items_purged":[],"score":180,"play_id":"aaf0b2db-99f1-43c9-8c15-953695f69a3e","local_time":"20210119015434","is_ascension_mode":true,"campfire_choices":[{"data":"Gensokyo:RainbowDanmaku","floor":6.0,"key":"SMITH"},{"floor":11,"key":"REST"},{"data":"Genetic Algorithm","floor":13,"key":"SMITH"},{"data":"hubris:PowerSurge","floor":15,"key":"SMITH"}],"circlet_count":0,"master_deck":["jedi:BurstLightning","jedi:BurstLightning","Strike_B","Strike_B","Defend_B","Defend_B","Defend_B","Zap","Dualcast","Gensokyo:RainbowDanmaku+1","FTL","Compile Driver","Genetic Algorithm+1","jedi:hex","Sweeping Beam","BootSequence","hubris:PowerSurge+1"],"relics":["Cracked Core","EVO:Axolotl","REME_ComplimentaryCards","Strawberry","Gensokyo:BookOfSpecters","StSpp:TwinEgg"],"acts_visited":["Gensokyo:Gensokyo"],"potions_floor_usage":[16],"damage_taken":[{"damage":7.0,"enemies":"Gensokyo:Python","floor":1.0,"turns":3.0},{"damage":12.0,"enemies":"Gensokyo:Gryphon","floor":2.0,"turns":3.0},{"damage":0.0,"enemies":"Gensokyo:2_Kodama","floor":4.0,"turns":2.0},{"damage":24.0,"enemies":"Gensokyo:Gryphon_and_Rabbit","floor":5.0,"turns":7.0},{"damage":0,"enemies":"Gensokyo:LivingMonolith","floor":7,"turns":2},{"damage":24,"enemies":"Gensokyo:Python_and_Kodama","floor":8,"turns":6},{"damage":0,"enemies":"Gensokyo:Aya","floor":12,"turns":2},{"damage":47,"enemies":"Gensokyo:Yukari","floor":16,"turns":6}],"seed_played":"3058013932976954549","potions_obtained":[{"floor":4.0,"key":"blueLaboratory:StoneskinPotion"},{"floor":5.0,"key":"LiquidBronze"}],"is_trial":false,"path_per_floor":["M","M","?","M","M","R","M","M","T","?","R","E","R","?","R","B"],"character_chosen":"DEFECT","items_purchased":[],"campfire_rested":1,"item_purchase_floors":[],"current_hp_per_floor":[61,49,57,57,33,33,33,9,16,16,40,40,40,40,40,0,0],"gold":95,"neow_bonus":"REMOVE_CARD","is_daily":false,"chose_seed":false,"campfire_upgraded":3,"win_rate":0.0,"timestamp":1611014074,"path_taken":["M","M","?","M","M","R","?","M","T","?","R","E","R","?","R","BOSS"],"items_purchased_type":[],"build_version":"2020-12-22","purchased_purges":0,"victory":false,"max_hp_per_floor":[75,75,75,75,75,75,75,75,82,82,82,82,82,82,82,82,82],"card_choices":[{"not_picked":["Consume","StuffTheSpire:LoadUp"],"picked":"FTL","floor":1.0},{"not_picked":["Gash","Streamline"],"picked":"Compile Driver","floor":2.0},{"not_picked":["Cold Snap","Leap"],"picked":"Genetic Algorithm","floor":4.0},{"not_picked":["jedi:blockon","jedi:BurstFrost"],"picked":"jedi:hex","floor":5.0},{"not_picked":["Double Energy","Doom and Gloom"],"picked":"Sweeping Beam","floor":7},{"not_picked":["Defragment","Turbo"],"picked":"BootSequence","floor":8},{"not_picked":["jedi:locknload","Ball Lightning"],"picked":"hubris:PowerSurge","floor":12}],"player_experience":615677,"relics_obtained":[{"floor":9,"key":"Strawberry"},{"floor":12,"key":"StSpp:TwinEgg"}],"event_choices":[],"is_beta":false,"boss_relics":[],"items_purged_floors":[],"is_endless":false,"potions_floor_spawned":[4,5],"killed_by":"Gensokyo:Yukari","ascension_level":9}}