{"host":"xp5rvh2jwe2ejyfm","time":1611008383,"event":{"mods":["BaseMod","Hermit","Minty Spire (QoL Compilation)","Replay The Spire","StSLib","The Construct","The Cursed","The Disciple","The Hierophant","The Necromancer","The Runesmith"],"gold_per_floor":[113,133,143,161,7,39,39,67,94,104,104,104,279,308,308,308,308],"floor_reached":16,"language":"ENG","playtime":595,"items_purged":[],"score":145,"play_id":"7faaa512-b0f3-4128-b2a5-bf6dd90bb474","local_time":"20210118171943","is_ascension_mode":false,"campfire_choices":[{"data":"TheCursedMod:CircleOfFlame","floor":7,"key":"SMITH"},{"floor":15,"key":"REST"}],"circlet_count":0,"master_deck":["TheCursedMod:Strike_TheCursed+1","TheCursedMod:Strike_TheCursed","TheCursedMod:Strike_TheCursed","TheCursedMod:Strike_TheCursed","TheCursedMod:Defend_TheCursed","TheCursedMod:Defend_TheCursed","TheCursedMod:Defend_TheCursed","TheCursedMod:Defend_TheCursed","TheCursedMod:CursedWand","TheCursedMod:CleanUpWorkshop","TheCursedMod:Dregs","TheCursedMod:WearCloak","TheCursedMod:CursedBlade","TheCursedMod:CircleOfFlame+1","TheCursedMod:SpitefulStrike","TheCursedMod:CursedBlade","TheCursedMod:CircleOfBlood","TheCursedMod:Hemoplague","TheCursedMod:ReleasedKnowledge","Doubt","TheCursedMod:VitalStrike"],"relics":["TheCursedMod:BlackMagic101","PreservedInsect","DollysMirror","Bottled Flame","Art of War","Anchor"],"acts_visited":["Exordium"],"potions_floor_usage":[16],"damage_taken":[{"damage":4,"enemies":"Cultist","floor":1,"turns":4},{"damage":0,"enemies":"2 Louse","floor":2,"turns":3},{"damage":1,"enemies":"Jaw Worm","floor":3,"turns":5},{"damage":6,"enemies":"Lots of Slimes","floor":4,"turns":3},{"damage":0,"enemies":"3 Sentries","floor":6,"turns":3},{"damage":20,"enemies":"Gremlin Nob","floor":8,"turns":4},{"damage":0,"enemies":"2 Fungi Beasts","floor":10,"turns":2},{"damage":29,"enemies":"Replay:BlueRogue","floor":14,"turns":4},{"damage":47,"enemies":"Hexaghost","floor":16,"turns":11}],"seed_played":"7961505466670978485","potions_obtained":[{"floor":6,"key":"construct:ShiftPotion"},{"floor":14,"key":"Block Potion"}],"is_trial":false,"path_per_floor":["M","M","M","M","$","E","R","E","T","M","$","?","?","E","R","B"],"character_chosen":"THE_CURSED","items_purchased":["DollysMirror"],"campfire_rested":1,"item_purchase_floors":[5],"current_hp_per_floor":[71,71,70,64,64,64,64,46,46,46,46,46,46,21,43,0,0],"gold":308,"neow_bonus":"RANDOM_COMMON_RELIC","is_daily":false,"chose_seed":false,"campfire_upgraded":1,"win_rate":0.0,"timestamp":1611008383,"path_taken":["M","M","M","M","$","E","R","E","T","?","$","?","?","E","R","BOSS"],"items_purchased_type":["Relic"],"build_version":"2020-12-22","purchased_purges":0,"victory":false,"max_hp_per_floor":[75,75,75,75,75,75,75,75,75,75,75,75,75,75,75,75,75],"card_choices":[{"not_picked":["TheCursedMod:Wield","TheCursedMod:StingEye"],"picked":"TheCursedMod:WearCloak","floor":1},{"not_picked":["TheCursedMod:FleshFromBone","TheCursedMod:RavingStaff"],"picked":"TheCursedMod:CursedBlade","floor":2},{"not_picked":["TheCursedMod:HellsGateOpen","TheCursedMod:Wield"],"picked":"TheCursedMod:CircleOfFlame","floor":3},{"not_picked":["TheCursedMod:CursedShiv","TheCursedMod:CursedStaff"],"picked":"TheCursedMod:SpitefulStrike","floor":4},{"not_picked":["TheCursedMod:SoulReap","TheCursedMod:CollectTribute"],"picked":"TheCursedMod:CircleOfBlood","floor":6},{"not_picked":["TheCursedMod:CircleOfCorruption","TheCursedMod:CursedStaff"],"picked":"TheCursedMod:Hemoplague","floor":8},{"not_picked":["TheCursedMod:Grudge","TheCursedMod:Stigma"],"picked":"TheCursedMod:ReleasedKnowledge","floor":10},{"not_picked":["TheCursedMod:CursedArmor","TheCursedMod:CircleOfCorruption"],"picked":"TheCursedMod:VitalStrike","floor":14}],"player_experience":230088,"relics_obtained":[{"floor":6,"key":"Bottled Flame"},{"floor":8,"key":"Art of War"},{"floor":14,"key":"Anchor"}],"event_choices":[{"damage_healed":0,"gold_gain":175,"player_choice":"AGREE","damage_taken":0,"max_hp_gain":0,"max_hp_loss":0,"event_name":"Liars Game","floor":13,"gold_loss":0,"cards_obtained":["Doubt"]}],"is_beta":false,"boss_relics":[],"items_purged_floors":[],"is_endless":false,"potions_floor_spawned":[6,14],"killed_by":"Hexaghost","ascension_level":0}}