{"host":"f8toxsj3bk02pkeu","time":1611009097,"event":{"mods":["BaseMod","Minty Spire (QoL Compilation)","Permanent Neow","Quick Restart","StSLib","SuperFastMode"],"gold_per_floor":[116,136,136,136,96,136,136,174,200,64,64,104,120,120,120,216,216,235,250,9,29,79,79,79,79,102,102,122,37,37,37],"floor_reached":30,"language":"ENG","playtime":927,"items_purged":[],"score":638,"play_id":"819b51b4-17ef-4b95-bbaa-7b1d09625d43","local_time":"20210118153137","is_ascension_mode":true,"campfire_choices":[{"floor":7,"key":"DIG"},{"floor":11,"key":"DIG"},{"data":"Fire Breathing","floor":15,"key":"SMITH"},{"floor":23,"key":"DIG"},{"floor":25,"key":"DIG"}],"circlet_count":0,"master_deck":["AscendersBane","Strike_R","Strike_R","Strike_R","Strike_R","Strike_R","Defend_R","Defend_R","Defend_R","Defend_R","Bash","Fire Breathing+1","Warcry","Uppercut","Twin Strike","True Grit","Evolve","Impervious","Body Slam","Shrug It Off","Warcry+1"],"relics":["Burning Blood","NeowsBlessing","Bloody Idol","Mummified Hand","Shovel","Oddly Smooth Stone","Pen Nib","Potion Belt","Kunai","Pocketwatch","Coffee Dripper","Happy Flower","Bottled Lightning","Nilry\u0027s Codex","Orichalcum","Strawberry","Self Forming Clay"],"acts_visited":["Exordium","TheCity"],"potions_floor_usage":[8,8,12,12,18,21,28,30],"damage_taken":[{"damage":0,"enemies":"Jaw Worm","floor":1,"turns":1},{"damage":0,"enemies":"Cultist","floor":2,"turns":1},{"damage":0,"enemies":"3 Sentries","floor":6,"turns":2},{"damage":6,"enemies":"Gremlin Nob","floor":8,"turns":3},{"damage":30,"enemies":"Lagavulin","floor":12,"turns":7},{"damage":0,"enemies":"2 Louse","floor":13,"turns":2},{"damage":0,"enemies":"Slime Boss","floor":16,"turns":5},{"damage":22,"enemies":"3 Byrds","floor":18,"turns":5},{"damage":2,"enemies":"Chosen","floor":19,"turns":4},{"damage":34,"enemies":"3 Cultists","floor":21,"turns":7},{"damage":21,"enemies":"Shelled Parasite and Fungi","floor":28,"turns":3},{"damage":18,"enemies":"Snake Plant","floor":30,"turns":2}],"seed_played":"-1228270962828110309","potions_obtained":[{"floor":1,"key":"FearPotion"},{"floor":2,"key":"CultistPotion"},{"floor":8,"key":"Fire Potion"},{"floor":21,"key":"SteroidPotion"},{"floor":28,"key":"SteroidPotion"}],"is_trial":false,"path_per_floor":["M","M","?","T","$","E","R","E","T","$","R","E","M","?","R","B",null,"M","M","$","M","?","R","?","R","T","?","M","?","M"],"character_chosen":"IRONCLAD","items_purchased":["Uppercut","LiquidBronze","ColorlessPotion","Happy Flower","BloodPotion","Shrug It Off"],"campfire_rested":0,"item_purchase_floors":[5,10,10,20,20,20],"current_hp_per_floor":[74,75,49,49,49,55,55,55,55,55,55,31,37,37,37,43,67,51,55,55,42,42,42,21,21,28,28,18,18,0,0],"gold":37,"neow_bonus":"THREE_ENEMY_KILL","is_daily":false,"chose_seed":false,"campfire_upgraded":1,"win_rate":0.0,"timestamp":1611009097,"path_taken":["M","M","?","?","?","E","R","E","T","?","R","E","?","?","R","BOSS","M","?","$","M","?","R","?","R","T","?","M","?","?"],"items_purchased_type":["Card","Potion","Potion","Relic","Potion","Card"],"build_version":"2020-12-22","purchased_purges":0,"victory":false,"max_hp_per_floor":[75,75,75,75,75,75,75,75,75,75,75,75,75,75,75,75,75,75,75,75,75,75,75,75,75,82,82,82,82,82,82],"card_choices":[{"not_picked":["Burning Pact","Clash"],"picked":"Fire Breathing","floor":1},{"not_picked":["Wild Strike","Infernal Blade"],"picked":"Warcry","floor":2},{"not_picked":["Ghostly Armor","Hemokinesis"],"picked":"Twin Strike","floor":6},{"not_picked":["Clash","Exhume"],"picked":"True Grit","floor":8},{"not_picked":["Sword Boomerang","Flex"],"picked":"Evolve","floor":12},{"not_picked":["Cleave","Seeing Red","Uppercut"],"picked":"SKIP","floor":13},{"not_picked":["Fiend Fire","Reaper"],"picked":"Impervious","floor":16},{"not_picked":["Anger","Hemokinesis"],"picked":"Body Slam","floor":18},{"not_picked":["Wild Strike","Iron Wave","Clothesline"],"picked":"SKIP","floor":19},{"not_picked":["Warcry","Clothesline","Metallicize"],"picked":"SKIP","floor":21},{"not_picked":["Havoc","Heavy Blade+1"],"picked":"Warcry+1","floor":28}],"player_experience":962484,"relics_obtained":[{"floor":4,"key":"Mummified Hand"},{"floor":6,"key":"Shovel"},{"floor":7,"key":"Oddly Smooth Stone"},{"floor":8,"key":"Pen Nib"},{"floor":9,"key":"Potion Belt"},{"floor":11,"key":"Kunai"},{"floor":12,"key":"Pocketwatch"},{"floor":23,"key":"Bottled Lightning"},{"floor":24,"key":"Nilry\u0027s Codex"},{"floor":25,"key":"Orichalcum"},{"floor":26,"key":"Strawberry"}],"event_choices":[{"damage_healed":0,"gold_gain":0,"player_choice":"Take Damage","damage_taken":26,"relics_obtained":["Golden Idol"],"max_hp_gain":0,"max_hp_loss":0,"event_name":"Golden Idol","floor":3,"gold_loss":0},{"damage_healed":0,"gold_gain":0,"player_choice":"0 cards matched","damage_taken":0,"max_hp_gain":0,"max_hp_loss":0,"event_name":"Match and Keep!","floor":14,"gold_loss":0,"cards_obtained":[]},{"damage_healed":0,"gold_gain":50,"player_choice":"Stole From Cult","damage_taken":0,"max_hp_gain":0,"max_hp_loss":0,"event_name":"Nest","floor":22,"gold_loss":0},{"damage_healed":0,"gold_gain":0,"player_choice":"Obtained Book","damage_taken":21,"max_hp_gain":0,"max_hp_loss":0,"event_name":"Cursed Tome","floor":24,"gold_loss":0},{"damage_healed":0,"gold_gain":0,"player_choice":"Gave Idol","damage_taken":0,"relics_obtained":["Bloody Idol"],"max_hp_gain":0,"max_hp_loss":0,"event_name":"Forgotten Altar","floor":27,"relics_lost":["Golden Idol"],"gold_loss":0},{"damage_healed":0,"gold_gain":0,"player_choice":"Obtained Relic","damage_taken":0,"relics_obtained":["Self Forming Clay"],"max_hp_gain":0,"max_hp_loss":0,"event_name":"Addict","floor":29,"gold_loss":85}],"is_beta":false,"boss_relics":[{"not_picked":["Black Blood","SlaversCollar"],"picked":"Coffee Dripper"}],"items_purged_floors":[],"is_endless":false,"potions_floor_spawned":[1,2,8,21,28],"killed_by":"Snake Plant","ascension_level":20}}