{"host":"ldoq4v6ajb2y32e7","time":1611001730,"event":{"mods":["AchievementEnabler","BaseMod","BetterRewards","Marisa????????","Minty Spire (QoL Compilation)","Shop Mod","StSLib"],"gold_per_floor":[114,125,125,138,157,157,188,207,207,207,221,232,232,232,232,329,329,341,60,46,56,74,74,74,90,90,100,25,43,43,63,63,161,161,172,185,185,200,200,233,76,76,76,76,90,115,150,50,50,50],"floor_reached":51,"language":"ENG","playtime":3526,"items_purged":["Strike_R","Defend_R"],"score":713,"play_id":"24636b74-49c0-46c7-994f-69faa4c5be1e","local_time":"20210118152850","is_ascension_mode":false,"campfire_choices":[{"data":"Entrench","floor":6.0,"key":"SMITH"},{"data":"True Grit","floor":10.0,"key":"SMITH"},{"data":"Brutality","floor":13.0,"key":"SMITH"},{"data":"Uppercut","floor":15.0,"key":"SMITH"},{"data":"Armaments","floor":23.0,"key":"SMITH"},{"data":"Rupture","floor":30.0,"key":"SMITH"},{"floor":32.0,"key":"REST"},{"data":"Barricade","floor":44,"key":"SMITH"},{"floor":49,"key":"REST"}],"circlet_count":0,"master_deck":["Strike_R","Strike_R","Strike_R","Defend_R","Defend_R","Defend_R","Bash","Uppercut+1","True Grit+1","Dropkick","Entrench+1","Brutality+1","Shrug It Off","Rupture+1","Impervious","Uppercut+1","Anger","Intimidate","Armaments+1","Pommel Strike+1","Ghostly Armor","Inflame","Entrench","Bludgeon","CurseOfTheBell","Whirlwind+1","Shrug It Off+1","Barricade+1","Mind Blast","Infernal Blade+1","Demon Form"],"relics":["Burning Blood","Champion Belt","Pear","Runic Cube","Self Forming Clay","Ornamental Fan","Paper Frog","Calling Bell","Boot","Mummified Hand","Incense Burner","Juzu Bracelet","Anchor","White Beast Statue","Nunchaku","Kunai"],"acts_visited":["Exordium","TheCity","TheBeyond"],"potions_floor_usage":[45,47,50],"damage_taken":[{"damage":13.0,"enemies":"Cultist","floor":1.0,"turns":5.0},{"damage":6.0,"enemies":"2 Louse","floor":2.0,"turns":3.0},{"damage":3.0,"enemies":"Small Slimes","floor":4.0,"turns":3.0},{"damage":11.0,"enemies":"Exordium Wildlife","floor":5.0,"turns":6.0},{"damage":4.0,"enemies":"Gremlin Nob","floor":7.0,"turns":3.0},{"damage":10.0,"enemies":"Blue Slaver","floor":8.0,"turns":3.0},{"damage":5.0,"enemies":"2 Fungi Beasts","floor":11.0,"turns":4.0},{"damage":0.0,"enemies":"Looter","floor":12.0,"turns":3.0},{"damage":54.0,"enemies":"The Guardian","floor":16.0,"turns":12.0},{"damage":18.0,"enemies":"Spheric Guardian","floor":18.0,"turns":6.0},{"damage":14.0,"enemies":"2 Thieves","floor":20.0,"turns":4.0},{"damage":4.0,"enemies":"Snake Plant","floor":21.0,"turns":5.0},{"damage":20.0,"enemies":"Shelled Parasite and Fungi","floor":22.0,"turns":6.0},{"damage":10.0,"enemies":"Snecko","floor":25.0,"turns":6.0},{"damage":12.0,"enemies":"Snake Plant","floor":27.0,"turns":5.0},{"damage":16.0,"enemies":"Centurion and Healer","floor":29.0,"turns":7.0},{"damage":24.0,"enemies":"3 Cultists","floor":31.0,"turns":7.0},{"damage":49.0,"enemies":"Champ","floor":33.0,"turns":9.0},{"damage":15.0,"enemies":"Orb Walker","floor":35.0,"turns":4.0},{"damage":9.0,"enemies":"3 Darklings","floor":36.0,"turns":4.0},{"damage":14,"enemies":"Maw","floor":38,"turns":8},{"damage":10,"enemies":"Giant Head","floor":40,"turns":8},{"damage":46,"enemies":"Transient","floor":45,"turns":5},{"damage":19,"enemies":"Nemesis","floor":47,"turns":7},{"damage":15,"enemies":"Awakened One","floor":50,"turns":12}],"seed_played":"9144099790708917408","potions_obtained":[{"floor":1.0,"key":"Explosive Potion"},{"floor":5.0,"key":"ElixirPotion"},{"floor":7.0,"key":"BloodPotion"},{"floor":11.0,"key":"GamblersBrew"},{"floor":16.0,"key":"EssenceOfSteel"},{"floor":21.0,"key":"SpeedPotion"},{"floor":25.0,"key":"FearPotion"},{"floor":27.0,"key":"Swift Potion"},{"floor":35.0,"key":"Fruit Juice"},{"floor":38,"key":"EssenceOfSteel"},{"floor":45,"key":"ColorlessPotion"},{"floor":47,"key":"Explosive Potion"}],"is_trial":false,"path_per_floor":["M","M","?","M","M","R","E","M","T","R","M","M","R","?","R","B",null,"M","$","M","M","M","R","?","M","T","M","$","M","R","M","R","B",null,"M","M","?","M","?","E","$","?","T","R","M","T","E","$","R","B",null],"character_chosen":"IRONCLAD","items_purchased":["Anger","Self Forming Clay","Anchor"],"campfire_rested":2,"item_purchase_floors":[19,19,41],"current_hp_per_floor":[73,73,73,76,71,71,73,69,79,79,80,86,86,86,86,38,90,78,78,70,72,58,58,58,54,54,48,48,38,38,20,65,22,90,86,83,83,75,75,71,71,71,71,71,31,31,18,18,46,37],"gold":50,"neow_bonus":"","is_daily":false,"chose_seed":false,"campfire_upgraded":7,"win_rate":0.0,"timestamp":1611001730,"path_taken":["M","M","?","?","M","R","E","M","T","R","M","M","R","?","R","BOSS","M","$","M","M","M","R","?","M","T","M","$","M","R","M","R","BOSS","M","M","?","M","?","E","$","?","T","R","M","?","E","$","R","BOSS"],"items_purchased_type":["Card","Relic","Relic"],"build_version":"2020-12-22","purchased_purges":2,"victory":true,"max_hp_per_floor":[80,80,80,80,80,80,80,80,90,90,90,90,90,90,90,90,90,90,90,90,90,90,90,90,90,90,90,90,90,90,90,90,90,90,95,95,95,95,95,95,95,95,95,95,95,95,95,95,95,95],"card_choices":[{"not_picked":["Rampage","Perfected Strike"],"picked":"Uppercut","floor":1.0},{"not_picked":["Shrug It Off","Dual Wield"],"picked":"True Grit","floor":2.0},{"not_picked":["Ghostly Armor","True Grit"],"picked":"Dropkick","floor":4.0},{"not_picked":["Pommel Strike","Shrug It Off"],"picked":"Entrench","floor":5.0},{"not_picked":["Perfected Strike","Pommel Strike"],"picked":"Brutality","floor":7.0},{"not_picked":["Pommel Strike","Thunderclap"],"picked":"Shrug It Off","floor":8.0},{"not_picked":["Pommel Strike","Clothesline"],"picked":"Shrug It Off","floor":11.0},{"not_picked":["Disarm","Headbutt"],"picked":"Rupture","floor":12.0},{"not_picked":["Reaper","Brutality"],"picked":"Impervious","floor":16.0},{"not_picked":["Flex","Second Wind"],"picked":"Uppercut+1","floor":18.0},{"not_picked":["Searing Blow","Clothesline+1"],"picked":"Intimidate","floor":20.0},{"not_picked":["Clothesline","Brutality","Warcry+1"],"picked":"SKIP","floor":21.0},{"not_picked":["Iron Wave","Warcry"],"picked":"Armaments","floor":22.0},{"not_picked":["Perfected Strike+1","Shockwave"],"picked":"Pommel Strike+1","floor":25.0},{"not_picked":["Metallicize","Feel No Pain"],"picked":"Ghostly Armor","floor":27.0},{"not_picked":["Intimidate","Rage"],"picked":"Inflame","floor":29.0},{"not_picked":["Armaments","Rage"],"picked":"Entrench","floor":31.0},{"not_picked":["Reaper","Juggernaut"],"picked":"Bludgeon","floor":33.0},{"not_picked":["Battle Trance+1","Sever Soul+1"],"picked":"Whirlwind+1","floor":35.0},{"not_picked":["Disarm","Warcry+1"],"picked":"Shrug It Off+1","floor":36},{"not_picked":["Armaments","Sword Boomerang"],"picked":"Barricade","floor":38},{"not_picked":["Headbutt","Power Through","Brutality"],"picked":"SKIP","floor":40},{"not_picked":["Flash of Steel","Impatience"],"picked":"Mind Blast","floor":42},{"not_picked":["Iron Wave","Armaments+1"],"picked":"Infernal Blade+1","floor":45},{"not_picked":["Burning Pact+1","Fiend Fire"],"picked":"Demon Form","floor":47}],"player_experience":0,"relics_obtained":[{"floor":7.0,"key":"Champion Belt"},{"floor":9.0,"key":"Pear"},{"floor":26.0,"key":"Paper Frog"},{"floor":34.0,"key":"Boot"},{"floor":34.0,"key":"Mummified Hand"},{"floor":34.0,"key":"Incense Burner"},{"floor":40,"key":"Juzu Bracelet"},{"floor":43,"key":"White Beast Statue"},{"floor":46,"key":"Nunchaku"},{"floor":47,"key":"Kunai"}],"event_choices":[{"cards_removed":["Strike_R"],"damage_healed":0.0,"max_hp_gain":0.0,"max_hp_loss":0.0,"gold_gain":0.0,"event_name":"Purifier","player_choice":"Purged","floor":3.0,"gold_loss":0.0,"damage_taken":0.0},{"damage_healed":0.0,"max_hp_gain":0.0,"max_hp_loss":0.0,"gold_gain":0.0,"event_name":"Liars Game","player_choice":"Ignored","floor":14.0,"gold_loss":0.0,"damage_taken":0.0},{"damage_healed":0.0,"max_hp_gain":0.0,"max_hp_loss":0.0,"gold_gain":0.0,"event_name":"The Mausoleum","player_choice":"Opened","floor":24.0,"gold_loss":0.0,"damage_taken":0.0,"relics_obtained":["Ornamental Fan"]},{"damage_healed":0,"gold_gain":0,"player_choice":"Ignored","damage_taken":0,"max_hp_gain":0,"max_hp_loss":0,"event_name":"Tomb of Lord Red Mask","floor":37,"gold_loss":0},{"cards_removed":["Shrug It Off"],"damage_healed":0,"gold_gain":0,"player_choice":"Removed Skill","damage_taken":0,"max_hp_gain":0,"max_hp_loss":0,"event_name":"Falling","floor":39,"gold_loss":0},{"damage_healed":0,"gold_gain":0,"player_choice":"Memory 1","damage_taken":0,"max_hp_gain":0,"max_hp_loss":0,"event_name":"SensoryStone","floor":42,"gold_loss":0}],"is_beta":false,"boss_relics":[{"not_picked":["Runic Dome","Philosopher\u0027s Stone"],"picked":"Runic Cube"},{"not_picked":["Sozu","Astrolabe"],"picked":"Calling Bell"}],"items_purged_floors":[28,48],"is_endless":false,"potions_floor_spawned":[1,5,7,11,16,21,25,27,35,38,45,47],"ascension_level":0}}