{"host":"e6sgj53qqwx3piqv","time":1611004372,"event":{"mods":["AchievementEnabler","Aspiration","BaseMod","BetterRewards","Colored Powertips","Downfall","Hermit","Hubris","Infinite Spire","Minty Spire (QoL Compilation)","Quick Restart","Rare Cards Sparkle","Shop Mod","StSLib","The Cursed","The Disciple","The Jungle","The Runesmith"],"gold_per_floor":[117,117,132,207,207,257,268,286,286,286,20,32,48,14,14,112,112,97,187,204,224,323,323,338,338,414,414,430,10,21,34,34,129,129,129,129],"floor_reached":35,"language":"ENG","playtime":5755,"items_purged":[],"score":451,"play_id":"e0e7f5a7-bf15-4c7c-b7a7-f33a34d42203","local_time":"20210118161252","is_ascension_mode":false,"campfire_choices":[{"data":"Runesmith:CraftFirestone","floor":10,"key":"SMITH"},{"data":"Runesmith:Empowerment","floor":15,"key":"SMITH"},{"floor":23,"key":"REST"},{"data":"Runesmith:CraftVitae","floor":25,"key":"SMITH"},{"data":"Runesmith:CraftMagma","floor":32,"key":"SMITH"}],"circlet_count":0,"master_deck":["Runesmith:Strike_RS","Runesmith:Strike_RS","Runesmith:Strike_RS","Runesmith:Strike_RS","Runesmith:Defend_RS","Runesmith:Defend_RS","Runesmith:Defend_RS","Runesmith:Defend_RS","Runesmith:CraftFirestone+1","Runesmith:Fortify","Runesmith:ChiselStab","Runesmith:HammerThrow","Runesmith:CraftObretio","Runesmith:Retool","Runesmith:GoWithTheFlow","Runesmith:CraftMagma+1","Runesmith:PoweredAnvil","Deep Breath","Runesmith:Empowerment+1","Runesmith:Refine","Runesmith:CraftObretio","Runesmith:FissionHammer","Runesmith:CraftProtectio","Good Instincts","Runesmith:OneForEveryone","Runesmith:Terraform","Runesmith:CraftVitae+1","Runesmith:UnlimitedPower","Runesmith:BackupBattery","Runesmith:Refine+1","Runesmith:CraftProtectio","Runesmith:CraftMedicinae"],"relics":["Runesmith:BrokenRuby","NeowsBlessing","Oddly Smooth Stone","StrikeDummy","Black Star","Pear","hubris:BottledHeart","Eternal Feather","Akabeko","Coffee Dripper"],"acts_visited":["Exordium","TheCity","TheBeyond"],"potions_floor_usage":[13],"damage_taken":[{"damage":0,"enemies":"2 Louse","floor":1,"turns":2},{"damage":0,"enemies":"Cultist","floor":3,"turns":1},{"damage":0,"enemies":"Jaw Worm","floor":7,"turns":1},{"damage":9,"enemies":"Exordium Thugs","floor":8,"turns":5},{"damage":16,"enemies":"Large Slime","floor":12,"turns":5},{"damage":10,"enemies":"Gremlin Gang","floor":13,"turns":5},{"damage":0,"enemies":"Hexaghost","floor":16,"turns":8},{"damage":31,"enemies":"2 Thieves","floor":18,"turns":4},{"damage":10,"enemies":"Chosen","floor":20,"turns":5},{"damage":1,"enemies":"3 Cultists","floor":21,"turns":7},{"damage":5,"enemies":"Centurion and Healer","floor":24,"turns":11},{"damage":0,"enemies":"Snake Plant","floor":28,"turns":6},{"damage":0,"enemies":"Sentry and Sphere","floor":30,"turns":7},{"damage":0,"enemies":"Centurion and Healer","floor":31,"turns":7},{"damage":0,"enemies":"Collector","floor":33,"turns":11},{"damage":2,"enemies":"3 Darklings","floor":35,"turns":3}],"seed_played":"4930512938833575882","potions_obtained":[{"floor":3,"key":"GamblersBrew"},{"floor":8,"key":"SteroidPotion"},{"floor":12,"key":"Fire Potion"},{"floor":18,"key":"CultistPotion"},{"floor":24,"key":"champ:CounterPotion"},{"floor":33,"key":"DuplicationPotion"}],"is_trial":false,"path_per_floor":["M","?","M","?","?","T","M","M","T","R","$","M","M","$","R","B",null,"M","?","M","M","?","R","M","R","T","?","M","$","M","M","R","B",null,"M"],"character_chosen":"RUNESMITH_CLASS","items_purchased":["Runesmith:GoWithTheFlow","Runesmith:CraftMagma","Runesmith:PoweredAnvil","Deep Breath","Runesmith:CraftObretio","Eternal Feather","Akabeko","Runesmith:BackupBattery"],"campfire_rested":1,"item_purchase_floors":[11,11,11,11,14,29,29,29],"current_hp_per_floor":[70,70,70,59,59,59,59,50,50,50,50,34,24,24,24,24,70,39,21,11,10,10,31,26,26,36,1,1,1,1,1,1,1,1,0,0],"gold":129,"neow_bonus":"THREE_ENEMY_KILL","is_daily":false,"chose_seed":false,"campfire_upgraded":4,"win_rate":0.0,"timestamp":1611004372,"path_taken":["M","?","?","?","?","?","M","?","T","R","$","M","M","$","R","BOSS","M","?","M","?","?","R","M","R","T","?","M","$","M","M","R","BOSS","M"],"items_purchased_type":["Card","Card","Card","Card","Card","Relic","Relic","Card"],"build_version":"2020-12-22","purchased_purges":0,"victory":false,"max_hp_per_floor":[70,70,70,70,70,70,70,70,70,70,70,70,70,70,70,70,70,70,70,70,70,70,70,70,70,80,1,1,1,1,1,1,1,1,1,1],"card_choices":[{"not_picked":["Runesmith:Grindstone","Runesmith:MakeshiftArmor"],"picked":"Runesmith:ChiselStab","floor":1},{"not_picked":["Runesmith:WhiteBalance","Runesmith:Grindstone"],"picked":"Runesmith:HammerThrow","floor":3},{"not_picked":["Runesmith:EnergizedChisel","Runesmith:Permafrost"],"picked":"Runesmith:CraftObretio","floor":7},{"not_picked":["Runesmith:CraftProtectio","Runesmith:StaticCage"],"picked":"Runesmith:Retool","floor":8},{"not_picked":["Runesmith:RuneHurl","Runesmith:EarthShield"],"picked":"Runesmith:Empowerment","floor":12},{"not_picked":["Runesmith:Augment","Runesmith:HeatExchange"],"picked":"Runesmith:Refine","floor":13},{"not_picked":["Runesmith:LightningRod","Runesmith:Duplicate"],"picked":"Runesmith:FissionHammer","floor":16},{"not_picked":["Runesmith:HammerAndChisel","Runesmith:ShiftingStrike"],"picked":"Runesmith:CraftProtectio","floor":18},{"not_picked":["Runesmith:CraftProtectio+1","Runesmith:Repurpose"],"picked":"Runesmith:OneForEveryone","floor":20},{"not_picked":["Runesmith:Overpower","Runesmith:EarthShield"],"picked":"Runesmith:Terraform","floor":21},{"not_picked":["Runesmith:Overpower","Runesmith:Prism+1"],"picked":"Runesmith:CraftVitae","floor":24},{"not_picked":["Runesmith:NanitesCloud+1","Runesmith:HeatExchange"],"picked":"Runesmith:UnlimitedPower","floor":28},{"not_picked":["Runesmith:StaticCage","Runesmith:Prism"],"picked":"Runesmith:Refine+1","floor":30},{"not_picked":["Runesmith:Superposition","Runesmith:GoWithTheFlow"],"picked":"Runesmith:CraftProtectio","floor":31},{"not_picked":["Runesmith:MetallurgicalResearch","Runesmith:Supernova"],"picked":"Runesmith:CraftMedicinae","floor":33}],"player_experience":162082,"relics_obtained":[{"floor":6,"key":"Oddly Smooth Stone"},{"floor":9,"key":"StrikeDummy"},{"floor":26,"key":"Pear"}],"event_choices":[{"damage_healed":0,"gold_gain":0,"player_choice":"Ignored","damage_taken":0,"max_hp_gain":0,"max_hp_loss":0,"event_name":"Transmorgrifier","floor":2,"gold_loss":0},{"damage_healed":0,"gold_gain":75,"player_choice":"Gather Gold","damage_taken":11,"max_hp_gain":0,"max_hp_loss":0,"event_name":"World of Goop","floor":4,"gold_loss":0},{"damage_healed":0,"gold_gain":0,"player_choice":"Ignored","damage_taken":0,"max_hp_gain":0,"max_hp_loss":0,"event_name":"Liars Game","floor":5,"gold_loss":0},{"damage_healed":0,"gold_gain":90,"player_choice":"GOLD CARD ","damage_taken":18,"max_hp_gain":0,"max_hp_loss":0,"event_name":"Knowing Skull","floor":19,"potions_obtained":[],"gold_loss":0,"cards_obtained":["Good Instincts"]},{"damage_healed":0,"gold_gain":99,"player_choice":"Stole From Cult","damage_taken":0,"max_hp_gain":0,"max_hp_loss":0,"event_name":"Nest","floor":22,"gold_loss":0}],"is_beta":false,"boss_relics":[{"not_picked":["Runic Pyramid","hubris:CrackedHourglass"],"picked":"Black Star"},{"not_picked":["aspiration:MobileForge","SlaversCollar"],"picked":"Coffee Dripper"}],"items_purged_floors":[],"is_endless":false,"potions_floor_spawned":[3,8,12,18,24,28,33],"killed_by":"3 Darklings","ascension_level":0}}