{"host":"0c22z74nxhh6l98a","time":1611001433,"event":{"mods":["BaseMod","BetterRewards","Card Forge","GungeonMod","Hubris","Infinite Spire","Minty Spire (QoL Compilation)","Potionbrewer","Shop Mod","StSLib"],"gold_per_floor":[204,305,305,196,196,319,319,319,319,369,475,598,598,727,727,943,943,1058,55,164,242,157,286,286,286,362,468,602,626,732,855,855,1075,1075,1089,1334,1449,1504,43,167,272,400,400,529,429,97,123,227,227,347,347,347,14,139,229],"floor_reached":56,"language":"ENG","playtime":7081,"items_purged":[],"score":3147,"play_id":"f9cd44ee-9e66-4efe-9b69-d23051f8a46c","local_time":"20210118142353","is_ascension_mode":true,"campfire_choices":[{"floor":7,"key":"RECALL"},{"data":"Noxious Fumes","floor":13,"key":"SMITH"},{"data":"Reflex","floor":15,"key":"SMITH"},{"data":"Escape Plan","floor":24,"key":"SMITH"},{"data":"Reflex","floor":32,"key":"SMITH"},{"data":"A Thousand Cuts","floor":49,"key":"SMITH"},{"data":"After Image","floor":52,"key":"SMITH"}],"circlet_count":0,"master_deck":["AscendersBane","After Image+1","Adrenaline+1","Venomology+1","Calculated Gamble+1","Blade Dance","Escape Plan+1","infinitespire:Neurotoxin+1","Prepared","Reflex+1","hubris:Sniper","Tactician","DemoMod:Deposit+1","Calculated Gamble+1","Escape Plan+1","DemoMod:Deposit+1","Calculated Gamble+1","Adrenaline+1","DemoMod:Deposit+1","Prepared","Reflex+1","hubris:Sniper","Tactician","Caltrops","Prepared","Phantasmal Killer","Escape Plan+1","Reflex+1","After Image","A Thousand Cuts+1","Venomology","Escape Plan","infinitespire:Neurotoxin+1","Footwork+1","Calculated Gamble+1"],"relics":["Ring of the Snake","Hammer of Thor","Seething Fire","Anvil of the Gods","MerchantsRug","TwistedFunnel","Ancient Tea Set","Incense Burner","infinitespire:Magic Flask","hubris:OldNail","Thread and Needle","infinitespire:PuzzleCube","Frozen Eye","DemoMod:GundromedaStrain","infinitespire:Lucky Rock","Golden Idol","DemoMod:GlassGuonStoneRelic","Tough Bandages","hubris:Icosahedron","Bronze Scales","WingedGreaves","Bottled Lightning","The Courier","infinitespire:CheckeredPen","infinitespire:Beetle Shell","Mercury Hourglass","Juzu Bracelet","Tiny Chest","DemoMod:Bottle","potionbrewer:BottledElixir","Nilry\u0027s Codex","hubris:SlimyHat","DemoMod:BlueGuonStone","Calipers","Toy Ornithopter","WristBlade","Peace Pipe","Membership Card","Pen Nib","DemoMod:Metronome","Nunchaku","infinitespire:Bottled Soul","infinitespire:EmpoweringShard","potionbrewer:Torch","Blue Candle","Art of War","hubris:ToyBattleship","infinitespire:Golems Mask","infinitespire:Satchel","DemoMod:ClearGuonStone","Bag of Preparation","hubris:TenFootPole","Dream Catcher","Kunai","MealTicket","Centennial Puzzle","Darkstone Periapt","Vajra","Regal Pillow","DemoMod:WhiteGuonStone","Lantern","infinitespire:Eraser","DollysMirror","Happy Flower","Pantograph","Omamori","DemoMod:DecoyRelic","Smiling Mask","potionbrewer:ToyAutogyro","Strawberry","DemoMod:PoisonVial","hubris:Metronome","hubris:AncientText","Blood Vial","Snake Skull"],"acts_visited":["Exordium","TheCity","TheBeyond","TheEnding"],"potions_floor_usage":[11,16,18,23,27,28,33,35,36,36,36,36,36,36,37,37,38,38,40,41,41,44,44,44,44,44,50,50,50,50,50,50,50,50,50,50,54,55,55,55,55,55,55,55,55,55,55,55],"damage_taken":[{"damage":0,"enemies":"Small Slimes","floor":1,"turns":2},{"damage":0,"enemies":"Jaw Worm","floor":2,"turns":2},{"damage":0,"enemies":"Lagavulin","floor":6,"turns":1},{"damage":0,"enemies":"2 Louse","floor":10,"turns":1},{"damage":0,"enemies":"Exordium Wildlife","floor":11,"turns":2},{"damage":0,"enemies":"Gremlin Nob","floor":12,"turns":1},{"damage":0,"enemies":"Lagavulin","floor":14,"turns":1},{"damage":0,"enemies":"Hexaghost","floor":16,"turns":3},{"damage":0,"enemies":"Spheric Guardian","floor":18,"turns":2},{"damage":0,"enemies":"2 Thieves","floor":20,"turns":1},{"damage":0,"enemies":"Sentry and Sphere","floor":21,"turns":1},{"damage":0,"enemies":"Book of Stabbing","floor":23,"turns":2},{"damage":0,"enemies":"3 Cultists","floor":27,"turns":1},{"damage":0,"enemies":"Gremlin Leader","floor":28,"turns":2},{"damage":0,"enemies":"Snake Plant","floor":29,"turns":1},{"damage":0,"enemies":"Chosen and Byrds","floor":30,"turns":2},{"damage":0,"enemies":"Slavers","floor":31,"turns":1},{"damage":0,"enemies":"Champ","floor":33,"turns":2},{"damage":0,"enemies":"3 Shapes","floor":35,"turns":1},{"damage":0,"enemies":"infinitespire:Three Voidlings","floor":36,"turns":1},{"damage":0,"enemies":"Nightmare_Alpha","floor":36,"turns":4},{"damage":0,"enemies":"3 Darklings","floor":37,"turns":2},{"damage":0,"enemies":"Writhing Mass","floor":38,"turns":1},{"damage":1,"enemies":"Reptomancer","floor":40,"turns":1},{"damage":0,"enemies":"Spire Growth","floor":41,"turns":2},{"damage":0,"enemies":"Giant Head","floor":42,"turns":3},{"damage":0,"enemies":"Reptomancer","floor":44,"turns":2},{"damage":0,"enemies":"Jaw Worm Horde","floor":48,"turns":2},{"damage":0,"enemies":"Awakened One","floor":50,"turns":3},{"damage":0,"enemies":"Shield and Spear","floor":54,"turns":2},{"damage":0,"enemies":"The Heart","floor":55,"turns":2}],"seed_played":"-9060296078265534358","potions_obtained":[{"floor":6,"key":"potionbrewer:BoundlessPotion"},{"floor":11,"key":"potionbrewer:CleansingPotion"},{"floor":12,"key":"AttackPotion"},{"floor":21,"key":"DemoMod:BlankPotion"},{"floor":36,"key":"infinitespire:BlackPotion"},{"floor":38,"key":"CultistPotion"}],"is_trial":false,"path_per_floor":["M","M","?","$","?","E","R","?","T","M","M","E","R","E","R","B",null,"M","$","M","M","?","E","R","?","T","M","E","M","M","E","R","B",null,"M","?","M","M","$","E","M","E","T","E","NS","$","T","M","R","B",null,"R","$","E","B",null],"character_chosen":"THE_SILENT","items_purchased":["MerchantsRug","TwistedFunnel","Ancient Tea Set","infinitespire:Magic Flask","hubris:OldNail","infinitespire:PuzzleCube","Matryoshka","Frozen Eye","infinitespire:Lucky Rock","Lee\u0027s Waffle","infinitespire:CheckeredPen","infinitespire:Beetle Shell","Mercury Hourglass","Juzu Bracelet","Tiny Chest","DemoMod:Bottle","Pear","Membership Card","Pen Nib","DemoMod:Metronome","Nunchaku","infinitespire:Bottled Soul","infinitespire:EmpoweringShard","potionbrewer:Torch","Blue Candle","Art of War","hubris:ToyBattleship","infinitespire:Golems Mask","infinitespire:Satchel","DemoMod:ClearGuonStone","Bag of Preparation","hubris:TenFootPole","Dream Catcher","Kunai","MealTicket","Centennial Puzzle","Mango","Darkstone Periapt","Vajra","DollysMirror","Happy Flower","Pantograph","Omamori","DemoMod:DecoyRelic","potionbrewer:ToyAutogyro","Strawberry","DemoMod:PoisonVial","hubris:Metronome","hubris:AncientText","DemoMod:WeirdEgg"],"campfire_rested":0,"item_purchase_floors":[0,0,0,0,0,0,0,0,0,4,19,19,19,19,19,19,19,39,39,39,39,39,39,39,39,39,39,39,39,39,39,39,39,39,39,39,39,39,39,46,46,46,46,46,53,53,53,53,53,53],"current_hp_per_floor":[63,63,46,77,77,77,77,77,77,77,77,77,77,77,77,77,77,77,87,87,87,95,95,95,79,79,79,79,79,79,79,79,84,92,95,95,95,95,109,108,109,109,109,109,109,109,109,109,109,109,109,109,116,116,116],"gold":229,"neow_bonus":"","is_daily":false,"chose_seed":false,"campfire_upgraded":6,"win_rate":0.0,"timestamp":1611001433,"path_taken":["M","M","?","$","?","E","R","?","T","M","M","E","R","E","R","BOSS","M","$","M","M","?","E","R","?","T","M","E","M","M","E","R","BOSS","M","?","M","M","$","E","M","E","T","E","NS","$","?","M","R","BOSS","R","$","E","BOSS"],"items_purchased_type":["Relic","Relic","Relic","Relic","Relic","Relic","Relic","Relic","Relic","Relic","Relic","Relic","Relic","Relic","Relic","Relic","Relic","Relic","Relic","Relic","Relic","Relic","Relic","Relic","Relic","Relic","Relic","Relic","Relic","Relic","Relic","Relic","Relic","Relic","Relic","Relic","Relic","Relic","Relic","Relic","Relic","Relic","Relic","Relic","Relic","Relic","Relic","Relic","Relic","Relic"],"build_version":"2020-12-22","purchased_purges":0,"victory":true,"max_hp_per_floor":[70,70,70,77,77,77,77,77,77,77,77,77,77,77,77,77,77,77,87,87,87,95,95,95,95,95,95,95,95,95,95,95,95,95,95,95,95,95,109,109,109,109,109,109,109,109,109,109,109,109,109,109,116,116,116],"card_choices":[{"not_picked":["Dodge and Roll","Footwork"],"picked":"Noxious Fumes","floor":1},{"not_picked":["Sucker Punch","Poisoned Stab","Slice"],"picked":"SKIP","floor":2},{"not_picked":["Envenom","Infinite Blades","Concentrate"],"picked":"SKIP","floor":6},{"not_picked":["Quick Slash","Bane","Deflect"],"picked":"SKIP","floor":10},{"not_picked":["Cloak And Dagger","Dagger Throw"],"picked":"Caltrops","floor":11},{"not_picked":["Distraction","Sucker Punch","Quick Slash"],"picked":"SKIP","floor":12},{"not_picked":["PiercingWail","Concentrate"],"picked":"Prepared","floor":14},{"not_picked":["Envenom","Corpse Explosion"],"picked":"Phantasmal Killer","floor":16},{"not_picked":["Cloak And Dagger+1","Acrobatics"],"picked":"Escape Plan","floor":18},{"not_picked":["Quick Slash+1","Acrobatics","Burst"],"picked":"SKIP","floor":20},{"not_picked":["Flying Knee","Poisoned Stab","Dagger Throw"],"picked":"SKIP","floor":21},{"not_picked":["hubris:SlightOfHand","Outmaneuver+1","Flying Knee"],"picked":"SKIP","floor":23},{"not_picked":["Noxious Fumes+1","hubris:SlightOfHand","Deadly Poison"],"picked":"SKIP","floor":27},{"not_picked":["Dodge and Roll","All Out Attack","Catalyst"],"picked":"SKIP","floor":28},{"not_picked":["Slice","Prepared+1"],"picked":"Reflex","floor":29},{"not_picked":["PiercingWail+1","Dagger Spray+1"],"picked":"After Image","floor":30},{"not_picked":["Dagger Throw","Leg Sweep"],"picked":"A Thousand Cuts","floor":31},{"not_picked":["Wraith Form v2","Night Terror"],"picked":"Venomology","floor":33},{"not_picked":["Underhanded Strike+1","Sucker Punch+1","All Out Attack"],"picked":"SKIP","floor":35},{"not_picked":["Outmaneuver","Deadly Poison","Dagger Throw"],"picked":"SKIP","floor":37},{"not_picked":["Deadly Poison+1","PiercingWail+1"],"picked":"Escape Plan","floor":38},{"not_picked":["Backflip","Sucker Punch+1","Blade Dance+1"],"picked":"SKIP","floor":40},{"not_picked":["Eviscerate+1","Flying Knee","Blur"],"picked":"SKIP","floor":41},{"not_picked":["Poisoned Stab+1","Deflect+1","Well Laid Plans"],"picked":"SKIP","floor":42},{"not_picked":["Dagger Spray","Dagger Throw+1","Backflip+1"],"picked":"SKIP","floor":44},{"not_picked":["PiercingWail","Dagger Throw"],"picked":"Footwork+1","floor":48},{"not_picked":["Dash+1","Bullet Time"],"picked":"Calculated Gamble+1","floor":54}],"player_experience":899392,"relics_obtained":[{"floor":6,"key":"Tough Bandages"},{"floor":9,"key":"Bronze Scales"},{"floor":12,"key":"WingedGreaves"},{"floor":14,"key":"Bottled Lightning"},{"floor":23,"key":"potionbrewer:BottledElixir"},{"floor":25,"key":"Nilry\u0027s Codex"},{"floor":26,"key":"hubris:SlimyHat"},{"floor":26,"key":"DemoMod:BlueGuonStone"},{"floor":28,"key":"Calipers"},{"floor":31,"key":"Toy Ornithopter"},{"floor":36,"key":"Peace Pipe"},{"floor":40,"key":"Regal Pillow"},{"floor":42,"key":"DemoMod:WhiteGuonStone"},{"floor":43,"key":"Lantern"},{"floor":44,"key":"infinitespire:Eraser"},{"floor":47,"key":"Smiling Mask"},{"floor":54,"key":"Snake Skull"}],"event_choices":[{"damage_healed":0,"gold_gain":0,"player_choice":"Take Damage","damage_taken":17,"relics_obtained":["Golden Idol"],"max_hp_gain":0,"max_hp_loss":0,"event_name":"Golden Idol","floor":3,"gold_loss":0},{"damage_healed":0,"gold_gain":0,"player_choice":"Grow","damage_taken":0,"max_hp_gain":0,"max_hp_loss":0,"event_name":"Living Wall","floor":5,"gold_loss":0,"cards_upgraded":["A Thousand Cuts"]},{"damage_healed":0,"gold_gain":0,"player_choice":"Obtained Relic","damage_taken":0,"relics_obtained":["hubris:Spice"],"max_hp_gain":0,"max_hp_loss":0,"event_name":"Addict","floor":22,"gold_loss":85},{"damage_healed":0,"gold_gain":0,"player_choice":"Obtained Book","damage_taken":16,"max_hp_gain":0,"max_hp_loss":0,"event_name":"Cursed Tome","floor":25,"gold_loss":0}],"is_beta":false,"boss_relics":[{"not_picked":["Calling Bell","Sozu"],"picked":"hubris:Backtick"},{"not_picked":["hubris:HollowSoul","hubris:Spice"],"picked":"WristBlade"}],"items_purged_floors":[],"is_endless":false,"potions_floor_spawned":[2,6,11,12,21,23,28,29,31,36,36,38,48,54],"ascension_level":11}}