{"host":"rl5ku05escnl5kxo","time":1611006582,"event":{"mods":["Act Like it!","BaseMod","Minty Spire (QoL Compilation)","StSLib","The Bug Knight"],"gold_per_floor":[112,124,143,159,169,169,134,150,150,161,14,14,24,38,38,143,143,159,172,172,184,20,20,20],"floor_reached":23,"language":"ENG","playtime":2239,"items_purged":[],"score":189,"play_id":"2c0d96b2-6cc3-4963-b6f1-d5e81faab833","local_time":"20210118134942","is_ascension_mode":false,"campfire_choices":[{"data":"HollowMod:HowlingWraiths","floor":6,"key":"SMITH"},{"data":"HollowMod:VengefulSpirit","floor":12,"key":"SMITH"},{"data":"HollowMod:FallenFury","floor":15,"key":"SMITH"}],"circlet_count":0,"master_deck":["HollowMod:NailStrikeStart","HollowMod:NailStrikeStart","HollowMod:NailStrikeStart","HollowMod:NailStrikeStart","HollowMod:QuickDashStart","HollowMod:QuickDashStart","HollowMod:QuickDashStart","HollowMod:QuickDashStart","HollowMod:FocusHealStart","HollowMod:PogoStrike","HollowMod:HowlingWraiths+1","HollowMod:DoubleDash","HollowMod:SharpenedNail","HollowMod:SoulVessel","HollowMod:HuntersJournal","HollowMod:CycloneSlash","HollowMod:VengefulSpirit+1","HollowMod:SiblingsSouls","HollowMod:DashSlash","HollowMod:DoubleDash","HollowMod:SharpenedNail","HollowMod:FallenFury+1","HollowMod:HornetsHelp","HollowMod:SiblingsSouls+1","HollowMod:LifebloodCocoon","HollowMod:MantisMark","HollowMod:ZotesMagnificence"],"relics":["HollowMod:VesselMask","Akabeko","SlaversCollar","Nloth\u0027s Gift"],"acts_visited":["Exordium","TheCity"],"potions_floor_usage":[],"damage_taken":[{"damage":0,"enemies":"2 Louse","floor":1,"turns":1},{"damage":0,"enemies":"Jaw Worm","floor":2,"turns":1},{"damage":0,"enemies":"Cultist","floor":3,"turns":1},{"damage":14,"enemies":"3 Louse","floor":4,"turns":4},{"damage":3,"enemies":"2 Fungi Beasts","floor":5,"turns":3},{"damage":0,"enemies":"Red Slaver","floor":8,"turns":3},{"damage":0,"enemies":"Gremlin Gang","floor":10,"turns":2},{"damage":3,"enemies":"3 Louse","floor":13,"turns":3},{"damage":5,"enemies":"Red Slaver","floor":14,"turns":3},{"damage":62,"enemies":"The Guardian","floor":16,"turns":11},{"damage":22,"enemies":"Shell Parasite","floor":18,"turns":6},{"damage":10,"enemies":"Spheric Guardian","floor":19,"turns":3},{"damage":22,"enemies":"Snecko","floor":21,"turns":6},{"damage":25,"enemies":"Snake Plant","floor":23,"turns":2}],"seed_played":"-8450204736087213188","potions_obtained":[{"floor":2,"key":"SteroidPotion"},{"floor":5,"key":"Ancient Potion"},{"floor":13,"key":"FearPotion"},{"floor":16,"key":"AttackPotion"},{"floor":18,"key":"Explosive Potion"},{"floor":19,"key":"Block Potion"}],"is_trial":false,"path_per_floor":["M","M","M","M","M","R","?","M","T","M","$","R","M","M","R","B",null,"M","M","?","M","$","M"],"character_chosen":"THE_BUGKNIGHT","items_purchased":["HollowMod:SiblingsSouls","HollowMod:DashSlash","HollowMod:DoubleDash","HollowMod:ZotesMagnificence"],"campfire_rested":0,"item_purchase_floors":[11,11,11,22],"current_hp_per_floor":[75,75,75,67,64,64,75,75,75,75,75,75,72,67,67,11,75,53,43,43,21,21,0,0],"gold":20,"neow_bonus":"THREE_ENEMY_KILL","is_daily":false,"chose_seed":false,"campfire_upgraded":3,"win_rate":0.0,"timestamp":1611006582,"path_taken":["M","M","M","M","M","R","?","M","T","M","$","R","M","M","R","BOSS","M","M","?","?","$","M"],"items_purchased_type":["Card","Card","Card","Card"],"build_version":"2020-12-22","purchased_purges":0,"victory":false,"max_hp_per_floor":[75,75,75,75,75,75,75,75,75,75,75,75,75,75,75,75,75,75,75,75,75,75,75,75],"card_choices":[{"not_picked":["HollowMod:NewJinnsSoul","HollowMod:CornifersMapStart"],"picked":"HollowMod:HowlingWraiths","floor":1},{"not_picked":["HollowMod:InfectedCysts","HollowMod:NewJinnsSoul"],"picked":"HollowMod:DoubleDash","floor":2},{"not_picked":["HollowMod:WraithStrike","HollowMod:BlackTendrils"],"picked":"HollowMod:SharpenedNail","floor":3},{"not_picked":["HollowMod:SlysStrikes","HollowMod:FallenFury"],"picked":"HollowMod:SoulVessel","floor":4},{"not_picked":["HollowMod:MawleksShell","HollowMod:SharpenedShadows"],"picked":"HollowMod:HuntersJournal","floor":5},{"not_picked":["HollowMod:GreatSlash","HollowMod:InfectedCysts"],"picked":"HollowMod:CycloneSlash","floor":8},{"not_picked":["HollowMod:DesolateDive","HollowMod:DoubleDash"],"picked":"HollowMod:VengefulSpirit","floor":10},{"not_picked":["HollowMod:CoiledNail","HollowMod:DreamGate"],"picked":"HollowMod:SharpenedNail","floor":13},{"not_picked":["HollowMod:LifebloodCocoon","HollowMod:CornifersMapStart"],"picked":"HollowMod:FallenFury","floor":14},{"not_picked":["HollowMod:LordofShades","HollowMod:HerrahsAnger"],"picked":"HollowMod:HornetsHelp","floor":16},{"not_picked":["HollowMod:NewJinnsSoul","HollowMod:BlackTendrils+1"],"picked":"HollowMod:SiblingsSouls+1","floor":18},{"not_picked":["HollowMod:GreatSlash","HollowMod:FastStrike+1"],"picked":"HollowMod:LifebloodCocoon","floor":19},{"not_picked":["HollowMod:VengefulSpirit","HollowMod:CycloneSlash"],"picked":"HollowMod:MantisMark","floor":21}],"player_experience":474893,"relics_obtained":[{"floor":9,"key":"Akabeko"}],"event_choices":[{"damage_healed":18,"gold_gain":0,"player_choice":"Healed","damage_taken":0,"max_hp_gain":0,"max_hp_loss":0,"event_name":"The Cleric","floor":7,"gold_loss":35},{"damage_healed":0,"gold_gain":0,"player_choice":"Traded Relic","damage_taken":0,"relics_obtained":["Nloth\u0027s Gift"],"max_hp_gain":0,"max_hp_loss":0,"event_name":"N\u0027loth","floor":20,"relics_lost":["NeowsBlessing"],"gold_loss":0}],"is_beta":false,"boss_relics":[{"not_picked":["Busted Crown","Runic Dome"],"picked":"SlaversCollar"}],"items_purged_floors":[],"is_endless":false,"potions_floor_spawned":[2,5,13,16,18,19],"killed_by":"Snake Plant","ascension_level":0}}