{"host":"eydwxg59205c3vtl","time":1611003766,"event":{"mods":["2.2 Compatiblity","BaseMod","Colored Map","Colored Powertips","Hubris","Minty Spire (QoL Compilation)","StSLib","The Jungle","The Necromancer"],"gold_per_floor":[119,119,135,4,16,16,16,16,16,16,31,66,66,66,66,137,137,147,72,72,89,205,205,234,267,267,300,324,336,20,33,33,111,111,130,155,166,166,57,57,92,92,92,112,6,32,50,50,50,50,50],"floor_reached":52,"language":"ENG","playtime":2960,"items_purged":["Pain","Strike_R"],"score":1867,"play_id":"a0facd76-b965-4cce-9924-268aa67c961c","local_time":"20210118160246","is_ascension_mode":true,"campfire_choices":[{"data":"Iron Wave","floor":6.0,"key":"SMITH"},{"data":"True Grit","floor":8.0,"key":"SMITH"},{"data":"Combust","floor":15.0,"key":"SMITH"},{"data":"Body Slam","floor":23.0,"key":"SMITH"},{"data":"Cleave","floor":29.0,"key":"SMITH"},{"data":"Uppercut","floor":32.0,"key":"SMITH"},{"data":"Immolate","floor":40.0,"key":"SMITH"},{"floor":42.0,"key":"REST"},{"data":"Swift Strike","floor":49.0,"key":"SMITH"}],"circlet_count":0,"master_deck":["AscendersBane","Strike_R","Strike_R","Strike_R","Strike_R","Defend_R","Defend_R","Defend_R","Defend_R","Bash","Iron Wave+1","Uppercut+1","True Grit+1","Cleave+1","Havoc+1","Combust+1","Impervious+1","Body Slam+1","Impervious+1","Ghostly Armor+1","Twin Strike+1","hubris:ReadiedAction+1","Headbutt","Immolate+1","Spot Weakness+1","Pommel Strike+1","Sword Boomerang","Carnage+1","Iron Wave+1","Swift Strike+1"],"relics":["Burning Blood","Strawberry","WarpedTongs","Champion Belt","Toxic Egg 2","hubris:CrystalStatue","hubris:Icosahedron","Busted Crown","Potion Belt","Red Mask","Ancient Tea Set","MawBank","hubris:ChampionShield","SlaversCollar","hubris:MedicalManual","hubris:Towel","Oddly Smooth Stone","hubris:PeanutButter","Dead Branch","hubris:Metronome"],"acts_visited":["Exordium","TheCity","TheBeyond"],"potions_floor_usage":[50,50,51],"damage_taken":[{"damage":9.0,"enemies":"Jaw Worm","floor":1.0,"turns":5.0},{"damage":3.0,"enemies":"Cultist","floor":3.0,"turns":3.0},{"damage":4.0,"enemies":"Small Slimes","floor":5.0,"turns":3.0},{"damage":2.0,"enemies":"Exordium Wildlife","floor":11.0,"turns":3.0},{"damage":24.0,"enemies":"3 Sentries","floor":12.0,"turns":7.0},{"damage":49.0,"enemies":"The Guardian","floor":16.0,"turns":9.0},{"damage":19.0,"enemies":"Spheric Guardian","floor":18.0,"turns":5.0},{"damage":9.0,"enemies":"3 Byrds","floor":21.0,"turns":4.0},{"damage":19.0,"enemies":"Centurion and Healer","floor":22.0,"turns":6.0},{"damage":10.0,"enemies":"Book of Stabbing","floor":24.0,"turns":4.0},{"damage":19.0,"enemies":"Masked Bandits","floor":25.0,"turns":5.0},{"damage":44.0,"enemies":"Gremlin Leader","floor":27.0,"turns":8.0},{"damage":13.0,"enemies":"Shelled Parasite and Fungi","floor":28.0,"turns":4.0},{"damage":10.0,"enemies":"Chosen and Byrds","floor":31.0,"turns":5.0},{"damage":48.0,"enemies":"hubris:MusketHawk","floor":33.0,"turns":9.0},{"damage":10.0,"enemies":"3 Shapes","floor":35.0,"turns":2.0},{"damage":15.0,"enemies":"Mind Bloom Boss Battle","floor":36.0,"turns":8.0},{"damage":13.0,"enemies":"Orb Walker","floor":37.0,"turns":3.0},{"damage":52.0,"enemies":"Giant Head","floor":41.0,"turns":6.0},{"damage":4.0,"enemies":"4 Shapes","floor":44.0,"turns":5.0},{"damage":14.0,"enemies":"Reptomancer","floor":46.0,"turns":5.0},{"damage":0.0,"enemies":"Transient","floor":47.0,"turns":6.0},{"damage":50,"enemies":"Donu and Deca","floor":50,"turns":7},{"damage":99,"enemies":"Awakened One","floor":51,"turns":11}],"seed_played":"1860363673526186080","potions_obtained":[{"floor":3.0,"key":"SneckoOil"},{"floor":16.0,"key":"SteroidPotion"},{"floor":22.0,"key":"SteroidPotion"},{"floor":24.0,"key":"FairyPotion"},{"floor":31.0,"key":"Strength Potion"},{"floor":33.0,"key":"ColorlessPotion"},{"floor":41.0,"key":"FearPotion"},{"floor":46.0,"key":"SkillPotion"},{"floor":47.0,"key":"ColorlessPotion"}],"is_trial":false,"path_per_floor":["M","?","M","$","M","R","T","R","T","$","M","E","?","$","R","B",null,"M","$","?","M","M","R","E","?","T","E","M","R","$","M","R","B",null,"M","?","M","?","$","R","E","R","T","M","$","E","M","T","R","B","B",null],"character_chosen":"IRONCLAD","items_purchased":["Uppercut","True Grit","hubris:ChampionShield","hubris:ReadiedAction+1","Sword Boomerang","PowerPotion","Swift Strike"],"campfire_rested":1,"item_purchase_floors":[4,4,30,30,39,39,45],"current_hp_per_floor":[72,72,75,75,77,77,77,77,77,77,81,63,63,63,63,20,67,69,69,69,66,53,53,49,69,69,31,75,75,75,71,71,29,69,65,56,49,49,49,49,19,43,43,45,45,37,82,82,82,38,19],"gold":50,"neow_bonus":"RANDOM_COMMON_RELIC","is_daily":false,"chose_seed":false,"campfire_upgraded":8,"win_rate":0.0,"timestamp":1611003766,"path_taken":["M","?","M","$","?","R","?","R","T","$","?","E","?","?","R","BOSS","M","?","?","M","M","R","E","?","T","E","?","R","$","M","R","BOSS","M","?","M","?","$","R","E","R","T","M","?","E","M","?","R","BOSS","BOSS"],"items_purchased_type":["Card","Card","Relic","Card","Card","Potion","Card"],"build_version":"2020-12-22","purchased_purges":2,"victory":true,"max_hp_per_floor":[82,82,82,82,82,82,82,82,82,82,82,82,82,82,82,82,82,82,82,82,82,82,82,82,82,82,82,82,82,82,82,82,82,82,82,82,82,82,82,82,82,82,82,82,82,82,82,82,82,82,82],"card_choices":[{"not_picked":["Headbutt","Body Slam"],"picked":"Iron Wave","floor":1.0},{"not_picked":["Clash","True Grit","Second Wind"],"picked":"SKIP","floor":3.0},{"not_picked":["Pommel Strike","Armaments"],"picked":"Cleave","floor":5.0},{"not_picked":["Heavy Blade","Searing Blow"],"picked":"Havoc+1","floor":11.0},{"not_picked":["Dual Wield+1","Clash"],"picked":"Combust","floor":12.0},{"not_picked":["Fiend Fire","Feed"],"picked":"Impervious+1","floor":16.0},{"not_picked":["Clothesline"],"picked":"SKIP","floor":18.0},{"not_picked":["Burning Pact+1"],"picked":"SKIP","floor":21.0},{"not_picked":[],"picked":"Body Slam","floor":22.0},{"not_picked":[],"picked":"Impervious+1","floor":24.0},{"not_picked":[],"picked":"Ghostly Armor+1","floor":25.0},{"not_picked":[],"picked":"Twin Strike+1","floor":27.0},{"not_picked":["Flex+1"],"picked":"SKIP","floor":28.0},{"not_picked":[],"picked":"Headbutt","floor":31.0},{"not_picked":[],"picked":"Immolate","floor":33.0},{"not_picked":[],"picked":"Spot Weakness+1","floor":35.0},{"not_picked":[],"picked":"Pommel Strike+1","floor":36.0},{"not_picked":["Anger"],"picked":"SKIP","floor":37.0},{"not_picked":[],"picked":"Carnage+1","floor":41.0},{"not_picked":[],"picked":"Iron Wave+1","floor":44.0},{"not_picked":["Immolate"],"picked":"SKIP","floor":46.0},{"not_picked":["Reckless Charge"],"picked":"SKIP","floor":47.0}],"player_experience":614738,"relics_obtained":[{"floor":7.0,"key":"Champion Belt"},{"floor":9.0,"key":"Toxic Egg 2"},{"floor":12.0,"key":"hubris:CrystalStatue"},{"floor":24.0,"key":"Potion Belt"},{"floor":25.0,"key":"Red Mask"},{"floor":26.0,"key":"Ancient Tea Set"},{"floor":27.0,"key":"MawBank"},{"floor":36.0,"key":"hubris:MedicalManual"},{"floor":41.0,"key":"Oddly Smooth Stone"},{"floor":43.0,"key":"hubris:PeanutButter"},{"floor":46.0,"key":"Dead Branch"},{"floor":48.0,"key":"hubris:Metronome"}],"event_choices":[{"damage_healed":0.0,"max_hp_gain":0.0,"max_hp_loss":0.0,"gold_gain":0.0,"event_name":"Accursed Blacksmith","player_choice":"Rummage","floor":2.0,"gold_loss":0.0,"damage_taken":0.0,"relics_obtained":["WarpedTongs"],"cards_obtained":["Pain"]},{"damage_healed":0.0,"max_hp_gain":0.0,"max_hp_loss":0.0,"gold_gain":0.0,"event_name":"Masked Bandits","player_choice":"Fought Bandits","floor":25.0,"gold_loss":0.0,"damage_taken":0.0},{"damage_healed":0.0,"max_hp_gain":0.0,"max_hp_loss":0.0,"gold_gain":0.0,"event_name":"MindBloom","player_choice":"Fight","floor":36.0,"gold_loss":0.0,"damage_taken":0.0}],"is_beta":false,"boss_relics":[{"not_picked":["Philosopher\u0027s Stone","Ectoplasm"],"picked":"Busted Crown"},{"not_picked":["Coffee Dripper","Tiny House"],"picked":"SlaversCollar"}],"items_purged_floors":[19,30],"is_endless":false,"potions_floor_spawned":[3,16,22,24,31,33,36,41,46,47],"ascension_level":20}}