{"host":"cjmwurvrz00ml9vd","time":1611005626,"event":{"mods":["2.2 Compatiblity","AchievementEnabler","Act Like it!","Aspiration","BaseMod","Beaked The Cultist","Better Third Choice","BetterRewards","Colored Powertips","Conspire","Energized Spire","Infinite Spire","Marisa????????","Marked Mod","Minty Spire (QoL Compilation)","Replay The Spire","Say the Spire","StSLib","The Blackbeard","The Cursed","The Disciple","The Hierophant","The Jungle","The Necromancer","The Servant 0.9.4","TheFirefly","vexMod"],"gold_per_floor":[116,116,116,44,56,56,91,91,91,126,139,155,165,165,165,265,265,280,280,297,310,101,101,101,101],"floor_reached":24,"language":"ENG","playtime":479,"items_purged":[],"score":335,"play_id":"5f848c90-59b8-4c74-bc44-43401abeeb8f","local_time":"20210118223346","is_ascension_mode":true,"campfire_choices":[{"data":"ReplayGash","floor":6,"key":"SMITH"},{"data":"Zap","floor":8,"key":"SMITH"},{"data":"ReplayTheSpireMod:Calculation Training","floor":15,"key":"SMITH"},{"floor":23,"key":"REST"}],"circlet_count":0,"master_deck":["Strike_B","Strike_B","Strike_B","Strike_B","Defend_B","Defend_B","Defend_B","Defend_B","Zap+1","Dualcast","Ball Lightning+1","ReplayGash+1","Gash","ReplayTheSpireMod:Calculation Training+1","Scrape","Gash"],"relics":["Cracked Core","NeowsBlessing","Replay:Bottled Eggs","Pen Nib","aspiration:FaultyCoupler","Anchor","aspiration:Lifesprig"],"acts_visited":["Exordium","TheCity"],"potions_floor_usage":[12,16],"damage_taken":[{"damage":0,"enemies":"2 Louse","floor":1,"turns":1},{"damage":0,"enemies":"Small Slimes","floor":5,"turns":1},{"damage":0,"enemies":"Gremlin Nob","floor":7,"turns":1},{"damage":25,"enemies":"Lagavulin","floor":10,"turns":5},{"damage":2,"enemies":"Jaw Worm","floor":11,"turns":2},{"damage":0,"enemies":"Red Slaver","floor":12,"turns":3},{"damage":0,"enemies":"Large Slime","floor":13,"turns":3},{"damage":34,"enemies":"The Guardian","floor":16,"turns":8},{"damage":24,"enemies":"2 Thieves","floor":18,"turns":4},{"damage":0,"enemies":"Chosen","floor":20,"turns":3},{"damage":39,"enemies":"Snake Plant","floor":21,"turns":5},{"damage":34,"enemies":"Book of Stabbing","floor":24,"turns":3}],"seed_played":"-8917809937025880109","potions_obtained":[{"floor":10,"key":"Weak Potion"},{"floor":12,"key":"ColorlessPotion"}],"is_trial":false,"path_per_floor":["M","?","?","$","M","R","E","R","T","E","M","M","M","?","R","B",null,"M","?","M","M","$","R","E"],"character_chosen":"DEFECT","items_purchased":["ReplayGash","Gash","aspiration:Lifesprig"],"campfire_rested":1,"item_purchase_floors":[4,22,22],"current_hp_per_floor":[68,68,68,68,68,68,68,68,68,43,41,41,41,46,46,12,63,39,47,47,8,8,32,0,0],"gold":101,"neow_bonus":"THREE_ENEMY_KILL","is_daily":false,"chose_seed":false,"campfire_upgraded":3,"win_rate":0.0,"timestamp":1611005626,"path_taken":["M","?","?","$","M","R","E","R","T","E","M","M","M","?","R","BOSS","M","?","M","M","$","R","E"],"items_purchased_type":["Card","Card","Relic"],"build_version":"2020-12-22","purchased_purges":0,"victory":false,"max_hp_per_floor":[75,75,75,75,75,75,75,75,75,75,75,75,75,80,80,80,80,80,80,80,80,80,80,80,80],"card_choices":[{"not_picked":["Defragment","Go for the Eyes"],"picked":"Ball Lightning","floor":1},{"not_picked":["Barrage","Beam Cell"],"picked":"Gash","floor":5},{"not_picked":["Recycle","Undo","aspiration:Polymerization"],"picked":"SKIP","floor":7},{"not_picked":["ReplayRNGCard","Barrage"],"picked":"ReplayTheSpireMod:Calculation Training","floor":10},{"not_picked":["Steam","Turbo","Aggregate"],"picked":"SKIP","floor":11},{"not_picked":["Compile Driver","Sweeping Beam","Skim"],"picked":"SKIP","floor":12},{"not_picked":["Steam","ReplaySort"],"picked":"Scrape","floor":13},{"not_picked":["aspiration:Polymerization","Conserve Battery","Sweeping Beam"],"picked":"SKIP","floor":18},{"not_picked":["ReplayTheSpireMod:Repulse","ReplaySort","Hologram"],"picked":"SKIP","floor":20},{"not_picked":["Barrage","Genetic Algorithm","Streamline"],"picked":"SKIP","floor":21}],"player_experience":627749,"relics_obtained":[{"floor":3,"key":"Replay:Bottled Eggs"},{"floor":7,"key":"Pen Nib"},{"floor":9,"key":"aspiration:FaultyCoupler"},{"floor":10,"key":"Anchor"}],"event_choices":[{"damage_healed":0,"gold_gain":0,"player_choice":"Leave","damage_taken":0,"max_hp_gain":0,"max_hp_loss":0,"event_name":"The Cleric","floor":2,"gold_loss":0},{"damage_healed":0,"gold_gain":0,"player_choice":"Donut","damage_taken":0,"max_hp_gain":5,"max_hp_loss":0,"event_name":"Big Fish","floor":14,"gold_loss":0}],"is_beta":false,"boss_relics":[{"not_picked":["Abe\u0027s Treasure","energizedSpire:OgreHead","energizedSpire:SpiderWeb"]}],"items_purged_floors":[],"is_endless":false,"potions_floor_spawned":[10,12],"killed_by":"Book of Stabbing","ascension_level":9}}