{"host":"jnpc5rzortks67vf","time":1611007298,"event":{"mods":["2.2 Compatiblity","AchievementEnabler","BaseMod","Downfall","Friendly Minions","HexUI Lib","Minty Spire (QoL Compilation)","StSLib"],"gold_per_floor":[99,99,99,99,99,127,175,75,14,39,39,39,39,60,74,179,179,179,197,6,17,17,33,33,45,130,150,50,61,76,22,34,133,133,133,149,165,175,32,62,112,112,112,112],"floor_reached":43,"language":"ENG","playtime":1915,"items_purged":[],"score":539,"play_id":"acd6c773-0379-40ca-a425-dbada5681baf","local_time":"20210118150138","is_ascension_mode":false,"campfire_choices":[{"floor":1,"key":"RECALL"},{"data":"bronze:CloningBeam","floor":8,"key":"SMITH"},{"data":"bronze:OilSpill","floor":11,"key":"SMITH"},{"floor":13,"key":"DIG"},{"floor":18,"key":"DIG"},{"floor":28,"key":"DIG"},{"floor":35,"key":"DIG"}],"circlet_count":0,"master_deck":["bronze:Replicate","bronze:Goto","bronze:CutThrough","bronze:Flail","bronze:CloningBeam+1","bronze:ChildClass","bronze:OilSpill+1","bronze:ItsAFeature","bronze:BronzeOrb","bronze:DelayedGuard","bronze:SpaghettiCode","bronze:WildBeam+1","bronze:Boost","expansioncontent:StudyTheSpire","bronze:BuggyMess","bronze:DelayedGuard","bronze:OilSpill+1","bronze:WhirlingStrike","bronze:GetLatest+1","bronze:Repulsor","bronze:BronzeOrb","bronze:Assembly","bronze:Virus","bronze:Backtrace","bronze:WildBeam","bronze:Mutator","bronze:Invalidate","bronze:WildBeam","bronze:Backtrace","bronze:Verify","bronze:CutThrough","bronze:Allocate+1","bronze:Frontload+1","bronze:Fortify+1","expansioncontent:StudyTheSpire","bronze:DelayedGuard"],"relics":["bronze:BronzeCore","downfall:HeartsMalice","Happy Flower","Boot","downfall:HeartBlessingRed","HornCleat","Shovel","Omamori","Odd Mushroom","bronze:MakeshiftBattery","Ancient Tea Set","downfall:HeartBlessingBlue","White Beast Statue","Pandora\u0027s Box","Bottled Lightning","bronze:SilverBullet","Toy Ornithopter","Bottled Tornado","Strawberry"],"acts_visited":["Exordium","TheCity","TheBeyond"],"potions_floor_usage":[10,14,16,23,29,29,33,33,33,40,40,40,43],"damage_taken":[{"damage":0,"enemies":"Small Slimes","floor":2,"turns":1},{"damage":0,"enemies":"Jaw Worm","floor":5,"turns":1},{"damage":0,"enemies":"Gremlin Nob","floor":6,"turns":1},{"damage":5,"enemies":"downfall:FleeingMerchant","floor":9,"turns":4},{"damage":12,"enemies":"Lagavulin","floor":10,"turns":3},{"damage":3,"enemies":"The Mushroom Lair","floor":14,"turns":2},{"damage":0,"enemies":"Cultist","floor":15,"turns":2},{"damage":29,"enemies":"WA_ARCHETYPE_RETAIN","floor":16,"turns":6},{"damage":0,"enemies":"Chosen","floor":19,"turns":4},{"damage":0,"enemies":"downfall:FleeingMerchant","floor":20,"turns":4},{"damage":0,"enemies":"Spheric Guardian","floor":21,"turns":3},{"damage":0,"enemies":"Snecko","floor":23,"turns":3},{"damage":7,"enemies":"Snake Plant","floor":25,"turns":3},{"damage":4,"enemies":"Chosen and Byrds","floor":27,"turns":6},{"damage":0,"enemies":"Centurion and Healer","floor":29,"turns":4},{"damage":14,"enemies":"3 Cultists","floor":30,"turns":5},{"damage":0,"enemies":"downfall:FleeingMerchant","floor":31,"turns":4},{"damage":0,"enemies":"Cultist and Chosen","floor":32,"turns":4},{"damage":55,"enemies":"SI_MIRROR_ARCHETYPE","floor":33,"turns":9},{"damage":0,"enemies":"3 Shapes","floor":36,"turns":2},{"damage":0,"enemies":"Orb Walker","floor":37,"turns":2},{"damage":32,"enemies":"Spire Growth","floor":38,"turns":4},{"damage":0,"enemies":"downfall:FleeingMerchant","floor":39,"turns":1},{"damage":79,"enemies":"Reptomancer","floor":40,"turns":8},{"damage":60,"enemies":"Writhing Mass","floor":43,"turns":4}],"seed_played":"4714664131498303205","potions_obtained":[{"floor":6,"key":"champ:CounterPotion"},{"floor":10,"key":"Regen Potion"},{"floor":14,"key":"Swift Potion"},{"floor":16,"key":"Regen Potion"},{"floor":19,"key":"AttackPotion"},{"floor":21,"key":"DuplicationPotion"},{"floor":23,"key":"PowerPotion"},{"floor":29,"key":"bronze:BurnAndBuffPotion"},{"floor":30,"key":"champ:CounterPotion"},{"floor":31,"key":"Block Potion"},{"floor":33,"key":"bronze:CleanCodePotion"},{"floor":36,"key":"Block Potion"},{"floor":37,"key":"Ancient Potion"},{"floor":38,"key":"ColorlessPotion"},{"floor":40,"key":"FearPotion"}],"is_trial":false,"path_per_floor":["R","M","?","?","M","E","T","R","$","E","R","?","R","?","M","B",null,"R","M","$","M","?","M","T","M","?","M","R","M","M","$","M","B",null,"R","M","M","M","?","E","T","$","M"],"character_chosen":"THE_AUTOMATON","items_purchased":["bronze:OilSpill","expansioncontent:StudyTheSpire","bronze:BronzeOrb","bronze:SilverBullet","Toy Ornithopter","expansioncontent:StudyTheSpire"],"campfire_rested":0,"item_purchase_floors":[9,20,31,39,39,39],"current_hp_per_floor":[70,70,70,70,70,70,70,70,65,53,53,41,41,43,43,14,70,70,70,70,70,70,70,70,63,49,45,55,67,53,53,53,20,80,80,80,80,48,48,20,27,27,0,0],"gold":112,"neow_bonus":"THREE_ENEMY_KILL","is_daily":false,"chose_seed":false,"campfire_upgraded":2,"win_rate":0.0,"timestamp":1611007298,"path_taken":["R","M","?","?","?","E","T","R","$","E","R","?","R","?","M","BOSS","R","M","$","M","?","M","T","M","?","M","R","?","M","?","M","BOSS","R","M","?","M","?","E","T","$","M"],"items_purchased_type":["Card","Card","Card","Relic","Relic","Card"],"build_version":"2020-12-22","purchased_purges":0,"victory":false,"max_hp_per_floor":[70,70,70,70,70,70,70,70,70,70,70,70,70,70,70,70,70,70,70,70,70,70,70,70,70,70,70,80,80,80,80,80,80,80,80,80,80,80,80,80,87,87,87,87],"card_choices":[{"not_picked":["bronze:BitShift","bronze:Deprecate"],"picked":"bronze:MaxOutput","floor":2},{"not_picked":["bronze:MaxOutput","bronze:BitShift"],"picked":"bronze:Flail","floor":5},{"not_picked":["bronze:DelayedSlice","bronze:FineTuning"],"picked":"bronze:CloningBeam","floor":6},{"not_picked":["bronze:Iterate","bronze:Shield"],"picked":"bronze:ChildClass","floor":9},{"not_picked":["bronze:Turbo","bronze:Overheat"],"picked":"bronze:ItsAFeature","floor":10},{"not_picked":["bronze:DelayedGuard","bronze:ItsAFeature"],"picked":"bronze:BronzeOrb","floor":14},{"not_picked":["bronze:Iterate","bronze:Deprecate"],"picked":"bronze:DelayedGuard","floor":15},{"not_picked":["bronze:HardenedForm","bronze:ShipIt"],"picked":"bronze:SpaghettiCode","floor":16},{"not_picked":["bronze:FineTuning","bronze:Allocate+1"],"picked":"bronze:WildBeam+1","floor":19},{"not_picked":["bronze:Safeguard","bronze:Overload+1"],"picked":"bronze:Boost","floor":20},{"not_picked":["bronze:OilSpill","bronze:ForLoop"],"picked":"bronze:BuggyMess","floor":21},{"not_picked":["bronze:Shield","bronze:Turbo+1","bronze:CloningBeam+1"],"picked":"SKIP","floor":23},{"not_picked":["bronze:Branch","bronze:ItsAFeature+1"],"picked":"bronze:DelayedGuard","floor":25},{"not_picked":["bronze:Deprecate","bronze:Return"],"picked":"bronze:OilSpill+1","floor":27},{"not_picked":["bronze:Branch","bronze:CutThrough+1"],"picked":"bronze:WhirlingStrike","floor":29},{"not_picked":["bronze:Overheat+1","bronze:ItsAFeature"],"picked":"bronze:GetLatest+1","floor":30},{"not_picked":["bronze:OilSpill","bronze:Deprecate"],"picked":"bronze:Repulsor","floor":31},{"not_picked":["bronze:WhirlingStrike","bronze:FollowUp"],"picked":"bronze:Assembly","floor":32},{"not_picked":["bronze:Break","bronze:HyperBeam"],"picked":"bronze:Virus","floor":33},{"not_picked":["bronze:BugBarrage+1","bronze:Branch","bronze:CutThrough"],"picked":"SKIP","floor":36},{"not_picked":["bronze:Frontload","bronze:DelayedGuard+1"],"picked":"bronze:Allocate+1","floor":37},{"not_picked":["bronze:OilSpill","bronze:BugBarrage+1"],"picked":"bronze:Frontload+1","floor":38},{"not_picked":["bronze:ForLoop+1","bronze:Flail"],"picked":"bronze:Fortify+1","floor":39},{"not_picked":["bronze:NullPointer","bronze:Deprecate"],"picked":"bronze:DelayedGuard","floor":40}],"player_experience":658769,"relics_obtained":[{"floor":6,"key":"Happy Flower"},{"floor":7,"key":"Boot"},{"floor":10,"key":"HornCleat"},{"floor":13,"key":"Omamori"},{"floor":14,"key":"Odd Mushroom"},{"floor":18,"key":"Ancient Tea Set"},{"floor":28,"key":"White Beast Statue"},{"floor":35,"key":"Bottled Lightning"},{"floor":40,"key":"Bottled Tornado"},{"floor":41,"key":"Strawberry"}],"event_choices":[{"damage_healed":0,"gold_gain":0,"player_choice":"Ignored","damage_taken":0,"max_hp_gain":0,"max_hp_loss":0,"event_name":"NoteForYourself","floor":4,"gold_loss":0},{"damage_healed":0,"gold_gain":0,"player_choice":"Success","damage_taken":12,"relics_obtained":["Shovel"],"max_hp_gain":0,"max_hp_loss":0,"event_name":"Scrap Ooze","floor":12,"gold_loss":0},{"damage_healed":0,"gold_gain":0,"player_choice":"Fought Mushrooms","damage_taken":0,"max_hp_gain":0,"max_hp_loss":0,"event_name":"Mushrooms","floor":14,"gold_loss":0}],"is_beta":false,"boss_relics":[{"not_picked":["Tiny House","SlaversCollar"],"picked":"bronze:MakeshiftBattery"},{"not_picked":["Snecko Eye","Runic Pyramid"],"picked":"Pandora\u0027s Box"}],"items_purged_floors":[],"is_endless":false,"potions_floor_spawned":[6,10,14,16,19,21,23,29,30,31,32,33,36,37,38,39,40],"killed_by":"Writhing Mass","ascension_level":0}}