{"host":"6a92uynocv4elkyp","time":1611011095,"event":{"mods":["AchievementEnabler","BaseMod","Infinite Spire","Minty Spire (QoL Compilation)","Quick Restart","StSLib"],"gold_per_floor":[138,138,218,343,47,125,218,218,218,323,404,454,454],"floor_reached":12,"language":"ENG","playtime":712,"items_purged":[],"score":208,"play_id":"35c0e113-2bf0-48e5-a0dd-8c426ab59b7c","local_time":"20210119000455","daily_mods":["SealedDeck","Blue Cards","Purple Cards","Heirloom","Flight","DeadlyEvents","Elite Swarm","Midas"],"is_ascension_mode":true,"campfire_choices":[{"floor":8,"key":"REST"}],"circlet_count":0,"master_deck":["AscendersBane","Evaluate","InnerPeace","Protect","PathToVictory","Cold Snap","FollowUp","FollowUp","Consecrate","Storm","Static Discharge","BowlingBash","Pray","Magnetism","Establishment","Machine Learning","Vault","MasterReality"],"relics":["PureWater","infinitespire:CursedDice","SsserpentHead","Regal Pillow","infinitespire:CheckeredPen","Boot","The Courier","Oddly Smooth Stone","Meat on the Bone"],"acts_visited":["Exordium"],"potions_floor_usage":[7,11,12],"damage_taken":[{"damage":0,"enemies":"Cultist","floor":1,"turns":4},{"damage":2,"enemies":"2 Louse","floor":3,"turns":2},{"damage":16,"enemies":"3 Sentries","floor":6,"turns":8},{"damage":36,"enemies":"Gremlin Nob","floor":7,"turns":4},{"damage":15,"enemies":"3 Sentries","floor":10,"turns":5},{"damage":31,"enemies":"Gremlin Nob","floor":11,"turns":4},{"damage":18,"enemies":"3 Sentries","floor":12,"turns":3}],"seed_played":"8998567837727965705","potions_obtained":[{"floor":1,"key":"Strength Potion"},{"floor":7,"key":"Regen Potion"},{"floor":10,"key":"Explosive Potion"}],"is_trial":true,"path_per_floor":["M","?","M","?","$","E","E","R","T","E","E","E"],"character_chosen":"WATCHER","items_purchased":["Regal Pillow","Magnetism"],"campfire_rested":1,"item_purchase_floors":[5,5],"current_hp_per_floor":[61,61,59,48,48,32,24,59,59,44,18,0,0],"gold":454,"neow_bonus":"","is_daily":false,"chose_seed":false,"campfire_upgraded":0,"win_rate":0.0,"timestamp":1611011095,"path_taken":["M","?","?","?","?","E","E","R","T","E","E","?"],"items_purchased_type":["Relic","Card"],"build_version":"2020-12-22","purchased_purges":0,"victory":false,"max_hp_per_floor":[68,68,68,68,68,68,68,68,68,68,68,68,68],"card_choices":[{"not_picked":["Compile Driver","Swivel"],"picked":"BowlingBash","floor":1},{"not_picked":["SashWhip","Reinforced Body"],"picked":"Pray","floor":3},{"not_picked":["Ragnarok","SpiritShield"],"picked":"Establishment","floor":6},{"not_picked":["Wish","Establishment"],"picked":"Machine Learning","floor":7},{"not_picked":["Meteor Strike","SpiritShield"],"picked":"Vault","floor":10},{"not_picked":["Amplify","LessonLearned"],"picked":"MasterReality","floor":11}],"player_experience":110179,"relics_obtained":[{"floor":6,"key":"infinitespire:CheckeredPen"},{"floor":7,"key":"Boot"},{"floor":9,"key":"The Courier"},{"floor":10,"key":"Oddly Smooth Stone"},{"floor":11,"key":"Meat on the Bone"}],"event_choices":[{"damage_healed":0,"gold_gain":0,"player_choice":"Trade","damage_taken":0,"relics_obtained":["SsserpentHead"],"max_hp_gain":0,"max_hp_loss":0,"event_name":"FaceTrader","floor":2,"gold_loss":0},{"damage_healed":0,"gold_gain":75,"player_choice":"Gather Gold","damage_taken":11,"max_hp_gain":0,"max_hp_loss":0,"event_name":"World of Goop","floor":4,"gold_loss":0}],"is_beta":false,"boss_relics":[],"items_purged_floors":[],"is_endless":false,"potions_floor_spawned":[1,7,10],"killed_by":"3 Sentries","ascension_level":20}}