{"host":"4rvk26w7t08d5zdj","time":1611005193,"event":{"mods":["AchievementEnabler","BaseMod","Colored Powertips","Conspire","Energized Spire","GifTheSpireLib","Minty Spire (QoL Compilation)","Rare Cards Sparkle","StSLib","The Animator","The Blue Laboratory"],"gold_per_floor":[122,297,311,311,54,54,114,130,155,180,180,205,232,242,242,368,393,419,419,456,508,134,134,159,159,184,184,205,60,85,101,101,200,225,244,244,323,0,0,0,0,0,0],"floor_reached":42,"language":"ENG","playtime":2142,"items_purged":[],"score":465,"play_id":"d9cab063-1061-4ee7-af5b-9105ac80fc2b","local_time":"20210118132633","is_ascension_mode":false,"campfire_choices":[{"data":"animator:LeleiLaLalena","floor":6,"key":"SMITH"},{"data":"animator:SakuraMatou","floor":15,"key":"SMITH"},{"floor":23,"key":"REST"},{"data":"animator:SuzuneAmano","floor":25,"key":"SMITH"},{"data":"animator:AcuraAkari","floor":27,"key":"SMITH"},{"floor":32,"key":"REST"},{"data":"animator:GuildGirl","floor":40,"key":"SMITH"}],"circlet_count":0,"master_deck":["animator:Defend_MadokaMagica","animator:Defend+1","animator:Defend+1","animator:IrohaTamaki","animator:YuiTsuruno","animator:Jibril","animator:LeleiLaLalena+1","animator:KyokoSakura","animator:SayakaMiki","animator:Gilgamesh+20","animator:Shuna","animator:GuildGirl+1","animator:NagisaMomoe","animator:SakuraMatou+1","animator:Gillette","animator:PinaCoLada+1","animator:Viivi","Bite","Bite","Bite","Bite","Bite","animator:Archer+1","animator:AcuraAkari+1","animator:YuiTsuruno+1","animator:KyokoSakura","animator:Saber","animator:YuiTsuruno+1","animator:PinaCoLada+1","animator:HigakiRinne"],"relics":["animator:LivingPicture","animator:TheMissingPiece","Tiny Chest","Juzu Bracelet","Orrery","War Paint","conspire:DeflatedDodgeball","Frozen Egg 2","conspire:BottledYoYo","GremlinMask","Empty Cage","animator:WornHelmet","Strange Spoon","Omamori","MutagenicStrength","Letter Opener","DollysMirror","Nilry\u0027s Codex","Cursed Key","MealTicket","Bottled Lightning"],"acts_visited":["Exordium","TheCity","TheBeyond"],"potions_floor_usage":[16,20,31,33],"damage_taken":[{"damage":0,"enemies":"Small Slimes","floor":1,"turns":4},{"damage":2,"enemies":"2 Louse","floor":3,"turns":3},{"damage":0,"enemies":"Lagavulin","floor":7,"turns":7},{"damage":6,"enemies":"Jaw Worm","floor":8,"turns":4},{"damage":0,"enemies":"3 Louse","floor":13,"turns":3},{"damage":11,"enemies":"Exordium Wildlife","floor":14,"turns":5},{"damage":28,"enemies":"Slime Boss","floor":16,"turns":12},{"damage":58,"enemies":"conspire:FuzzyDice","floor":18,"turns":6},{"damage":0,"enemies":"3 Byrds","floor":20,"turns":5},{"damage":0,"enemies":"conspire:HollyBat","floor":28,"turns":9},{"damage":5,"enemies":"Snake Plant","floor":31,"turns":3},{"damage":14,"enemies":"conspire:MysteriousRune","floor":33,"turns":7},{"damage":16,"enemies":"Orb Walker","floor":35,"turns":3},{"damage":59,"enemies":"Reptomancer","floor":42,"turns":3}],"seed_played":"5663046943846133282","potions_obtained":[{"floor":8,"key":"ColorlessPotion"},{"floor":13,"key":"BlessingOfTheForge"},{"floor":16,"key":"blueLaboratory:BubblePotion"},{"floor":18,"key":"blueLaboratory:HorrorPotion"},{"floor":33,"key":"Strength Potion"},{"floor":35,"key":"blueLaboratory:BottleOfRum"}],"is_trial":false,"path_per_floor":["M","?","M","?","$","R","E","M","T","T","?","?","M","M","R","B",null,"M","?","M","T","$","R","?","R","T","R","M","$","?","M","R","B",null,"M","?","T","$","?","R","$","E"],"character_chosen":"THE_ANIMATOR","items_purchased":["Orrery","War Paint","Strange Spoon","Omamori","animator:AcuraAkari","DollysMirror","Bottled Lightning","animator:PinaCoLada+1"],"campfire_rested":2,"item_purchase_floors":[5,5,22,22,22,29,38,38],"current_hp_per_floor":[66,66,64,57,58,58,58,53,53,53,53,53,54,43,43,15,69,11,11,23,23,23,37,37,37,37,37,48,48,32,29,43,36,49,39,49,49,49,43,43,49,0,0],"gold":0,"neow_bonus":"RANDOM_COMMON_RELIC","is_daily":false,"chose_seed":false,"campfire_upgraded":5,"win_rate":0.0,"timestamp":1611005193,"path_taken":["M","?","M","?","?","R","E","M","T","?","?","?","M","M","R","BOSS","M","?","M","?","$","R","?","R","T","R","M","$","?","M","R","BOSS","M","?","?","?","?","R","$","E"],"items_purchased_type":["Relic","Relic","Relic","Relic","Card","Relic","Relic","Card"],"build_version":"2020-12-22","purchased_purges":0,"victory":false,"max_hp_per_floor":[66,66,66,66,67,67,67,68,68,68,68,68,69,69,69,69,69,69,48,48,48,48,48,48,48,48,48,48,48,48,48,48,49,49,49,49,49,49,49,49,49,49,49],"card_choices":[{"not_picked":["animator:Rider","animator:DolaSchwi"],"picked":"animator:Jibril","floor":1},{"not_picked":["animator:DolaCouronne","animator:AcuraTooru"],"picked":"animator:LeleiLaLalena","floor":3},{"not_picked":["animator:DolaSchwi","animator:TukaLunaMarceau"],"picked":"animator:KyokoSakura","floor":5},{"not_picked":["animator:FielNirvalen","animator:CowGirl"],"picked":"animator:SuzuneAmano","floor":5},{"not_picked":["animator:Lancer","animator:PinaCoLada"],"picked":"animator:SayakaMiki","floor":5},{"not_picked":["animator:Shuna","animator:Viivi"],"picked":"animator:Gilgamesh","floor":5},{"not_picked":["animator:EmiyaShirou","animator:ChaikaBohdan"],"picked":"animator:Shuna","floor":5},{"not_picked":["animator:Priestess","animator:EmiyaShirou"],"picked":"animator:GuildGirl","floor":7},{"not_picked":["animator:IrohaTamaki","animator:YachiyoNanami"],"picked":"animator:NagisaMomoe","floor":8},{"not_picked":["animator:CowGirl","animator:Gillette"],"picked":"animator:SakuraMatou","floor":13},{"not_picked":["animator:Souei","animator:Alexander"],"picked":"animator:Gillette","floor":14},{"not_picked":["animator:ItamiYouji","animator:SwordMaiden"],"picked":"animator:PinaCoLada+1","floor":16},{"not_picked":["animator:GazelDwargon+1","animator:Spearman"],"picked":"animator:Viivi","floor":18},{"not_picked":["animator:Berserker","animator:Illya"],"picked":"animator:Archer+1","floor":20},{"not_picked":["animator:RoryMercury","animator:Tyuule"],"picked":"animator:YuiTsuruno+1","floor":28},{"not_picked":["animator:Rider+1","animator:ChaikaTrabant"],"picked":"animator:KyokoSakura","floor":31},{"not_picked":["animator:ChaikaTrabant","animator:SwordMaiden"],"picked":"animator:Saber","floor":33},{"not_picked":["animator:Kuribayashi+1","animator:ShinjiMatou+1"],"picked":"animator:YuiTsuruno+1","floor":35}],"player_experience":1051429,"relics_obtained":[{"floor":7,"key":"conspire:DeflatedDodgeball"},{"floor":9,"key":"Frozen Egg 2"},{"floor":10,"key":"conspire:BottledYoYo"},{"floor":21,"key":"animator:WornHelmet"},{"floor":26,"key":"Letter Opener"},{"floor":30,"key":"Nilry\u0027s Codex"},{"floor":37,"key":"MealTicket"}],"event_choices":[{"damage_healed":0,"gold_gain":175,"player_choice":"AGREE","damage_taken":0,"max_hp_gain":0,"max_hp_loss":0,"event_name":"Liars Game","floor":2,"gold_loss":0,"cards_obtained":["Doubt"]},{"damage_healed":0,"gold_gain":0,"player_choice":"Success","damage_taken":7,"relics_obtained":["Juzu Bracelet"],"max_hp_gain":0,"max_hp_loss":0,"event_name":"Scrap Ooze","floor":4,"gold_loss":0},{"cards_removed":["Doubt"],"damage_healed":0,"gold_gain":0,"player_choice":"Forget","damage_taken":0,"max_hp_gain":0,"max_hp_loss":0,"event_name":"Living Wall","floor":11,"gold_loss":0},{"damage_healed":0,"gold_gain":0,"player_choice":"Trade","damage_taken":0,"relics_obtained":["GremlinMask"],"max_hp_gain":0,"max_hp_loss":0,"event_name":"FaceTrader","floor":12,"gold_loss":0},{"damage_healed":0,"gold_gain":0,"player_choice":"Became a vampire","damage_taken":0,"max_hp_gain":0,"max_hp_loss":21,"event_name":"Vampires","floor":19,"gold_loss":0,"cards_obtained":["Bite","Bite","Bite","Bite","Bite"]},{"damage_healed":0,"gold_gain":0,"player_choice":"Inject Mutagens","damage_taken":0,"relics_obtained":["MutagenicStrength"],"max_hp_gain":0,"max_hp_loss":0,"event_name":"Drug Dealer","floor":24,"gold_loss":0},{"damage_healed":0,"gold_gain":0,"player_choice":"Obtained Book","damage_taken":16,"max_hp_gain":0,"max_hp_loss":0,"event_name":"Cursed Tome","floor":30,"gold_loss":0},{"cards_removed":["animator:SuzuneAmano"],"damage_healed":10,"gold_gain":0,"player_choice":"Offered Uncommon","damage_taken":0,"max_hp_gain":0,"max_hp_loss":0,"event_name":"Bonfire Elementals","floor":36,"gold_loss":0},{"damage_healed":0,"gold_gain":0,"player_choice":"Embrace Madness","damage_taken":6,"max_hp_gain":0,"max_hp_loss":0,"event_name":"Winding Halls","floor":39,"gold_loss":0,"cards_obtained":["animator:HigakiRinne"]}],"is_beta":false,"boss_relics":[{"not_picked":["energizedSpire:DeadBattery","Runic Dome"],"picked":"Empty Cage"},{"not_picked":["energizedSpire:SpiderWeb","Philosopher\u0027s Stone"],"picked":"Cursed Key"}],"items_purged_floors":[],"is_endless":false,"potions_floor_spawned":[8,13,16,18,33,35],"killed_by":"Reptomancer","ascension_level":0}}