{"host":"KYO","time":1611010686,"event":{"mods":["ATMod(阿瑾Mod)","BaseMod","Minty Spire (QoL Compilation)","Permanent Neow","Shop Mod","StSLib","SuperFastMode","TestMod","[IsaacMod]以撒尖塔","【遗物卡牌】REMEMod"],"gold_per_floor":[110,110,160,177,187,187,21,52,52,79,354,354,354,365,365,440,440,457,482,64,64,64],"floor_reached":21,"language":"ZHS","playtime":1122,"items_purged":["Strike_B"],"score":420,"play_id":"b412332d-b0bf-474a-bf91-9133176b490d","local_time":"20210119065806","is_ascension_mode":true,"campfire_choices":[{"data":"REME_CopyPotion","floor":6.0,"key":"SMITH"},{"data":"Pulse","floor":13.0,"key":"SMITH"},{"data":"Zap","floor":15,"key":"SMITH"}],"circlet_count":0,"master_deck":["AscendersBane","Strike_B","Strike_B","Defend_B","Defend_B","Defend_B","Zap+1","Dualcast","AT_FamilyPortrait","REME_CopyPotion+1","Regret","Chill","Pulse+1","Self Repair+1","Regret","Defragment+1","Echo Form+1","Coolheaded","Defragment+1"],"relics":["Cracked Core","HushsDoor","AT_ATBox","REME_ComplimentaryCards","testmod-TestBox","BookofShadows","testmod-Prudence","testmod-AssaultLearning","Mummified Hand","Frozen Egg 2","HowToJump","Regal Pillow","testmod-Temperance","Red Mask","MerchantsRug","AT_BellDemon"],"acts_visited":["Exordium","TheCity"],"potions_floor_usage":[18],"damage_taken":[{"damage":0.0,"enemies":"Jaw Worm","floor":1.0,"turns":1.0},{"damage":114.0,"enemies":"Hiden Room Battle","floor":3.0,"turns":5.0},{"damage":14.0,"enemies":"2 Louse","floor":4.0,"turns":4.0},{"damage":0.0,"enemies":"Cultist","floor":5.0,"turns":4.0},{"damage":0.0,"enemies":"Gremlin Nob","floor":8.0,"turns":3.0},{"damage":10.0,"enemies":"Lagavulin","floor":10.0,"turns":5.0},{"damage":10,"enemies":"Gremlin Gang","floor":14,"turns":4},{"damage":32,"enemies":"Hexaghost","floor":16,"turns":10},{"damage":11,"enemies":"Shell Parasite","floor":18,"turns":5},{"damage":36,"enemies":"Masked Bandits","floor":19,"turns":6},{"damage":14,"enemies":"Spheric Guardian","floor":21,"turns":3}],"seed_played":"-543922558476238884","potions_obtained":[{"floor":1.0,"key":"PowerPotion"},{"floor":5.0,"key":"FocusPotion"},{"floor":14,"key":"Energy Potion"},{"floor":16,"key":"DistilledChaos"},{"floor":19,"key":"SteroidPotion"}],"is_trial":false,"path_per_floor":["M","?","?","M","M","R","$","E","T","E","?","?","R","M","R","B",null,"M","?","$","M"],"character_chosen":"DEFECT","items_purchased":["Lee\u0027s Waffle","MerchantsRug","AT_BellDemon","Defragment+1"],"campfire_rested":0,"item_purchase_floors":[7,20,20,20],"current_hp_per_floor":[64,64,41,27,27,27,71,71,71,61,61,61,61,61,61,39,63,62,36,36,22,22],"gold":64,"neow_bonus":"REMOVE_TWO","is_daily":false,"chose_seed":false,"campfire_upgraded":3,"win_rate":0.0,"timestamp":1611010686,"path_taken":["M","?","?","?","M","R","$","E","T","E","?","?","R","M","R","BOSS","M","?","$","M"],"items_purchased_type":["Relic","Relic","Relic","Card"],"build_version":"2020-12-18","purchased_purges":1,"victory":false,"max_hp_per_floor":[64,64,64,64,64,64,71,71,71,71,71,71,71,71,71,71,71,71,71,71,71,71],"card_choices":[{"not_picked":[],"picked":"ChaosCard","floor":0.0},{"not_picked":["Storm","Streamline"],"picked":"Bomb","floor":1.0},{"not_picked":["Barrage","Darkness"],"picked":"Chill","floor":3.0},{"not_picked":["Barrage","Hologram"],"picked":"Pulse","floor":4.0},{"not_picked":["Streamline","Gash"],"picked":"Bomb","floor":5.0},{"not_picked":["Aggregate","Rip and Tear","Ball Lightning"],"picked":"SKIP","floor":8.0},{"not_picked":["Rebound","Steam"],"picked":"Self Repair+1","floor":10.0},{"not_picked":["Turbo","Loop+1"],"picked":"Defragment+1","floor":14},{"not_picked":["ElectricPowerLearning+1","Rainbow"],"picked":"Echo Form+1","floor":16},{"not_picked":["Fan+1","Chill+1","Stack+1"],"picked":"SKIP","floor":18},{"not_picked":["Rebound+1","Streamline"],"picked":"Coolheaded","floor":19}],"player_experience":629690,"relics_obtained":[{"floor":3.0,"key":"Mummified Hand"},{"floor":3.0,"key":"Dream Catcher"},{"floor":8.0,"key":"Akabeko"},{"floor":9.0,"key":"Frozen Egg 2"},{"floor":10.0,"key":"HowToJump"},{"floor":19,"key":"Red Mask"}],"event_choices":[{"damage_healed":0.0,"max_hp_gain":0.0,"max_hp_loss":0.0,"gold_gain":0.0,"event_name":"Big Fish","player_choice":"Box","floor":2.0,"gold_loss":0.0,"damage_taken":0.0,"relics_obtained":["testmod-AssaultLearning"],"cards_obtained":["Regret"]},{"damage_healed":0.0,"max_hp_gain":0.0,"max_hp_loss":0.0,"gold_gain":0.0,"event_name":"HidenRoomEvent","player_choice":"Fight","floor":3.0,"gold_loss":0.0,"damage_taken":0.0},{"damage_healed":0.0,"max_hp_gain":0.0,"max_hp_loss":0.0,"gold_gain":275.0,"event_name":"Golden Shrine","player_choice":"Desecrate","floor":11.0,"gold_loss":0.0,"damage_taken":0.0,"cards_obtained":["Regret"]},{"damage_healed":0.0,"max_hp_gain":0.0,"max_hp_loss":0.0,"gold_gain":0.0,"event_name":"给自己的盒子","player_choice":"Swap Relic","floor":12.0,"relics_lost":["Dream Catcher"],"gold_loss":0.0,"damage_taken":0.0,"relics_obtained":["Regal Pillow"]},{"damage_healed":0,"gold_gain":0,"player_choice":"Fought Bandits","damage_taken":0,"max_hp_gain":0,"max_hp_loss":0,"event_name":"Masked Bandits","floor":19,"gold_loss":0}],"is_beta":true,"boss_relics":[{"not_picked":["ChampionBelt","testmod-Fanaticism"],"picked":"testmod-Temperance"},{"not_picked":[]}],"items_purged_floors":[20],"is_endless":false,"potions_floor_spawned":[1,5,14,16,19],"killed_by":"Spheric Guardian","ascension_level":20}}