{"host":"363c1o4m0ew2jbar","time":1611011364,"event":{"mods":["AchievementEnabler","BaseMod","Better Note","Downfall","Hubris","Minty Spire (QoL Compilation)","StSLib"],"gold_per_floor":[99,99,99,99,99,99,124,124,24,24,41,58,58,92,105,207,207,207,218,235,235,248,248,274,284,317,329,229,139,169,53,65,170,170,70,87,103,121,121,134,134,162,162,207,207,235,315,315,315,315,315],"floor_reached":49,"language":"ENG","playtime":2188,"items_purged":["champ:Strike","champ:Strike"],"score":609,"play_id":"310963a1-7c25-44d3-a101-4fbe62432f1a","local_time":"20210118130924","is_ascension_mode":true,"campfire_choices":[{"floor":1,"key":"RECALL"},{"floor":9,"key":"REST"},{"data":"champ:Taunt","floor":13,"key":"SMITH"},{"data":"champ:UltimateStance","floor":18,"key":"SMITH"},{"data":"champ:ViciousMockery","floor":23,"key":"SMITH"},{"floor":28,"key":"REST"},{"data":"champ:CalledShot","floor":35,"key":"SMITH"},{"floor":43,"key":"REST"}],"circlet_count":0,"master_deck":["champ:Strike","champ:Defend","champ:Defend","champ:Defend","champ:Defend","champ:Execute","champ:Taunt+1","champ:Duel","champ:ViciousMockery+1","champ:FaceSlap","champ:CalledShot+1","champ:Shatter","champ:ShieldWall","champ:UltimateStance+1","champ:Encircle","champ:Lariat","champ:PreciseThrust","expansioncontent:StudyTheSpire","champ:UltimateStance","CurseOfTheBell","champ:PreciseThrust","champ:GladiatorForm","Parasite"],"relics":["champ:ChampionCrownUpgraded","downfall:HeartsMalice","downfall:ShatteredFragment","Bag of Marbles","Bronze Scales","Ancient Tea Set","downfall:HeartBlessingRed","Boot","Bottled Tornado","downfall:HeartBlessingBlue","hexamod:BolsterEngine","Happy Flower","Calling Bell","hubris:SlimyHat","Sundial","Guardian:GemstoneGun","downfall:HeartBlessingGreen","Toxic Egg 2","hexamod:CandleOfCauterizing","hubris:MedicalManual","hubris:Towel","hexamod:Sixitude","Pantograph"],"acts_visited":["Exordium","TheCity","TheBeyond"],"potions_floor_usage":[16,16,25,29,30,31,33,33,33,37,42,42,44],"damage_taken":[{"damage":0,"enemies":"Jaw Worm","floor":2,"turns":1},{"damage":0,"enemies":"2 Louse","floor":4,"turns":1},{"damage":0,"enemies":"Small Slimes","floor":10,"turns":1},{"damage":0,"enemies":"Exordium Wildlife","floor":11,"turns":2},{"damage":17,"enemies":"Gremlin Gang","floor":12,"turns":3},{"damage":21,"enemies":"3 Sentries","floor":14,"turns":5},{"damage":12,"enemies":"3 Louse","floor":15,"turns":1},{"damage":28,"enemies":"SI_SHIV_ARCHETYPE","floor":16,"turns":4},{"damage":10,"enemies":"Shell Parasite","floor":19,"turns":1},{"damage":10,"enemies":"Chosen","floor":20,"turns":2},{"damage":26,"enemies":"Snake Plant","floor":22,"turns":3},{"damage":15,"enemies":"Shelled Parasite and Fungi","floor":25,"turns":2},{"damage":50,"enemies":"Book of Stabbing","floor":26,"turns":5},{"damage":39,"enemies":"Centurion and Healer","floor":27,"turns":5},{"damage":15,"enemies":"downfall:FleeingMerchant","floor":29,"turns":4},{"damage":30,"enemies":"Gremlin Leader","floor":30,"turns":4},{"damage":23,"enemies":"downfall:FleeingMerchant","floor":31,"turns":3},{"damage":10,"enemies":"Snake Plant","floor":32,"turns":2},{"damage":69,"enemies":"IC_MUSHROOM_ARCHETYPE","floor":33,"turns":6},{"damage":5,"enemies":"Orb Walker","floor":36,"turns":1},{"damage":45,"enemies":"3 Darklings","floor":37,"turns":4},{"damage":40,"enemies":"Transient","floor":38,"turns":5},{"damage":23,"enemies":"Sphere and 2 Shapes","floor":40,"turns":3},{"damage":111,"enemies":"Giant Head","floor":42,"turns":9},{"damage":15,"enemies":"2 Orb Walkers","floor":44,"turns":3},{"damage":53,"enemies":"Nemesis","floor":46,"turns":3},{"damage":10,"enemies":"Writhing Mass","floor":49,"turns":2}],"seed_played":"-2096967839341516402","potions_obtained":[{"floor":11,"key":"champ:CounterPotion"},{"floor":12,"key":"Regen Potion"},{"floor":15,"key":"Swift Potion"},{"floor":26,"key":"DuplicationPotion"},{"floor":27,"key":"AttackPotion"},{"floor":30,"key":"FearPotion"},{"floor":32,"key":"EntropicBrew"},{"floor":36,"key":"DistilledChaos"},{"floor":38,"key":"SteroidPotion"},{"floor":42,"key":"Guardian:BlockOnCardUsePotion"},{"floor":46,"key":"EssenceOfSteel"}],"is_trial":false,"path_per_floor":["R","M","?","M","?","?","T","?","R","M","M","M","R","E","M","B",null,"R","M","M","?","M","R","T","M","E","M","R","$","E","$","M","B",null,"R","M","M","M","$","M","T","E","R","?","?","E","T","?","M"],"character_chosen":"THE_CHAMP","items_purchased":["Happy Flower","expansioncontent:StudyTheSpire"],"campfire_rested":3,"item_purchase_floors":[31,31],"current_hp_per_floor":[90,90,63,63,63,63,63,45,72,72,72,65,65,54,52,51,90,90,90,90,90,79,79,79,79,44,30,70,70,70,62,62,33,100,100,100,90,90,90,87,87,16,46,46,46,9,9,9,0,0,0],"gold":315,"neow_bonus":"THREE_ENEMY_KILL","is_daily":false,"chose_seed":false,"campfire_upgraded":4,"win_rate":0.0,"timestamp":1611011364,"path_taken":["R","M","?","M","?","?","T","?","R","M","M","?","R","E","M","BOSS","R","M","M","?","?","R","T","M","E","M","R","$","E","$","M","BOSS","R","M","M","M","$","M","T","E","R","?","?","E","?","?","M"],"items_purchased_type":["Relic","Card"],"build_version":"2020-12-22","purchased_purges":2,"victory":false,"max_hp_per_floor":[90,90,90,90,90,90,90,90,90,90,90,90,90,90,90,90,90,90,90,90,90,90,90,90,90,90,90,100,100,100,100,100,100,100,100,100,100,100,100,100,100,100,100,100,100,100,100,100,100,100,100],"card_choices":[{"not_picked":["champ:PerfectedStrike","champ:EnGarde"],"picked":"champ:Duel","floor":2},{"not_picked":["champ:FanOfKnives","champ:BerserkersShout"],"picked":"champ:ViciousMockery","floor":4},{"not_picked":["champ:FanOfKnives","champ:Encircle"],"picked":"champ:FaceSlap","floor":10},{"not_picked":["champ:FanOfKnives","champ:BerserkerStyle"],"picked":"champ:CalledShot","floor":11},{"not_picked":["champ:HeartStrike","champ:Backstep"],"picked":"champ:Shatter","floor":12},{"not_picked":["champ:Shatter","champ:PreciseThrust","champ:IgnorePain"],"picked":"SKIP","floor":14},{"not_picked":["champ:TornadoPunch","champ:CrownThrow"],"picked":"champ:ShieldWall","floor":15},{"not_picked":["champ:SwordThrow","champ:VampiricStrike"],"picked":"champ:UltimateStance","floor":16},{"not_picked":["champ:Backstep","champ:PreemptiveStrike","champ:Shatter"],"picked":"SKIP","floor":19},{"not_picked":["champ:PerfectedStrike","champ:AdrenalArmor"],"picked":"champ:Encircle","floor":20},{"not_picked":["champ:CrownThrow","champ:DefensiveStyle","champ:StanceDance+1"],"picked":"SKIP","floor":22},{"not_picked":["champ:StanceDance","champ:PerfectedStrike","champ:BerserkersShout"],"picked":"SKIP","floor":25},{"not_picked":["champ:BerserkersShout","champ:SwordThrow"],"picked":"champ:Lariat","floor":26},{"not_picked":["champ:ShieldWall","champ:FocusedDefense"],"picked":"champ:PreciseThrust","floor":27},{"not_picked":["champ:RisingSlash","champ:GutPunch","champ:TornadoPunch"],"picked":"SKIP","floor":29},{"not_picked":["champ:Shatter","champ:AdrenalArmor","champ:RecklessLeap"],"picked":"SKIP","floor":30},{"not_picked":["champ:FalseCounter+1","champ:PreciseThrust","champ:FanOfKnives"],"picked":"SKIP","floor":31},{"not_picked":["champ:DeathBlow","champ:PreemptiveStrike","champ:TornadoPunch"],"picked":"SKIP","floor":32},{"not_picked":["champ:CheapShot","champ:SteelEdge"],"picked":"champ:UltimateStance","floor":33},{"not_picked":["champ:TornadoPunch","champ:CrookedStrike+1","champ:FanOfKnives"],"picked":"SKIP","floor":36},{"not_picked":["champ:PerfectedStrike","champ:RapidStrikes+1","champ:Lariat+1"],"picked":"SKIP","floor":37},{"not_picked":["champ:BerserkerStyle+1","champ:ShieldSigil"],"picked":"champ:PreciseThrust","floor":38},{"not_picked":["champ:BladeFlurry+1","champ:TornadoPunch"],"picked":"champ:GladiatorForm","floor":40},{"not_picked":["champ:Backstep+1","champ:Shatter","champ:TornadoPunch"],"picked":"SKIP","floor":42},{"not_picked":["champ:PreemptiveStrike+1","champ:GladiatorStyle+1","champ:BladeFlurry+1"],"picked":"SKIP","floor":46}],"player_experience":1214436,"relics_obtained":[{"floor":7,"key":"Bronze Scales"},{"floor":14,"key":"Boot"},{"floor":26,"key":"Bottled Tornado"},{"floor":30,"key":"hexamod:BolsterEngine"},{"floor":34,"key":"hubris:SlimyHat"},{"floor":34,"key":"Sundial"},{"floor":34,"key":"Guardian:GemstoneGun"},{"floor":41,"key":"Toxic Egg 2"},{"floor":42,"key":"hexamod:CandleOfCauterizing"},{"floor":44,"key":"hubris:MedicalManual"},{"floor":46,"key":"hexamod:Sixitude"},{"floor":47,"key":"Pantograph"}],"event_choices":[{"damage_healed":0,"gold_gain":0,"player_choice":"Box","damage_taken":0,"relics_obtained":["Bag of Marbles"],"max_hp_gain":0,"max_hp_loss":0,"event_name":"Big Fish","floor":5,"gold_loss":0,"cards_obtained":["Regret"]},{"cards_removed":["Regret"],"damage_healed":0,"gold_gain":0,"player_choice":"Forget","damage_taken":0,"max_hp_gain":0,"max_hp_loss":0,"event_name":"Living Wall","floor":6,"gold_loss":0},{"damage_healed":0,"gold_gain":0,"player_choice":"Success","damage_taken":18,"relics_obtained":["Ancient Tea Set"],"max_hp_gain":0,"max_hp_loss":0,"event_name":"Scrap Ooze","floor":8,"gold_loss":0},{"cards_removed":["champ:Strike"],"damage_healed":0,"gold_gain":0,"player_choice":"Offered Basic","damage_taken":0,"max_hp_gain":0,"max_hp_loss":0,"event_name":"Bonfire Elementals","floor":21,"gold_loss":0},{"damage_healed":0,"gold_gain":0,"player_choice":"Fight","damage_taken":0,"max_hp_gain":0,"max_hp_loss":0,"event_name":"Mysterious Sphere","floor":44,"gold_loss":0}],"is_beta":false,"boss_relics":[{"not_picked":["hubris:Stopwatch","hubris:VirtuousBlindfold"],"picked":"champ:ChampionCrownUpgraded"},{"not_picked":["Empty Cage","hubris:CrackedHourglass"],"picked":"Calling Bell"}],"items_purged_floors":[29,31],"is_endless":false,"potions_floor_spawned":[11,12,15,26,27,30,32,36,38,42,46],"killed_by":"Writhing Mass","ascension_level":1}}