{"host":"ek3xvuouaw6vk9if","time":1611011306,"event":{"mods":["BaseMod","BetterRewards","Minty Spire (QoL Compilation)","Permanent Neow","Quick Restart","Relic Stats","Replay The Spire","Robot Space Explorer","StSLib","The Servant 0.9.4"],"gold_per_floor":[118,118,43,58,8,38,38,54,81,94,119,45,76,89,89,189,189,204,49,62,78,78,103,147,166,166,177,207,207,225,240,240,342,342,359,370,387,437,437,470,485,485,508,508,508,185,200,225,225,225],"floor_reached":51,"language":"ENG","playtime":3731,"items_purged":["Regret","Strike_S"],"score":1251,"play_id":"9d05ef27-09a0-4a97-b9c7-72ad9ee685ac","local_time":"20210118180826","is_ascension_mode":true,"campfire_choices":[{"data":"LightFlow","floor":7,"key":"SMITH"},{"data":"LightFlow","floor":15,"key":"SMITH"},{"data":"FlawlessForm","floor":32,"key":"SMITH"},{"data":"SoulSculpture","floor":42,"key":"SMITH"},{"data":"LightFlow","floor":44,"key":"SMITH"},{"data":"SoulSculpture","floor":49,"key":"SMITH"}],"circlet_count":0,"master_deck":["Strike_S","Strike_S","Defend_S","Defend_S","Defend_S","Defend_S","KidneyShot","Exchange","Defy","DoubleEdge","DoubleEdge","Defy","Defy","ShiftingGears","LightFlow+1","Misdirection+1","Comet","SpecialFormula","Defy","Comet","GearUp","LightFlow+1","Contraction","LightFlow+1","BestPractice","Luminosity","FastForward","Luminosity","Rearm","SoulSculpture+1","SoulSculpture+1","Advance+1","Misdirection+1","BottledTime+1","Barrier+1","FlawlessForm+1","MurderousAura","Rewind+1","Contraction+1","FastForward+1","Thinking Ahead+1","BottledTime+1","FastForward+1","Hightail+1"],"relics":["Uniform","Prayer Wheel","Nunchaku","Quantum Egg","Orichalcum","Replay:Multitool","Bottled Lightning","Philosopher\u0027s Stone","OrangePellets","Dead Branch","Replay:Bottled Flurry","Toxic Egg 2","Replay:Grab Bag","Painkiller Herb","Busted Crown","Black Star","PocketWatch","MealTicket","Potion Belt","Toy Ornithopter","Unceasing Top","FossilizedHelix"],"acts_visited":["Exordium","TheCity","TheBeyond"],"potions_floor_usage":[6,11,33,37,38,40,50,50],"damage_taken":[{"damage":0,"enemies":"Small Slimes","floor":1,"turns":4},{"damage":0,"enemies":"2 Louse","floor":4,"turns":2},{"damage":20,"enemies":"Lagavulin","floor":6,"turns":6},{"damage":2,"enemies":"Jaw Worm","floor":8,"turns":3},{"damage":3,"enemies":"Exordium Wildlife","floor":10,"turns":2},{"damage":5,"enemies":"3 Sentries","floor":11,"turns":4},{"damage":5,"enemies":"Replay:BlueRogue","floor":13,"turns":7},{"damage":0,"enemies":"Looter","floor":14,"turns":2},{"damage":0,"enemies":"Slime Boss","floor":16,"turns":7},{"damage":4,"enemies":"3 Byrds","floor":18,"turns":5},{"damage":0,"enemies":"Shell Parasite","floor":20,"turns":4},{"damage":16,"enemies":"Shelled Parasite and Fungi","floor":21,"turns":6},{"damage":22,"enemies":"Slavers","floor":23,"turns":5},{"damage":8,"enemies":"Snecko","floor":25,"turns":3},{"damage":8,"enemies":"Snake Plant","floor":27,"turns":4},{"damage":7,"enemies":"Book of Stabbing","floor":28,"turns":5},{"damage":0,"enemies":"Shelled Parasite and Fungi","floor":30,"turns":2},{"damage":0,"enemies":"Snecko","floor":31,"turns":2},{"damage":8,"enemies":"Champ","floor":33,"turns":10},{"damage":0,"enemies":"3 Shapes","floor":35,"turns":4},{"damage":0,"enemies":"3 Darklings","floor":36,"turns":6},{"damage":0,"enemies":"Transient","floor":37,"turns":5},{"damage":0,"enemies":"Mind Bloom Boss Battle","floor":38,"turns":6},{"damage":9,"enemies":"Nemesis","floor":40,"turns":7},{"damage":7,"enemies":"Spire Growth","floor":41,"turns":4},{"damage":12,"enemies":"3 Darklings","floor":47,"turns":7},{"damage":0,"enemies":"Reptomancer","floor":48,"turns":7},{"damage":0,"enemies":"Awakened One","floor":50,"turns":13}],"seed_played":"513926941307277477","potions_obtained":[{"floor":4,"key":"SkillPotion"},{"floor":6,"key":"Explosive Potion"},{"floor":14,"key":"Block Potion"},{"floor":20,"key":"FearPotion"},{"floor":24,"key":"LiquidMemories"},{"floor":24,"key":"Dexterity Potion"},{"floor":35,"key":"ColorlessPotion"},{"floor":36,"key":"Flashbang"},{"floor":47,"key":"Weak Potion"}],"is_trial":false,"path_per_floor":["M","?","$","M","?","E","R","M","T","M","E","$","E","M","R","B",null,"M","$","M","M","?","E","?","M","T","M","E","R","M","M","R","B",null,"?","?","?","?","?","E","?","T","T","T","?","T","?","E","T","B",null],"character_chosen":"THE_SERVANT","items_purchased":["Prayer Wheel","Defy","DoubleEdge","GearUp","OrangePellets","BottledTime+1","Energy Potion","LifebloodPotion","FastForward+1"],"campfire_rested":0,"item_purchase_floors":[0,0,0,12,19,46,46,46,46],"current_hp_per_floor":[65,65,65,65,65,45,45,43,43,40,40,40,40,45,45,50,65,61,61,65,57,57,40,40,37,37,29,22,41,41,46,46,43,65,65,65,65,65,65,56,49,49,49,49,49,64,52,57,57,65],"gold":225,"neow_bonus":"","is_daily":false,"chose_seed":false,"campfire_upgraded":6,"win_rate":0.0,"timestamp":1611011306,"path_taken":["M","?","$","M","?","E","R","M","T","M","E","?","E","M","R","BOSS","M","$","M","M","?","E","?","M","T","M","E","R","M","M","R","BOSS","?","?","?","?","?","E","?","T","T","T","?","T","?","E","T","BOSS"],"items_purchased_type":["Relic","Card","Card","Card","Relic","Card","Potion","Potion","Card"],"build_version":"2020-12-22","purchased_purges":2,"victory":true,"max_hp_per_floor":[65,65,65,65,65,65,65,65,65,65,65,65,65,65,65,65,65,65,65,65,65,65,65,65,65,65,65,65,65,65,65,65,65,65,65,65,65,65,65,65,65,65,65,65,65,65,65,65,65,65],"relic_stats":{"OrangePellets":[55],"Nunchaku":[42],"Busted Crown":28,"counters":[56,271],"Dead Branch":[51],"Prayer Wheel":17,"MealTicket":15,"Black Star":2,"Orichalcum":[186],"obtain_stats":[{"Snecko Heart":17,"RobotSpaceExplorer:PlasmaHourglass":37,"Vajra":9,"Painkiller Herb":34,"Bag of Preparation":12,"Replay:Multitool":11,"Ginger":23,"Boot":8,"Blood Vial":44,"Nunchaku":24,"Replay:Bandana":31,"Honey Jar":34,"Prayer Wheel":0,"Philosopher\u0027s Stone":17,"MealTicket":40,"Red Mask":19,"Replay:Bottled Flurry":26,"PocketWatch":38,"Toxic Egg 2":28,"Potion Belt":48,"Quantum Egg":6,"Dead Branch":23,"Replay:Grab Bag":34,"Oddly Smooth Stone":43,"RobotSpaceExplorer:RoboCore":0,"Pen Nib":40,"Orichalcum":9,"Question Card":26,"OrangePellets":19,"Busted Crown":34,"Black Star":34,"Bottled Lightning":13,"Toy Ornithopter":43,"Unceasing Top":48,"FossilizedHelix":48},{"Snecko Heart":11,"RobotSpaceExplorer:PlasmaHourglass":20,"Vajra":5,"Painkiller Herb":47,"Bag of Preparation":8,"Replay:Multitool":34,"Ginger":16,"Boot":5,"Blood Vial":25,"Nunchaku":16,"Replay:Bandana":18,"Honey Jar":19,"Prayer Wheel":28,"Philosopher\u0027s Stone":37,"MealTicket":52,"Red Mask":13,"Replay:Bottled Flurry":42,"PocketWatch":51,"Toxic Egg 2":44,"Potion Belt":27,"Quantum Egg":31,"Dead Branch":41,"Replay:Grab Bag":47,"Oddly Smooth Stone":24,"RobotSpaceExplorer:RoboCore":0,"Pen Nib":23,"Orichalcum":32,"Question Card":16,"OrangePellets":38,"Busted Crown":47,"Black Star":47,"Bottled Lightning":35,"Toy Ornithopter":53,"Unceasing Top":55,"FossilizedHelix":55},{"Snecko Heart":43,"RobotSpaceExplorer:PlasmaHourglass":83,"Vajra":19,"Painkiller Herb":212,"Bag of Preparation":29,"Replay:Multitool":150,"Ginger":60,"Boot":19,"Blood Vial":108,"Nunchaku":60,"Replay:Bandana":69,"Honey Jar":78,"Prayer Wheel":129,"Philosopher\u0027s Stone":166,"MealTicket":240,"Red Mask":48,"Replay:Bottled Flurry":189,"PocketWatch":233,"Toxic Egg 2":198,"Potion Belt":119,"Quantum Egg":141,"Dead Branch":186,"Replay:Grab Bag":212,"Oddly Smooth Stone":102,"RobotSpaceExplorer:RoboCore":0,"Pen Nib":95,"Orichalcum":144,"Question Card":60,"OrangePellets":171,"Busted Crown":212,"Black Star":212,"Bottled Lightning":157,"Toy Ornithopter":244,"Unceasing Top":258,"FossilizedHelix":258}],"Toy Ornithopter":8,"Unceasing Top":[2]},"card_choices":[{"not_picked":["DoubleEdge","Rearm"],"picked":"Defy","floor":1},{"not_picked":["Spin","ShatteredReality"],"picked":"Defy","floor":1},{"not_picked":["Starlight","DoubleEdge"],"picked":"ShiftingGears","floor":4},{"not_picked":["Foresight","Starlight","Potential"],"picked":"SKIP","floor":4},{"not_picked":["TimeWarp","Potential"],"picked":"LightFlow","floor":6},{"not_picked":["Rewind","Foresight"],"picked":"Misdirection","floor":8},{"not_picked":["Starlight","StarChef"],"picked":"Comet","floor":8},{"not_picked":["Ricochet","Alleviate"],"picked":"SpecialFormula","floor":10},{"not_picked":["GearUp","Shuttle"],"picked":"Defy","floor":10},{"not_picked":["Moondial","Defy"],"picked":"Comet","floor":11},{"not_picked":["WasteNot","SurpressingFire"],"picked":"LightFlow","floor":13},{"not_picked":["Moondial","BottledTime"],"picked":"Contraction","floor":14},{"not_picked":["Rewind","Alleviate","Potential"],"picked":"SKIP","floor":14},{"not_picked":["SoulSculpture","KillingDoll"],"picked":"LightFlow","floor":16},{"not_picked":["Rewind","Unruled"],"picked":"BestPractice","floor":18},{"not_picked":["Potential","ShatteredReality"],"picked":"Luminosity","floor":18},{"not_picked":["ShiftingGears","Collapse"],"picked":"FastForward","floor":20},{"not_picked":["Starlight","Shuttle","Potential+1"],"picked":"SKIP","floor":20},{"not_picked":["RealityMarble","Alleviate"],"picked":"Luminosity","floor":21},{"not_picked":["Spin","Ricochet"],"picked":"Rearm","floor":21},{"not_picked":["Potential","SpecialFormula"],"picked":"SoulSculpture","floor":23},{"not_picked":["BottledTime","Rearm","Alleviate"],"picked":"SKIP","floor":25},{"not_picked":["FastForward+1","Rewind","Starlight"],"picked":"SKIP","floor":25},{"not_picked":["Alleviate","TimeWarp+1"],"picked":"SoulSculpture","floor":27},{"not_picked":["BottledTime","ShatteredReality+1","Replace"],"picked":"SKIP","floor":27},{"not_picked":["Revamp+1","Ricochet"],"picked":"Advance+1","floor":28},{"not_picked":["TimeWarp","Barrier+1"],"picked":"Misdirection+1","floor":30},{"not_picked":["Revamp+1","Replace+1"],"picked":"BottledTime+1","floor":30},{"not_picked":["Collapse+1","Hightail+1"],"picked":"Barrier+1","floor":31},{"not_picked":["Luminosity+1","DualDimension+1"],"picked":"FlawlessForm","floor":31},{"not_picked":["TrueSight","FlawlessForm"],"picked":"MurderousAura","floor":33},{"not_picked":["Replace+1"],"picked":"SKIP","floor":35},{"not_picked":["DualDimension+1"],"picked":"SKIP","floor":35},{"not_picked":["Replace+1"],"picked":"SKIP","floor":36},{"not_picked":["Ricochet+1"],"picked":"SKIP","floor":36},{"not_picked":[],"picked":"Rewind+1","floor":37},{"not_picked":["ShatteredReality"],"picked":"SKIP","floor":37},{"not_picked":["Snipe+1"],"picked":"SKIP","floor":40},{"not_picked":[],"picked":"FastForward+1","floor":41},{"not_picked":["Alleviate+1"],"picked":"SKIP","floor":41},{"not_picked":[],"picked":"Thinking Ahead+1","floor":45},{"not_picked":[],"picked":"Hightail+1","floor":47},{"not_picked":["WasteNot+1"],"picked":"SKIP","floor":47},{"not_picked":["Rewind+1"],"picked":"SKIP","floor":48}],"player_experience":532749,"relics_obtained":[{"floor":6,"key":"Quantum Egg"},{"floor":9,"key":"Orichalcum"},{"floor":11,"key":"Replay:Multitool"},{"floor":13,"key":"Bottled Lightning"},{"floor":23,"key":"Dead Branch"},{"floor":26,"key":"Replay:Bottled Flurry"},{"floor":28,"key":"Toxic Egg 2"},{"floor":38,"key":"PocketWatch"},{"floor":40,"key":"MealTicket"},{"floor":40,"key":"Potion Belt"},{"floor":43,"key":"Toy Ornithopter"},{"floor":48,"key":"Unceasing Top"},{"floor":48,"key":"FossilizedHelix"}],"event_choices":[{"damage_healed":0,"gold_gain":0,"player_choice":"Box","damage_taken":0,"relics_obtained":["Nunchaku"],"max_hp_gain":0,"max_hp_loss":0,"event_name":"Big Fish","floor":2,"gold_loss":0,"cards_obtained":["Regret"]},{"cards_removed":["Strike_S"],"damage_healed":0,"gold_gain":0,"player_choice":"Card Removal","damage_taken":0,"max_hp_gain":0,"max_hp_loss":0,"event_name":"The Cleric","floor":5,"gold_loss":50},{"damage_healed":0,"gold_gain":0,"player_choice":"Fight","damage_taken":0,"max_hp_gain":0,"max_hp_loss":0,"event_name":"MindBloom","floor":38,"gold_loss":0},{"damage_healed":0,"gold_gain":0,"player_choice":"Copied","damage_taken":0,"max_hp_gain":0,"max_hp_loss":0,"event_name":"Duplicator","floor":39,"gold_loss":0,"cards_obtained":["Contraction"]},{"damage_healed":0,"gold_gain":0,"player_choice":"Memory 1","damage_taken":0,"max_hp_gain":0,"max_hp_loss":0,"event_name":"SensoryStone","floor":45,"gold_loss":0}],"is_beta":false,"boss_relics":[{"not_picked":["Snecko Eye","SlaversCollar"],"picked":"Philosopher\u0027s Stone"},{"not_picked":["Astrolabe","Snecko Heart"],"picked":"Replay:Grab Bag"},{"not_picked":["Replay:Bronze Core","ChewingGum"],"picked":"Painkiller Herb"},{"not_picked":["Velvet Choker","Fusion Hammer"],"picked":"Busted Crown"},{"not_picked":["Runic Pyramid","Ring of Chaos"],"picked":"Black Star"}],"items_purged_floors":[3,46],"is_endless":false,"potions_floor_spawned":[4,6,14,20,27,28,35,36,47],"ascension_level":3}}