{"host":"suaetoo57rt99mh0","time":1611005816,"event":{"mods":["Act Like it!","Aspiration","BaseMod","Conspire","Defuse TimeMaze Blight","Elementarium","Energized Spire","Hubris","Infinite Spire","Jedi Mod","Minty Spire (QoL Compilation)","Quick Restart","Relic Filter","Replay The Spire","StSLib","The Jungle","Uncapped","UnlockEverythingMod","Useless Jewels Mod","vexMod"],"gold_per_floor":[113,126,146,146,156,187,256,256,280,313,59,59,71,196,196,196,196],"floor_reached":16,"language":"ENG","playtime":658,"items_purged":[],"score":112,"play_id":"68d3d8d9-2804-43ea-84ec-e102ab7606cd","local_time":"20210118153656","is_ascension_mode":false,"campfire_choices":[{"floor":8,"key":"REST"},{"floor":12,"key":"REST"},{"floor":15,"key":"REST"}],"circlet_count":0,"master_deck":["Strike_R","Strike_R","Strike_R","Strike_R","Strike_R","Defend_R","Defend_R","Defend_R","Defend_R","Bash","jedi:fear","Iron Wave","Run Through","Iron Wave","Rampage","Heavy Blade"],"relics":["Burning Blood","NeowsBlessing","SsserpentHead","Tiny Chest","hubris:ToyBattleship","Matryoshka"],"acts_visited":["Exordium"],"potions_floor_usage":[5,7],"damage_taken":[{"damage":0,"enemies":"Cultist","floor":1,"turns":1},{"damage":0,"enemies":"2 Louse","floor":2,"turns":2},{"damage":0,"enemies":"Small Slimes","floor":3,"turns":1},{"damage":0,"enemies":"3 Louse","floor":5,"turns":1},{"damage":51,"enemies":"3 Sentries","floor":6,"turns":11},{"damage":6,"enemies":"Exordium Wildlife","floor":7,"turns":3},{"damage":46,"enemies":"Lagavulin","floor":10,"turns":6},{"damage":11,"enemies":"Blue Slaver","floor":13,"turns":4},{"damage":46,"enemies":"Slime Boss","floor":16,"turns":7}],"seed_played":"8939645395484306579","potions_obtained":[{"floor":3,"key":"Explosive Potion"},{"floor":6,"key":"PowerPotion"}],"is_trial":false,"path_per_floor":["M","M","M","?","M","E","M","R","T","E","$","R","M","?","R","B"],"character_chosen":"IRONCLAD","items_purchased":["Matryoshka"],"campfire_rested":3,"item_purchase_floors":[11],"current_hp_per_floor":[80,80,80,80,80,35,35,59,59,19,19,43,38,27,51,5,5],"gold":196,"neow_bonus":"THREE_ENEMY_KILL","is_daily":false,"chose_seed":false,"campfire_upgraded":0,"win_rate":0.0,"timestamp":1611005816,"path_taken":["M","?","M","?","M","E","?","R","T","E","$","R","M","?","R","BOSS"],"items_purchased_type":["Relic"],"build_version":"2020-12-22","purchased_purges":0,"victory":false,"max_hp_per_floor":[80,80,80,80,80,80,80,80,80,80,80,80,80,80,80,80,80],"card_choices":[{"not_picked":["Clash","Armaments","hubris:ReadiedAction"],"picked":"SKIP","floor":1},{"not_picked":["Headbutt","Armaments"],"picked":"jedi:fear","floor":2},{"not_picked":["Abandon","Armaments"],"picked":"Iron Wave","floor":3},{"not_picked":["Twin Strike","Perfected Strike","hubris:ReadiedAction"],"picked":"SKIP","floor":5},{"not_picked":["Thunderclap","ReplayTheSpireMod:LeadingStrike"],"picked":"Run Through","floor":6},{"not_picked":["Searing Blow","Perfected Strike"],"picked":"Iron Wave","floor":7},{"not_picked":["Dark Embrace","ReplayTheSpireMod:Strike From Hell"],"picked":"Rampage","floor":10},{"not_picked":["Second Wind","infinitespire:OneForAll"],"picked":"Heavy Blade","floor":13}],"player_experience":89425,"relics_obtained":[{"floor":6,"key":"Tiny Chest"},{"floor":10,"key":"hubris:ToyBattleship"}],"event_choices":[{"damage_healed":0,"gold_gain":0,"player_choice":"Trade","damage_taken":0,"relics_obtained":["SsserpentHead"],"max_hp_gain":0,"max_hp_loss":0,"event_name":"FaceTrader","floor":4,"gold_loss":0},{"damage_healed":0,"gold_gain":75,"player_choice":"Gather Gold","damage_taken":11,"max_hp_gain":0,"max_hp_loss":0,"event_name":"World of Goop","floor":14,"gold_loss":0}],"is_beta":false,"boss_relics":[],"items_purged_floors":[],"is_endless":false,"potions_floor_spawned":[3,6],"killed_by":"Slime Boss","ascension_level":0}}