{"host":"ccw6t0i2dpm5wyxf","time":1611013024,"event":{"mods":["AchievementEnabler","BaseMod","Colored Map","Minty Spire (QoL Compilation)","Permanent Neow","SuperFastMode"],"gold_per_floor":[112,122,122,138,138,168,226,14,14,14,30,62,62,94,94,195,195,206,223,235,246,246,246,246,246,327,346,364,364,381,396,396,396,396],"floor_reached":33,"language":"ENG","playtime":1426,"items_purged":["Strike_G"],"score":399,"play_id":"92d8539a-8845-4b11-a5c3-4cc004f68295","local_time":"20210118173704","is_ascension_mode":true,"campfire_choices":[{"floor":10,"key":"REST"},{"floor":13,"key":"REST"},{"floor":15,"key":"REST"},{"floor":23,"key":"REST"},{"floor":25,"key":"REST"},{"floor":32,"key":"REST"}],"circlet_count":0,"master_deck":["Strike_G","Strike_G","Strike_G","Defend_G","Defend_G","Defend_G","Defend_G","Defend_G","Survivor+1","Neutralize","Prepared","Acrobatics+1","Poisoned Stab","Blur","Calculated Gamble+1","Infinite Blades+1","Slice","Riddle With Holes","Adrenaline","Dodge and Roll+1","Dodge and Roll"],"relics":["Busted Crown","HornCleat","Girya","Membership Card","Orichalcum","WingedGreaves","War Paint","WristBlade","Nilry\u0027s Codex","Blood Vial","Shuriken"],"acts_visited":["Exordium","TheCity"],"potions_floor_usage":[7,14,16,30,33],"damage_taken":[{"damage":4,"enemies":"Jaw Worm","floor":1,"turns":4},{"damage":4,"enemies":"Small Slimes","floor":2,"turns":4},{"damage":0,"enemies":"2 Louse","floor":4,"turns":4},{"damage":27,"enemies":"Gremlin Nob","floor":6,"turns":5},{"damage":22,"enemies":"Gremlin Nob","floor":7,"turns":5},{"damage":1,"enemies":"2 Fungi Beasts","floor":11,"turns":4},{"damage":9,"enemies":"3 Sentries","floor":12,"turns":9},{"damage":25,"enemies":"Gremlin Nob","floor":14,"turns":5},{"damage":0,"enemies":"Hexaghost","floor":16,"turns":12},{"damage":1,"enemies":"3 Byrds","floor":18,"turns":6},{"damage":8,"enemies":"Chosen","floor":19,"turns":5},{"damage":11,"enemies":"Centurion and Healer","floor":20,"turns":6},{"damage":23,"enemies":"Snecko","floor":21,"turns":5},{"damage":5,"enemies":"3 Cultists","floor":27,"turns":6},{"damage":12,"enemies":"Snake Plant","floor":28,"turns":5},{"damage":0,"enemies":"Sentry and Sphere","floor":30,"turns":4},{"damage":0,"enemies":"Centurion and Healer","floor":31,"turns":6},{"damage":64,"enemies":"Collector","floor":33,"turns":6}],"seed_played":"-5232123984228990221","potions_obtained":[{"floor":2,"key":"CultistPotion"},{"floor":12,"key":"DuplicationPotion"},{"floor":14,"key":"BlessingOfTheForge"},{"floor":19,"key":"Fire Potion"},{"floor":27,"key":"Explosive Potion"},{"floor":28,"key":"ColorlessPotion"}],"is_trial":false,"path_per_floor":["M","M","?","M","?","E","?","$","T","R","M","E","R","E","R","B",null,"M","M","M","M","?","R","?","R","T","M","M","?","M","M","R","B"],"character_chosen":"THE_SILENT","items_purchased":["Membership Card","Infinite Blades"],"campfire_rested":6,"item_purchase_floors":[8,8],"current_hp_per_floor":[66,62,62,62,55,28,6,6,6,27,26,17,38,13,34,34,61,60,52,41,18,2,23,23,44,44,41,31,31,33,35,56,0,0],"gold":396,"neow_bonus":"BOSS_RELIC","is_daily":false,"chose_seed":false,"campfire_upgraded":0,"win_rate":0.0,"timestamp":1611013024,"path_taken":["M","M","?","M","?","E","?","$","T","R","M","E","R","E","R","BOSS","M","M","M","M","?","R","?","R","T","M","?","?","M","M","R","BOSS"],"items_purchased_type":["Relic","Card"],"build_version":"2020-12-22","purchased_purges":1,"victory":false,"max_hp_per_floor":[70,70,70,70,70,70,70,70,70,70,70,70,70,70,70,70,70,70,70,70,70,70,70,70,70,70,70,70,70,70,70,70,70,70],"card_choices":[{"not_picked":[],"picked":"Prepared","floor":1},{"not_picked":[],"picked":"Acrobatics","floor":2},{"not_picked":[],"picked":"Poisoned Stab","floor":4},{"not_picked":[],"picked":"Blur","floor":6},{"not_picked":[],"picked":"Calculated Gamble","floor":7},{"not_picked":[],"picked":"Slice","floor":11},{"not_picked":["All Out Attack"],"picked":"SKIP","floor":12},{"not_picked":[],"picked":"Riddle With Holes","floor":14},{"not_picked":[],"picked":"Adrenaline","floor":16},{"not_picked":["Eviscerate+1"],"picked":"SKIP","floor":18},{"not_picked":["Bane"],"picked":"SKIP","floor":19},{"not_picked":["Sucker Punch"],"picked":"SKIP","floor":20},{"not_picked":[],"picked":"Dodge and Roll+1","floor":21},{"not_picked":["Bane"],"picked":"SKIP","floor":27},{"not_picked":["Quick Slash+1"],"picked":"SKIP","floor":28},{"not_picked":[],"picked":"Dodge and Roll","floor":30},{"not_picked":["Poisoned Stab"],"picked":"SKIP","floor":31}],"player_experience":302343,"relics_obtained":[{"floor":6,"key":"HornCleat"},{"floor":7,"key":"Girya"},{"floor":9,"key":"Orichalcum"},{"floor":12,"key":"WingedGreaves"},{"floor":14,"key":"War Paint"},{"floor":22,"key":"Nilry\u0027s Codex"},{"floor":26,"key":"Shuriken"}],"event_choices":[{"damage_healed":0,"gold_gain":0,"player_choice":"Grow","damage_taken":0,"max_hp_gain":0,"max_hp_loss":0,"event_name":"Living Wall","floor":3,"gold_loss":0,"cards_upgraded":["Survivor"]},{"cards_removed":["Strike_G"],"damage_healed":0,"gold_gain":0,"player_choice":"Card Removal","damage_taken":7,"max_hp_gain":0,"max_hp_loss":0,"event_name":"Golden Wing","floor":5,"gold_loss":0},{"damage_healed":0,"gold_gain":0,"player_choice":"Searched \u00271\u0027 times","damage_taken":0,"max_hp_gain":0,"max_hp_loss":0,"event_name":"Dead Adventurer","floor":7,"gold_loss":0},{"damage_healed":0,"gold_gain":0,"player_choice":"Obtained Book","damage_taken":16,"max_hp_gain":0,"max_hp_loss":0,"event_name":"Cursed Tome","floor":22,"gold_loss":0},{"damage_healed":0,"gold_gain":0,"player_choice":"Gave Potion","damage_taken":0,"relics_obtained":["Blood Vial"],"max_hp_gain":0,"max_hp_loss":0,"event_name":"WeMeetAgain","floor":24,"gold_loss":0},{"damage_healed":0,"gold_gain":0,"player_choice":"Upgraded","damage_taken":0,"max_hp_gain":0,"max_hp_loss":0,"event_name":"Upgrade Shrine","floor":29,"gold_loss":0,"cards_upgraded":["Infinite Blades"]}],"is_beta":false,"boss_relics":[{"not_picked":["SlaversCollar","Empty Cage"],"picked":"WristBlade"}],"items_purged_floors":[8],"is_endless":false,"potions_floor_spawned":[2,12,14,19,27,28],"killed_by":"Collector","ascension_level":5}}