{"host":"c5slkkw8hp42e20v","time":1611001852,"event":{"mods":["AchievementEnabler","BaseMod","Better Note","BetterRewards","Clawfect","Colored Powertips","DeckTracker","Friendly Minions","GifTheSpireLib","Hermit","Highlight Path","Minty Spire (QoL Compilation)","Quick Restart","Rare Cards Sparkle","Replay The Spire","Spicy Shops","StSLib","The Administrix","The Animator","The Bug Knight","The Hierophant","The Necromancer","The Poker Player","The Runesmith","The Senshi","The Servant 0.9.4","????"],"gold_per_floor":[139,139,177,209,59,59,27,125,125,125,179,32,68,102,102,118,168,201,14,48,83,97,97],"floor_reached":22,"language":"ENG","playtime":1109,"items_purged":["Sunder"],"score":311,"play_id":"650dd7a3-dd3a-4b5e-931a-395385fcf3de","local_time":"20210118143052","is_ascension_mode":false,"campfire_choices":[{"data":"Gash","floor":6,"key":"SMITH"},{"floor":10,"key":"REST"},{"floor":15,"key":"REST"}],"circlet_count":0,"master_deck":["Gash+1","Gash","Gash+1","Gash","Gash+1","Defend_B","Defend_B","Defend_B","Clawfect:ClawLightning+1","Hello World","Dark Shackles","Clawfect:ClawSnap","Clawfect:ClawpileDriver","Clawfect:ClawCell","Clawfect:ScrapingClaw","Midas Touch","Finesse","Apotheosis","Clawfect:Clawter+1","Gash+1","Clawfect:ClawpileDriver","White Noise","BasicCrystalCard","Chill+1","Clawfect:ClawLightning","Clawfect:ClawLightning","Reboot","Gash","Capacitor+1","Loop","Clawfect:ClawingBeam"],"relics":["Clawfect:DRClaw","BargainBundle","PreservedInsect","Shovel","Replay:Bandana","Replay:Wax Seal","ReplayTheSpireMod:ShopPack","ReplayTheSpireMod:CursedCoin","DollysMirror","Counterbalance","Kunai","Whetstone","Tiny House","Membership Card","Omamori"],"acts_visited":["Exordium","TheCity"],"potions_floor_usage":[],"damage_taken":[{"damage":0,"enemies":"Jaw Worm","floor":1,"turns":3},{"damage":1,"enemies":"Cultist","floor":3,"turns":3},{"damage":0,"enemies":"Small Slimes","floor":4,"turns":3},{"damage":14,"enemies":"3 Sentries","floor":11,"turns":4},{"damage":12,"enemies":"Blue Slaver","floor":13,"turns":3},{"damage":2,"enemies":"3 Louse","floor":14,"turns":4},{"damage":43,"enemies":"The Guardian","floor":16,"turns":5},{"damage":8,"enemies":"Chosen","floor":18,"turns":4},{"damage":33,"enemies":"3 Byrds","floor":20,"turns":4},{"damage":32,"enemies":"Snake Plant","floor":21,"turns":5},{"damage":8,"enemies":"Chosen and Byrds","floor":22,"turns":2}],"seed_played":"-1908948718619523156","potions_obtained":[{"floor":3,"key":"Ancient Potion"},{"floor":11,"key":"Languid Potion"},{"floor":14,"key":"AttackPotion"},{"floor":17,"key":"BlessingOfTheForge"}],"is_trial":false,"path_per_floor":["M","?","M","M","$","R","$","?","T","R","E","$","M","M","R","B",null,"M","$","M","M","M"],"character_chosen":"DEFECT","items_purchased":["BargainBundle","Clawfect:ClawLightning+1","Sunder","Hello World","Dark Shackles","PreservedInsect","Replay:Wax Seal","ReplayTheSpireMod:ShopPack","Clawfect:ScrapingClaw","ReplayTheSpireMod:CursedCoin","Clawfect:Clawter+1","DollysMirror","Whetstone","Membership Card","Omamori"],"campfire_rested":2,"item_purchase_floors":[0,0,0,0,0,0,5,5,5,7,7,7,12,19,19],"current_hp_per_floor":[75,68,67,67,67,67,67,37,37,59,45,45,33,31,53,10,80,72,72,39,7,0,0],"gold":97,"neow_bonus":"","is_daily":false,"chose_seed":false,"campfire_upgraded":1,"win_rate":0.0,"timestamp":1611001852,"path_taken":["M","?","M","M","$","R","$","?","T","R","E","?","M","?","R","BOSS","M","$","M","M","M"],"items_purchased_type":["Relic","Card","Card","Card","Card","Relic","Relic","Relic","Card","Relic","Card","Relic","Relic","Relic","Relic"],"build_version":"2020-12-22","purchased_purges":1,"victory":false,"max_hp_per_floor":[75,75,75,75,75,75,75,75,75,75,75,75,75,75,75,75,80,80,80,80,80,80,80],"card_choices":[{"not_picked":["Clawfect:Clawter","Clawfect:ScrapingClaw"],"picked":"Clawfect:ClawSnap","floor":1},{"not_picked":["Fusion","Time Bomb"],"picked":"Clawfect:ClawpileDriver","floor":3},{"not_picked":["Force Field","Leap"],"picked":"Clawfect:ClawCell","floor":4},{"not_picked":["Transmutation","Magnetism"],"picked":"Midas Touch","floor":5},{"not_picked":["Replay:Sssssssssstrike","Mind Blast"],"picked":"Finesse","floor":5},{"not_picked":["Survey Options","The Bomb"],"picked":"Apotheosis","floor":5},{"not_picked":["Self Repair","Steam"],"picked":"Clawfect:ClawpileDriver","floor":8},{"not_picked":["Rebound","Self Repair"],"picked":"White Noise","floor":8},{"not_picked":["Hello World","Recycle"],"picked":"BasicCrystalCard","floor":8},{"not_picked":["Panic Button","Capacitor"],"picked":"Chill","floor":11},{"not_picked":["Sunder","ReplayTheSpireMod:Calculation Training"],"picked":"Clawfect:ClawLightning","floor":13},{"not_picked":["Blizzard","Leap"],"picked":"Clawfect:ClawLightning","floor":14},{"not_picked":["Core Surge","Biased Cognition"],"picked":"Reboot","floor":16},{"not_picked":["Steam","Clawfect:Clawline"],"picked":"Gash","floor":17},{"not_picked":["Auto Shields+1","Reinforced Body"],"picked":"Capacitor+1","floor":18},{"not_picked":["Leap","ReplayTheSpireMod:Calculation Training"],"picked":"Loop","floor":20},{"not_picked":["Consume+1","Steam"],"picked":"Clawfect:ClawingBeam","floor":21}],"player_experience":82166,"relics_obtained":[{"floor":9,"key":"Counterbalance"},{"floor":11,"key":"Kunai"}],"event_choices":[{"cards_removed":["Echo Form"],"damage_healed":0,"gold_gain":0,"player_choice":"Card Removal","damage_taken":7,"max_hp_gain":0,"max_hp_loss":0,"event_name":"Golden Wing","floor":2,"gold_loss":0}],"is_beta":false,"boss_relics":[{"not_picked":["Replay:Drink Me","SlaversCollar"],"picked":"Tiny House"}],"items_purged_floors":[0],"is_endless":false,"potions_floor_spawned":[3,11,14,18],"killed_by":"Chosen and Byrds","ascension_level":0}}