{"host":"ss2ocoam53r2lno0","time":1611000687,"event":{"mods":["Act Like it!","BaseMod","ChefMod","Clockwork Mod","Colored Powertips","Curses Come First","Displayed Cursed Tome","Downfall","Evolution","Googly Eyes","Hallownest","Highlight Path","Minty Spire (QoL Compilation)","Poor People Problems","Rare Cards Sparkle","Robot Space Explorer","Shade Mod","Shop Mod","Spicy Shops","StSLib","The Marked"],"gold_per_floor":[118,43,57,7,7,7,7,7,30,30,30,44,44,44,44,147,197,216,236,50,67,67,67,67,82,82,82,102,102,102,2,2,102,102,118,118,118,131,144,144,144],"floor_reached":40,"language":"ENG","playtime":2659,"items_purged":["Clockwork:Strike","Clockwork:Shield+1"],"score":675,"play_id":"9d6c1a42-7272-4e28-bc1f-fa18d36d2558","local_time":"20210118211127","is_ascension_mode":true,"campfire_choices":[{"data":"Clockwork:RampUp","floor":6,"key":"SMITH"},{"data":"Clockwork:Shield","floor":8,"key":"SMITH"},{"data":"Clockwork:SnapKeep","floor":10,"key":"SMITH"},{"data":"Clockwork:Handicap","floor":15,"key":"SMITH"},{"data":"Clockwork:WarmUp","floor":23,"key":"SMITH"},{"floor":27,"key":"REST"},{"floor":32,"key":"REST"}],"circlet_count":0,"master_deck":["AscendersBane","Clockwork:SnapKeep+1","Clockwork:SnapKeep+1","Clockwork:Shield+1","Clockwork:Tinker+1","Clockwork:WarmUp+1","Clockwork:Efficiency","Clockwork:Efficiency"],"relics":["Clockwork:MomentumEngine","EVO:Axolotl","Strawberry","Tiny House","TheAbacus","Matryoshka","Black Star"],"acts_visited":["Exordium","TheCity","TheBeyond"],"potions_floor_usage":[16,35,40],"damage_taken":[{"damage":0,"enemies":"2 Louse","floor":1,"turns":7},{"damage":2,"enemies":"Small Slimes","floor":3,"turns":6},{"damage":13,"enemies":"Jaw Worm","floor":12,"turns":4},{"damage":0,"enemies":"The Guardian","floor":16,"turns":12},{"damage":1,"enemies":"Shell Parasite","floor":18,"turns":8},{"damage":4,"enemies":"Spheric Guardian","floor":19,"turns":8},{"damage":1,"enemies":"Snecko","floor":21,"turns":9},{"damage":0,"enemies":"Centurion and Healer","floor":25,"turns":5},{"damage":21,"enemies":"Chosen and Byrds","floor":28,"turns":6},{"damage":29,"enemies":"Collector","floor":33,"turns":4},{"damage":41,"enemies":"Orb Walker","floor":35,"turns":5},{"damage":3,"enemies":"3 Shapes","floor":38,"turns":6},{"damage":0,"enemies":"Sphere and 2 Shapes","floor":39,"turns":3},{"damage":47,"enemies":"Nemesis","floor":40,"turns":7}],"seed_played":"9003806476185854398","potions_obtained":[{"floor":3,"key":"Energy Potion"},{"floor":12,"key":"Swift Potion"},{"floor":17,"key":"Slimebound:ThreeZeroPotion"}],"is_trial":false,"path_per_floor":["M","$","M","?","?","R","?","R","T","R","$","M","$","?","R","B",null,"M","M","$","M","$","R","?","M","T","R","M","?","?","$","R","B",null,"M","?","$","M","M","E"],"character_chosen":"CLOCKWORK","items_purchased":["Clockwork:Efficiency","TheAbacus"],"campfire_rested":2,"item_purchase_floors":[20,20],"current_hp_per_floor":[77,77,75,75,68,68,68,68,75,75,75,62,62,62,62,62,90,89,85,85,84,84,84,84,84,84,97,76,76,76,76,97,68,90,49,49,49,46,46,0,0],"gold":144,"neow_bonus":"REMOVE_CARD","is_daily":false,"chose_seed":false,"campfire_upgraded":5,"win_rate":0.0,"timestamp":1611000687,"path_taken":["M","$","M","?","?","R","?","R","T","R","$","M","$","?","R","BOSS","M","?","$","M","?","R","?","?","T","R","M","?","?","$","R","BOSS","M","?","$","M","M","E"],"items_purchased_type":["Card","Relic"],"build_version":"2020-12-22","purchased_purges":2,"victory":false,"max_hp_per_floor":[85,85,85,85,85,85,85,85,92,92,92,92,92,92,92,92,97,97,97,97,97,97,97,97,97,97,97,97,97,97,97,97,97,97,97,97,97,97,97,97,97],"card_choices":[{"not_picked":["Clockwork:CogBarrier","Clockwork:ForgeStrike"],"picked":"Clockwork:RampUp","floor":1},{"not_picked":["Clockwork:PerfectedStrike","Clockwork:EnthusiasticStrike","Clockwork:RitualDaggerMk0"],"picked":"SKIP","floor":3},{"not_picked":["Clockwork:SearchingStrike","Clockwork:ReserveSystems","Clockwork:Scour"],"picked":"SKIP","floor":12},{"not_picked":["Clockwork:AdaptiveCannon","Clockwork:Enhance","Clockwork:SystemHardening"],"picked":"SKIP","floor":18},{"not_picked":["Clockwork:TestingEnvironment","Clockwork:ElasticNanites","Clockwork:LiteraryArmor"],"picked":"SKIP","floor":19},{"not_picked":["Clockwork:CogShield","Clockwork:SearchingStrike","Clockwork:ReserveSystems"],"picked":"SKIP","floor":21},{"not_picked":["Clockwork:Inspiration","Clockwork:Minimalism","Clockwork:ElasticNanites"],"picked":"SKIP","floor":25},{"not_picked":["Clockwork:SearingStrike","Clockwork:ChargingBlade","Clockwork:FalseStart"],"picked":"SKIP","floor":28},{"not_picked":["Clockwork:Roundhouse+1","Clockwork:CogBarrier","Clockwork:StasisBreak+1"],"picked":"SKIP","floor":35},{"not_picked":["Clockwork:Minimalism+1","Clockwork:CogBarrier","Clockwork:InertialShield"],"picked":"SKIP","floor":38},{"not_picked":["Clockwork:ReserveSystems","Clockwork:LogisticRegression"],"picked":"Clockwork:Efficiency","floor":39}],"player_experience":780672,"relics_obtained":[{"floor":9,"key":"Strawberry"},{"floor":26,"key":"Matryoshka"}],"event_choices":[{"cards_removed":["Clockwork:Shield"],"damage_healed":0,"gold_gain":0,"player_choice":"Card Removal","damage_taken":0,"max_hp_gain":0,"max_hp_loss":0,"event_name":"The Cleric","floor":4,"gold_loss":50},{"cards_removed":["Clockwork:Shield"],"damage_healed":0,"gold_gain":0,"player_choice":"Card Removal","damage_taken":7,"max_hp_gain":0,"max_hp_loss":0,"event_name":"Golden Wing","floor":5,"gold_loss":0},{"damage_healed":0,"gold_gain":0,"player_choice":"Grow","damage_taken":0,"max_hp_gain":0,"max_hp_loss":0,"event_name":"Living Wall","floor":7,"gold_loss":0,"cards_upgraded":["Clockwork:Shield"]},{"damage_healed":0,"gold_gain":0,"player_choice":"Upgraded","damage_taken":0,"max_hp_gain":0,"max_hp_loss":0,"event_name":"Upgrade Shrine","floor":14,"gold_loss":0,"cards_upgraded":["Clockwork:SnapKeep"]},{"damage_healed":0,"gold_gain":0,"player_choice":"Bought 0 Potions","damage_taken":0,"max_hp_gain":0,"max_hp_loss":0,"event_name":"The Woman in Blue","floor":24,"gold_loss":0},{"damage_healed":0,"gold_gain":0,"player_choice":"Ignored","damage_taken":0,"max_hp_gain":0,"max_hp_loss":0,"event_name":"The Mausoleum","floor":30,"gold_loss":0},{"cards_removed":["Clockwork:RampUp"],"damage_healed":0,"gold_gain":0,"player_choice":"Removed Skill","damage_taken":0,"max_hp_gain":0,"max_hp_loss":0,"event_name":"Falling","floor":36,"gold_loss":0}],"is_beta":false,"boss_relics":[{"not_picked":["Coffee Dripper","Pandora\u0027s Box"],"picked":"Tiny House"},{"not_picked":["Cursed Key","Sozu"],"picked":"Black Star"}],"items_purged_floors":[2,31],"is_endless":false,"potions_floor_spawned":[3,12,19,28,33],"killed_by":"Nemesis","ascension_level":12}}