{"host":"f2dtkdj52ep8eeb0","time":1611009929,"event":{"mods":["100% Spire Juice","2.2 Compatiblity","AchievementEnabler","Aspiration","BaseMod","Block Reminder","Defuse TimeMaze Blight","Hubris","Infinite Spire","Luminous","Marisa????????","Minty Spire (QoL Compilation)","Replay The Spire","Shade Mod","Spicy Shops","StSLib","SuperFastMode","The Alterego","The Blue Laboratory","The Cursed","The Wild Card","TheSwordswoman","Treasure Hunter"],"gold_per_floor":[183,63,81,91,91,125,139,19,99,140,156,172,172,172,172,293,293,318,334,350,365,1,1,1,1,1],"floor_reached":25,"language":"ENG","playtime":1201,"items_purged":[],"score":240,"play_id":"ec74cc89-6704-4348-801d-f35c05119ef0","local_time":"20210118174529","is_ascension_mode":false,"campfire_choices":[{"data":"Moonworks:MiracleWalker","floor":8,"key":"SMITH"},{"floor":13,"key":"REST"},{"floor":15,"key":"REST"},{"data":"Moonworks:Ambush","floor":23,"key":"SMITH"}],"circlet_count":0,"master_deck":["Moonworks:Strike","Moonworks:Strike","Moonworks:Strike","Moonworks:Strike","Moonworks:Defend","Moonworks:Defend","Moonworks:Defend","Moonworks:Defend","Moonworks:Ambush+1","Moonworks:LongDistanceShot","Moonworks:EvilSpyWorkPreparation+1","Moonworks:EvilSpyWorkPreparation","Moonworks:Assault","Injury","TH:TreasureMap","Moonworks:NicePresent","Moonworks:MiracleWalker+1","TH:BikiniMail","TH:PixieDust","Moonworks:BigBangBell","Moonworks:LuckyCharm","Moonworks:FinalSurgery","TH:Mimic","Moonworks:WeAreWaruda","Moonworks:LulusLuckyEgg","Seeing Red","Clash","Moonworks:CompletionReward"],"relics":["Moonworks:BrokenBomb","Moonworks:Homemark","Oddly Smooth Stone","Golden Idol","Replay:Bottled Flurry","hubris:PeanutButter","CaptainsWheel","aspiration:IroncladSkillbook","Membership Card","CeramicFish","TH:Anvil"],"acts_visited":["Exordium","TheCity"],"potions_floor_usage":[6,16,16,16,19],"damage_taken":[{"damage":4,"enemies":"Small Slimes","floor":1,"turns":4},{"damage":0,"enemies":"Jaw Worm","floor":3,"turns":4},{"damage":10,"enemies":"infinitespire:Voidling","floor":4,"turns":3},{"damage":4,"enemies":"Gremlin Nob","floor":6,"turns":3},{"damage":10,"enemies":"Gremlin Gang","floor":7,"turns":3},{"damage":0,"enemies":"Replay:BlueRogue","floor":10,"turns":5},{"damage":0,"enemies":"2 Fungi Beasts","floor":11,"turns":3},{"damage":5,"enemies":"Lots of Slimes","floor":12,"turns":5},{"damage":51,"enemies":"The Guardian","floor":16,"turns":8},{"damage":0,"enemies":"Spheric Guardian","floor":18,"turns":4},{"damage":15,"enemies":"2 Thieves","floor":19,"turns":4},{"damage":2,"enemies":"Centurion and Healer","floor":20,"turns":7},{"damage":21,"enemies":"Snake Plant","floor":21,"turns":4},{"damage":34,"enemies":"Snecko","floor":25,"turns":6}],"seed_played":"8563623015401391714","potions_obtained":[{"floor":3,"key":"BlessingOfTheForge"},{"floor":12,"key":"blueLaboratory:BottleOfRum"},{"floor":14,"key":"Energy Potion"},{"floor":14,"key":"Strength Potion"},{"floor":18,"key":"Dexterity Potion"}],"is_trial":false,"path_per_floor":["M","?","M","M","?","E","M","R","T","E","M","M","R","?","R","B",null,"M","M","M","M","$","R","?","M"],"character_chosen":"THE_STARBREAKER","items_purchased":["Membership Card","CeramicFish","TH:Anvil","Elixir"],"campfire_rested":2,"item_purchase_floors":[22,22,22,22],"current_hp_per_floor":[56,56,56,50,50,46,36,36,36,36,36,31,49,49,60,17,60,60,49,51,34,34,34,34,0,0],"gold":1,"neow_bonus":"RANDOM_COMMON_RELIC","is_daily":false,"chose_seed":false,"campfire_upgraded":2,"win_rate":0.0,"timestamp":1611009929,"path_taken":["M","?","M","M","?","E","M","R","T","E","M","M","R","?","R","BOSS","M","?","?","M","$","R","?","M"],"items_purchased_type":["Relic","Relic","Relic","Potion"],"build_version":"2020-12-22","purchased_purges":0,"victory":false,"max_hp_per_floor":[60,60,60,60,60,60,60,60,60,60,60,60,60,60,60,60,60,60,60,60,60,60,60,60,60,60],"card_choices":[{"not_picked":["Moonworks:SakisCookie","Moonworks:IndiscriminateFireSupport"],"picked":"Moonworks:EvilSpyWorkPreparation","floor":1},{"not_picked":["Moonworks:SakisCookie","Moonworks:CloudOfSeagulls"],"picked":"Moonworks:EvilSpyWorkPreparation","floor":3},{"not_picked":["Moonworks:ImOnFire","Moonworks:TreasureThief"],"picked":"Moonworks:Assault","floor":4},{"not_picked":["TH:Mimic"],"picked":"TH:TreasureMap","floor":6},{"not_picked":["Moonworks:ExtendedPhotonRifle","Moonworks:LulusLuckyEgg"],"picked":"Moonworks:NicePresent","floor":6},{"not_picked":["Moonworks:LulusLuckyEgg","Moonworks:NicePresent"],"picked":"Moonworks:MiracleWalker","floor":7},{"not_picked":["TH:EnergyPotion"],"picked":"TH:BikiniMail","floor":9},{"not_picked":["TH:ElvenBoots"],"picked":"TH:PixieDust","floor":10},{"not_picked":["Moonworks:ExtendedPhotonRifle","Moonworks:CrystalBarrier"],"picked":"Moonworks:BigBangBell","floor":10},{"not_picked":["Moonworks:Assault","Moonworks:Bloodlust"],"picked":"Moonworks:LuckyCharm","floor":11},{"not_picked":["Moonworks:BigMagnum","Moonworks:WindyEnchantment"],"picked":"Moonworks:FinalSurgery","floor":12},{"not_picked":["TH:ArmorSpikes"],"picked":"TH:Mimic","floor":16},{"not_picked":["Moonworks:PlushieMaster","Moonworks:ReflectiveShell"],"picked":"Moonworks:WeAreWaruda","floor":16},{"not_picked":["hubris:CleavingFinish","Clash+1","Battle Trance"],"picked":"Moonworks:LulusLuckyEgg","floor":18},{"not_picked":["hubris:ReadiedAction","Moonworks:CookingTime+1","Cleave"],"picked":"Seeing Red","floor":19},{"not_picked":["Moonworks:BigMagnum","Body Slam","Moonworks:GoAway"],"picked":"Clash","floor":20},{"not_picked":["Warcry","Flex","Pummel"],"picked":"Moonworks:CompletionReward","floor":21}],"player_experience":336568,"relics_obtained":[{"floor":6,"key":"Replay:Bottled Flurry"},{"floor":9,"key":"hubris:PeanutButter"},{"floor":10,"key":"CaptainsWheel"}],"event_choices":[{"damage_healed":0,"gold_gain":0,"player_choice":"Grow","damage_taken":0,"max_hp_gain":0,"max_hp_loss":0,"event_name":"Living Wall","floor":2,"gold_loss":0,"cards_upgraded":["Moonworks:EvilSpyWorkPreparation"]},{"damage_healed":0,"gold_gain":0,"player_choice":"Take Wound","damage_taken":0,"relics_obtained":["Golden Idol"],"max_hp_gain":0,"max_hp_loss":0,"event_name":"Golden Idol","floor":5,"gold_loss":0,"cards_obtained":["Injury"]},{"damage_healed":0,"gold_gain":0,"player_choice":"Got Potions","damage_taken":0,"max_hp_gain":0,"max_hp_loss":0,"event_name":"Lab","floor":14,"gold_loss":0},{"damage_healed":0,"gold_gain":0,"player_choice":"Ignored","damage_taken":0,"max_hp_gain":0,"max_hp_loss":0,"event_name":"NoteForYourself","floor":24,"gold_loss":0}],"is_beta":false,"boss_relics":[{"not_picked":["hubris:HollowSoul","Runic Pyramid"],"picked":"aspiration:IroncladSkillbook"}],"items_purged_floors":[],"is_endless":false,"potions_floor_spawned":[1,3,4,12,18,20],"killed_by":"Snecko","ascension_level":0}}