{"host":"Qube","time":1611004288,"event":{"mods":["AchievementEnabler","BaseMod","Colored Map","Colored Powertips","Highlight Path","Minty Spire (QoL Compilation)","Permanent Neow","Quick Restart","Random Character Button","StSLib"],"gold_per_floor":[115,131,131,151,151,151,165,198,223,237,237,237,237],"floor_reached":12,"language":"ENG","playtime":433,"items_purged":[],"score":160,"play_id":"459b0e51-842a-48f8-b708-8e02bd5f4bbc","local_time":"20210118131128","is_ascension_mode":true,"campfire_choices":[{"floor":6,"key":"REST"},{"floor":11,"key":"REST"}],"circlet_count":0,"master_deck":["AscendersBane","Strike_G","Strike_G","Strike_G","Strike_G","Strike_G","Defend_G","Defend_G","Defend_G","Defend_G","Survivor","Neutralize","Prepared","Dodge and Roll","Flying Knee","Acrobatics","Cloak And Dagger","Underhanded Strike"],"relics":["Fusion Hammer","Lantern","MealTicket"],"acts_visited":["Exordium"],"potions_floor_usage":[8,8],"damage_taken":[{"damage":4,"enemies":"Jaw Worm","floor":1,"turns":4},{"damage":3,"enemies":"2 Louse","floor":2,"turns":3},{"damage":7,"enemies":"Small Slimes","floor":4,"turns":5},{"damage":6,"enemies":"Looter","floor":7,"turns":3},{"damage":21,"enemies":"Lagavulin","floor":8,"turns":7},{"damage":11,"enemies":"2 Fungi Beasts","floor":10,"turns":5},{"damage":36,"enemies":"3 Sentries","floor":12,"turns":8}],"seed_played":"3740001803845485087","potions_obtained":[{"floor":4,"key":"Strength Potion"},{"floor":7,"key":"Weak Potion"}],"is_trial":false,"path_per_floor":["M","M","?","M","?","R","M","E","T","M","R","E"],"character_chosen":"THE_SILENT","items_purchased":[],"campfire_rested":2,"item_purchase_floors":[],"current_hp_per_floor":[55,52,45,38,38,57,51,30,30,19,38,2,2],"gold":237,"neow_bonus":"BOSS_RELIC","is_daily":false,"chose_seed":false,"campfire_upgraded":0,"win_rate":0.0,"timestamp":1611004288,"path_taken":["M","M","?","M","?","R","M","E","T","M","R","E"],"items_purchased_type":[],"build_version":"2020-12-18","purchased_purges":0,"victory":false,"max_hp_per_floor":[66,66,66,66,66,66,66,66,66,66,66,66,66],"card_choices":[{"not_picked":["Bane","Accuracy"],"picked":"Prepared","floor":1},{"not_picked":["Outmaneuver","Acrobatics"],"picked":"Dodge and Roll","floor":2},{"not_picked":["Expertise","Well Laid Plans"],"picked":"Flying Knee","floor":4},{"not_picked":["Flechettes","Flying Knee"],"picked":"Acrobatics","floor":7},{"not_picked":["Bouncing Flask","Reflex"],"picked":"Cloak And Dagger","floor":8},{"not_picked":["Masterful Stab","Concentrate"],"picked":"Underhanded Strike","floor":10}],"player_experience":923328,"relics_obtained":[{"floor":8,"key":"Lantern"},{"floor":9,"key":"MealTicket"}],"event_choices":[{"cards_removed":["Defend_G"],"damage_healed":0,"gold_gain":0,"player_choice":"Card Removal","damage_taken":7,"max_hp_gain":0,"max_hp_loss":0,"event_name":"Golden Wing","floor":3,"gold_loss":0},{"damage_healed":0,"gold_gain":0,"player_choice":"Ignored","damage_taken":0,"max_hp_gain":0,"max_hp_loss":0,"event_name":"Liars Game","floor":5,"gold_loss":0}],"is_beta":true,"boss_relics":[],"items_purged_floors":[],"is_endless":false,"potions_floor_spawned":[4,7],"killed_by":"3 Sentries","ascension_level":20}}