{"host":"1a3cjta80tad0aqj","time":1611001921,"event":{"mods":["2.2 Compatiblity","AchievementEnabler","BaseMod","Colored Map","DeckTracker","KOR Keyword Fix","Keyboard Shortcuts","Minty Spire (QoL Compilation)","Permanent Neow","Quick Restart","Random Character Button","StSLib","SuperFastMode","everything is the same but u backflip on backflip"],"gold_per_floor":[10,20,35,35,0,0,0,0,0,18,18,38,48,67,67,141,141,155,80,80,95,108,108,143,161,184,200,210,110,122,140,140,216,216,230,242,262,137,149,149,164,177,252,269,269,269,92,106,106,106],"floor_reached":51,"language":"KOR","playtime":2947,"items_purged":["Devotion+1","LessonLearned+1","Strike_P+1"],"score":1220,"play_id":"050ab846-c092-474e-9ad2-3cf88a9f6f2e","local_time":"20210119053201","is_ascension_mode":true,"campfire_choices":[{"data":"LessonLearned","floor":6.0,"key":"SMITH"},{"data":"Ragnarok","floor":8.0,"key":"SMITH"},{"data":"ClearTheMind","floor":15.0,"key":"SMITH"},{"floor":23.0,"key":"REST"},{"floor":32.0,"key":"REST"},{"floor":40.0,"key":"REST"},{"floor":45.0,"key":"REST"},{"floor":49.0,"key":"REST"}],"circlet_count":0,"master_deck":["AscendersBane","Defend_P+1","Defend_P+1","Eruption+1","Vigilance+1","Ragnarok+1","FlurryOfBlows+1","FearNoEvil+1","Adaptation+1","TalkToTheHand+1","MentalFortress+1","DeusExMachina","CutThroughFate","Adaptation","InnerPeace","Blasphemy"],"relics":["PureWater","Orichalcum","Yang","Astrolabe","Omamori","Strawberry","Fusion Hammer","Bottled Flame","Mummified Hand"],"acts_visited":["Exordium","TheCity","TheBeyond"],"potions_floor_usage":[],"damage_taken":[{"damage":7.0,"enemies":"Jaw Worm","floor":1.0,"turns":4.0},{"damage":16.0,"enemies":"Small Slimes","floor":2.0,"turns":6.0},{"damage":1.0,"enemies":"2 Louse","floor":3.0,"turns":2.0},{"damage":4.0,"enemies":"Large Slime","floor":10.0,"turns":4.0},{"damage":0.0,"enemies":"3 Louse","floor":12.0,"turns":2.0},{"damage":0.0,"enemies":"Lots of Slimes","floor":13.0,"turns":3.0},{"damage":0.0,"enemies":"Looter","floor":14.0,"turns":3.0},{"damage":52.0,"enemies":"Hexaghost","floor":16.0,"turns":10.0},{"damage":0.0,"enemies":"Chosen","floor":18.0,"turns":3.0},{"damage":10.0,"enemies":"2 Thieves","floor":21.0,"turns":3.0},{"damage":0.0,"enemies":"Sentry and Sphere","floor":22.0,"turns":3.0},{"damage":0.0,"enemies":"Gremlin Leader","floor":24.0,"turns":5.0},{"damage":0.0,"enemies":"Snecko","floor":25.0,"turns":3.0},{"damage":18.0,"enemies":"Centurion and Healer","floor":27.0,"turns":5.0},{"damage":13.0,"enemies":"Shelled Parasite and Fungi","floor":28.0,"turns":3.0},{"damage":3.0,"enemies":"Cultist and Chosen","floor":30.0,"turns":4.0},{"damage":0.0,"enemies":"Snecko","floor":31.0,"turns":2.0},{"damage":16.0,"enemies":"Collector","floor":33.0,"turns":8.0},{"damage":3.0,"enemies":"3 Darklings","floor":35.0,"turns":3.0},{"damage":5.0,"enemies":"3 Shapes","floor":36.0,"turns":4.0},{"damage":11.0,"enemies":"Jaw Worm Horde","floor":37.0,"turns":5.0},{"damage":4.0,"enemies":"Transient","floor":39.0,"turns":6.0},{"damage":0.0,"enemies":"3 Darklings","floor":41.0,"turns":4.0},{"damage":26.0,"enemies":"Writhing Mass","floor":42.0,"turns":6.0},{"damage":0.0,"enemies":"Transient","floor":44.0,"turns":6.0},{"damage":3.0,"enemies":"3 Darklings","floor":48.0,"turns":3.0},{"damage":45,"enemies":"Time Eater","floor":50,"turns":9}],"seed_played":"7968931092683168275","potions_obtained":[{"floor":3.0,"key":"Regen Potion"},{"floor":10.0,"key":"Explosive Potion"},{"floor":14.0,"key":"Energy Potion"},{"floor":22.0,"key":"AttackPotion"},{"floor":25.0,"key":"Strength Potion"},{"floor":36.0,"key":"Fruit Juice"},{"floor":39.0,"key":"DistilledChaos"},{"floor":41.0,"key":"EntropicBrew"},{"floor":48.0,"key":"FairyPotion"}],"is_trial":false,"path_per_floor":["M","M","M","?","?","R","?","R","T","M","?","M","M","M","R","B",null,"M","$","?","M","M","R","E","M","T","M","M","$","M","M","R","B",null,"M","M","M","$","M","R","M","M","T","M","R","?","$","M","R","B",null],"character_chosen":"WATCHER","items_purchased":["Adaptation","InnerPeace"],"campfire_rested":5,"item_purchase_floors":[47,47],"current_hp_per_floor":[54,38,37,59,68,68,57,57,57,53,53,53,53,53,53,1,51,51,51,45,35,35,55,55,55,62,44,31,31,28,28,50,34,65,62,62,51,51,47,71,71,45,45,45,69,69,69,66,80,35],"gold":106,"neow_bonus":"TRANSFORM_TWO_CARDS","is_daily":false,"chose_seed":false,"campfire_upgraded":3,"win_rate":0.0,"timestamp":1611001921,"path_taken":["M","M","M","?","?","R","?","R","T","M","?","M","M","M","R","BOSS","M","$","?","M","M","R","E","M","T","M","?","$","M","M","R","BOSS","M","M","M","$","M","R","M","M","T","M","R","?","$","M","R","BOSS"],"items_purchased_type":["Card","Card"],"build_version":"2020-12-22","purchased_purges":3,"victory":true,"max_hp_per_floor":[68,68,68,68,68,68,68,68,68,68,68,68,68,68,68,68,68,68,68,68,68,68,68,68,68,75,75,75,75,75,75,75,75,75,75,80,80,80,80,80,80,80,80,80,80,80,80,80,80,80],"card_choices":[{"not_picked":["Consecrate","ReachHeaven","PathToVictory"],"picked":"SKIP","floor":1.0},{"not_picked":["Consecrate","ReachHeaven","PathToVictory"],"picked":"SKIP","floor":1.0},{"not_picked":["Protect","Evaluate","SashWhip"],"picked":"SKIP","floor":2.0},{"not_picked":["Protect","Evaluate","SashWhip"],"picked":"SKIP","floor":2.0},{"not_picked":["ThirdEye","SandsOfTime","FlurryOfBlows"],"picked":"SKIP","floor":3.0},{"not_picked":["PathToVictory","Prostrate"],"picked":"ClearTheMind","floor":10.0},{"not_picked":["ClearTheMind","Collect"],"picked":"FlurryOfBlows","floor":12.0},{"not_picked":["WheelKick","Conclude","Fasting2"],"picked":"SKIP","floor":13.0},{"not_picked":["EmptyFist","Protect"],"picked":"FearNoEvil","floor":14.0},{"not_picked":["Crescendo","Worship","Wireheading"],"picked":"SKIP","floor":18.0},{"not_picked":["PathToVictory","EmptyFist"],"picked":"MentalFortress","floor":21.0},{"not_picked":["WindmillStrike","FearNoEvil","JustLucky+1"],"picked":"SKIP","floor":22.0},{"not_picked":["CutThroughFate","ThirdEye","PathToVictory"],"picked":"SKIP","floor":24.0},{"not_picked":["Crescendo+1","BowlingBash","Brilliance"],"picked":"SKIP","floor":25.0},{"not_picked":["FlyingSleeves","LikeWater","WreathOfFlame"],"picked":"SKIP","floor":27.0},{"not_picked":["Crescendo","BowlingBash","Collect+1"],"picked":"SKIP","floor":28.0},{"not_picked":["BowlingBash","FlyingSleeves","Prostrate+1"],"picked":"SKIP","floor":30.0},{"not_picked":["Wish","FollowUp","Nirvana"],"picked":"SKIP","floor":31.0},{"not_picked":["Protect+1","SashWhip","Prostrate"],"picked":"SKIP","floor":35.0},{"not_picked":["FlyingSleeves","FollowUp","BattleHymn"],"picked":"SKIP","floor":36.0},{"not_picked":["FlurryOfBlows+1","PathToVictory+1"],"picked":"DeusExMachina","floor":37.0},{"not_picked":["SignatureMove","EmptyFist+1","DeceiveReality+1"],"picked":"SKIP","floor":39.0},{"not_picked":["FollowUp+1","BowlingBash","FlyingSleeves"],"picked":"SKIP","floor":41.0},{"not_picked":["ThirdEye","Weave","Collect"],"picked":"SKIP","floor":42.0},{"not_picked":["FearNoEvil+1","Pray"],"picked":"CutThroughFate","floor":44.0},{"not_picked":["Worship+1","EmptyBody"],"picked":"Blasphemy","floor":48.0}],"player_experience":754810,"relics_obtained":[{"floor":9.0,"key":"Yang"},{"floor":24.0,"key":"Omamori"},{"floor":26.0,"key":"Strawberry"},{"floor":43.0,"key":"Bottled Flame"}],"event_choices":[{"damage_healed":22.0,"max_hp_gain":0.0,"max_hp_loss":0.0,"gold_gain":0.0,"event_name":"Big Fish","player_choice":"Banana","floor":4.0,"gold_loss":0.0,"damage_taken":0.0},{"damage_healed":17.0,"max_hp_gain":0.0,"max_hp_loss":0.0,"gold_gain":0.0,"event_name":"The Cleric","player_choice":"Healed","floor":5.0,"gold_loss":35.0,"damage_taken":0.0},{"damage_healed":0.0,"max_hp_gain":0.0,"max_hp_loss":0.0,"gold_gain":0.0,"event_name":"Scrap Ooze","player_choice":"Success","floor":7.0,"gold_loss":0.0,"damage_taken":11.0,"relics_obtained":["Orichalcum"]},{"damage_healed":0.0,"max_hp_gain":0.0,"max_hp_loss":0.0,"gold_gain":0.0,"event_name":"Liars Game","player_choice":"Ignored","floor":11.0,"gold_loss":0.0,"damage_taken":0.0},{"damage_healed":0.0,"max_hp_gain":0.0,"max_hp_loss":0.0,"gold_gain":0.0,"event_name":"Knowing Skull","player_choice":"","floor":20.0,"potions_obtained":[],"gold_loss":0.0,"damage_taken":6.0,"cards_obtained":[]},{"cards_removed":["ClearTheMind"],"damage_healed":0.0,"max_hp_gain":0.0,"max_hp_loss":0.0,"gold_gain":0.0,"event_name":"WeMeetAgain","player_choice":"Gave Card","floor":46.0,"gold_loss":0.0,"damage_taken":0.0,"relics_obtained":["Mummified Hand"]}],"is_beta":false,"boss_relics":[{"not_picked":["Runic Pyramid","HolyWater"],"picked":"Astrolabe"},{"not_picked":["Runic Dome","Busted Crown"],"picked":"Fusion Hammer"}],"items_purged_floors":[19,29,38],"is_endless":false,"potions_floor_spawned":[3,10,13,14,21,22,25,27,28,33,36,39,41,42,48],"ascension_level":17}}