{"host":"f8toxsj3bk02pkeu","time":1611011170,"event":{"mods":["BaseMod","Minty Spire (QoL Compilation)","Permanent Neow","Quick Restart","StSLib","SuperFastMode"],"gold_per_floor":[112,37,37,37,187,217,231,231,258,258,269,280,336,348,348,348,348],"floor_reached":16,"language":"ENG","playtime":406,"items_purged":[],"score":250,"play_id":"a425be59-e165-462b-9994-1ce8978efecb","local_time":"20210118160610","is_ascension_mode":true,"campfire_choices":[{"floor":8.0,"key":"REST"},{"data":"True Grit","floor":10.0,"key":"SMITH"},{"floor":15,"key":"REST"}],"circlet_count":0,"master_deck":["AscendersBane","Strike_R+1","Strike_R","Strike_R+1","Strike_R","Strike_R","Defend_R","Defend_R","Defend_R","Bash","True Grit+1","Doubt","Iron Wave","Heavy Blade","Pommel Strike","Pommel Strike"],"relics":["Burning Blood","NeowsBlessing","Tiny Chest","Regal Pillow","Centennial Puzzle","Whetstone"],"acts_visited":["Exordium"],"potions_floor_usage":[12,13],"damage_taken":[{"damage":0.0,"enemies":"Jaw Worm","floor":1.0,"turns":1.0},{"damage":0.0,"enemies":"Lagavulin","floor":6.0,"turns":1.0},{"damage":0.0,"enemies":"2 Louse","floor":7.0,"turns":1.0},{"damage":12,"enemies":"Small Slimes","floor":11,"turns":6},{"damage":12,"enemies":"Exordium Wildlife","floor":12,"turns":6},{"damage":42,"enemies":"3 Sentries","floor":13,"turns":11},{"damage":0,"enemies":"2 Fungi Beasts","floor":14,"turns":3},{"damage":63,"enemies":"The Guardian","floor":16,"turns":12}],"seed_played":"-2074118890889810738","potions_obtained":[{"floor":1.0,"key":"Dexterity Potion"},{"floor":12,"key":"Dexterity Potion"}],"is_trial":false,"path_per_floor":["M","?","?","$","?","E","M","R","T","R","M","M","?","M","R","B"],"character_chosen":"IRONCLAD","items_purchased":[],"campfire_rested":2,"item_purchase_floors":[],"current_hp_per_floor":[74,74,18,18,18,24,30,67,67,67,61,55,19,25,62,0,0],"gold":348,"neow_bonus":"THREE_ENEMY_KILL","is_daily":false,"chose_seed":false,"campfire_upgraded":1,"win_rate":0.0,"timestamp":1611011170,"path_taken":["M","?","?","$","?","E","M","R","T","R","M","M","?","M","R","BOSS"],"items_purchased_type":[],"build_version":"2020-12-22","purchased_purges":0,"victory":false,"max_hp_per_floor":[75,75,75,75,75,75,75,75,75,75,75,75,75,75,75,75,75],"card_choices":[{"not_picked":["Blood for Blood","Bloodletting"],"picked":"True Grit","floor":1.0},{"not_picked":["Inflame","Second Wind"],"picked":"Iron Wave","floor":6.0},{"not_picked":["Wild Strike","Havoc","Dark Embrace"],"picked":"SKIP","floor":7.0},{"not_picked":["Wild Strike","Inflame"],"picked":"Heavy Blade","floor":11},{"not_picked":["Dual Wield","Cleave","True Grit"],"picked":"SKIP","floor":12},{"not_picked":["Rupture","Limit Break"],"picked":"Pommel Strike","floor":13},{"not_picked":["Perfected Strike","Blood for Blood"],"picked":"Pommel Strike","floor":14}],"player_experience":962484,"relics_obtained":[{"floor":6.0,"key":"Regal Pillow"},{"floor":9.0,"key":"Centennial Puzzle"},{"floor":13,"key":"Whetstone"}],"event_choices":[{"cards_removed":["Defend_R"],"damage_healed":0.0,"max_hp_gain":0.0,"max_hp_loss":0.0,"gold_gain":0.0,"event_name":"The Cleric","player_choice":"Card Removal","floor":2.0,"gold_loss":75.0,"damage_taken":0.0},{"damage_healed":0.0,"max_hp_gain":0.0,"max_hp_loss":0.0,"gold_gain":0.0,"event_name":"Scrap Ooze","player_choice":"Success","floor":3.0,"gold_loss":0.0,"damage_taken":56.0,"relics_obtained":["Tiny Chest"]},{"damage_healed":0.0,"max_hp_gain":0.0,"max_hp_loss":0.0,"gold_gain":150.0,"event_name":"Liars Game","player_choice":"AGREE","floor":5.0,"gold_loss":0.0,"damage_taken":0.0,"cards_obtained":["Doubt"]},{"damage_healed":0,"gold_gain":0,"player_choice":"Searched \u00272\u0027 times","damage_taken":0,"max_hp_gain":0,"max_hp_loss":0,"event_name":"Dead Adventurer","floor":13,"gold_loss":0}],"is_beta":false,"boss_relics":[],"items_purged_floors":[],"is_endless":false,"potions_floor_spawned":[1,12],"killed_by":"The Guardian","ascension_level":20}}