{"host":"w97dq1whmpm6b2tc","time":1611011637,"event":{"mods":["BaseMod","Downfall","Minty Spire (QoL Compilation)","StSLib"],"gold_per_floor":[99,99,99,549,549,724,724,744,774,784,797,814,275,275,286,386,386,286,361,66,76,87,72,72,72,72],"floor_reached":25,"language":"ENG","playtime":2888,"items_purged":["Doubt"],"score":199,"play_id":"b990876f-e4e5-4872-af0a-324222702685","local_time":"20210119011357","is_ascension_mode":false,"campfire_choices":[{"floor":1,"key":"RECALL"},{"data":"bronze:BuggyMess","floor":18,"key":"SMITH"}],"circlet_count":0,"master_deck":["bronze:Strike","bronze:Strike","bronze:Strike","bronze:Defend","bronze:Defend","bronze:Defend","bronze:Defend","bronze:Replicate","bronze:Goto","bronze:BuggyMess+1","bronze:BugBarrage","bronze:DazingPulse","bronze:Explode","downfall:Icky","downfall:Icky","downfall:Icky","bronze:ItsAFeature","bronze:BugBarrage","bronze:ChosenStrike","bronze:Repair","bronze:Shield","bronze:BronzeArmor","bronze:Allocate","bronze:FindAndReplace","bronze:SpaghettiCode","CurseOfTheBell","bronze:Turbo","bronze:BronzeArmor","bronze:Shield","bronze:HardenedForm"],"relics":["bronze:BronzeCore","downfall:HeartsMalice","Du-Vu Doll","Bottled Tornado","Medical Kit","Blood Vial","Calling Bell","Dream Catcher","Blue Candle","CaptainsWheel","downfall:HeartBlessingRed","Question Card"],"acts_visited":["Exordium","TheCity"],"potions_floor_usage":[12,12,22,22],"damage_taken":[{"damage":0,"enemies":"Jaw Worm","floor":2,"turns":1},{"damage":0,"enemies":"Jaw Worm","floor":3,"turns":1},{"damage":0,"enemies":"Small Slimes","floor":5,"turns":1},{"damage":0,"enemies":"2 Louse","floor":8,"turns":3},{"damage":9,"enemies":"3 Sentries","floor":9,"turns":5},{"damage":32,"enemies":"Exordium Thugs","floor":10,"turns":4},{"damage":7,"enemies":"Blue Slaver","floor":11,"turns":2},{"damage":0,"enemies":"Exordium Thugs","floor":12,"turns":2},{"damage":0,"enemies":"downfall:FleeingMerchant","floor":13,"turns":4},{"damage":8,"enemies":"Lots of Slimes","floor":15,"turns":4},{"damage":28,"enemies":"WA_ARCHETYPE_RETAIN","floor":16,"turns":6},{"damage":17,"enemies":"downfall:FleeingMerchant","floor":20,"turns":4},{"damage":11,"enemies":"Chosen","floor":21,"turns":3},{"damage":22,"enemies":"3 Byrds","floor":22,"turns":4},{"damage":1,"enemies":"downfall:FleeingMerchant","floor":23,"turns":4},{"damage":46,"enemies":"Book of Stabbing","floor":25,"turns":5}],"seed_played":"7302036580205881872","potions_obtained":[{"floor":9,"key":"FearPotion"},{"floor":10,"key":"Slimebound:ThreeZeroPotion"},{"floor":11,"key":"Guardian:BlockOnCardUsePotion"},{"floor":15,"key":"EssenceOfSteel"},{"floor":16,"key":"LiquidMemories"},{"floor":19,"key":"downfall:CursedFountainPotion"}],"is_trial":false,"path_per_floor":["R","M","?","?","M","?","T","M","E","M","M","M","$","?","M","B",null,"R","?","$","M","M","$","T","E"],"character_chosen":"THE_AUTOMATON","items_purchased":["bronze:FindAndReplace","Medical Kit","Blood Vial","bronze:Turbo","Question Card"],"campfire_rested":0,"item_purchase_floors":[13,13,13,20,20],"current_hp_per_floor":[70,70,70,70,70,70,70,70,61,29,22,29,36,36,30,11,70,70,70,53,44,31,32,32,0,0],"gold":72,"neow_bonus":"THREE_ENEMY_KILL","is_daily":false,"chose_seed":false,"campfire_upgraded":1,"win_rate":0.0,"timestamp":1611011637,"path_taken":["R","M","?","?","M","?","T","M","E","M","M","M","$","?","M","BOSS","R","?","$","M","M","?","T","E"],"items_purchased_type":["Card","Relic","Relic","Card","Relic"],"build_version":"2020-12-22","purchased_purges":1,"victory":false,"max_hp_per_floor":[70,70,70,70,70,70,70,70,70,70,70,70,70,70,70,70,70,70,70,70,70,70,70,70,70,70],"card_choices":[{"not_picked":["bronze:Overheat","bronze:WildBeam"],"picked":"bronze:BuggyMess","floor":2},{"not_picked":["bronze:CutThrough","bronze:ForceShield"],"picked":"bronze:BugBarrage","floor":3},{"not_picked":[],"picked":"bronze:DazingPulse","floor":3},{"not_picked":[],"picked":"bronze:Explode","floor":3},{"not_picked":["bronze:Iterate","bronze:Boost"],"picked":"bronze:ItsAFeature","floor":5},{"not_picked":["bronze:CutThrough","bronze:WhirlingStrike"],"picked":"bronze:BugBarrage","floor":8},{"not_picked":["bronze:BronzeOrb","bronze:Safeguard"],"picked":"bronze:ChosenStrike","floor":9},{"not_picked":["bronze:WildBeam","bronze:DigitalCarnage"],"picked":"bronze:Repair","floor":10},{"not_picked":["bronze:DelayedSlice","bronze:Backtrace"],"picked":"bronze:Shield","floor":11},{"not_picked":["bronze:DelayedSlice","bronze:GetLatest"],"picked":"bronze:BronzeArmor","floor":12},{"not_picked":["bronze:Safeguard","bronze:Frontload"],"picked":"bronze:Allocate","floor":13},{"not_picked":["bronze:Safeguard","bronze:ChildClass","bronze:Shell"],"picked":"SKIP","floor":15},{"not_picked":["bronze:RecursiveStrike","bronze:HyperBeam"],"picked":"bronze:SpaghettiCode","floor":16},{"not_picked":["bronze:ChildClass","bronze:Iterate","bronze:DelayedGuard"],"picked":"SKIP","floor":20},{"not_picked":["bronze:Deprecate","bronze:Invalidate","bronze:Allocate"],"picked":"bronze:BronzeArmor","floor":21},{"not_picked":["bronze:BitShift+1","bronze:DelayedGuard","bronze:WildBeam"],"picked":"bronze:Shield","floor":22},{"not_picked":["bronze:DelayedGuard","bronze:WildBeam","bronze:BuggyMess"],"picked":"bronze:HardenedForm","floor":23}],"player_experience":3705843,"relics_obtained":[{"floor":7,"key":"Du-Vu Doll"},{"floor":9,"key":"Bottled Tornado"},{"floor":17,"key":"Dream Catcher"},{"floor":17,"key":"Blue Candle"},{"floor":17,"key":"CaptainsWheel"}],"event_choices":[],"is_beta":false,"boss_relics":[{"not_picked":["Runic Pyramid","Astrolabe"],"picked":"Calling Bell"}],"items_purged_floors":[13],"is_endless":false,"potions_floor_spawned":[9,10,11,15,16],"killed_by":"Book of Stabbing","ascension_level":0}}