{"host":"d66n7ln59ex8canu","time":1611005859,"event":{"mods":["AchievementEnabler","BaseMod","Colored Map","Minty Spire (QoL Compilation)","Quick Restart","StSLib"],"gold_per_floor":[99,99,99,99,99,99,99,99,99,99,13,13,13,13,13,13,13,13,13,13,13,13,13,13,13,13,13,13,13,13,13,13,13,13],"floor_reached":33,"language":"ENG","playtime":1107,"items_purged":[],"score":283,"play_id":"118a82e2-f074-4dec-879c-803964463475","local_time":"20210118163739","is_ascension_mode":false,"campfire_choices":[{"floor":8,"key":"REST"},{"data":"BattleHymn","floor":12,"key":"SMITH"},{"floor":15,"key":"REST"},{"data":"Blasphemy","floor":24,"key":"SMITH"},{"data":"Prostrate","floor":27,"key":"SMITH"},{"data":"Judgement","floor":32,"key":"SMITH"}],"circlet_count":0,"master_deck":["Strike_P","Strike_P","Strike_P","Strike_P","Defend_P","Defend_P","Defend_P","Defend_P","Eruption+1","Vigilance","ReachHeaven","BattleHymn+1","Prostrate","Prostrate+1","Judgement+1","Blasphemy+1","CutThroughFate+1","FlyingSleeves+1","Normality","DeusExMachina","Decay","Prostrate"],"relics":["Ectoplasm","Centennial Puzzle","Eternal Feather","Cursed Key","Red Mask","MutagenicStrength","Juzu Bracelet","Torii","Dream Catcher","Nunchaku"],"acts_visited":["Exordium","TheCity"],"potions_floor_usage":[16,16,25,33],"damage_taken":[{"damage":0,"enemies":"Cultist","floor":1,"turns":2},{"damage":48,"enemies":"Lagavulin","floor":6,"turns":10},{"damage":3,"enemies":"Jaw Worm","floor":7,"turns":2},{"damage":4,"enemies":"2 Louse","floor":13,"turns":2},{"damage":0,"enemies":"Large Slime","floor":14,"turns":2},{"damage":20,"enemies":"The Guardian","floor":16,"turns":5},{"damage":5,"enemies":"Chosen","floor":18,"turns":4},{"damage":12,"enemies":"Masked Bandits","floor":19,"turns":3},{"damage":0,"enemies":"Spheric Guardian","floor":22,"turns":1},{"damage":17,"enemies":"Book of Stabbing","floor":23,"turns":4},{"damage":13,"enemies":"Slavers","floor":25,"turns":3},{"damage":1,"enemies":"Centurion and Healer","floor":28,"turns":4},{"damage":7,"enemies":"Shelled Parasite and Fungi","floor":30,"turns":2},{"damage":7,"enemies":"Sentry and Sphere","floor":31,"turns":4},{"damage":53,"enemies":"Collector","floor":33,"turns":6}],"seed_played":"1901368641987552788","potions_obtained":[{"floor":13,"key":"BottledMiracle"},{"floor":14,"key":"BlessingOfTheForge"},{"floor":23,"key":"ColorlessPotion"},{"floor":25,"key":"Energy Potion"},{"floor":30,"key":"SkillPotion"}],"is_trial":false,"path_per_floor":["M","?","?","$","?","E","M","R","T","?","$","R","M","M","R","B",null,"M","?","?","?","M","E","R","E","T","R","M","T","M","M","R","B"],"character_chosen":"WATCHER","items_purchased":["BattleHymn","Prostrate"],"campfire_rested":2,"item_purchase_floors":[11,11],"current_hp_per_floor":[72,72,61,61,61,13,10,31,31,13,13,19,15,15,45,25,72,67,55,55,55,55,38,47,34,34,43,42,42,35,28,40,0,0],"gold":13,"neow_bonus":"BOSS_RELIC","is_daily":false,"chose_seed":false,"campfire_upgraded":4,"win_rate":0.0,"timestamp":1611005859,"path_taken":["M","?","?","?","?","E","M","R","T","?","$","R","M","M","R","BOSS","M","?","?","?","M","E","R","E","T","R","M","?","M","M","R","BOSS"],"items_purchased_type":["Card","Card"],"build_version":"2020-12-22","purchased_purges":0,"victory":false,"max_hp_per_floor":[72,72,72,72,72,72,72,72,72,72,72,72,72,72,72,72,72,72,72,72,72,72,72,72,72,72,72,72,72,72,72,72,72,72],"card_choices":[{"not_picked":["Crescendo","WaveOfTheHand","WheelKick"],"picked":"SKIP","floor":1},{"not_picked":["InnerPeace","Halt"],"picked":"ReachHeaven","floor":6},{"not_picked":["Meditate","Study","Swivel"],"picked":"SKIP","floor":7},{"not_picked":["SandsOfTime","FlurryOfBlows"],"picked":"Prostrate","floor":13},{"not_picked":["FearNoEvil","FollowUp"],"picked":"Judgement","floor":14},{"not_picked":["Vault","Judgement"],"picked":"Blasphemy","floor":16},{"not_picked":["ClearTheMind","Protect"],"picked":"CutThroughFate+1","floor":18},{"not_picked":["ClearTheMind","ThirdEye+1"],"picked":"FlyingSleeves+1","floor":19},{"not_picked":["Weave","CutThroughFate","WindmillStrike"],"picked":"SKIP","floor":22},{"not_picked":["Vengeance+1","FlurryOfBlows","Halt"],"picked":"SKIP","floor":23},{"not_picked":["WindmillStrike","Halt","BowlingBash"],"picked":"SKIP","floor":25},{"not_picked":["EmptyBody","JustLucky"],"picked":"DeusExMachina","floor":28},{"not_picked":["EmptyMind+1","WindmillStrike"],"picked":"Prostrate","floor":30},{"not_picked":["Indignation","EmptyBody","JustLucky"],"picked":"SKIP","floor":31}],"player_experience":339060,"relics_obtained":[{"floor":6,"key":"Centennial Puzzle"},{"floor":19,"key":"Red Mask"},{"floor":23,"key":"Juzu Bracelet"},{"floor":25,"key":"Torii"},{"floor":26,"key":"Dream Catcher"},{"floor":29,"key":"Nunchaku"}],"event_choices":[{"damage_healed":0,"gold_gain":0,"player_choice":"Leave","damage_taken":0,"max_hp_gain":0,"max_hp_loss":0,"event_name":"The Cleric","floor":2,"gold_loss":0},{"damage_healed":0,"gold_gain":75,"player_choice":"Gather Gold","damage_taken":11,"max_hp_gain":0,"max_hp_loss":0,"event_name":"World of Goop","floor":3,"gold_loss":0},{"damage_healed":0,"gold_gain":0,"player_choice":"Grow","damage_taken":0,"max_hp_gain":0,"max_hp_loss":0,"event_name":"Living Wall","floor":5,"gold_loss":0,"cards_upgraded":["Eruption"]},{"damage_healed":0,"gold_gain":0,"player_choice":"Success","damage_taken":18,"relics_obtained":["Eternal Feather"],"max_hp_gain":0,"max_hp_loss":0,"event_name":"Scrap Ooze","floor":10,"gold_loss":0},{"damage_healed":0,"gold_gain":0,"player_choice":"Fought Bandits","damage_taken":0,"max_hp_gain":0,"max_hp_loss":0,"event_name":"Masked Bandits","floor":19,"gold_loss":0},{"damage_healed":0,"gold_gain":0,"player_choice":"Inject Mutagens","damage_taken":0,"relics_obtained":["MutagenicStrength"],"max_hp_gain":0,"max_hp_loss":0,"event_name":"Drug Dealer","floor":20,"gold_loss":0},{"damage_healed":0,"gold_gain":0,"player_choice":"Ignored","damage_taken":0,"max_hp_gain":0,"max_hp_loss":0,"event_name":"Ghosts","floor":21,"gold_loss":0}],"is_beta":false,"boss_relics":[{"not_picked":["Astrolabe","Philosopher\u0027s Stone"],"picked":"Cursed Key"}],"items_purged_floors":[],"is_endless":false,"potions_floor_spawned":[13,14,23,25,30],"killed_by":"Collector","ascension_level":0}}