{"host":"50per11302020","time":1611006957,"event":{"mods":["AchievementEnabler","BaseMod","Colored Map","Minty Spire (QoL Compilation)","Relic Stats","StSLib"],"gold_per_floor":[114,127,139,156,99,99,133,133,159,186,233,245,268,312,324,413,425,452,464,476,473,485,497,520,532,621,96,125,125,160,175,175,247,247,264,264,46,84,99,99,109,109,109,109,120,120,136,136,136],"floor_reached":48,"language":"ENG","playtime":4151,"items_purged":["Strike_B"],"score":1071,"play_id":"74d089b5-11b0-4497-94da-eb25ad7272ea","local_time":"20210118135557","is_ascension_mode":true,"campfire_choices":[{"data":"Apotheosis","floor":6.0,"key":"SMITH"},{"floor":8.0,"key":"REST"},{"floor":12.0,"key":"REST"},{"floor":15.0,"key":"REST"},{"floor":23.0,"key":"REST"},{"floor":25.0,"key":"REST"},{"floor":29.0,"key":"REST"},{"floor":32.0,"key":"REST"},{"floor":40.0,"key":"DIG"},{"floor":42.0,"key":"DIG"},{"floor":44.0,"key":"REST"},{"floor":46.0,"key":"DIG"}],"circlet_count":0,"master_deck":["AscendersBane","Strike_B","Strike_B","Strike_B","Defend_B","Defend_B","Defend_B","Defend_B","Zap","Dualcast","Apotheosis+1","Go for the Eyes","Compile Driver","Leap","Recycle","Hologram","Cold Snap","Leap","Rainbow+1","Loop","Coolheaded","Electrodynamics","Redo","Compile Driver+1","J.A.X.","Coolheaded","Capacitor","Doom and Gloom+1","Sweeping Beam+1","Consume","Self Repair","Seek","Chrysalis","Blind","Magnetism","Machine Learning","Sunder+1","Compile Driver+1","Parasite","Blizzard+1","Compile Driver+1","Skim+1","Doom and Gloom+1"],"relics":["Cracked Core","Bag of Preparation","MawBank","Happy Flower","Shovel","SlaversCollar","Molten Egg 2","FossilizedHelix","Question Card","Bag of Marbles","Snecko Eye","Ginger","StoneCalendar","Turnip","Dream Catcher"],"acts_visited":["Exordium","TheCity","TheBeyond"],"potions_floor_usage":[48],"damage_taken":[{"damage":0.0,"enemies":"Cultist","floor":1.0,"turns":4.0},{"damage":10.0,"enemies":"Small Slimes","floor":2.0,"turns":4.0},{"damage":1.0,"enemies":"Jaw Worm","floor":3.0,"turns":2.0},{"damage":0.0,"enemies":"Exordium Wildlife","floor":4.0,"turns":4.0},{"damage":20.0,"enemies":"3 Sentries","floor":7.0,"turns":7.0},{"damage":16.0,"enemies":"3 Louse","floor":10.0,"turns":3.0},{"damage":18.0,"enemies":"Gremlin Nob","floor":11.0,"turns":5.0},{"damage":0.0,"enemies":"Looter","floor":13.0,"turns":3.0},{"damage":22.0,"enemies":"3 Sentries","floor":14.0,"turns":7.0},{"damage":10.0,"enemies":"Hexaghost","floor":16.0,"turns":12.0},{"damage":0.0,"enemies":"Shell Parasite","floor":18.0,"turns":6.0},{"damage":18.0,"enemies":"2 Thieves","floor":21.0,"turns":4.0},{"damage":16.0,"enemies":"Snake Plant","floor":24.0,"turns":4.0},{"damage":12.0,"enemies":"Book of Stabbing","floor":28.0,"turns":5.0},{"damage":53.0,"enemies":"Gremlin Leader","floor":30.0,"turns":6.0},{"damage":6.0,"enemies":"Chosen and Byrds","floor":31.0,"turns":6.0},{"damage":3.0,"enemies":"Champ","floor":33.0,"turns":18.0},{"damage":0.0,"enemies":"Orb Walker","floor":35.0,"turns":6.0},{"damage":15.0,"enemies":"3 Darklings","floor":38.0,"turns":9.0},{"damage":1.0,"enemies":"Writhing Mass","floor":39.0,"turns":12.0},{"damage":22.0,"enemies":"Transient","floor":41.0,"turns":5.0},{"damage":8.0,"enemies":"Maw","floor":45.0,"turns":7.0},{"damage":41.0,"enemies":"3 Darklings","floor":47.0,"turns":4.0},{"damage":23,"enemies":"Spire Growth","floor":48,"turns":6}],"seed_played":"2651353036773866556","potions_obtained":[{"floor":3.0,"key":"Explosive Potion"},{"floor":4.0,"key":"PotionOfCapacity"},{"floor":10.0,"key":"PotionOfCapacity"},{"floor":16.0,"key":"PowerPotion"},{"floor":38.0,"key":"BlessingOfTheForge"},{"floor":47.0,"key":"PotionOfCapacity"}],"is_trial":false,"path_per_floor":["M","M","M","M","$","R","E","R","T","M","E","R","M","E","R","B",null,"M","$","?","M","?","R","M","R","T","$","E","R","E","M","R","B",null,"M","?","$","M","M","R","M","R","T","R","M","R","M","M"],"character_chosen":"DEFECT","items_purchased":["Hologram","FossilizedHelix","Capacitor","Doom and Gloom+1","Machine Learning","Sunder+1"],"campfire_rested":8,"item_purchase_floors":[5,27,27,27,37,37],"current_hp_per_floor":[64,54,53,53,53,53,33,52,52,36,18,37,37,15,34,24,54,54,54,54,36,36,55,39,58,58,58,46,64,11,5,24,31,56,64,54,54,49,58,58,43,43,43,62,64,64,23,0,0],"gold":136,"neow_bonus":"RANDOM_COLORLESS_2","is_daily":false,"chose_seed":false,"campfire_upgraded":1,"win_rate":0.0,"timestamp":1611006957,"path_taken":["M","M","M","M","$","R","E","R","T","M","E","R","M","E","R","BOSS","M","$","?","?","?","R","M","R","T","$","E","R","E","M","R","BOSS","M","?","$","M","M","R","M","R","T","R","M","R","M","M"],"items_purchased_type":["Card","Relic","Card","Card","Card","Card"],"build_version":"2020-12-18","purchased_purges":1,"victory":false,"max_hp_per_floor":[64,64,64,64,64,64,64,64,64,64,64,64,64,64,64,64,64,64,64,64,64,64,64,64,64,64,64,64,64,64,64,64,64,64,64,64,64,64,64,64,64,64,64,64,64,64,64,64,64],"relic_stats":{"Dream Catcher":0,"Shovel":3,"Happy Flower":[40],"counters":[24,147],"Snecko Eye":[106,92,95,121],"StoneCalendar":[34],"Turnip":[3],"Bag of Preparation":[38],"Ginger":[3],"MawBank":216,"Question Card":12,"obtain_stats":[{"Happy Flower":11,"StoneCalendar":42,"Bag of Preparation":7,"Ginger":40,"MawBank":9,"Question Card":28,"SlaversCollar":17,"Dream Catcher":46,"Shovel":14,"Snecko Eye":34,"Molten Egg 2":26,"Turnip":43,"Bag of Marbles":30,"Cracked Core":0,"FossilizedHelix":27},{"Happy Flower":7,"StoneCalendar":21,"Bag of Preparation":5,"Ginger":20,"MawBank":5,"Question Card":14,"SlaversCollar":10,"Dream Catcher":22,"Shovel":9,"Snecko Eye":17,"Molten Egg 2":13,"Turnip":21,"Bag of Marbles":15,"Cracked Core":0,"FossilizedHelix":13},{"Happy Flower":29,"StoneCalendar":130,"Bag of Preparation":21,"Ginger":125,"MawBank":21,"Question Card":69,"SlaversCollar":50,"Dream Catcher":137,"Shovel":38,"Snecko Eye":98,"Molten Egg 2":64,"Turnip":130,"Bag of Marbles":74,"Cracked Core":0,"FossilizedHelix":64}]},"card_choices":[{"not_picked":["Master of Strategy","Secret Technique"],"picked":"Apotheosis","floor":0.0},{"not_picked":["Leap","Streamline"],"picked":"Go for the Eyes","floor":1.0},{"not_picked":["Gash","Turbo"],"picked":"Compile Driver","floor":2.0},{"not_picked":["Rebound","Stack"],"picked":"Leap","floor":3.0},{"not_picked":["Steam Power","Barrage"],"picked":"Recycle","floor":4.0},{"not_picked":["Chill","Gash"],"picked":"Cold Snap","floor":7.0},{"not_picked":["Steam","Compile Driver"],"picked":"Leap","floor":10.0},{"not_picked":["Darkness","Ball Lightning"],"picked":"Rainbow","floor":11.0},{"not_picked":["Chill","Storm"],"picked":"Loop","floor":13.0},{"not_picked":["Hologram","Turbo"],"picked":"Coolheaded","floor":14.0},{"not_picked":["All For One","Rainbow"],"picked":"Electrodynamics","floor":16.0},{"not_picked":["Reprogram","Streamline"],"picked":"Redo","floor":18.0},{"not_picked":["Turbo","Genetic Algorithm"],"picked":"Compile Driver+1","floor":21.0},{"not_picked":["Gash","Leap"],"picked":"Coolheaded","floor":24.0},{"not_picked":["Beam Cell+1","Chill"],"picked":"Sweeping Beam+1","floor":28.0},{"not_picked":["Hologram","Compile Driver+1","Tempest"],"picked":"Consume","floor":30.0},{"not_picked":["Doom and Gloom+1","Rip and Tear+1","Go for the Eyes+1"],"picked":"Self Repair","floor":31.0},{"not_picked":["Hyperbeam+1","Core Surge+1","Machine Learning"],"picked":"Seek","floor":33.0},{"not_picked":["Hologram","Aggregate","Stack","Steam"],"picked":"SKIP","floor":35.0},{"not_picked":["Trip","HandOfGreed+1","Discovery"],"picked":"Chrysalis","floor":36.0},{"not_picked":["Discovery","PanicButton","Bandage Up"],"picked":"Blind","floor":36.0},{"not_picked":["Mind Blast+1","Purity","Madness"],"picked":"Magnetism","floor":36.0},{"not_picked":["Consume","Reprogram+1","Steam"],"picked":"Compile Driver+1","floor":38.0},{"not_picked":["Defragment","Melter+1","BootSequence"],"picked":"Blizzard+1","floor":39.0},{"not_picked":["Ball Lightning+1","Gash+1","Coolheaded"],"picked":"Compile Driver+1","floor":41.0},{"not_picked":["Hologram+1","Cold Snap+1","Beam Cell+1"],"picked":"Skim+1","floor":45.0},{"not_picked":["Self Repair","Beam Cell+1","Streamline+1"],"picked":"Doom and Gloom+1","floor":47.0}],"player_experience":265203,"relics_obtained":[{"floor":7.0,"key":"Bag of Preparation"},{"floor":9.0,"key":"MawBank"},{"floor":11.0,"key":"Happy Flower"},{"floor":14.0,"key":"Shovel"},{"floor":26.0,"key":"Molten Egg 2"},{"floor":28.0,"key":"Question Card"},{"floor":30.0,"key":"Bag of Marbles"},{"floor":40.0,"key":"Ginger"},{"floor":42.0,"key":"StoneCalendar"},{"floor":43.0,"key":"Turnip"},{"floor":46.0,"key":"Dream Catcher"}],"event_choices":[{"damage_healed":0.0,"max_hp_gain":0.0,"max_hp_loss":0.0,"gold_gain":0.0,"event_name":"Upgrade Shrine","player_choice":"Upgraded","floor":20.0,"gold_loss":0.0,"damage_taken":0.0,"cards_upgraded":["Rainbow"]},{"damage_healed":0.0,"max_hp_gain":0.0,"max_hp_loss":0.0,"gold_gain":0.0,"event_name":"Drug Dealer","player_choice":"Obtain J.A.X.","floor":22.0,"gold_loss":0.0,"damage_taken":0.0,"cards_obtained":["J.A.X."]},{"damage_healed":0.0,"max_hp_gain":0.0,"max_hp_loss":0.0,"gold_gain":0.0,"event_name":"SensoryStone","player_choice":"Memory 3","floor":36.0,"gold_loss":0.0,"damage_taken":10.0}],"is_beta":true,"boss_relics":[{"not_picked":["Sozu","Empty Cage"],"picked":"SlaversCollar"},{"not_picked":["Runic Pyramid","Coffee Dripper"],"picked":"Snecko Eye"}],"items_purged_floors":[27],"is_endless":false,"potions_floor_spawned":[3,4,10,11,16,18,21,28,38,47],"killed_by":"Spire Growth","ascension_level":16}}