{"host":"och2iitg9ibgz06n","time":1611002270,"event":{"mods":["Abigail Mod","AchievementEnabler","Aspiration","BaseMod","Colored Powertips","Dio Mod","FruityMod","Hubris","Hyrulean Relics","Infinite Spire","Minty Spire (QoL Compilation)","Replay The Spire","Small Relic Pack","StSLib","The Animator","The Bug Knight","The Hierophant","The Jungle","The Saiyan","TheHero","Wandering Minibosses","everything is the same but u backflip on backflip","slay the spire mod where everything is the same but ironclad has a cowboy hat","vexMod"],"gold_per_floor":[92,45,65,81,81,81,98,47,47,58,85,85,85,104,104,201,201,216,226,226,246,63,63,89,89,89,89,89,102,117,117,117],"floor_reached":31,"language":"ENG","playtime":1216,"items_purged":[],"score":282,"play_id":"76447c07-85fe-47e8-8a98-b44ec6624c13","local_time":"20210118143750","is_ascension_mode":false,"campfire_choices":[{"floor":6,"key":"REST"},{"data":"Saiyan:EnergyBlast","floor":12,"key":"SMITH"},{"floor":15,"key":"REST"},{"floor":23,"key":"REST"},{"floor":25,"key":"REST"},{"floor":27,"key":"REST"}],"circlet_count":0,"master_deck":["Saiyan:SAIYA_Strike+1","Saiyan:SAIYA_Strike","Saiyan:SAIYA_Strike","Saiyan:SAIYA_Defend","Saiyan:SAIYA_Defend","Saiyan:SAIYA_Defend","Saiyan:EnergyBlast+1","Saiyan:KaioKen","Saiyan:RuthlessBlow","Saiyan:Medicine+1","Saiyan:Quickening","Saiyan:ReverberatingForce","Saiyan:KiStrike","Saiyan:Flurry","Saiyan:ExpandingShockwave","Saiyan:Flurry","Saiyan:Overexert","Saiyan:SenzuBean","Saiyan:BigBangAttack","Saiyan:ThirstForFight+1","Saiyan:LastResort+1","Saiyan:RemoveWeights","Saiyan:RemoveWeights","Saiyan:Furor+1","Saiyan:Flurry","Saiyan:Honing+1"],"relics":["SaiyanSoul","SaiyanHeart","infinitespire:BottledMercury","hubris:FruitBowl","Lantern","vexMod:PlasmaPancake","infinitespire:Beetle Shell","Empty Cage","Gremlin Food","Toolbox","Nloth\u0027s Gift"],"acts_visited":["Exordium","TheCity"],"potions_floor_usage":[16,30],"damage_taken":[{"damage":6,"enemies":"Cultist","floor":1,"turns":3},{"damage":4,"enemies":"2 Louse","floor":3,"turns":3},{"damage":3,"enemies":"Jaw Worm","floor":4,"turns":3},{"damage":8,"enemies":"Lots of Slimes","floor":7,"turns":3},{"damage":5,"enemies":"Red Slaver","floor":10,"turns":2},{"damage":9,"enemies":"Gremlin Nob","floor":11,"turns":4},{"damage":0,"enemies":"3 Louse","floor":14,"turns":1},{"damage":32,"enemies":"Hexaghost","floor":16,"turns":7},{"damage":0,"enemies":"3 Byrds","floor":18,"turns":2},{"damage":53,"enemies":"Chosen","floor":19,"turns":8},{"damage":10,"enemies":"Snake Plant","floor":21,"turns":4},{"damage":37,"enemies":"Slavers","floor":24,"turns":4},{"damage":46,"enemies":"Cultist and Chosen","floor":29,"turns":6},{"damage":13,"enemies":"Centurion and Healer","floor":30,"turns":7},{"damage":0,"enemies":"Snecko","floor":31,"turns":1}],"seed_played":"5198695732999978508","potions_obtained":[{"floor":1,"key":"Ancient Potion"},{"floor":10,"key":"Elixir"},{"floor":11,"key":"Weak Potion"},{"floor":21,"key":"Dexterity Potion"},{"floor":30,"key":"SteroidPotion"}],"is_trial":false,"path_per_floor":["M","$","M","M","$","R","M","?","T","M","E","R","$","M","R","B",null,"M","M","?","M","$","R","E","R","T","R","?","M","M","M"],"character_chosen":"SAIYAJIN","items_purchased":["Saiyan:Quickening","infinitespire:BottledMercury","hubris:FruitBowl","Saiyan:RemoveWeights","Toolbox"],"campfire_rested":5,"item_purchase_floors":[2,5,5,22,22],"current_hp_per_floor":[60,60,58,58,22,41,36,36,45,40,34,34,34,34,56,27,75,75,25,18,12,12,35,2,25,25,48,48,7,1,1,1],"gold":117,"neow_bonus":"TEN_PERCENT_HP_BONUS","is_daily":false,"chose_seed":false,"campfire_upgraded":1,"win_rate":0.0,"timestamp":1611002270,"path_taken":["M","?","?","M","?","R","M","?","T","M","E","R","$","?","R","BOSS","M","M","?","?","?","R","E","R","T","R","?","M","?","M"],"items_purchased_type":["Card","Relic","Relic","Card","Relic"],"build_version":"2020-12-22","purchased_purges":0,"victory":false,"max_hp_per_floor":[66,66,66,66,66,66,66,66,75,75,75,75,75,75,75,75,75,75,75,75,77,77,77,78,78,78,78,78,78,79,79,79],"card_choices":[{"not_picked":["Saiyan:UltraInstinct","Saiyan:DragonRadar"],"picked":"Saiyan:Medicine","floor":1},{"not_picked":["Saiyan:KiExplosion","Saiyan:BurningSoul"],"picked":"Saiyan:ReverberatingForce","floor":3},{"not_picked":["Saiyan:DragonRadar","Saiyan:DoubleMasenko"],"picked":"Saiyan:KiStrike","floor":4},{"not_picked":["Saiyan:FingerParry","Saiyan:BurningSoul"],"picked":"Saiyan:Flurry","floor":7},{"not_picked":["Saiyan:DragonFist","Saiyan:KiStrike"],"picked":"Saiyan:ExpandingShockwave","floor":10},{"not_picked":["Saiyan:ExpandingShockwave","Saiyan:Pacing"],"picked":"Saiyan:Flurry","floor":11},{"not_picked":["Saiyan:BigBangAttack","Saiyan:DoubleMasenko"],"picked":"Saiyan:Overexert","floor":14},{"not_picked":["Saiyan:GhostAttack","Saiyan:Rekindle"],"picked":"Saiyan:SenzuBean","floor":16},{"not_picked":["Saiyan:Makankosappo","Saiyan:Quickening+1"],"picked":"Saiyan:BigBangAttack","floor":18},{"not_picked":["Saiyan:PowerUp","Saiyan:BackAttack"],"picked":"Saiyan:ThirstForFight","floor":19},{"not_picked":["Saiyan:FingerParry","Saiyan:TransfigurationBeam"],"picked":"Saiyan:LastResort+1","floor":21},{"not_picked":["Saiyan:ExpandingShockwave+1","Saiyan:DragonFist"],"picked":"Saiyan:Furor+1","floor":24},{"not_picked":["Saiyan:KameHameHa","Saiyan:RemoveWeights+1"],"picked":"Saiyan:Flurry","floor":29},{"not_picked":["Saiyan:BigBangAttack","Saiyan:SolarFlare"],"picked":"Saiyan:Honing+1","floor":30}],"player_experience":402410,"relics_obtained":[{"floor":9,"key":"vexMod:PlasmaPancake"},{"floor":11,"key":"infinitespire:Beetle Shell"},{"floor":19,"key":"Gremlin Food"},{"floor":24,"key":"ReplayTheSpireMod:TigerMarble"}],"event_choices":[{"damage_healed":0,"gold_gain":0,"player_choice":"Paid Gold","damage_taken":0,"relics_obtained":["Lantern"],"max_hp_gain":0,"max_hp_loss":0,"event_name":"WeMeetAgain","floor":8,"gold_loss":51},{"damage_healed":0,"gold_gain":0,"player_choice":"Damaged","damage_taken":7,"max_hp_gain":0,"max_hp_loss":0,"event_name":"Wheel of Change","floor":20,"gold_loss":0},{"damage_healed":0,"gold_gain":0,"player_choice":"Traded Relic","damage_taken":0,"relics_obtained":["Nloth\u0027s Gift"],"max_hp_gain":0,"max_hp_loss":0,"event_name":"N\u0027loth","floor":28,"relics_lost":["ReplayTheSpireMod:TigerMarble"],"gold_loss":0}],"is_beta":false,"boss_relics":[{"not_picked":["aspiration:RunicSpoon","Snecko Eye"],"picked":"Empty Cage"}],"items_purged_floors":[],"is_endless":false,"potions_floor_spawned":[1,10,11,21,24,30],"killed_by":"Snecko","ascension_level":0}}