{"host":"dw8ij7emqco3quom","time":1611007908,"event":{"mods":["BaseMod","Minty Spire (QoL Compilation)"],"gold_per_floor":[111,126,126,126,73,73,85,119,119,119,138,154,171,186,186,290,290,278,297,152,152,165,200,200,213,213,243,262,262,2,16,16,16,16],"floor_reached":33,"language":"FRA","playtime":2724,"items_purged":["Strike_R"],"score":378,"play_id":"aee37ebc-160c-4072-a9d1-b5a6cfe7d500","local_time":"20210118231148","is_ascension_mode":true,"campfire_choices":[{"data":"Armaments","floor":6.0,"key":"SMITH"},{"floor":15.0,"key":"REST"},{"floor":24,"key":"REST"},{"floor":29,"key":"REST"},{"data":"Dual Wield","floor":32,"key":"SMITH"}],"circlet_count":0,"master_deck":["Strike_R","Strike_R","Defend_R","Defend_R","Defend_R","Defend_R","Bash","Thunderclap","Shrug It Off","Clothesline","Twin Strike","Armaments+1","Sword Boomerang","Rage","Fire Breathing+1","Shrug It Off","Limit Break","Headbutt","Exhume","CurseOfTheBell","Reckless Charge","Twin Strike+1","Dual Wield+1","Warcry","Fire Breathing"],"relics":["Burning Blood","Bag of Marbles","Calling Bell","Nunchaku","InkBottle","FossilizedHelix","Red Skull","Tiny Chest","Letter Opener","Juzu Bracelet","Membership Card","Bronze Scales"],"acts_visited":["Exordium","TheCity"],"potions_floor_usage":[25,28,33],"damage_taken":[{"damage":7.0,"enemies":"Jaw Worm","floor":1.0,"turns":3.0},{"damage":12.0,"enemies":"Small Slimes","floor":2.0,"turns":3.0},{"damage":0.0,"enemies":"Cultist","floor":7.0,"turns":3.0},{"damage":25.0,"enemies":"Gremlin Nob","floor":8.0,"turns":4.0},{"damage":0.0,"enemies":"Lots of Slimes","floor":11.0,"turns":1.0},{"damage":10.0,"enemies":"Exordium Wildlife","floor":12.0,"turns":4.0},{"damage":5.0,"enemies":"Red Slaver","floor":13.0,"turns":5.0},{"damage":7.0,"enemies":"3 Louse","floor":14.0,"turns":4.0},{"damage":23.0,"enemies":"Slime Boss","floor":16.0,"turns":10.0},{"damage":17.0,"enemies":"2 Thieves","floor":18.0,"turns":4.0},{"damage":9.0,"enemies":"Shell Parasite","floor":19.0,"turns":7.0},{"damage":5.0,"enemies":"Snecko","floor":22.0,"turns":5.0},{"damage":20,"enemies":"Gremlin Leader","floor":23,"turns":6},{"damage":19,"enemies":"3 Cultists","floor":25,"turns":7},{"damage":22,"enemies":"Slavers","floor":27,"turns":5},{"damage":6,"enemies":"Chosen and Byrds","floor":28,"turns":4},{"damage":7,"enemies":"Snecko","floor":31,"turns":5},{"damage":78,"enemies":"Collector","floor":33,"turns":5}],"seed_played":"5861492862479683690","potions_obtained":[{"floor":7.0,"key":"EntropicBrew"},{"floor":8.0,"key":"PowerPotion"},{"floor":13.0,"key":"ColorlessPotion"},{"floor":19.0,"key":"SkillPotion"},{"floor":22.0,"key":"DistilledChaos"},{"floor":25,"key":"Energy Potion"},{"floor":31,"key":"Regen Potion"}],"is_trial":false,"path_per_floor":["M","M","?","?","$","R","M","E","T","?","M","M","M","M","R","B",null,"M","M","$","?","M","E","R","M","T","E","M","R","$","M","R","B"],"character_chosen":"IRONCLAD","items_purchased":["Armaments","Red Skull","Membership Card","Bronze Scales"],"campfire_rested":3,"item_purchase_floors":[5,20,30,30],"current_hp_per_floor":[71,65,65,65,65,65,71,52,52,44,50,46,47,46,70,53,73,62,59,59,59,60,46,70,57,57,41,41,65,65,64,64,0,0],"gold":16,"neow_bonus":"TRANSFORM_CARD","is_daily":false,"chose_seed":false,"campfire_upgraded":2,"win_rate":0.0,"timestamp":1611007908,"path_taken":["M","M","?","?","$","R","M","E","T","?","M","M","?","M","R","BOSS","M","M","?","?","?","E","R","M","T","E","M","R","$","M","R","BOSS"],"items_purchased_type":["Card","Relic","Relic","Relic"],"build_version":"2020-12-22","purchased_purges":1,"victory":false,"max_hp_per_floor":[80,80,80,80,80,80,80,80,80,80,80,80,80,80,80,80,80,80,80,80,80,80,80,80,80,80,80,80,80,80,80,80,80,80],"card_choices":[{"not_picked":["Heavy Blade","Body Slam"],"picked":"Shrug It Off","floor":1.0},{"not_picked":["Warcry","Havoc"],"picked":"Clothesline","floor":2.0},{"not_picked":["Anger","Havoc"],"picked":"Sword Boomerang","floor":7.0},{"not_picked":["Shrug It Off","Armaments"],"picked":"Rage","floor":8.0},{"not_picked":["Body Slam","Shockwave"],"picked":"Fire Breathing","floor":11.0},{"not_picked":["Flex","Blood for Blood"],"picked":"Shrug It Off","floor":12.0},{"not_picked":["Iron Wave","Dual Wield"],"picked":"Limit Break","floor":13.0},{"not_picked":["Twin Strike","Thunderclap"],"picked":"Headbutt","floor":14.0},{"not_picked":["Bludgeon","Immolate"],"picked":"Exhume","floor":16.0},{"not_picked":["Battle Trance","Flex","Combust"],"picked":"SKIP","floor":18.0},{"not_picked":["Headbutt","True Grit"],"picked":"Reckless Charge","floor":19.0},{"not_picked":["Anger+1","Infernal Blade"],"picked":"Twin Strike+1","floor":22.0},{"not_picked":["Iron Wave","Thunderclap","Fiend Fire"],"picked":"SKIP","floor":23},{"not_picked":["Clothesline+1","Flex"],"picked":"Dual Wield","floor":25},{"not_picked":["Rupture+1","Offering"],"picked":"Warcry","floor":27},{"not_picked":["Havoc","Combust","Metallicize"],"picked":"SKIP","floor":28},{"not_picked":["Clash","Twin Strike+1"],"picked":"Fire Breathing","floor":31}],"player_experience":661715,"relics_obtained":[{"floor":8.0,"key":"Bag of Marbles"},{"floor":17.0,"key":"Nunchaku"},{"floor":17.0,"key":"InkBottle"},{"floor":17.0,"key":"FossilizedHelix"},{"floor":23,"key":"Tiny Chest"},{"floor":26,"key":"Letter Opener"},{"floor":27,"key":"Juzu Bracelet"}],"event_choices":[{"damage_healed":0.0,"max_hp_gain":0.0,"max_hp_loss":0.0,"gold_gain":0.0,"event_name":"Liars Game","player_choice":"Ignored","floor":3.0,"gold_loss":0.0,"damage_taken":0.0},{"damage_healed":0.0,"max_hp_gain":0.0,"max_hp_loss":0.0,"gold_gain":0.0,"cards_transformed":["Strike_R"],"event_name":"Living Wall","player_choice":"Change","floor":4.0,"gold_loss":0.0,"damage_taken":0.0,"cards_obtained":["Twin Strike"]},{"damage_healed":0.0,"max_hp_gain":0.0,"max_hp_loss":0.0,"gold_gain":0.0,"event_name":"Wheel of Change","player_choice":"Damaged","floor":10.0,"gold_loss":0.0,"damage_taken":8.0},{"damage_healed":0.0,"max_hp_gain":0.0,"max_hp_loss":0.0,"gold_gain":0.0,"event_name":"Accursed Blacksmith","player_choice":"Forge","floor":21.0,"gold_loss":0.0,"damage_taken":0.0,"cards_upgraded":["Fire Breathing"]}],"is_beta":false,"boss_relics":[{"not_picked":["SacredBark","Busted Crown"],"picked":"Calling Bell"}],"items_purged_floors":[30],"is_endless":false,"potions_floor_spawned":[7,8,13,19,22,25,31],"killed_by":"Collector","ascension_level":6}}