{"host":"15dd7v8o90xso62x","time":1611004711,"event":{"mods":["BaseMod","Minty Spire (QoL Compilation)","Quick Restart","StSLib","SuperFastMode"],"gold_per_floor":[114,34,109,34,54,81,81,95,95,95,107,126,142,164,164,164,164],"floor_reached":16,"language":"KOR","playtime":435,"items_purged":["Defend_G"],"score":254,"play_id":"1552902a-bf90-41bd-ab95-fc3be43d8c7a","local_time":"20210119061831","is_ascension_mode":true,"campfire_choices":[{"data":"Deadly Poison","floor":10.0,"key":"SMITH"},{"data":"Prepared","floor":15.0,"key":"SMITH"}],"circlet_count":0,"master_deck":["AscendersBane","Strike_G","Strike_G","Strike_G","Strike_G","Defend_G","Defend_G","Defend_G","Defend_G","Survivor","Neutralize","Dagger Spray","After Image","Cloak And Dagger","Prepared+1","Deadly Poison+1","Calculated Gamble","Acrobatics"],"relics":["Ring of the Snake","NeowsBlessing","Peace Pipe","Calipers","Odd Mushroom"],"acts_visited":["Exordium"],"potions_floor_usage":[16],"damage_taken":[{"damage":0.0,"enemies":"Small Slimes","floor":1.0,"turns":1.0},{"damage":0.0,"enemies":"2 Louse","floor":5.0,"turns":1.0},{"damage":0.0,"enemies":"Gremlin Nob","floor":6.0,"turns":1.0},{"damage":0.0,"enemies":"Jaw Worm","floor":8.0,"turns":4.0},{"damage":0.0,"enemies":"2 Fungi Beasts","floor":11.0,"turns":3.0},{"damage":8.0,"enemies":"Blue Slaver","floor":12.0,"turns":4.0},{"damage":4.0,"enemies":"Looter","floor":13.0,"turns":3.0},{"damage":1.0,"enemies":"The Mushroom Lair","floor":14.0,"turns":3.0},{"damage":29,"enemies":"Hexaghost","floor":16,"turns":9}],"seed_played":"-8338558160693769264","potions_obtained":[{"floor":1.0,"key":"SkillPotion"},{"floor":5.0,"key":"Ancient Potion"},{"floor":11.0,"key":"SteroidPotion"},{"floor":13.0,"key":"DuplicationPotion"}],"is_trial":false,"path_per_floor":["M","$","?","$","M","E","?","M","T","R","M","M","M","?","R","B"],"character_chosen":"THE_SILENT","items_purchased":["After Image"],"campfire_rested":0,"item_purchase_floors":[2],"current_hp_per_floor":[59,59,48,48,48,48,41,41,41,41,41,33,29,28,28,0,0],"gold":164,"neow_bonus":"THREE_ENEMY_KILL","is_daily":false,"chose_seed":false,"campfire_upgraded":2,"win_rate":0.0,"timestamp":1611004711,"path_taken":["M","$","?","$","M","E","?","M","T","R","M","M","?","?","R","BOSS"],"items_purchased_type":["Card"],"build_version":"2020-12-22","purchased_purges":1,"victory":false,"max_hp_per_floor":[66,66,66,66,66,66,66,66,66,66,66,66,66,66,66,66,66],"card_choices":[{"not_picked":["Eviscerate","Sucker Punch"],"picked":"Dagger Spray","floor":1.0},{"not_picked":["Distraction","Masterful Stab"],"picked":"Cloak And Dagger","floor":5.0},{"not_picked":["Dodge and Roll","Outmaneuver"],"picked":"Prepared","floor":6.0},{"not_picked":["Underhanded Strike","Terror"],"picked":"Deadly Poison","floor":8.0},{"not_picked":["Masterful Stab","Sucker Punch","Deadly Poison"],"picked":"SKIP","floor":11.0},{"not_picked":["Doppelganger","Blade Dance"],"picked":"Calculated Gamble","floor":12.0},{"not_picked":["Dagger Throw","Bouncing Flask"],"picked":"Acrobatics","floor":13.0}],"player_experience":1045798,"relics_obtained":[{"floor":6.0,"key":"Peace Pipe"},{"floor":9.0,"key":"Calipers"},{"floor":14.0,"key":"Odd Mushroom"}],"event_choices":[{"damage_healed":0.0,"max_hp_gain":0.0,"max_hp_loss":0.0,"gold_gain":75.0,"event_name":"World of Goop","player_choice":"Gather Gold","floor":3.0,"gold_loss":0.0,"damage_taken":11.0},{"cards_removed":["Strike_G"],"damage_healed":0.0,"max_hp_gain":0.0,"max_hp_loss":0.0,"gold_gain":0.0,"event_name":"Golden Wing","player_choice":"Card Removal","floor":7.0,"gold_loss":0.0,"damage_taken":7.0},{"damage_healed":0.0,"max_hp_gain":0.0,"max_hp_loss":0.0,"gold_gain":0.0,"event_name":"Mushrooms","player_choice":"Fought Mushrooms","floor":14.0,"gold_loss":0.0,"damage_taken":0.0}],"is_beta":false,"boss_relics":[],"items_purged_floors":[4],"is_endless":false,"potions_floor_spawned":[1,5,11,13],"killed_by":"Hexaghost","ascension_level":20}}