{"host":"1ekl8hlbnopmdapi","time":1611008606,"event":{"mods":["AchievementEnabler","BaseMod","Colored Map","Colored Powertips","DeckTracker","Googly Eyes","Highlight Path","Minty Spire (QoL Compilation)","Relic Sorter","StSLib","Synergy Search"],"gold_per_floor":[113,113,136,154,104,143,181,181,233,248,248,248],"floor_reached":11,"language":"ENG","playtime":333,"items_purged":[],"score":91,"play_id":"ac1fb6d0-a4d4-4f5c-9ba1-ed5f0dde46bd","local_time":"20210118172326","is_ascension_mode":true,"campfire_choices":[{"floor":8,"key":"REST"}],"circlet_count":0,"master_deck":["Strike_G","Strike_G","Strike_G","Strike_G","Strike_G","Defend_G","Defend_G","Defend_G","Defend_G","Defend_G","Survivor","Neutralize","Dagger Spray","Acrobatics","Underhanded Strike","Escape Plan","Prepared","Envenom"],"relics":["HoveringKite","Golden Idol","MealTicket","Odd Mushroom","Lantern"],"acts_visited":["Exordium"],"potions_floor_usage":[6,11],"damage_taken":[{"damage":3,"enemies":"2 Louse","floor":1,"turns":4},{"damage":0,"enemies":"Jaw Worm","floor":3,"turns":4},{"damage":0,"enemies":"Small Slimes","floor":4,"turns":4},{"damage":7,"enemies":"3 Sentries","floor":6,"turns":6},{"damage":22,"enemies":"The Mushroom Lair","floor":7,"turns":4},{"damage":0,"enemies":"Exordium Wildlife","floor":10,"turns":4},{"damage":61,"enemies":"Gremlin Nob","floor":11,"turns":6}],"seed_played":"3906694139922127448","potions_obtained":[{"floor":3,"key":"Ancient Potion"},{"floor":4,"key":"CunningPotion"},{"floor":10,"key":"GamblersBrew"}],"is_trial":false,"path_per_floor":["M","?","M","M","?","E","?","R","T","M","E"],"character_chosen":"THE_SILENT","items_purchased":[],"campfire_rested":1,"item_purchase_floors":[],"current_hp_per_floor":[67,67,67,67,67,60,38,59,59,59,0,0],"gold":248,"neow_bonus":"BOSS_RELIC","is_daily":false,"chose_seed":false,"campfire_upgraded":0,"win_rate":0.0,"timestamp":1611008606,"path_taken":["M","?","M","M","?","E","?","R","T","M","E"],"items_purchased_type":[],"build_version":"2020-12-22","purchased_purges":0,"victory":false,"max_hp_per_floor":[70,70,70,70,70,70,70,70,70,70,70,70],"card_choices":[{"not_picked":["Backflip","Deflect"],"picked":"Dagger Spray","floor":1},{"not_picked":["Deadly Poison","Finisher"],"picked":"Acrobatics","floor":3},{"not_picked":["Flying Knee","Flechettes"],"picked":"Underhanded Strike","floor":4},{"not_picked":["Well Laid Plans","Heel Hook"],"picked":"Escape Plan","floor":6},{"not_picked":["Skewer","PiercingWail"],"picked":"Prepared","floor":7},{"not_picked":["Bouncing Flask","Deadly Poison"],"picked":"Envenom","floor":10}],"player_experience":473315,"relics_obtained":[{"floor":6,"key":"MealTicket"},{"floor":7,"key":"Odd Mushroom"},{"floor":9,"key":"Lantern"}],"event_choices":[{"damage_healed":0,"gold_gain":0,"player_choice":"Take Wound","damage_taken":0,"relics_obtained":["Golden Idol"],"max_hp_gain":0,"max_hp_loss":0,"event_name":"Golden Idol","floor":2,"gold_loss":0,"cards_obtained":["Injury"]},{"cards_removed":["Injury"],"damage_healed":0,"gold_gain":0,"player_choice":"Card Removal","damage_taken":0,"max_hp_gain":0,"max_hp_loss":0,"event_name":"The Cleric","floor":5,"gold_loss":50},{"damage_healed":0,"gold_gain":0,"player_choice":"Fought Mushrooms","damage_taken":0,"max_hp_gain":0,"max_hp_loss":0,"event_name":"Mushrooms","floor":7,"gold_loss":0}],"is_beta":false,"boss_relics":[],"items_purged_floors":[],"is_endless":false,"potions_floor_spawned":[3,4,10],"killed_by":"Gremlin Nob","ascension_level":5}}