{"host":"8d3fefv2347kqkpz","time":1611011809,"event":{"mods":["100% Spire Juice","AchievementEnabler","Act Like it!","Aspiration","BaseMod","Better Vampires","Colored Map","Colored Powertips","Conspire","GifTheSpireLib","Highlight Path","Mimic Mod","Minty Spire (QoL Compilation)","Quick Restart","Reimu£®≤©¿ˆ¡È√Œ£©","Relic Stats","Remilia£®¿Ÿ√◊¿Ú—«£©","Replay The Spire","Spicy Shops","StSLib","The Gatherer","The Jungle","The Senshi","The Servant 0.9.4","Waifu the Spire","vexMod"],"gold_per_floor":[116,116,66,14,34,34,44,63,90,119,131,131,144,154,154,154,154],"floor_reached":16,"language":"ZHS","playtime":496,"items_purged":[],"score":104,"play_id":"6057e815-948e-4809-9a62-547e9973fc77","local_time":"20210119071649","is_ascension_mode":false,"campfire_choices":[{"floor":6,"key":"REST"},{"floor":15,"key":"REST"}],"circlet_count":0,"master_deck":["Strike_B+1","Strike_B+1","Defend_B","Defend_B","Defend_B","Defend_B","Zap","Dualcast","Conserve Battery","Streamline","Rebound"],"relics":["Cracked Core","Whetstone","Snack Pack","Centennial Puzzle"],"acts_visited":["Exordium"],"potions_floor_usage":[],"damage_taken":[{"damage":6,"enemies":"Cultist","floor":1,"turns":3},{"damage":1,"enemies":"2 Louse","floor":5,"turns":2},{"damage":6,"enemies":"Jaw Worm","floor":7,"turns":3},{"damage":4,"enemies":"Gremlin Gang","floor":8,"turns":6},{"damage":19,"enemies":"Lagavulin","floor":10,"turns":5},{"damage":7,"enemies":"3 Louse","floor":11,"turns":2},{"damage":11,"enemies":"Red Slaver","floor":13,"turns":4},{"damage":0,"enemies":"Blue Slaver","floor":14,"turns":2},{"damage":63,"enemies":"Fading Forest","floor":16,"turns":10}],"seed_played":"6206295954932763097","potions_obtained":[{"floor":1,"key":"ZuzhouPotion:ReiMu"},{"floor":5,"key":"PowerPotion"},{"floor":11,"key":"GamblersBrew"},{"floor":14,"key":"Regen Potion"}],"is_trial":false,"path_per_floor":["M","?","?","$","M","R","M","M","T","E","M","?","M","M","R","B"],"character_chosen":"DEFECT","items_purchased":["Rip and Tear+1"],"campfire_rested":2,"item_purchase_floors":[4],"current_hp_per_floor":[76,76,76,76,75,82,76,72,72,53,46,46,35,37,61,8,8],"gold":154,"neow_bonus":"TEN_PERCENT_HP_BONUS","is_daily":false,"chose_seed":false,"campfire_upgraded":0,"win_rate":0.0,"timestamp":1611011809,"path_taken":["M","?","?","?","M","R","M","M","T","E","?","?","M","M","R","BOSS"],"items_purchased_type":["Card"],"build_version":"2020-12-22","purchased_purges":0,"victory":false,"max_hp_per_floor":[82,82,82,82,82,82,82,82,82,82,82,82,82,82,82,82,82],"relic_stats":{"Centennial Puzzle":[6],"counters":[9,37],"Whetstone":["Strike_B","Strike_B"],"obtain_stats":[{"Centennial Puzzle":12,"Snack Pack":10,"Whetstone":9,"Cracked Core":0},{"Centennial Puzzle":6,"Snack Pack":5,"Whetstone":4,"Cracked Core":0},{"Centennial Puzzle":21,"Snack Pack":19,"Whetstone":14,"Cracked Core":0}]},"card_choices":[{"not_picked":["Coolheaded","Steam","Glacier"],"picked":"SKIP","floor":1},{"not_picked":["ReplaySolidLightProjector","Panic Button","Redo"],"picked":"SKIP","floor":5},{"not_picked":["Go for the Eyes","Lockon"],"picked":"Conserve Battery","floor":7},{"not_picked":["Leap","Compile Driver","Steam Power"],"picked":"SKIP","floor":8},{"not_picked":["Skim","Barrage"],"picked":"Streamline","floor":10},{"not_picked":["Capacitor","Ball Lightning","Heatsinks"],"picked":"SKIP","floor":11},{"not_picked":["Redo","Sweeping Beam"],"picked":"Rebound","floor":13},{"not_picked":["Tempest","Compile Driver","Rip and Tear"],"picked":"SKIP","floor":14}],"player_experience":111993,"relics_obtained":[{"floor":9,"key":"Whetstone"},{"floor":10,"key":"Snack Pack"}],"event_choices":[{"cards_removed":["Strike_B"],"damage_healed":0,"gold_gain":0,"player_choice":"Forget","damage_taken":0,"max_hp_gain":0,"max_hp_loss":0,"event_name":"Living Wall","floor":2,"gold_loss":0},{"cards_removed":["Strike_B"],"damage_healed":0,"gold_gain":0,"player_choice":"Card Removal","damage_taken":0,"max_hp_gain":0,"max_hp_loss":0,"event_name":"The Cleric","floor":3,"gold_loss":50},{"cards_removed":["Rip and Tear"],"damage_healed":0,"gold_gain":0,"player_choice":"Gave Card","damage_taken":0,"relics_obtained":["Centennial Puzzle"],"max_hp_gain":0,"max_hp_loss":0,"event_name":"WeMeetAgain","floor":12,"gold_loss":0}],"is_beta":false,"boss_relics":[],"items_purged_floors":[],"is_endless":false,"potions_floor_spawned":[1,5,11,14],"killed_by":"Fading Forest","ascension_level":0}}