{"host":"Charlie","time":1611009037,"event":{"mods":["100% Spire Juice","Aspiration","BaseMod","Better Match","Better Skull","Better Third Choice","BetterRewards","ChefMod","Colored Map","Colored Powertips","Conspire","Curses Come First","Downfall","Ekko","Evolution","Fox Events","Friendly Minions","Halation","Hermit","Hubris","Infinite Spire","Luminous","Melee Mod","Minty Spire (QoL Compilation)","Quick Restart","Rare Cards Sparkle","Relic Stats","Robot Space Explorer","Shade Mod","Spicy Shops","Spire Arcade","StSLib","SuperFastMode","Synergy Search","The Animator","The Blue Laboratory","The Caster","The Cursed","The Dragon Tamer","The Factory","The Gatherer","The Jungle","The Marked","The Necromancer","Unceasing Turn Reminder","vexMod"],"gold_per_floor":[112,128,142,0,0,0,29,45,45,45,62,62,62,62,62,75,75],"floor_reached":16,"language":"ENG","playtime":783,"items_purged":[],"score":100,"play_id":"d46704b6-d135-4531-825e-63488a69551c","local_time":"20210118143037","is_ascension_mode":false,"campfire_choices":[{"data":"Bullet Time","floor":6,"key":"SMITH"},{"data":"ekkoTheBoyWhoShatteredTime:DefensiveStance","floor":10,"key":"SMITH"},{"data":"ekkoTheBoyWhoShatteredTime:HailOfBlades","floor":12,"key":"SMITH"},{"data":"ekkoTheBoyWhoShatteredTime:TimeMaster","floor":15,"key":"SMITH"}],"circlet_count":0,"master_deck":["ekkoTheBoyWhoShatteredTime:CommittedStrike","ekkoTheBoyWhoShatteredTime:Strike","ekkoTheBoyWhoShatteredTime:Strike","ekkoTheBoyWhoShatteredTime:Strike","ekkoTheBoyWhoShatteredTime:Defend","ekkoTheBoyWhoShatteredTime:TimeMaster+1","ekkoTheBoyWhoShatteredTime:Powered","ekkoTheBoyWhoShatteredTime:HailOfBlades+1","ekkoTheBoyWhoShatteredTime:DuplicateTimelines","Enlightenment","Concentrate","Bullet Time+1","Heel Hook","ekkoTheBoyWhoShatteredTime:HextechProtobelt","ekkoTheBoyWhoShatteredTime:DefensiveStance+1"],"relics":["ekkoTheBoyWhoShatteredTime:zDriveResonance","EVO:Axolotl","halation:IllGainedPizza","aspiration:HummingbirdHeart","Juzu Bracelet"],"acts_visited":["Exordium"],"potions_floor_usage":[16,16,16],"damage_taken":[{"damage":0,"enemies":"Cultist","floor":1,"turns":3},{"damage":12,"enemies":"infinitespire:Voidling","floor":2,"turns":3},{"damage":1,"enemies":"conspire:RoseBush","floor":3,"turns":3},{"damage":20,"enemies":"Gremlin Nob","floor":7,"turns":4},{"damage":11,"enemies":"Looter","floor":8,"turns":3},{"damage":4,"enemies":"Gremlin Gang","floor":11,"turns":4},{"damage":43,"enemies":"The Guardian","floor":16,"turns":8}],"seed_played":"2666513783558156237","potions_obtained":[{"floor":2,"key":"DuplicationPotion"},{"floor":3,"key":"ColorlessPotion"},{"floor":11,"key":"SpeedPotion"}],"is_trial":false,"path_per_floor":["M","M","M","?","?","R","E","M","T","R","M","R","$","T","R","B"],"character_chosen":"EKKO_THE_BOY_WHO_SHATTERED_TIME","items_purchased":[],"campfire_rested":0,"item_purchase_floors":[],"current_hp_per_floor":[78,66,65,71,71,71,51,40,40,40,36,36,36,36,36,0,0],"gold":75,"neow_bonus":"TRANSFORM_CARD","is_daily":false,"chose_seed":false,"campfire_upgraded":4,"win_rate":0.0,"timestamp":1611009037,"path_taken":["M","?","?","?","?","R","E","?","T","R","M","R","?","?","R","BOSS"],"items_purchased_type":[],"build_version":"2020-12-18","purchased_purges":0,"victory":false,"max_hp_per_floor":[78,78,78,84,84,84,84,84,84,84,84,84,84,84,84,84,84],"relic_stats":{"counters":[7,28],"Juzu Bracelet":0,"obtain_stats":[{"halation:IllGainedPizza":7,"aspiration:HummingbirdHeart":9,"Juzu Bracelet":14,"EVO:Axolotl":0,"ekkoTheBoyWhoShatteredTime:zDriveResonance":0},{"halation:IllGainedPizza":4,"aspiration:HummingbirdHeart":5,"Juzu Bracelet":6,"EVO:Axolotl":0,"ekkoTheBoyWhoShatteredTime:zDriveResonance":0},{"halation:IllGainedPizza":13,"aspiration:HummingbirdHeart":16,"Juzu Bracelet":20,"EVO:Axolotl":0,"ekkoTheBoyWhoShatteredTime:zDriveResonance":0}]},"card_choices":[{"not_picked":["ekkoTheBoyWhoShatteredTime:HailOfBlades","ekkoTheBoyWhoShatteredTime:Backtrack","ekkoTheBoyWhoShatteredTime:Leap"],"picked":"SKIP","floor":1},{"not_picked":["ekkoTheBoyWhoShatteredTime:Dash","ekkoTheBoyWhoShatteredTime:QuickBreak","ekkoTheBoyWhoShatteredTime:FeelIt"],"picked":"SKIP","floor":2},{"not_picked":["ekkoTheBoyWhoShatteredTime:FeelIt","ekkoTheBoyWhoShatteredTime:HauntedAfterimage"],"picked":"ekkoTheBoyWhoShatteredTime:DuplicateTimelines","floor":3},{"not_picked":["ekkoTheBoyWhoShatteredTime:DodgeTraining","ekkoTheBoyWhoShatteredTime:NeedlesslyLargeRod"],"picked":"ekkoTheBoyWhoShatteredTime:HextechProtobelt","floor":7},{"not_picked":["ekkoTheBoyWhoShatteredTime:AfterimageHit","ekkoTheBoyWhoShatteredTime:AfterimageBait"],"picked":"ekkoTheBoyWhoShatteredTime:DefensiveStance","floor":8},{"not_picked":["ekkoTheBoyWhoShatteredTime:Dash","ekkoTheBoyWhoShatteredTime:Leap","ekkoTheBoyWhoShatteredTime:AfterimageHit"],"picked":"SKIP","floor":11}],"player_experience":478514,"relics_obtained":[{"floor":7,"key":"halation:IllGainedPizza"},{"floor":9,"key":"aspiration:HummingbirdHeart"},{"floor":14,"key":"Juzu Bracelet"}],"event_choices":[{"damage_healed":0,"gold_gain":0,"player_choice":"RENOUNCE","damage_taken":142,"max_hp_gain":0,"max_hp_loss":0,"event_name":"betterThird:BetterSerpent","floor":4,"gold_loss":142,"cards_obtained":["Enlightenment"]}],"is_beta":true,"boss_relics":[],"items_purged_floors":[],"is_endless":false,"potions_floor_spawned":[2,3,11],"killed_by":"The Guardian","ascension_level":0}}