{"host":"6azrrw3tf7wb0f4b","time":1608952012,"event":{"mods":["BaseMod","DeckTracker","Minty Spire (QoL Compilation)","SuperFastMode"],"gold_per_floor":[16,35,35,50,69,69,79,114,193,193,193,193,229,252,252,380,380,399,399,314,337,360,360,394,408,408,408,423,201,201,215,215,215,215],"floor_reached":33,"playtime":806,"items_purged":["Zap"],"score":377,"play_id":"d52fc7f4-c495-4e7e-9f8a-684e29446060","local_time":"20201226120652","is_ascension_mode":true,"campfire_choices":[{"data":"White Noise","floor":6,"key":"SMITH"},{"floor":12,"key":"REST"},{"data":"Streamline","floor":15,"key":"SMITH"},{"floor":23,"key":"REST"},{"data":"Storm","floor":27,"key":"SMITH"},{"data":"Defragment","floor":30,"key":"SMITH"},{"data":"Hologram","floor":32,"key":"SMITH"}],"circlet_count":0,"master_deck":["Strike_B","Strike_B","Strike_B","Defend_B","Defend_B","Defend_B","Dualcast+1","Undo","White Noise+1","Self Repair+1","Streamline+1","Turbo","Ball Lightning","BootSequence","Ball Lightning","Core Surge","Go for the Eyes+1","Hologram+1","Cold Snap","Storm+1","Rebound","Defragment+1","Machine Learning"],"relics":["Cracked Core","Torii","Incense Burner","Question Card","Golden Idol","Odd Mushroom","SacredBark","Enchiridion","Happy Flower","Kunai","StrikeDummy","Membership Card"],"acts_visited":["Exordium","TheCity"],"potions_floor_usage":[13,16,18,24,25,33],"damage_taken":[{"damage":1,"enemies":"2 Louse","floor":1,"turns":2},{"damage":8,"enemies":"Jaw Worm","floor":2,"turns":4},{"damage":1,"enemies":"Small Slimes","floor":4,"turns":4},{"damage":9,"enemies":"Red Slaver","floor":5,"turns":3},{"damage":8,"enemies":"3 Louse","floor":7,"turns":3},{"damage":34,"enemies":"3 Sentries","floor":8,"turns":9},{"damage":25,"enemies":"The Mushroom Lair","floor":13,"turns":4},{"damage":2,"enemies":"Lots of Slimes","floor":14,"turns":5},{"damage":8,"enemies":"Slime Boss","floor":16,"turns":7},{"damage":2,"enemies":"Spheric Guardian","floor":18,"turns":4},{"damage":27,"enemies":"3 Byrds","floor":21,"turns":4},{"damage":0,"enemies":"Snecko","floor":22,"turns":4},{"damage":9,"enemies":"Book of Stabbing","floor":24,"turns":5},{"damage":1,"enemies":"Snake Plant","floor":25,"turns":4},{"damage":0,"enemies":"3 Cultists","floor":28,"turns":2},{"damage":11,"enemies":"Centurion and Healer","floor":31,"turns":6},{"damage":72,"enemies":"Automaton","floor":33,"turns":6}],"seed_played":"-5313777380320521525","potions_obtained":[{"floor":1,"key":"SteroidPotion"},{"floor":8,"key":"Regen Potion"},{"floor":16,"key":"SpeedPotion"},{"floor":21,"key":"DistilledChaos"},{"floor":22,"key":"EssenceOfSteel"},{"floor":24,"key":"Ancient Potion"},{"floor":31,"key":"SkillPotion"}],"is_trial":false,"path_per_floor":["M","M","?","M","M","R","M","E","T","?","?","R","?","M","R","B",null,"M","?","?","M","M","R","E","M","T","R","M","$","R","M","R","B"],"character_chosen":"DEFECT","items_purchased":["Membership Card","Defragment"],"campfire_rested":2,"item_purchase_floors":[29,29],"current_hp_per_floor":[67,59,56,55,53,53,45,18,18,3,3,23,20,28,28,30,59,57,41,41,24,24,44,45,54,54,54,54,54,54,53,53,0,0],"gold":215,"neow_bonus":"REMOVE_TWO","is_daily":false,"chose_seed":false,"campfire_upgraded":5,"win_rate":0.0,"timestamp":1608952012,"path_taken":["M","M","?","M","M","R","M","E","T","?","?","R","?","M","R","BOSS","M","?","?","M","M","R","E","M","T","R","M","$","R","M","R","BOSS"],"items_purchased_type":["Relic","Card"],"build_version":"2020-12-22","purchased_purges":1,"victory":false,"max_hp_per_floor":[75,75,75,75,75,75,75,75,75,75,69,69,69,69,69,69,69,69,69,69,69,69,69,69,69,69,69,69,69,69,69,69,69,69],"card_choices":[{"not_picked":["Fusion","Steam"],"picked":"Undo","floor":1},{"not_picked":["Barrage","Steam"],"picked":"White Noise","floor":2},{"not_picked":["Heatsinks","Rip and Tear"],"picked":"Self Repair","floor":4},{"not_picked":["Aggregate","Stack"],"picked":"Streamline","floor":5},{"not_picked":["Fusion","Scrape"],"picked":"Turbo","floor":7},{"not_picked":["Sweeping Beam","White Noise"],"picked":"Ball Lightning","floor":8},{"not_picked":["Stack","Chill","Gash"],"picked":"BootSequence","floor":13},{"not_picked":["Storm","Gash","Recycle"],"picked":"Ball Lightning","floor":14},{"not_picked":["Buffer","Echo Form","Amplify"],"picked":"Core Surge","floor":16},{"not_picked":["Capacitor+1","Steam","Steam Power"],"picked":"Go for the Eyes+1","floor":18},{"not_picked":["Rebound","Beam Cell","Lockon"],"picked":"Hologram","floor":21},{"not_picked":["Stack","Leap","Auto Shields+1"],"picked":"Cold Snap","floor":22},{"not_picked":["Coolheaded","Steam","Force Field+1"],"picked":"Storm","floor":24},{"not_picked":["Genetic Algorithm","Auto Shields","Hologram","Barrage"],"picked":"SKIP","floor":25},{"not_picked":["Cold Snap","Go for the Eyes","Streamline"],"picked":"Rebound","floor":28},{"not_picked":["Hello World","Doom and Gloom","Stack"],"picked":"Machine Learning","floor":31}],"player_experience":642568,"relics_obtained":[{"floor":8,"key":"Incense Burner"},{"floor":9,"key":"Question Card"},{"floor":13,"key":"Odd Mushroom"},{"floor":19,"key":"Enchiridion"},{"floor":24,"key":"Kunai"},{"floor":26,"key":"StrikeDummy"}],"event_choices":[{"damage_healed":0,"gold_gain":0,"player_choice":"Success","damage_taken":3,"relics_obtained":["Torii"],"max_hp_gain":0,"max_hp_loss":0,"event_name":"Scrap Ooze","floor":3,"gold_loss":0},{"damage_healed":0,"gold_gain":0,"player_choice":"Entered Light","damage_taken":15,"max_hp_gain":0,"max_hp_loss":0,"event_name":"Shining Light","floor":10,"gold_loss":0,"cards_upgraded":["Dualcast","Self Repair"]},{"damage_healed":0,"gold_gain":0,"player_choice":"Lose Max HP","damage_taken":0,"relics_obtained":["Golden Idol"],"max_hp_gain":0,"max_hp_loss":6,"event_name":"Golden Idol","floor":11,"gold_loss":0},{"damage_healed":0,"gold_gain":0,"player_choice":"Fought Mushrooms","damage_taken":0,"max_hp_gain":0,"max_hp_loss":0,"event_name":"Mushrooms","floor":13,"gold_loss":0},{"damage_healed":0,"gold_gain":0,"player_choice":"Obtained Book","damage_taken":16,"max_hp_gain":0,"max_hp_loss":0,"event_name":"Cursed Tome","floor":19,"gold_loss":0},{"damage_healed":0,"gold_gain":0,"player_choice":"Obtained Relic","damage_taken":0,"relics_obtained":["Happy Flower"],"max_hp_gain":0,"max_hp_loss":0,"event_name":"Addict","floor":20,"gold_loss":85}],"is_beta":false,"boss_relics":[{"not_picked":["Busted Crown","Tiny House"],"picked":"SacredBark"}],"items_purged_floors":[29],"is_endless":false,"potions_floor_spawned":[1,8,16,21,22,24,31],"killed_by":"Automaton","ascension_level":8}}