{"host":"kh6fvhxn285ncg0o","time":1608942749,"event":{"mods":["Act Like it!","BaseMod","Colored Map","Friendly Minions","Keyboard Shortcuts","Minty Spire (QoL Compilation)","Quick Restart","Relic Stats","StSLib","SuperFastMode"],"gold_per_floor":[113,123,198,198,216,246,259,259,259,259,289,307,338,353,353,425,425,444,369,369,382,382,407,419,431,443,455,496,525,537,581,593,605,605],"floor_reached":33,"playtime":891,"items_purged":["Strike_R"],"score":746,"play_id":"efb1afcc-eeb3-43d3-aa24-90baf7628771","local_time":"20201226093229","is_ascension_mode":true,"campfire_choices":[{"data":"Fire Breathing","floor":8.0,"key":"SMITH"},{"floor":10.0,"key":"REST"},{"data":"Carnage","floor":15.0,"key":"SMITH"},{"data":"Power Through","floor":25.0,"key":"SMITH"},{"data":"Offering","floor":27.0,"key":"SMITH"},{"data":"Battle Trance","floor":30.0,"key":"SMITH"},{"data":"Dark Embrace","floor":32.0,"key":"SMITH"}],"circlet_count":0,"master_deck":["AscendersBane","Strike_R","Strike_R","Strike_R","Defend_R","Defend_R","Defend_R","Defend_R+1","Bash","Shrug It Off+1","Fire Breathing+1","Feed","Power Through+1","Carnage+1","Offering+1","Battle Trance+1","Evolve","Shockwave","Dark Embrace+1","Disarm","Seeing Red"],"relics":["Burning Blood","NeowsBlessing","Thread and Needle","Gremlin Horn","War Paint","SacredBark","MawBank","PreservedInsect","Meat on the Bone","Magic Flower"],"acts_visited":["Exordium","TheCity"],"potions_floor_usage":[33],"damage_taken":[{"damage":0.0,"enemies":"Small Slimes","floor":1.0,"turns":1.0},{"damage":0.0,"enemies":"Cultist","floor":2.0,"turns":1.0},{"damage":0.0,"enemies":"2 Louse","floor":5.0,"turns":1.0},{"damage":57.0,"enemies":"Gremlin Nob","floor":6.0,"turns":6.0},{"damage":10.0,"enemies":"Blue Slaver","floor":7.0,"turns":8.0},{"damage":18.0,"enemies":"Lagavulin","floor":11.0,"turns":7.0},{"damage":0.0,"enemies":"Looter","floor":12.0,"turns":4.0},{"damage":5.0,"enemies":"3 Sentries","floor":13.0,"turns":5.0},{"damage":2.0,"enemies":"Exordium Wildlife","floor":14.0,"turns":5.0},{"damage":15.0,"enemies":"Slime Boss","floor":16.0,"turns":7.0},{"damage":16.0,"enemies":"3 Byrds","floor":18.0,"turns":5.0},{"damage":0.0,"enemies":"Shell Parasite","floor":21.0,"turns":6.0},{"damage":17.0,"enemies":"Book of Stabbing","floor":23.0,"turns":5.0},{"damage":6.0,"enemies":"Slavers","floor":28.0,"turns":3.0},{"damage":9.0,"enemies":"Centurion and Healer","floor":29.0,"turns":8.0},{"damage":6.0,"enemies":"Gremlin Leader","floor":31.0,"turns":5.0},{"damage":58,"enemies":"Automaton","floor":33,"turns":10}],"seed_played":"-4920205818214303264","potions_obtained":[{"floor":2.0,"key":"SteroidPotion"},{"floor":11.0,"key":"SpeedPotion"},{"floor":16.0,"key":"Dexterity Potion"},{"floor":18.0,"key":"Swift Potion"},{"floor":21.0,"key":"LiquidMemories"},{"floor":31.0,"key":"ColorlessPotion"}],"is_trial":false,"path_per_floor":["M","M","?","?","M","E","M","R","T","R","E","M","E","M","R","B",null,"M","$","?","M","?","E","$","R","T","R","E","M","R","E","R","B"],"character_chosen":"IRONCLAD","items_purchased":[],"campfire_rested":1,"item_purchase_floors":[],"current_hp_per_floor":[74,75,64,64,70,19,18,18,18,41,29,35,36,43,43,34,69,62,62,62,71,46,35,35,35,35,35,35,44,44,56,56,0,0],"gold":605,"neow_bonus":"THREE_ENEMY_KILL","is_daily":false,"chose_seed":false,"campfire_upgraded":6,"win_rate":0.0,"timestamp":1608942749,"path_taken":["M","M","?","?","?","E","?","R","T","R","E","M","E","M","R","BOSS","M","$","?","M","?","E","$","R","T","R","E","M","R","E","R","BOSS"],"items_purchased_type":[],"build_version":"2020-12-22","purchased_purges":1,"victory":false,"max_hp_per_floor":[75,75,75,75,75,75,78,78,78,78,78,78,78,81,81,81,81,84,84,84,87,92,92,92,92,92,92,92,92,92,92,92,92,92],"relic_stats":{"Gremlin Horn":[13,15],"counters":[17,87],"Magic Flower":[0],"PreservedInsect":90,"War Paint":["Shrug It Off","Defend_R"],"MawBank":120,"obtain_stats":[{"NeowsBlessing":0,"Gremlin Horn":11,"SacredBark":17,"Magic Flower":31,"Thread and Needle":6,"PreservedInsect":26,"War Paint":13,"MawBank":23,"Burning Blood":0,"Meat on the Bone":28},{"NeowsBlessing":0,"Gremlin Horn":6,"SacredBark":10,"Magic Flower":16,"Thread and Needle":4,"PreservedInsect":13,"War Paint":8,"MawBank":13,"Burning Blood":0,"Meat on the Bone":14},{"NeowsBlessing":0,"Gremlin Horn":24,"SacredBark":45,"Magic Flower":77,"Thread and Needle":9,"PreservedInsect":61,"War Paint":33,"MawBank":61,"Burning Blood":0,"Meat on the Bone":64}],"Burning Blood":91,"Meat on the Bone":24},"card_choices":[{"not_picked":["Sword Boomerang","Flex"],"picked":"Shrug It Off","floor":1.0},{"not_picked":["Headbutt","Cleave"],"picked":"Fire Breathing","floor":5.0},{"not_picked":["Dropkick","Twin Strike"],"picked":"Feed","floor":6.0},{"not_picked":["Twin Strike","Pommel Strike"],"picked":"Power Through","floor":7.0},{"not_picked":["Combust","True Grit"],"picked":"Carnage","floor":11.0},{"not_picked":["Headbutt","Pommel Strike","Rage"],"picked":"SKIP","floor":12.0},{"not_picked":["Wild Strike","Sword Boomerang","Rampage"],"picked":"SKIP","floor":13.0},{"not_picked":["Hemokinesis","Flex","Perfected Strike"],"picked":"SKIP","floor":14.0},{"not_picked":["Bludgeon","Corruption"],"picked":"Offering","floor":16.0},{"not_picked":["Clash","Shrug It Off","Thunderclap"],"picked":"SKIP","floor":18.0},{"not_picked":["Armaments","Rampage"],"picked":"Evolve","floor":21.0},{"not_picked":["Clothesline+1","Pommel Strike+1"],"picked":"Shockwave","floor":23.0},{"not_picked":["Heavy Blade","Flex"],"picked":"Dark Embrace","floor":28.0},{"not_picked":["Thunderclap","Twin Strike"],"picked":"Disarm","floor":29.0},{"not_picked":["Clothesline+1","Bloodletting+1"],"picked":"Seeing Red","floor":31.0}],"player_experience":3260185,"relics_obtained":[{"floor":6.0,"key":"Thread and Needle"},{"floor":11.0,"key":"Gremlin Horn"},{"floor":13.0,"key":"War Paint"},{"floor":23.0,"key":"MawBank"},{"floor":26.0,"key":"PreservedInsect"},{"floor":28.0,"key":"Meat on the Bone"},{"floor":31.0,"key":"Magic Flower"}],"event_choices":[{"damage_healed":0.0,"max_hp_gain":0.0,"max_hp_loss":0.0,"gold_gain":75.0,"event_name":"World of Goop","player_choice":"Gather Gold","floor":3.0,"gold_loss":0.0,"damage_taken":11.0},{"cards_removed":["Strike_R"],"damage_healed":0.0,"max_hp_gain":0.0,"max_hp_loss":0.0,"gold_gain":0.0,"event_name":"Bonfire Elementals","player_choice":"Offered Basic","floor":4.0,"gold_loss":0.0,"damage_taken":0.0},{"damage_healed":0.0,"max_hp_gain":0.0,"max_hp_loss":0.0,"gold_gain":0.0,"event_name":"The Library","player_choice":"Read","floor":20.0,"gold_loss":0.0,"damage_taken":0.0,"cards_obtained":["Battle Trance"]},{"damage_healed":0.0,"max_hp_gain":5.0,"max_hp_loss":0.0,"gold_gain":0.0,"event_name":"Forgotten Altar","player_choice":"Shed Blood","floor":22.0,"gold_loss":0.0,"damage_taken":30.0}],"is_beta":false,"boss_relics":[{"not_picked":["Tiny House","Black Blood"],"picked":"SacredBark"}],"items_purged_floors":[19],"is_endless":false,"potions_floor_spawned":[2,11,16,18,21,31],"killed_by":"Automaton","ascension_level":20}}