{"host":"nfysljuq0d6kj06l","time":1608993613,"event":{"mods":["AchievementEnabler","BaseMod","Colored Map","Colored Powertips","DeckTracker","Minty Spire (QoL Compilation)","Relic Sorter"],"gold_per_floor":[114,133,143,61,61,89,89,124,124,136,136,136],"floor_reached":11,"playtime":913,"items_purged":[],"score":133,"play_id":"10baed5e-6399-4d2d-ba50-7858f43832c6","local_time":"20201226154013","is_ascension_mode":true,"campfire_choices":[],"circlet_count":0,"master_deck":["Strike_R+1","Strike_R","Strike_R+1","Strike_R","Strike_R","Defend_R","Defend_R","Defend_R","Defend_R","Bash","Sword Boomerang","Rampage","Pommel Strike","Discovery","Regret","Rage+1","Ghostly Armor+1","Warcry+1"],"relics":["Burning Blood","Strawberry","Toxic Egg 2","CultistMask","Juzu Bracelet","Whetstone"],"acts_visited":["Exordium"],"potions_floor_usage":[11],"damage_taken":[{"damage":1,"enemies":"Cultist","floor":1,"turns":4},{"damage":2,"enemies":"2 Louse","floor":2,"turns":3},{"damage":7,"enemies":"Jaw Worm","floor":3,"turns":3},{"damage":41,"enemies":"Lagavulin","floor":6,"turns":6},{"damage":55,"enemies":"3 Sentries","floor":8,"turns":12},{"damage":10,"enemies":"Blue Slaver","floor":10,"turns":4},{"damage":37,"enemies":"Lagavulin","floor":11,"turns":7}],"seed_played":"-4204619725166355368","potions_obtained":[{"floor":6,"key":"FairyPotion"},{"floor":8,"key":"Dexterity Potion"}],"is_trial":false,"path_per_floor":["M","M","M","$","?","E","?","E","T","M","E"],"character_chosen":"IRONCLAD","items_purchased":["Discovery"],"campfire_rested":0,"item_purchase_floors":[4],"current_hp_per_floor":[85,88,87,87,94,59,59,10,10,34,0,0],"gold":136,"neow_bonus":"TEN_PERCENT_HP_BONUS","is_daily":false,"chose_seed":false,"campfire_upgraded":0,"win_rate":0.0,"timestamp":1608993613,"path_taken":["M","M","M","$","?","E","?","E","T","M","E"],"items_purchased_type":["Card"],"build_version":"2020-12-22","purchased_purges":0,"victory":false,"max_hp_per_floor":[88,88,88,88,95,95,95,95,95,95,95,95],"card_choices":[{"not_picked":["Flex","Heavy Blade"],"picked":"Sword Boomerang","floor":1},{"not_picked":["Body Slam","Iron Wave"],"picked":"Rampage","floor":2},{"not_picked":["Perfected Strike","Clash"],"picked":"Pommel Strike","floor":3},{"not_picked":["Juggernaut","Pummel"],"picked":"Rage+1","floor":6},{"not_picked":["Infernal Blade+1","Entrench+1"],"picked":"Ghostly Armor+1","floor":8},{"not_picked":["Anger","Headbutt"],"picked":"Warcry+1","floor":10}],"player_experience":369408,"relics_obtained":[{"floor":6,"key":"Toxic Egg 2"},{"floor":8,"key":"Juzu Bracelet"},{"floor":9,"key":"Whetstone"}],"event_choices":[{"damage_healed":0,"gold_gain":0,"player_choice":"Box","damage_taken":0,"relics_obtained":["Strawberry"],"max_hp_gain":0,"max_hp_loss":0,"event_name":"Big Fish","floor":5,"gold_loss":0,"cards_obtained":["Regret"]},{"damage_healed":0,"gold_gain":0,"player_choice":"Trade","damage_taken":0,"relics_obtained":["CultistMask"],"max_hp_gain":0,"max_hp_loss":0,"event_name":"FaceTrader","floor":7,"gold_loss":0}],"is_beta":false,"boss_relics":[],"items_purged_floors":[],"is_endless":false,"potions_floor_spawned":[6,8],"killed_by":"Lagavulin","ascension_level":6}}