{"host":"7k2a2omxz3voj5ax","time":1608995732,"event":{"mods":["BaseMod","Marisa£¨ìFÓê¡¡Ä§ÀíÉ³£©","Minty Spire (QoL Compilation)","Quick Restart","Spicy Shops","StSLib","Starting Relic: Pandora\u0027s Box","óô»ðÖ¸ÄÏ"],"gold_per_floor":[116,116,116,126,145,180,1732,1757,1832,1832,1109,1109,1120,1130,1130,1208,1208,1221,693,693,164,198,223,248,277,325,341,341,368,382,422,422,509,509,519,519,571,584,597,126,136,173,244,274,496,522,428,454,454,454,454,454,454,257,290,290],"floor_reached":57,"playtime":2211,"items_purged":["Bash","Pommel Strike","Flex","Twin Strike","Thunderclap"],"score":3533,"play_id":"2bc9079b-5f43-443a-bea8-c052317945ab","local_time":"20201227001532","is_ascension_mode":true,"campfire_choices":[{"data":"Rupture","floor":12.0,"key":"SMITH"},{"data":"Hemokinesis","floor":15.0,"key":"SMITH"},{"data":"Rupture","floor":28.0,"key":"SMITH"},{"floor":32.0,"key":"RECALL"},{"data":"Whirlwind","floor":49,"key":"SMITH"},{"data":"Power Through","floor":53,"key":"SMITH"}],"circlet_count":0,"master_deck":["AscendersBane","Metallicize","Flex","Whirlwind+1","Hemokinesis+1","Rupture+1","Offering","Burning Pact","Reaper","Rupture+1","Acrobatics","Power Through+1","Blasphemy","Night Terror+1","Dark Embrace+1"],"relics":["Pandora\u0027s Box","NeowsBlessing","Prayer Wheel","Sling","PreservedInsect","Centennial Puzzle","Meat on the Bone","Unceasing Top","Coffee Dripper","CeramicFish","Frozen Egg 2","PrismaticShard","Akabeko","Orrery","Red Mask","Torii","Bronze Scales","Juzu Bracelet","Potion Belt","Incense Burner","InkBottle","Mark of Pain","Magic Flower","Membership Card","Toxic Egg 2","Gremlin Horn","Dream Catcher","Red Skull","Medical Kit","Art of War","ClockworkSouvenir","Paper Frog"],"acts_visited":["Exordium","TheCity","TheBeyond","TheEnding"],"potions_floor_usage":[51,51,56,56,56,56,56,56],"damage_taken":[{"damage":0.0,"enemies":"2 Louse","floor":1.0,"turns":1.0},{"damage":0.0,"enemies":"Cultist","floor":4.0,"turns":1.0},{"damage":0.0,"enemies":"Small Slimes","floor":5.0,"turns":1.0},{"damage":15.0,"enemies":"Gremlin Nob","floor":6.0,"turns":3.0},{"damage":4.0,"enemies":"Lagavulin","floor":8.0,"turns":4.0},{"damage":14.0,"enemies":"Exordium Wildlife","floor":13.0,"turns":2.0},{"damage":11.0,"enemies":"Blue Slaver","floor":14.0,"turns":2.0},{"damage":35.0,"enemies":"Hexaghost","floor":16.0,"turns":3.0},{"damage":8.0,"enemies":"Chosen","floor":18.0,"turns":2.0},{"damage":10.0,"enemies":"Masked Bandits","floor":22.0,"turns":2.0},{"damage":8.0,"enemies":"Gremlin Leader","floor":23.0,"turns":3.0},{"damage":27.0,"enemies":"Book of Stabbing","floor":25.0,"turns":3.0},{"damage":8.0,"enemies":"Spheric Guardian","floor":27.0,"turns":1.0},{"damage":6.0,"enemies":"Slavers","floor":29.0,"turns":1.0},{"damage":24.0,"enemies":"Snake Plant","floor":30.0,"turns":2.0},{"damage":33.0,"enemies":"Book of Stabbing","floor":31.0,"turns":2.0},{"damage":23.0,"enemies":"Automaton","floor":33.0,"turns":6.0},{"damage":0.0,"enemies":"3 Shapes","floor":35.0,"turns":1.0},{"damage":1.0,"enemies":"2 Orb Walkers","floor":37.0,"turns":1.0},{"damage":6.0,"enemies":"Orb Walker","floor":38.0,"turns":1.0},{"damage":20.0,"enemies":"4 Shapes","floor":39.0,"turns":1.0},{"damage":9.0,"enemies":"Jaw Worm Horde","floor":41.0,"turns":2.0},{"damage":6.0,"enemies":"Giant Head","floor":42.0,"turns":1.0},{"damage":1,"enemies":"Reptomancer","floor":44,"turns":1},{"damage":6,"enemies":"Giant Head","floor":46,"turns":1},{"damage":8,"enemies":"Reptomancer","floor":48,"turns":2},{"damage":6,"enemies":"Donu and Deca","floor":50,"turns":1},{"damage":8,"enemies":"Time Eater","floor":51,"turns":1},{"damage":0,"enemies":"Shield and Spear","floor":55,"turns":1},{"damage":87,"enemies":"The Heart","floor":56,"turns":11}],"seed_played":"-2061208570105887670","potions_obtained":[{"floor":1.0,"key":"Swift Potion"},{"floor":4.0,"key":"LiquidMemories"},{"floor":5.0,"key":"PowerPotion"},{"floor":22.0,"key":"SpeedPotion"},{"floor":27.0,"key":"Explosive Potion"},{"floor":33.0,"key":"DistilledChaos"},{"floor":38.0,"key":"Weak Potion"}],"is_trial":false,"path_per_floor":["M","?","?","M","M","E","R","E","T","?","$","R","M","M","R","B",null,"M","$","?","$","?","E","T","E","T","M","R","E","M","E","R","B",null,"M","?","?","M","M","R","M","E","T","E","?","E","R","E","R","B","B",null,"R","$","E","B",null],"character_chosen":"IRONCLAD","items_purchased":["Rupture","Sling","PreservedInsect","Meat on the Bone","Unceasing Top","CeramicFish","Frozen Egg 2","PrismaticShard","Akabeko","DistilledChaos","Orrery","Membership Card","Toxic Egg 2","Medical Kit","Dark Embrace+1","SpeedPotion","ClockworkSouvenir","AttackPotion"],"campfire_rested":0,"item_purchase_floors":[7,7,7,11,11,19,19,19,21,21,21,40,40,47,47,54,54,54],"current_hp_per_floor":[68,73,73,73,73,58,58,54,54,59,59,59,45,46,46,23,66,68,68,68,68,78,80,80,63,63,55,55,80,68,47,47,48,72,72,72,76,70,69,69,76,70,70,69,69,63,63,76,76,70,62,73,73,73,73,36],"gold":290,"neow_bonus":"THREE_ENEMY_KILL","is_daily":false,"chose_seed":false,"campfire_upgraded":5,"win_rate":0.0,"timestamp":1608995732,"path_taken":["M","?","?","M","M","E","R","E","T","?","$","R","?","M","R","BOSS","M","$","?","$","?","E","?","E","T","M","R","E","M","E","R","BOSS","M","?","?","M","M","R","M","E","T","E","?","E","R","E","R","BOSS","BOSS","R","$","E","BOSS"],"items_purchased_type":["Card","Relic","Relic","Relic","Relic","Relic","Relic","Relic","Relic","Potion","Relic","Relic","Relic","Relic","Card","Potion","Relic","Potion"],"build_version":"2020-12-22","purchased_purges":5,"victory":true,"max_hp_per_floor":[75,80,80,80,80,80,80,80,80,80,80,80,80,80,80,80,80,80,80,80,80,80,80,80,80,80,80,80,80,80,80,80,80,80,80,76,76,76,76,76,76,76,76,76,76,76,76,76,76,76,76,76,76,76,76,76],"card_choices":[{"not_picked":["Iron Wave","Flex","Sentinel"],"picked":"SKIP","floor":1.0},{"not_picked":["Clothesline","Infernal Blade","Ghostly Armor"],"picked":"SKIP","floor":4.0},{"not_picked":["Pommel Strike","Infernal Blade","Body Slam"],"picked":"SKIP","floor":5.0},{"not_picked":["Heavy Blade","Clash","Sever Soul"],"picked":"SKIP","floor":6.0},{"not_picked":["Entrench","Havoc","Intimidate"],"picked":"SKIP","floor":8.0},{"not_picked":["Anger","Thunderclap"],"picked":"Offering","floor":13.0},{"not_picked":["Warcry","Cleave"],"picked":"Burning Pact","floor":13.0},{"not_picked":["Shrug It Off","Headbutt","Sever Soul"],"picked":"SKIP","floor":14.0},{"not_picked":["Perfected Strike","Wild Strike","Uppercut"],"picked":"SKIP","floor":14.0},{"not_picked":["Offering","Bludgeon"],"picked":"Reaper","floor":16.0},{"not_picked":["Havoc","Uppercut"],"picked":"Rupture","floor":18.0},{"not_picked":["Twin Strike","Flame Barrier+1","Iron Wave"],"picked":"SKIP","floor":18.0},{"not_picked":["Redo+1","Headbutt+1"],"picked":"Acrobatics","floor":21.0},{"not_picked":["Body Slam+1","Cleave","Loop+1"],"picked":"SKIP","floor":23.0},{"not_picked":["Flex","Hologram","Perfected Strike"],"picked":"SKIP","floor":25.0},{"not_picked":["Backflip","Go for the Eyes","Poisoned Stab"],"picked":"SKIP","floor":27.0},{"not_picked":["Rage","Lockon+1","Trip"],"picked":"SKIP","floor":27.0},{"not_picked":["Juggernaut+1","OortCloud+1","Thunderclap"],"picked":"SKIP","floor":29.0},{"not_picked":["Cleave","PropBag","FlyingSleeves"],"picked":"SKIP","floor":30.0},{"not_picked":["Whirlwind","CrushJoints+1","Melter+1"],"picked":"SKIP","floor":30.0},{"not_picked":["Sweeping Beam","Purity"],"picked":"Power Through","floor":31.0},{"not_picked":["Judgement","Secret Technique"],"picked":"Blasphemy","floor":33.0},{"not_picked":["Hemokinesis","FollowUp","Leg Sweep+1"],"picked":"SKIP","floor":35.0},{"not_picked":["Evaluate","BowlingBash","Compile Driver"],"picked":"SKIP","floor":35.0},{"not_picked":["Impervious","Warcry","Carnage"],"picked":"SKIP","floor":38.0},{"not_picked":["MagicChant","Crescendo+1","Ghostly Armor"],"picked":"SKIP","floor":38.0},{"not_picked":["DeceiveReality","PathToVictory","Underhanded Strike+1"],"picked":"SKIP","floor":39.0},{"not_picked":["Swift Strike+1","Steam Power","Quick Slash"],"picked":"SKIP","floor":39.0},{"not_picked":["Go for the Eyes","Finesse+1","Bandage Up+1"],"picked":"SKIP","floor":41.0},{"not_picked":["PathToVictory+1","Pummel","Flying Knee"],"picked":"SKIP","floor":41.0},{"not_picked":["Steam+1","WaveOfTheHand+1"],"picked":"Night Terror+1","floor":42},{"not_picked":["MillisecondPulsars+1","Unload","Heavy Blade"],"picked":"SKIP","floor":44},{"not_picked":["Panacea+1","BlazeAway+1","Sever Soul+1"],"picked":"SKIP","floor":46},{"not_picked":["Warcry+1","Hello World+1","ShootTheMoon+1"],"picked":"SKIP","floor":48},{"not_picked":["Rebound","Leap+1","CutThroughFate"],"picked":"SKIP","floor":55}],"player_experience":369025,"relics_obtained":[{"floor":6.0,"key":"Prayer Wheel"},{"floor":8.0,"key":"Centennial Puzzle"},{"floor":22.0,"key":"Red Mask"},{"floor":23.0,"key":"Torii"},{"floor":24.0,"key":"Bronze Scales"},{"floor":25.0,"key":"Juzu Bracelet"},{"floor":26.0,"key":"Potion Belt"},{"floor":29.0,"key":"Incense Burner"},{"floor":31.0,"key":"InkBottle"},{"floor":37.0,"key":"Magic Flower"},{"floor":43,"key":"Gremlin Horn"},{"floor":44,"key":"Dream Catcher"},{"floor":46,"key":"Red Skull"},{"floor":48,"key":"Art of War"},{"floor":55,"key":"Paper Frog"}],"event_choices":[{"damage_healed":0.0,"max_hp_gain":5.0,"max_hp_loss":0.0,"gold_gain":0.0,"event_name":"Big Fish","player_choice":"Donut","floor":2.0,"gold_loss":0.0,"damage_taken":0.0},{"damage_healed":0.0,"max_hp_gain":0.0,"max_hp_loss":0.0,"gold_gain":0.0,"event_name":"Liars Game","player_choice":"Ignored","floor":3.0,"gold_loss":0.0,"damage_taken":0.0},{"cards_removed":["Body Slam"],"damage_healed":5.0,"max_hp_gain":0.0,"max_hp_loss":0.0,"gold_gain":0.0,"event_name":"Bonfire Elementals","player_choice":"Offered Common","floor":10.0,"gold_loss":0.0,"damage_taken":0.0},{"cards_removed":["Body Slam"],"damage_healed":5.0,"max_hp_gain":0.0,"max_hp_loss":0.0,"gold_gain":0.0,"event_name":"Bonfire Elementals","player_choice":"Offered Special","floor":10.0,"gold_loss":0.0,"damage_taken":0.0},{"damage_healed":0.0,"max_hp_gain":0.0,"max_hp_loss":0.0,"gold_gain":0.0,"event_name":"Vampires","player_choice":"Ignored","floor":20.0,"gold_loss":0.0,"damage_taken":0.0},{"damage_healed":0.0,"max_hp_gain":0.0,"max_hp_loss":0.0,"gold_gain":0.0,"event_name":"Masked Bandits","player_choice":"Fought Bandits","floor":22.0,"gold_loss":0.0,"damage_taken":0.0},{"damage_healed":0.0,"max_hp_gain":0.0,"max_hp_loss":4.0,"gold_gain":0.0,"event_name":"Winding Halls","player_choice":"Max HP","floor":36.0,"gold_loss":0.0,"damage_taken":0.0},{"damage_healed":0.0,"max_hp_gain":0.0,"max_hp_loss":0.0,"gold_gain":0.0,"event_name":"Mysterious Sphere","player_choice":"Fight","floor":37.0,"gold_loss":0.0,"damage_taken":0.0},{"damage_healed":0,"gold_gain":222,"player_choice":"Wore Mask","damage_taken":0,"max_hp_gain":0,"max_hp_loss":0,"event_name":"Tomb of Lord Red Mask","floor":45,"gold_loss":0}],"is_beta":false,"boss_relics":[{"not_picked":["Busted Crown","Runic Dome"],"picked":"Coffee Dripper"},{"not_picked":["Astrolabe","Philosopher\u0027s Stone"],"picked":"Mark of Pain"}],"items_purged_floors":[7,11,21,40,40],"is_endless":false,"potions_floor_spawned":[1,4,5,6,22,23,27,33,38,41,44],"ascension_level":20}}