{"host":"00tqcjwpycel7e54","time":1608965833,"event":{"mods":["ATMod(∞¢Ë™Mod)","Act Like it!","BaseMod","Colored Powertips","Hermit","Highlight Path","Luminous","Marisa£®ÏF”Í°°ƒß¿Ì…≥£©","Minty Spire (QoL Compilation)","Remilia£®¿Ÿ√◊¿Ú—«£©","Replay The Spire","Robot Space Explorer","Shop Mod","Spicy Shops","StSLib","The Administrix","The Servant 0.9.4","WarShipGirlsR/’ΩΩ¢…Ÿ≈ÆR mod","°æ“≈ŒÔø®≈∆°øREMEMod"],"gold_per_floor":[216,71,85,85,85,116,116,143,168,168,209,244,21,21,21,184,184,219,219,219,219,259,297,297,42,68,68,29,62,115,139,216,318,318,337,537,190,225,253,262,271,331,331,366,366,404,413,486,486,489,489],"floor_reached":50,"playtime":2162,"items_purged":[],"score":762,"play_id":"bd4cd2b8-d543-42c4-98fc-4f1ee26cf5b1","local_time":"20201226145713","is_ascension_mode":true,"campfire_choices":[{"data":"hermit:CalledShot","floor":7.0,"key":"SMITH"},{"floor":10.0,"key":"REST"},{"floor":15.0,"key":"REST"},{"floor":24.0,"key":"REST"},{"data":"Apotheosis","floor":27.0,"key":"SMITH"},{"floor":40.0,"key":"REST"},{"floor":45.0,"key":"REST"},{"floor":49.0,"key":"REST"}],"circlet_count":0,"master_deck":["hermit:Strike_Hermit+1","hermit:Strike_Hermit+1","hermit:Strike_Hermit+1","hermit:Strike_Hermit+1","hermit:Defend_Hermit+1","hermit:Defend_Hermit+1","hermit:Defend_Hermit+1","hermit:Defend_Hermit+1","hermit:Snapshot","hermit:Covet","hermit:Grudge","hermit:Brawl","Regret","hermit:CalledShot+1","hermit:NoHoldsBarred","hermit:Headshot","hermit:Determination","hermit:Shortfuse","hermit:ShadowCloak","hermit:Glare","hermit:Reprieve","hermit:Enervate+1","Shame","J.A.X.","hermit:ItchyTrigger","hermit:Ricochet","hermit:HighCaliber","Apotheosis+1","hermit:Enervate+1","hermit:GoldenBullet","hermit:SprayPray+1","hermit:Malice","hermit:Quickdraw+1","hermit:Roughhouse","Amnesia","hermit:Determination+1","hermit:LuckOfTheDraw+1","hermit:BigShot+1","AT_CelerityRune","hermit:Horror+1","hermit:Headshot","hermit:Deadeye+1","hermit:Reprieve"],"relics":["hermit:Momento","AT_ATBox","REME_ComplimentaryCards","Blue Doll","Art of War","Toy Ornithopter","Vajra","Dream Catcher","Strawberry","AT_RedTearstoneRing","REME_ArchaeologicalTools","Replay:Bronze Core","Kunai","AT_TimeSand","Membership Card","Simple Rune","Anchor","REME_DemonsWealth","ReplayTheSpireMod:Ring of Collecting","Du-Vu Doll","CeramicFish","Turnip","Sundial","hermit:RyeStalk","Ring of Fury","Potion Belt","Replay:Mystery Machine","ReplayTheSpireMod:Ring of Exchange","Letter Opener"],"acts_visited":["Exordium","TheCity","TheBeyond"],"potions_floor_usage":[50,50],"damage_taken":[{"damage":4.0,"enemies":"2 Louse","floor":1.0,"turns":2.0},{"damage":7.0,"enemies":"Small Slimes","floor":3.0,"turns":4.0},{"damage":32.0,"enemies":"Gremlin Nob","floor":6.0,"turns":4.0},{"damage":29.0,"enemies":"3 Sentries","floor":8.0,"turns":7.0},{"damage":0.0,"enemies":"Jaw Worm","floor":11.0,"turns":3.0},{"damage":17.0,"enemies":"Lagavulin","floor":12.0,"turns":6.0},{"damage":27.0,"enemies":"Hexaghost","floor":16.0,"turns":7.0},{"damage":11.0,"enemies":"3 Byrds","floor":18.0,"turns":5.0},{"damage":21.0,"enemies":"Chosen","floor":22.0,"turns":5.0},{"damage":24.0,"enemies":"Replay:Snechameleon","floor":23.0,"turns":5.0},{"damage":17.0,"enemies":"Centurion and Healer","floor":29.0,"turns":4.0},{"damage":18.0,"enemies":"Gremlin Leader","floor":30.0,"turns":5.0},{"damage":2.0,"enemies":"Cultist and Chosen","floor":31.0,"turns":4.0},{"damage":43.0,"enemies":"Automaton","floor":33.0,"turns":6.0},{"damage":13.0,"enemies":"3 Darklings","floor":35.0,"turns":4.0},{"damage":27.0,"enemies":"3 Shapes","floor":38.0,"turns":3.0},{"damage":45.0,"enemies":"Transient","floor":39.0,"turns":5.0},{"damage":9.0,"enemies":"Nemesis","floor":42.0,"turns":5.0},{"damage":0.0,"enemies":"Jaw Worm Horde","floor":44.0,"turns":2.0},{"damage":44.0,"enemies":"Giant Head","floor":46.0,"turns":6.0},{"damage":104,"enemies":"Time Eater","floor":50,"turns":6}],"seed_played":"8301678962758736700","potions_obtained":[{"floor":3.0,"key":"Fire Potion"},{"floor":6.0,"key":"hermit:Eclipse"},{"floor":8.0,"key":"REME_GoldPotion"},{"floor":22.0,"key":"Languid Potion"},{"floor":29.0,"key":"Explosive Potion"},{"floor":38.0,"key":"EssenceOfSteel"},{"floor":44.0,"key":"SteroidPotion"},{"floor":46.0,"key":"FairyPotion"}],"is_trial":false,"path_per_floor":["M","$","M","?","?","E","R","E","T","R","M","E","$","T","R","B",null,"M","?","?","?","M","E","R","$","T","R","$","M","E","M","R","B",null,"M","?","$","M","M","R","?","E","T","M","R","E","?","T","R","B"],"character_chosen":"HERMIT","items_purchased":["Blue Doll","AT_RedTearstoneRing","hermit:ShadowCloak","Membership Card","Apotheosis","hermit:Enervate+1","hermit:GoldenBullet","Du-Vu Doll","CeramicFish","Turnip","Sundial"],"campfire_rested":6,"item_purchase_floors":[2,13,13,25,25,25,28,37,37,37,37],"current_hp_per_floor":[71,71,64,64,64,32,32,3,3,25,30,20,20,20,44,17,82,71,71,71,71,50,34,58,58,58,58,58,41,28,43,43,17,82,69,69,69,42,5,29,29,20,20,20,44,20,20,20,44,0,0],"gold":489,"neow_bonus":"HUNDRED_GOLD","is_daily":false,"chose_seed":false,"campfire_upgraded":2,"win_rate":0.0,"timestamp":1608965833,"path_taken":["M","$","M","?","?","E","R","E","T","R","M","E","?","?","R","BOSS","M","?","?","?","M","E","R","$","T","R","$","?","E","M","R","BOSS","M","?","$","M","M","R","?","E","T","M","R","E","?","?","R","BOSS"],"items_purchased_type":["Relic","Relic","Card","Relic","Card","Card","Card","Relic","Relic","Relic","Relic"],"build_version":"2020-12-22","purchased_purges":0,"victory":false,"max_hp_per_floor":[75,75,75,75,75,75,75,75,75,75,75,82,82,82,82,82,82,82,82,82,82,82,82,82,82,82,82,82,82,82,82,82,82,82,82,82,82,82,82,82,82,82,82,82,82,82,82,82,82,82,82],"card_choices":[{"not_picked":["hermit:Ricochet","hermit:BodyArmor"],"picked":"hermit:Grudge","floor":1.0},{"not_picked":["hermit:Scavenge","hermit:WideOpen"],"picked":"hermit:Brawl","floor":3.0},{"not_picked":["hermit:Virtue","hermit:Midnight"],"picked":"hermit:CalledShot","floor":6.0},{"not_picked":["hermit:Grudge","hermit:HoleUp"],"picked":"hermit:NoHoldsBarred","floor":8.0},{"not_picked":["hermit:CalledShot","hermit:EyeOfTheStorm"],"picked":"hermit:Headshot","floor":10.0},{"not_picked":["hermit:Maintenance","hermit:PistolWhip"],"picked":"hermit:Determination","floor":11.0},{"not_picked":["hermit:LuckOfTheDraw","hermit:LoneWolf"],"picked":"hermit:Shortfuse","floor":12.0},{"not_picked":["hermit:Headshot","hermit:Ricochet"],"picked":"hermit:Glare","floor":15.0},{"not_picked":["hermit:Magnum","hermit:Gambit"],"picked":"hermit:Reprieve","floor":16.0},{"not_picked":["hermit:Glare","hermit:HighCaliber+1"],"picked":"hermit:Enervate+1","floor":18.0},{"not_picked":["hermit:GhostlyPresence","hermit:CalledShot"],"picked":"hermit:ItchyTrigger","floor":22.0},{"not_picked":["hermit:Cheat","hermit:Desperado"],"picked":"hermit:Ricochet","floor":23.0},{"not_picked":["hermit:BodyArmor","hermit:Roughhouse"],"picked":"hermit:HighCaliber","floor":24.0},{"not_picked":["hermit:Cheat","hermit:Dive"],"picked":"hermit:SprayPray+1","floor":29.0},{"not_picked":["hermit:EyeOfTheStorm+1","hermit:CalledShot"],"picked":"hermit:Malice","floor":30.0},{"not_picked":["hermit:Vantage","hermit:CursedWeapon"],"picked":"hermit:Quickdraw+1","floor":31.0},{"not_picked":["hermit:FatalDesire","hermit:Dissolve"],"picked":"hermit:Roughhouse","floor":33.0},{"not_picked":["hermit:Vantage","hermit:TakeAim","hermit:Ricochet+1","Hallucinations"],"picked":"SKIP","floor":35.0},{"not_picked":["hermit:Glare+1","hermit:Feint","Injury"],"picked":"hermit:Determination+1","floor":38.0},{"not_picked":["hermit:Feint","hermit:Ricochet","Parasite"],"picked":"hermit:LuckOfTheDraw+1","floor":39.0},{"not_picked":["hermit:Feint","hermit:Scavenge+1","Sickly"],"picked":"hermit:BigShot+1","floor":40.0},{"not_picked":["Crow Ritual","REME_EyeOfCthun"],"picked":"AT_CelerityRune","floor":41.0},{"not_picked":["hermit:Coalescence+1","hermit:Headshot","Replay:Hysterical Blindness"],"picked":"hermit:Horror+1","floor":42.0},{"not_picked":["hermit:Quickdraw","hermit:ItchyTrigger","Voices"],"picked":"hermit:Headshot","floor":44.0},{"not_picked":["hermit:Ricochet","hermit:Shortfuse","Shame"],"picked":"hermit:Deadeye+1","floor":46.0},{"not_picked":[],"picked":"hermit:Reprieve","floor":47.0}],"player_experience":690261,"relics_obtained":[{"floor":6.0,"key":"Toy Ornithopter"},{"floor":8.0,"key":"Vajra"},{"floor":9.0,"key":"Dream Catcher"},{"floor":12.0,"key":"Strawberry"},{"floor":14.0,"key":"REME_ArchaeologicalTools"},{"floor":23.0,"key":"AT_TimeSand"},{"floor":26.0,"key":"Simple Rune"},{"floor":30.0,"key":"Anchor"},{"floor":36.0,"key":"ReplayTheSpireMod:Ring of Collecting"},{"floor":42.0,"key":"hermit:RyeStalk"},{"floor":43.0,"key":"Ring of Fury"},{"floor":43.0,"key":"Potion Belt"},{"floor":46.0,"key":"Replay:Mystery Machine"},{"floor":48.0,"key":"ReplayTheSpireMod:Ring of Exchange"},{"floor":48.0,"key":"Letter Opener"}],"event_choices":[{"damage_healed":0.0,"max_hp_gain":0.0,"max_hp_loss":0.0,"gold_gain":0.0,"event_name":"Big Fish","player_choice":"Box","floor":5.0,"gold_loss":0.0,"damage_taken":0.0,"relics_obtained":["Art of War"],"cards_obtained":["Regret"]},{"damage_healed":0.0,"max_hp_gain":0.0,"max_hp_loss":0.0,"gold_gain":0.0,"event_name":"Back to Basics","player_choice":"Simplicity","floor":19.0,"gold_loss":0.0,"damage_taken":0.0,"cards_upgraded":["hermit:Strike_Hermit","hermit:Strike_Hermit","hermit:Strike_Hermit","hermit:Strike_Hermit","hermit:Defend_Hermit","hermit:Defend_Hermit","hermit:Defend_Hermit"]},{"damage_healed":0.0,"max_hp_gain":0.0,"max_hp_loss":0.0,"gold_gain":0.0,"event_name":"Addict","player_choice":"Stole Relic","floor":20.0,"gold_loss":0.0,"damage_taken":0.0,"relics_obtained":["Kunai"],"cards_obtained":["Shame"]},{"damage_healed":0.0,"max_hp_gain":0.0,"max_hp_loss":0.0,"gold_gain":0.0,"event_name":"Drug Dealer","player_choice":"Obtain J.A.X.","floor":21.0,"gold_loss":0.0,"damage_taken":0.0,"cards_obtained":["J.A.X."]},{"damage_healed":0.0,"max_hp_gain":0.0,"max_hp_loss":0.0,"gold_gain":0.0,"event_name":"SensoryStone","player_choice":"Memory 1","floor":41.0,"gold_loss":0.0,"damage_taken":0.0}],"is_beta":false,"boss_relics":[{"not_picked":["Coffee Dripper","Fusion Hammer"],"picked":"Replay:Bronze Core"},{"not_picked":["Abe\u0027s Treasure","Astrolabe"],"picked":"REME_DemonsWealth"}],"items_purged_floors":[],"is_endless":false,"potions_floor_spawned":[3,6,8,22,29,38,44,46],"killed_by":"Time Eater","ascension_level":4}}