{"host":"oy4pyvr762z5n0bb","time":1608952456,"event":{"mods":["AchievementEnabler","BaseMod","Colored Map","Colored Powertips","Googly Eyes","Key Reminder","Minty Spire (QoL Compilation)","Quick Restart","Relic Sorter","StSLib","SuperFastMode","Unceasing Turn Reminder","slay the spire mod where everything is the same but ironclad has a cowboy hat"],"gold_per_floor":[114,127,147,72,72,97,74,90,90,265,265,277,277,295,295,295,295],"floor_reached":16,"playtime":337,"items_purged":["Parasite"],"score":122,"play_id":"f8c23c5b-8df6-41c4-844f-f08d853a5c64","local_time":"20201225191416","is_ascension_mode":true,"campfire_choices":[{"floor":13,"key":"REST"},{"floor":15,"key":"REST"}],"circlet_count":0,"master_deck":["Strike_R","Strike_R","Strike_R","Strike_R","Defend_R","Defend_R","Defend_R","Defend_R","Bash","Perfected Strike","Dual Wield","Cleave","Cleave","Headbutt","Headbutt","Thunderclap","Wild Strike"],"relics":["Burning Blood","TungstenRod","Paper Frog","Gambling Chip"],"acts_visited":["Exordium"],"potions_floor_usage":[12,14,16,16],"damage_taken":[{"damage":7,"enemies":"Cultist","floor":1,"turns":5},{"damage":0,"enemies":"2 Louse","floor":2,"turns":3},{"damage":11,"enemies":"Jaw Worm","floor":3,"turns":4},{"damage":58,"enemies":"Lagavulin","floor":6,"turns":7},{"damage":11,"enemies":"Red Slaver","floor":8,"turns":3},{"damage":0,"enemies":"Lots of Slimes","floor":12,"turns":2},{"damage":21,"enemies":"Exordium Wildlife","floor":14,"turns":4},{"damage":59,"enemies":"The Guardian","floor":16,"turns":12}],"seed_played":"-6052432043905161753","potions_obtained":[{"floor":1,"key":"Explosive Potion"},{"floor":8,"key":"Weak Potion"},{"floor":12,"key":"LiquidMemories"},{"floor":14,"key":"LiquidBronze"}],"is_trial":false,"path_per_floor":["M","M","M","$","?","E","$","M","T","?","?","M","R","M","R","B"],"character_chosen":"IRONCLAD","items_purchased":["Headbutt"],"campfire_rested":2,"item_purchase_floors":[7],"current_hp_per_floor":[79,80,75,75,75,23,23,18,18,18,18,24,47,32,55,0,0],"gold":295,"neow_bonus":"ONE_RARE_RELIC","is_daily":false,"chose_seed":false,"campfire_upgraded":0,"win_rate":0.0,"timestamp":1608952456,"path_taken":["M","M","M","$","?","E","$","?","T","?","?","M","R","?","R","BOSS"],"items_purchased_type":["Card"],"build_version":"2020-12-22","purchased_purges":1,"victory":false,"max_hp_per_floor":[80,80,80,77,77,77,77,77,77,77,77,77,77,77,77,77,77],"card_choices":[{"not_picked":["Rampage","Body Slam"],"picked":"Perfected Strike","floor":1},{"not_picked":["Intimidate","Anger"],"picked":"Dual Wield","floor":2},{"not_picked":["Clash","Bloodletting"],"picked":"Cleave","floor":3},{"not_picked":["Body Slam","Warcry"],"picked":"Headbutt","floor":6},{"not_picked":["Twin Strike","Second Wind"],"picked":"Thunderclap","floor":8},{"not_picked":["Heavy Blade","Fire Breathing","Feed"],"picked":"SKIP","floor":12},{"not_picked":["Anger","Clash"],"picked":"Wild Strike","floor":14}],"player_experience":557833,"relics_obtained":[{"floor":6,"key":"Paper Frog"},{"floor":9,"key":"Gambling Chip"}],"event_choices":[{"damage_healed":0,"gold_gain":0,"cards_transformed":["Strike_R"],"player_choice":"Transformed","damage_taken":0,"max_hp_gain":0,"max_hp_loss":0,"event_name":"Transmorgrifier","floor":5,"gold_loss":0,"cards_obtained":["Cleave"]},{"damage_healed":0,"gold_gain":175,"player_choice":"AGREE","damage_taken":0,"max_hp_gain":0,"max_hp_loss":0,"event_name":"Liars Game","floor":10,"gold_loss":0,"cards_obtained":["Doubt"]},{"cards_removed":["Doubt"],"damage_healed":0,"gold_gain":0,"player_choice":"Purged","damage_taken":0,"max_hp_gain":0,"max_hp_loss":0,"event_name":"Purifier","floor":11,"gold_loss":0}],"is_beta":false,"boss_relics":[],"items_purged_floors":[4],"is_endless":false,"potions_floor_spawned":[1,8,12,14],"killed_by":"The Guardian","ascension_level":4}}