{"host":"8d9q0t3la0bw6k1l","time":1608999219,"event":{"mods":["2.2 Compatiblity","AchievementEnabler","Act Like it!","Aspiration","BaseMod","Better Note","BetterRewards","Colored Map","Colorless Booster Pack","Conspire","Defuse TimeMaze Blight","Energized Spire","GungeonMod","Halation","Hubris","Hunter ??","Hyrulean Relics","Infinite Spire","Kalas","Minty Spire (QoL Compilation)","Pale of the Ancients","Permanent Neow","Puzzle Mod","Quick Restart","Rare Cards Sparkle","Replay The Spire","Shop Mod","Spikes Relics","StSLib","SuperFastMode","The Animator","The Necromancer","Trackpad","Unceasing Turn Reminder","vexMod"],"gold_per_floor":[116,216,226,238,38,38,65,81,105,121,121,41,41,52,52,156,156,172,206,161,161],"floor_reached":20,"playtime":886,"items_purged":["Strike_B","Strike_B"],"score":294,"play_id":"dff761a8-0e55-4123-9f62-20f47cfa5d24","local_time":"20201226101339","is_ascension_mode":true,"campfire_choices":[{"data":"Gash","floor":6,"key":"SMITH"},{"floor":13,"key":"REST"},{"floor":15,"key":"REST"}],"circlet_count":0,"master_deck":["Strike_B","Strike_B","Defend_B","Defend_B","Defend_B","Defend_B","Zap","Dualcast","Gash+1","Replay:BasicMightCard","Gash","Coolheaded","Gash","Electrodynamics","Machine Learning","Self Repair+1"],"relics":["Cracked Core","vexMod:GhostlyGear","DemoMod:GnawedKey","DollysMirror","Replay:Antivirus Software","MiniBlackHole","hubris:Towel","halation:LostSnail","vexMod:BigBerry","infinitespire:Lucky Rock"],"acts_visited":["Exordium","TheCity"],"potions_floor_usage":[7,7,7,10,16,16,19,20],"damage_taken":[{"damage":13.0,"enemies":"Jaw Worm","floor":1.0,"turns":4.0},{"damage":6,"enemies":"Cultist","floor":3,"turns":3},{"damage":0,"enemies":"Small Slimes","floor":4,"turns":3},{"damage":14,"enemies":"Lagavulin","floor":7,"turns":6},{"damage":0,"enemies":"Looter","floor":8,"turns":3},{"damage":0,"enemies":"Large Slime","floor":10,"turns":3},{"damage":5,"enemies":"Blue Slaver","floor":14,"turns":4},{"damage":10,"enemies":"Fading Forest","floor":16,"turns":11},{"damage":26,"enemies":"3 Byrds","floor":18,"turns":3},{"damage":55,"enemies":"conspire:MimicChest","floor":19,"turns":6},{"damage":27,"enemies":"2 Thieves","floor":20,"turns":2}],"seed_played":"5045455279280038375","potions_obtained":[{"floor":3,"key":"Milkshake"},{"floor":7,"key":"Fire Potion"},{"floor":8,"key":"Block Potion"},{"floor":14,"key":"LiquidMemories"},{"floor":18,"key":"PowerPotion"},{"floor":19,"key":"SkillPotion"}],"is_trial":false,"path_per_floor":["M","?","M","M","$","R","E","M","T","M","?","$","R","M","R","B",null,"M","?","M"],"character_chosen":"DEFECT","items_purchased":["vexMod:GhostlyGear","Gash","DemoMod:GnawedKey","Replay:BasicMightCard","PowerPotion","DollysMirror","AttackPotion","halation:LostSnail"],"campfire_rested":2,"item_purchase_floors":[0,0,0,0,0,5,5,12],"current_hp_per_floor":[39,39,33,33,33,33,19,19,19,19,19,19,41,36,58,56,100,74,19,0,0],"gold":161,"neow_bonus":"","is_daily":false,"chose_seed":false,"campfire_upgraded":1,"win_rate":0.0,"timestamp":1608999219,"path_taken":["M","?","?","M","?","R","E","M","T","M","?","$","R","M","R","BOSS","M","?","M"],"items_purchased_type":["Relic","Card","Relic","Card","Potion","Relic","Potion","Relic"],"build_version":"2020-12-22","purchased_purges":2,"victory":false,"max_hp_per_floor":[75,75,75,75,75,75,75,75,75,75,75,75,75,75,75,75,105,105,105,105,105],"card_choices":[{"not_picked":["hubris:PowerSurge","ReplayTheSpireMod:Reroute Power"],"picked":"Gash","floor":1},{"not_picked":["Hologram","Doom and Gloom"],"picked":"Coolheaded","floor":3},{"not_picked":["ReplayTheSpireMod:Reroute Power","Compile Driver","Rainbow"],"picked":"SKIP","floor":4},{"not_picked":["Compile Driver","FIFO Queue","Coolheaded"],"picked":"SKIP","floor":7},{"not_picked":["conspire:SharedLibrary","Hologram","Glacier"],"picked":"SKIP","floor":8},{"not_picked":["Heatsinks","Rebound"],"picked":"Electrodynamics","floor":10},{"not_picked":["Go for the Eyes","ReplayTheSpireMod:GoodbyeWorld","aspiration:Polymerization"],"picked":"SKIP","floor":14},{"not_picked":["Fission","Creative AI"],"picked":"Machine Learning","floor":16},{"not_picked":["Doom and Gloom+1","Barrage+1","Panic Button"],"picked":"SKIP","floor":18},{"not_picked":["Multi-Cast","BasicCrystalCard"],"picked":"Self Repair+1","floor":19}],"player_experience":1351279,"relics_obtained":[{"floor":7,"key":"Replay:Antivirus Software"},{"floor":9,"key":"MiniBlackHole"},{"floor":19,"key":"infinitespire:Lucky Rock"}],"event_choices":[{"damage_healed":0,"gold_gain":100,"player_choice":"Pray","damage_taken":0,"max_hp_gain":0,"max_hp_loss":0,"event_name":"Golden Shrine","floor":2,"gold_loss":0}],"is_beta":false,"boss_relics":[{"not_picked":["hubris:TerracottaHorce","ReplayTheSpireMod:DimensionalGlitch"],"picked":"vexMod:BigBerry"}],"items_purged_floors":[0,0],"is_endless":false,"potions_floor_spawned":[3,7,8,14,18,19],"killed_by":"2 Thieves","ascension_level":8}}