{"host":"l017gercouzhorma","time":1608969369,"event":{"mods":["AchievementEnabler","Aspiration","BaseMod","Challenge The Spire","Conspire","Downfall","Halation","Hermit","Hubris","Infinite Spire","Jorbs\u0027s Wanderer Trilogy","Mad Scientist","Marisa????????","Mimic Mod","Minty Spire (QoL Compilation)","Random Character Button","Rare Cards Sparkle","Relic Stats","Replay The Spire","Shade Mod","StSLib","The Cursed","The Disciple","The Hierophant","The Jungle","The Runesmith","The Servant 0.9.4"],"gold_per_floor":[110,110,110,125,135,160,177,194,194,227,241,17,30,30,30,30,30],"floor_reached":16,"playtime":695,"items_purged":[],"score":120,"play_id":"a953d9f4-6c63-4738-9140-624aad99422d","local_time":"20201226005609","is_ascension_mode":true,"campfire_choices":[{"data":"MentalFortress","floor":15,"key":"SMITH"}],"circlet_count":0,"master_deck":["Strike_P","Strike_P","Strike_P","Defend_P","Defend_P","Defend_P","Eruption+1","Vigilance","Weave","FollowUp","FlurryOfBlows","DevaForm","MentalFortress+1","Replay:ManipulateFuture","EmptyBody","Wallop","Vengeance","Halt"],"relics":["PureWater","NeowsBlessing","StoneCalendar","Meat on the Bone","halation:IllGainedPizza","hubris:SlimyHat"],"acts_visited":["Exordium"],"potions_floor_usage":[6,11,13,16],"damage_taken":[{"damage":0,"enemies":"Small Slimes","floor":1,"turns":1},{"damage":0,"enemies":"Jaw Worm","floor":4,"turns":1},{"damage":0,"enemies":"Cultist","floor":5,"turns":1},{"damage":10,"enemies":"Lagavulin","floor":6,"turns":3},{"damage":0,"enemies":"2 Fungi Beasts","floor":7,"turns":2},{"damage":8,"enemies":"Exordium Thugs","floor":8,"turns":3},{"damage":31,"enemies":"Gremlin Nob","floor":10,"turns":4},{"damage":13,"enemies":"3 Louse","floor":11,"turns":2},{"damage":0,"enemies":"2 Fungi Beasts","floor":13,"turns":3},{"damage":0,"enemies":"Slime Boss","floor":16,"turns":3}],"seed_played":"2285765531073140610","potions_obtained":[{"floor":1,"key":"Fire Potion"},{"floor":5,"key":"GamblersBrew"},{"floor":6,"key":"Energy Potion"},{"floor":10,"key":"SkillPotion"}],"is_trial":false,"path_per_floor":["M","?","?","M","M","E","M","M","T","E","M","$","M","?","R","B"],"character_chosen":"WATCHER","items_purchased":["Vengeance","hubris:SlimyHat"],"campfire_rested":0,"item_purchase_floors":[12,12],"current_hp_per_floor":[72,65,65,65,65,55,55,47,47,28,27,27,39,39,39,39,39],"gold":30,"neow_bonus":"THREE_ENEMY_KILL","is_daily":false,"chose_seed":false,"campfire_upgraded":1,"win_rate":0.0,"timestamp":1608969369,"path_taken":["M","?","?","?","M","E","M","M","T","E","M","$","M","?","R","BOSS"],"items_purchased_type":["Card","Relic"],"build_version":"2020-12-22","purchased_purges":0,"victory":false,"max_hp_per_floor":[72,72,72,72,72,72,72,72,72,72,72,72,72,72,72,72,72],"relic_stats":{"counters":[10,23],"StoneCalendar":[0],"obtain_stats":[{"NeowsBlessing":0,"halation:IllGainedPizza":10,"StoneCalendar":6,"hubris:SlimyHat":12,"PureWater":0,"Meat on the Bone":9},{"NeowsBlessing":0,"halation:IllGainedPizza":7,"StoneCalendar":4,"hubris:SlimyHat":8,"PureWater":0,"Meat on the Bone":6},{"NeowsBlessing":0,"halation:IllGainedPizza":15,"StoneCalendar":6,"hubris:SlimyHat":17,"PureWater":0,"Meat on the Bone":11}],"Meat on the Bone":36},"card_choices":[{"not_picked":["Evaluate","CrushJoints"],"picked":"Weave","floor":1},{"not_picked":["Swivel","Prostrate"],"picked":"FollowUp","floor":4},{"not_picked":["WreathOfFlame","Prostrate"],"picked":"FlurryOfBlows","floor":5},{"not_picked":["Nirvana","CrushJoints"],"picked":"DevaForm","floor":6},{"not_picked":["Protect","SignatureMove"],"picked":"MentalFortress","floor":7},{"not_picked":["WreathOfFlame","Replay:BluntJabs"],"picked":"Replay:ManipulateFuture","floor":8},{"not_picked":["PathToVictory","ThirdEye"],"picked":"EmptyBody","floor":10},{"not_picked":["Sanctity","CrushJoints"],"picked":"Wallop","floor":11},{"not_picked":["Replay:AtTheReady","EmptyMind"],"picked":"Halt","floor":13}],"player_experience":768091,"relics_obtained":[{"floor":6,"key":"StoneCalendar"},{"floor":9,"key":"Meat on the Bone"},{"floor":10,"key":"halation:IllGainedPizza"}],"event_choices":[{"cards_removed":["Defend_P"],"damage_healed":0,"gold_gain":0,"player_choice":"Card Removal","damage_taken":7,"max_hp_gain":0,"max_hp_loss":0,"event_name":"Golden Wing","floor":2,"gold_loss":0},{"damage_healed":0,"gold_gain":0,"player_choice":"Upgraded","damage_taken":0,"max_hp_gain":0,"max_hp_loss":0,"event_name":"Upgrade Shrine","floor":3,"gold_loss":0,"cards_upgraded":["Eruption"]},{"cards_removed":["Strike_P"],"damage_healed":0,"gold_gain":0,"player_choice":"Purged","damage_taken":0,"max_hp_gain":0,"max_hp_loss":0,"event_name":"Purifier","floor":14,"gold_loss":0}],"is_beta":false,"boss_relics":[],"items_purged_floors":[],"is_endless":false,"potions_floor_spawned":[1,5,6,10],"killed_by":"Slime Boss","ascension_level":1}}