{"host":"KYO","time":1608955068,"event":{"mods":["BaseMod","BetterRewards","Minty Spire (QoL Compilation)","Reimu£®≤©¿ˆ¡È√Œ£©","Remove Card Discount Mod","Shop Mod","StSLib","SuperFastMode","[IsaacMod]“‘»ˆº‚À˛"],"gold_per_floor":[119,130,143,218,238,267,41,68,150,184,196,223,223,240,240,322,364,376,426,443,388,466,493,493,525,525,525,543,571,591,607,607,626,654,663,736,747,747,777,777,846,880,849,1149,1212,1212,1212,1285,1285,1305,1321,1321,1346,1699,1726,1754,1784,1854,1881,1897,1926,1951,1967,1967,1967,1967,1967,1967,1967,1996,1996],"floor_reached":57,"playtime":2102,"items_purged":["TightArray:ReiMu","Strike_R","Strike_R","Defend_R","Strike_R","Strike_R","Strike_R","Bash","Defend_R","Defend_R","Defend_R","Dark Embrace+1","ZunPunch:ReiMu+1"],"score":5039,"play_id":"e592592b-1c92-4115-922c-1db8f5337051","local_time":"20201226115748","is_ascension_mode":true,"campfire_choices":[{"data":"Deep Breath","floor":15,"key":"SMITH"},{"data":"Deep Breath","floor":27,"key":"SMITH"},{"floor":32,"key":"RECALL"},{"data":"Shrug It Off","floor":23,"key":"SMITH"},{"floor":25,"key":"REST"},{"data":"ZunPunch:ReiMu","floor":32,"key":"SMITH"},{"data":"Madness","floor":49,"key":"SMITH"},{"data":"Madness","floor":53,"key":"SMITH"}],"circlet_count":0,"master_deck":["AscendersBane","Body Slam+1","Shrug It Off+1","Deep Breath+1","Deep Breath+1","Barricade+1","Evolve+1","Madness+1","Madness+1"],"relics":["Burning Blood","HushsDoor","Membership Card","Omamori","CeramicFish","DoctorsRemote","BelialBook","PreservedInsect","TheAbacus","Frozen Egg 2","SatanicBible","TentaclePot:ReiMu","MealTicket","MerchantsRug","Juzu Bracelet","YumHeart","TheBattery","Tiny Chest","BloodBag","Anchor","Bag of Preparation","InkBottle","Pen Nib","Singing Bowl","TungstenRod","Ancient Tea Set","Mark of Pain","GuppysTail","SteamSale","Oddly Smooth Stone","RuthlessExorcism:ReiMu","Bag of Marbles","SalivaCoin","FossilizedHelix","Nunchaku","Bird Faced Urn","Red Mask","DeathBook","Lantern","BookofShadows","BFFS","HornCleat","Bottled Lightning","HowToJump","Self Forming Clay","Lee\u0027s Waffle","Coffee Dripper","Ice Cream","NineVolt","AnarchistCookbook","WingedGreaves","D6","Old Coin","Vajra","Orichalcum","DeadEye","PokeGo","Dream Catcher","Strawberry","Pocketwatch","GnawedLeaf","Chaos","The Specimen"],"acts_visited":["Exordium","TheCity","TheBeyond","TheEnding"],"potions_floor_usage":[56],"damage_taken":[{"damage":0,"enemies":"2 Louse","floor":1,"turns":1},{"damage":0,"enemies":"Small Slimes","floor":2,"turns":1},{"damage":0,"enemies":"Jaw Worm","floor":3,"turns":1},{"damage":0,"enemies":"Large Slime","floor":5,"turns":1},{"damage":0,"enemies":"3 Sentries","floor":6,"turns":1},{"damage":0,"enemies":"Lagavulin","floor":8,"turns":1},{"damage":0,"enemies":"3 Sentries","floor":10,"turns":1},{"damage":0,"enemies":"Red Slaver","floor":11,"turns":1},{"damage":0,"enemies":"Lagavulin","floor":12,"turns":1},{"damage":0,"enemies":"2 Fungi Beasts","floor":14,"turns":1},{"damage":0,"enemies":"The Guardian","floor":16,"turns":1},{"damage":0,"enemies":"Spheric Guardian","floor":18,"turns":1},{"damage":0,"enemies":"2 Thieves","floor":20,"turns":1},{"damage":0,"enemies":"Slavers","floor":23,"turns":1},{"damage":0,"enemies":"Gremlin Leader","floor":25,"turns":1},{"damage":0,"enemies":"Chosen and Byrds","floor":28,"turns":1},{"damage":0,"enemies":"Slavers","floor":29,"turns":1},{"damage":0,"enemies":"Snecko","floor":30,"turns":1},{"damage":0,"enemies":"Centurion and Healer","floor":31,"turns":1},{"damage":0,"enemies":"2 Thieves","floor":18,"turns":1},{"damage":0,"enemies":"Masked Bandits","floor":19,"turns":1},{"damage":0,"enemies":"Shell Parasite","floor":22,"turns":1},{"damage":0,"enemies":"Gremlin Leader","floor":24,"turns":1},{"damage":0,"enemies":"Book of Stabbing","floor":27,"turns":1},{"damage":0,"enemies":"Automaton","floor":33,"turns":2},{"damage":0,"enemies":"Orb Walker","floor":35,"turns":1},{"damage":0,"enemies":"Mind Bloom Boss Battle","floor":38,"turns":1},{"damage":0,"enemies":"2 Orb Walkers","floor":39,"turns":1},{"damage":0,"enemies":"Giant Head","floor":40,"turns":1},{"damage":0,"enemies":"Reptomancer","floor":41,"turns":1},{"damage":0,"enemies":"Giant Head","floor":42,"turns":1},{"damage":0,"enemies":"Reptomancer","floor":44,"turns":1},{"damage":0,"enemies":"3 Darklings","floor":45,"turns":1},{"damage":0,"enemies":"Nemesis","floor":46,"turns":1},{"damage":0,"enemies":"4 Shapes","floor":48,"turns":1},{"damage":0,"enemies":"Time Eater","floor":50,"turns":2},{"damage":0,"enemies":"Donu and Deca","floor":51,"turns":1},{"damage":0,"enemies":"Shield and Spear","floor":55,"turns":1},{"damage":0,"enemies":"The Heart","floor":56,"turns":4}],"seed_played":"-7180153986884477277","potions_obtained":[{"floor":3,"key":"Regen Potion"},{"floor":5,"key":"GamblersBrew"},{"floor":6,"key":"FearPotion"},{"floor":8,"key":"SteroidPotion"},{"floor":11,"key":"Weak Potion"},{"floor":20,"key":"AttackPotion"},{"floor":30,"key":"Dexterity Potion"},{"floor":31,"key":"BlessingOfTheForge"},{"floor":24,"key":"BloodPotion"},{"floor":33,"key":"Ancient Potion"},{"floor":42,"key":"EntropicBrew"}],"is_trial":false,"path_per_floor":["M","M","M","?","M","E","$","E","T","E","M","E","?","M","R","B",null,"M","?","M","$","T","E","$","E","T","R","M","E","M","M","R","M","?","?","T","M","R","E","R","T","E","?","?","$","$","R","B",null,"M","$","T","?","?","E","E","E","T","E","M","E","?","M","R","B","B",null,"R","$","E","B",null],"character_chosen":"IRONCLAD","items_purchased":["Body Slam","Membership Card","Omamori","CeramicFish","Shrug It Off","DoctorsRemote","BelialBook","PreservedInsect","TheAbacus","Deep Breath","Frozen Egg 2","Deep Breath","SatanicBible","Whetstone","TentaclePot:ReiMu","MealTicket","MerchantsRug","Potion Belt","Juzu Bracelet","YumHeart","TheBattery","ForgetMeNow","Tiny Chest","Bag of Preparation","InkBottle","GuppysTail","SteamSale","Oddly Smooth Stone","RuthlessExorcism:ReiMu","Evolve+1","SalivaCoin","FossilizedHelix","PrismaticShard","ElixirPotion","HornCleat","Bottled Lightning","HowToJump","Self Forming Clay","Lee\u0027s Waffle","Ice Cream","NineVolt","AnarchistCookbook","FairyPotion","Pocketwatch","GnawedLeaf","Chaos"],"campfire_rested":1,"item_purchase_floors":[0,0,0,0,0,0,0,0,0,0,0,0,0,0,0,0,0,0,0,0,0,0,0,7,7,17,21,21,21,21,24,24,24,24,30,30,31,31,31,36,36,36,36,54,54,54],"current_hp_per_floor":[56,62,68,57,63,69,82,82,82,84,86,88,82,90,90,90,80,82,82,84,84,84,86,86,88,102,102,104,106,108,110,110,112,114,114,114,116,116,118,118,118,120,120,120,120,127,127,129,129,131,131,131,133,135,137,139,141,141,143,145,154,127,139,139,149,156,156,156,156,158,158],"gold":1996,"neow_bonus":"","is_daily":false,"chose_seed":false,"campfire_upgraded":6,"win_rate":0.0,"timestamp":1608955068,"path_taken":["M","M","M","?","M","E","$","E","T","E","M","E","?","M","R","BOSS","M","?","M","$","?","E","?","E","T","R","M","E","M","M","R","M","?","?","?","M","R","E","R","T","E","?","?","?","$","R","BOSS","M","$","?","?","?","E","E","E","T","E","M","E","?","M","R","BOSS","BOSS","R","$","E","BOSS"],"items_purchased_type":["Card","Relic","Relic","Relic","Card","Relic","Relic","Relic","Relic","Card","Relic","Card","Relic","Relic","Relic","Relic","Relic","Relic","Relic","Relic","Relic","Relic","Relic","Relic","Relic","Relic","Relic","Relic","Relic","Card","Relic","Relic","Relic","Potion","Relic","Relic","Relic","Relic","Relic","Relic","Relic","Relic","Potion","Relic","Relic","Card"],"build_version":"2020-12-18","purchased_purges":13,"victory":true,"max_hp_per_floor":[82,82,82,82,82,82,82,82,82,84,86,88,88,90,90,90,80,82,82,84,84,84,86,86,88,102,102,104,106,108,110,110,112,114,114,114,116,116,118,118,118,120,120,120,120,127,127,129,129,131,131,131,133,135,137,139,141,141,143,145,154,154,156,156,156,156,156,156,156,158,158],"card_choices":[{"not_picked":[],"picked":"SuicideKing","floor":0},{"not_picked":["Flex","True Grit","Havoc"],"picked":"SKIP","floor":1},{"not_picked":["Carnage","Dark Embrace+1","Pommel Strike"],"picked":"SKIP","floor":2},{"not_picked":["Headbutt","Clash","Hemokinesis"],"picked":"SKIP","floor":3},{"not_picked":["Clothesline","Shrug It Off","Ghostly Armor"],"picked":"SKIP","floor":5},{"not_picked":["Carnage","Uppercut","Dark Embrace+1"],"picked":"SKIP","floor":6},{"not_picked":["Second Wind","Whirlwind","Perfected Strike"],"picked":"SKIP","floor":8},{"not_picked":["Headbutt","Corruption+1","Rampage"],"picked":"Singing Bowl","floor":10},{"not_picked":["Havoc","Intimidate","Wild Strike"],"picked":"Singing Bowl","floor":11},{"not_picked":["Spot Weakness","Metallicize+1","Thunderclap"],"picked":"Singing Bowl","floor":12},{"not_picked":["Iron Wave","Havoc","True Grit"],"picked":"Singing Bowl","floor":14},{"not_picked":["Demon Form+1","Brutality+1"],"picked":"Barricade+1","floor":16},{"not_picked":["Power Through+1","Spot Weakness","Clothesline"],"picked":"Singing Bowl","floor":18},{"not_picked":["Flex","Iron Wave","Rage"],"picked":"Singing Bowl","floor":20},{"not_picked":["Body Slam","Clash+1","Spot Weakness"],"picked":"Singing Bowl","floor":23},{"not_picked":["MentalFortress+1","FoulBorder2:ReiMu+1","Prepared"],"picked":"Singing Bowl","floor":25},{"not_picked":["Thunderclap","SashWhip","Well Laid Plans+1"],"picked":"Singing Bowl","floor":28},{"not_picked":["Fusion","Rupture+1","Crusade:ReiMu"],"picked":"Singing Bowl","floor":29},{"not_picked":["Cold Snap","Endless Agony","LearningPray:ReiMu"],"picked":"Singing Bowl","floor":30},{"not_picked":["Tempest+1","Purity","Malaise"],"picked":"Singing Bowl","floor":31},{"not_picked":["Outmaneuver","Body Slam","Heavy Blade"],"picked":"Singing Bowl","floor":18},{"not_picked":["OrbThrow:ReiMu","PiercingWail","Loop+1"],"picked":"Singing Bowl","floor":19},{"not_picked":["Halt","InherentArray:ReiMu+1","Backflip"],"picked":"Singing Bowl","floor":22},{"not_picked":["Sweeping Beam","Body Slam","Shockwave"],"picked":"Singing Bowl","floor":24},{"not_picked":["Master of Strategy","JustLucky","BowlingBash"],"picked":"Singing Bowl","floor":27},{"not_picked":["Impervious","Demon Form+1","Limit Break"],"picked":"Singing Bowl","floor":33},{"not_picked":["Flex","Pummel","Shrug It Off"],"picked":"Singing Bowl","floor":35},{"not_picked":["Clash","Wild Strike+1","Armaments"],"picked":"Singing Bowl","floor":38},{"not_picked":["True Grit","Twin Strike","Seeing Red"],"picked":"Singing Bowl","floor":39},{"not_picked":["Demon Form+1","Cleave","Reckless Charge"],"picked":"Singing Bowl","floor":40},{"not_picked":["Body Slam","Offering","Power Through"],"picked":"Singing Bowl","floor":41},{"not_picked":["Body Slam","Dual Wield","Uppercut"],"picked":"Singing Bowl","floor":42},{"not_picked":["Warcry+1","Immolate","True Grit"],"picked":"Singing Bowl","floor":44},{"not_picked":["Ghostly Armor+1","Rage","Bloodletting"],"picked":"Singing Bowl","floor":45},{"not_picked":["Pommel Strike","Perfected Strike","Warcry+1"],"picked":"Singing Bowl","floor":46},{"not_picked":["Twin Strike","Feed","Infernal Blade"],"picked":"Singing Bowl","floor":48},{"not_picked":["Anger","Bludgeon","Perfected Strike"],"picked":"Singing Bowl","floor":55}],"player_experience":549684,"relics_obtained":[{"floor":6,"key":"Anchor"},{"floor":8,"key":"Pen Nib"},{"floor":9,"key":"Singing Bowl"},{"floor":10,"key":"TungstenRod"},{"floor":12,"key":"Ancient Tea Set"},{"floor":23,"key":"Bag of Marbles"},{"floor":25,"key":"Nunchaku"},{"floor":26,"key":"Mango"},{"floor":29,"key":"Bird Faced Urn"},{"floor":19,"key":"Red Mask"},{"floor":21,"key":"DeathBook"},{"floor":24,"key":"Lantern"},{"floor":26,"key":"BookofShadows"},{"floor":27,"key":"BFFS"},{"floor":37,"key":"WingedGreaves"},{"floor":38,"key":"D6"},{"floor":39,"key":"Old Coin"},{"floor":40,"key":"Vajra"},{"floor":41,"key":"Orichalcum"},{"floor":42,"key":"DeadEye"},{"floor":43,"key":"PokeGo"},{"floor":44,"key":"Dream Catcher"},{"floor":46,"key":"Strawberry"},{"floor":55,"key":"The Specimen"}],"event_choices":[{"damage_healed":0,"gold_gain":75,"player_choice":"Gather Gold","damage_taken":11,"max_hp_gain":0,"max_hp_loss":0,"event_name":"World of Goop","floor":4,"gold_loss":0},{"cards_removed":["SuicideKing"],"damage_healed":0,"gold_gain":0,"player_choice":"Card Removal","damage_taken":7,"max_hp_gain":0,"max_hp_loss":0,"event_name":"Golden Wing","floor":13,"gold_loss":0},{"damage_healed":0,"gold_gain":50,"player_choice":"Stole From Cult","damage_taken":0,"max_hp_gain":0,"max_hp_loss":0,"event_name":"Nest","floor":19,"gold_loss":0},{"damage_healed":0,"gold_gain":0,"player_choice":"Fought Bandits","damage_taken":0,"max_hp_gain":0,"max_hp_loss":0,"event_name":"Masked Bandits","floor":19,"gold_loss":0},{"damage_healed":0,"gold_gain":0,"player_choice":"Read","damage_taken":0,"max_hp_gain":0,"max_hp_loss":0,"event_name":"The Library","floor":20,"gold_loss":0,"cards_obtained":["Dark Embrace"]},{"damage_healed":0,"gold_gain":0,"player_choice":"Ωª≥ˆ…Òæ∆","damage_taken":0,"max_hp_gain":0,"max_hp_loss":0,"event_name":"ZunEvent","floor":28,"relics_lost":["ZunR:ReiMu"],"gold_loss":0,"cards_obtained":["ZunPunch:ReiMu"]},{"damage_healed":0,"gold_gain":0,"player_choice":"Fight","damage_taken":0,"max_hp_gain":0,"max_hp_loss":0,"event_name":"MindBloom","floor":38,"gold_loss":0},{"damage_healed":0,"gold_gain":0,"player_choice":"Fight","damage_taken":0,"max_hp_gain":0,"max_hp_loss":0,"event_name":"Mysterious Sphere","floor":39,"gold_loss":0},{"damage_healed":0,"gold_gain":0,"player_choice":"Embrace Madness","damage_taken":28,"max_hp_gain":0,"max_hp_loss":0,"event_name":"Winding Halls","floor":47,"gold_loss":0,"cards_obtained":["Madness","Madness"]}],"is_beta":true,"boss_relics":[{"not_picked":["Runic Dome","SacredBark"],"picked":"Mark of Pain"},{"not_picked":[]},{"not_picked":["Empty Cage","Calling Bell"],"picked":"Coffee Dripper"},{"not_picked":[]}],"items_purged_floors":[0,0,0,0,0,0,0,0,0,0,0,30,36],"is_endless":false,"potions_floor_spawned":[3,5,6,8,11,16,20,30,31,18,24,33,35,39,40,41,42,55],"ascension_level":20}}