{"host":"ve1tu2pxpq596wfw","time":1608950962,"event":{"mods":["BaseMod","Downfall","Highlight Path","Infinite Spire","Minty Spire (QoL Compilation)","Random Character Button","Shop Mod","StSLib"],"gold_per_floor":[99,117,130,153,170,170,170,189,203,218,218,230,230,64,75,170,170,170,170],"floor_reached":17,"playtime":1336,"items_purged":[],"score":151,"play_id":"762cc1de-d19f-4ac3-bd8d-469ea49c2eb8","local_time":"20201226024922","is_ascension_mode":false,"campfire_choices":[{"floor":1,"key":"RECALL"},{"data":"Slimebound:LevelUp","floor":13,"key":"SMITH"}],"circlet_count":0,"master_deck":["Slimebound:Strike_Slimebound","Slimebound:Strike_Slimebound","Slimebound:Strike_Slimebound","Slimebound:Tackle","Slimebound:Defend_Slimebound","Slimebound:Defend_Slimebound","Slimebound:Defend_Slimebound","Slimebound:Defend_Slimebound","Slimebound:Split+1","Slimebound:CorrosiveSpit","Slimebound:RejuvenatingLick","Slimebound:SplitLeeching","Slimebound:PressTheAttack","Slimebound:LeechEnergy","Slimebound:Schlurp","Slimebound:LevelUp+1","Slimebound:LeadByExample","Slimebound:Gluttony","Slimebound:SplitMire","Slimebound:MinionMaster"],"relics":["Slimebound:AbsorbEndCombat","Pen Nib","White Beast Statue","PreservedInsect","Black Star"],"acts_visited":["Exordium","TheCity"],"potions_floor_usage":[10,14,15,16],"damage_taken":[{"damage":12,"enemies":"Cultist","floor":2,"turns":4},{"damage":11,"enemies":"Jaw Worm","floor":3,"turns":4},{"damage":10,"enemies":"Small Slimes","floor":5,"turns":4},{"damage":27,"enemies":"Gremlin Gang","floor":8,"turns":3},{"damage":5,"enemies":"Blue Slaver","floor":9,"turns":2},{"damage":13,"enemies":"Gremlin Gang","floor":10,"turns":4},{"damage":12,"enemies":"Large Slime","floor":12,"turns":4},{"damage":12,"enemies":"downfall:FleeingMerchant","floor":14,"turns":4},{"damage":0,"enemies":"3 Louse","floor":15,"turns":2},{"damage":58,"enemies":"downfall:Silent","floor":16,"turns":6}],"seed_played":"8511415801847243721","potions_obtained":[{"floor":5,"key":"champ:CounterPotion"},{"floor":8,"key":"Regen Potion"},{"floor":9,"key":"SkillPotion"},{"floor":10,"key":"Fire Potion"},{"floor":14,"key":"Explosive Potion"},{"floor":15,"key":"EssenceOfSteel"},{"floor":16,"key":"Explosive Potion"}],"is_trial":false,"path_per_floor":["R","M","M","T","M","?","T","M","M","M","?","M","R","$","M","B",null],"character_chosen":"SLIMEBOUND","items_purchased":["PreservedInsect"],"campfire_rested":0,"item_purchase_floors":[14],"current_hp_per_floor":[66,64,61,61,63,63,63,56,61,66,66,66,66,66,66,36,66,66,66],"gold":170,"neow_bonus":"TEN_PERCENT_HP_BONUS","is_daily":false,"chose_seed":false,"campfire_upgraded":1,"win_rate":0.0,"timestamp":1608950962,"path_taken":["R","M","M","?","M","?","T","M","?","M","?","?","R","$","M","BOSS"],"items_purchased_type":["Relic"],"build_version":"2020-12-22","purchased_purges":0,"victory":false,"max_hp_per_floor":[66,66,66,66,66,66,66,66,66,66,66,66,66,66,66,66,66,66,66],"card_choices":[{"not_picked":["Slimebound:FinishingTackle","Slimebound:LivingWall"],"picked":"Slimebound:RejuvenatingLick","floor":2},{"not_picked":["Slimebound:GoopTackle","Slimebound:RollThrough"],"picked":"Slimebound:SplitLeeching","floor":3},{"not_picked":["Slimebound:GrowthPunch","Slimebound:SpikyOuterGoop"],"picked":"Slimebound:PressTheAttack","floor":5},{"not_picked":["Slimebound:PressTheAttack","Slimebound:MassFeed"],"picked":"Slimebound:LeechEnergy","floor":8},{"not_picked":["Slimebound:RollThrough","Slimebound:FirmFortitude"],"picked":"Slimebound:Schlurp","floor":9},{"not_picked":["Slimebound:SplitAcid","Slimebound:SlimeSpikes"],"picked":"Slimebound:LevelUp","floor":10},{"not_picked":["Slimebound:LeechingTouch","Slimebound:FormOfPuddle"],"picked":"Slimebound:LeadByExample","floor":12},{"not_picked":["Slimebound:SplitBruiser","Slimebound:Schlurp"],"picked":"Slimebound:Gluttony","floor":14},{"not_picked":["Slimebound:LeechingTouch","Slimebound:ViciousTackle"],"picked":"Slimebound:SplitMire","floor":15},{"not_picked":["Slimebound:SlimeSlap","Slimebound:RallyTheTroops"],"picked":"Slimebound:MinionMaster","floor":16}],"player_experience":240953,"relics_obtained":[{"floor":4,"key":"Pen Nib"},{"floor":7,"key":"White Beast Statue"}],"event_choices":[{"damage_healed":0,"gold_gain":0,"player_choice":"Upgraded","damage_taken":0,"max_hp_gain":0,"max_hp_loss":0,"event_name":"Upgrade Shrine","floor":6,"gold_loss":0,"cards_upgraded":["Slimebound:Split"]}],"is_beta":false,"boss_relics":[{"not_picked":["Astrolabe","Sozu"],"picked":"Black Star"}],"items_purged_floors":[],"is_endless":false,"potions_floor_spawned":[5,8,9,10,12,14,15,16],"ascension_level":0}}