{"host":"tzyzz5n7hg2ni9q2","time":1608998669,"event":{"mods":["BaseMod","Minty Spire (QoL Compilation)","Quick Restart"],"gold_per_floor":[109,37,37,37,37,37,51,83,106,137,151,151,151,169,169,264,264,279,299,72,83,83,83,100,132,132,132,146,71,71,71,71,170,170,181,81,81,81,91,91,91,141,166,166,18,48,62,96,96,96],"floor_reached":51,"playtime":1698,"items_purged":["Strike_R","Bash"],"score":1043,"play_id":"baacc251-075b-4f3a-9e29-eb2b1ddf03a0","local_time":"20201226170429","is_ascension_mode":true,"campfire_choices":[{"data":"Body Slam","floor":6,"key":"SMITH"},{"data":"Whirlwind","floor":12,"key":"SMITH"},{"data":"True Grit","floor":15,"key":"SMITH"},{"data":"Barricade","floor":23,"key":"SMITH"},{"data":"Shrug It Off","floor":30,"key":"SMITH"},{"data":"Shrug It Off","floor":32,"key":"SMITH"},{"data":"Shrug It Off","floor":40,"key":"SMITH"},{"data":"Spot Weakness","floor":44,"key":"SMITH"},{"data":"Defend_R","floor":49,"key":"SMITH"}],"circlet_count":0,"master_deck":["Strike_R","Defend_R","Defend_R+1","Shrug It Off+1","Body Slam+1","Twin Strike","Feed","Spot Weakness+1","Whirlwind+1","True Grit+1","Barricade+1","Shrug It Off+1","Shrug It Off+1","Madness+1","Madness+1","Entrench+1","Madness+1","Entrench+1"],"relics":["Burning Blood","Eternal Feather","MealTicket","Red Skull","Singing Bowl","Busted Crown","Tiny Chest","Darkstone Periapt","Nunchaku","Toxic Egg 2","Empty Cage","Toy Ornithopter","Potion Belt","DollysMirror","Happy Flower","Centennial Puzzle"],"acts_visited":["Exordium","TheCity","TheBeyond"],"potions_floor_usage":[8,19,24,25,50,50,50,50,50,50,50,50],"damage_taken":[{"damage":5,"enemies":"Small Slimes","floor":1,"turns":3},{"damage":9,"enemies":"2 Louse","floor":7,"turns":2},{"damage":24,"enemies":"Lagavulin","floor":8,"turns":7},{"damage":22,"enemies":"3 Sentries","floor":10,"turns":7},{"damage":4,"enemies":"Jaw Worm","floor":11,"turns":3},{"damage":9,"enemies":"Looter","floor":14,"turns":5},{"damage":55,"enemies":"The Guardian","floor":16,"turns":13},{"damage":12,"enemies":"Chosen","floor":18,"turns":4},{"damage":40,"enemies":"Shell Parasite","floor":19,"turns":6},{"damage":16,"enemies":"Centurion and Healer","floor":21,"turns":7},{"damage":6,"enemies":"Snecko","floor":24,"turns":5},{"damage":17,"enemies":"Gremlin Leader","floor":25,"turns":7},{"damage":4,"enemies":"Cultist and Chosen","floor":28,"turns":6},{"damage":24,"enemies":"Champ","floor":33,"turns":14},{"damage":18,"enemies":"3 Darklings","floor":35,"turns":4},{"damage":0,"enemies":"Orb Walker","floor":39,"turns":5},{"damage":0,"enemies":"Giant Head","floor":46,"turns":7},{"damage":0,"enemies":"Spire Growth","floor":47,"turns":4},{"damage":0,"enemies":"Nemesis","floor":48,"turns":7},{"damage":45,"enemies":"Time Eater","floor":50,"turns":6}],"seed_played":"6047723468364919334","potions_obtained":[{"floor":1,"key":"Strength Potion"},{"floor":10,"key":"ColorlessPotion"},{"floor":13,"key":"DistilledChaos"},{"floor":13,"key":"BloodPotion"},{"floor":19,"key":"EntropicBrew"},{"floor":24,"key":"SpeedPotion"},{"floor":28,"key":"Explosive Potion"},{"floor":47,"key":"PowerPotion"},{"floor":48,"key":"Swift Potion"}],"is_trial":false,"path_per_floor":["M","$","?","?","?","R","M","E","T","E","M","R","?","M","R","B",null,"M","M","$","M","$","R","M","E","T","?","M","?","R","T","R","B",null,"M","$","?","?","M","R","?","T","T","R","$","E","M","E","R","B",null],"character_chosen":"IRONCLAD","items_purchased":["Shrug It Off","Body Slam","Tiny Chest","DollysMirror"],"campfire_rested":0,"item_purchase_floors":[2,2,20,45],"current_hp_per_floor":[80,80,80,80,77,80,77,59,59,46,48,57,57,54,63,14,66,62,47,62,54,69,78,80,69,69,69,74,74,83,83,92,76,91,81,96,84,84,90,98,95,95,95,100,100,102,104,106,106,84],"gold":96,"neow_bonus":"REMOVE_CARD","is_daily":false,"chose_seed":false,"campfire_upgraded":9,"win_rate":0.0,"timestamp":1608998669,"path_taken":["M","$","?","?","?","R","?","E","T","E","M","R","?","M","R","BOSS","M","M","?","M","$","R","M","E","T","?","?","?","R","?","R","BOSS","M","$","?","?","M","R","?","?","T","R","$","E","?","E","R","BOSS"],"items_purchased_type":["Card","Card","Relic","Relic"],"build_version":"2020-12-22","purchased_purges":2,"victory":true,"max_hp_per_floor":[80,80,80,80,80,80,80,80,80,83,83,83,83,83,83,83,83,85,87,87,89,89,89,91,91,91,91,94,94,94,94,94,96,96,98,98,98,98,98,98,100,100,100,100,100,102,104,106,106,106],"card_choices":[{"not_picked":["Intimidate","Bloodletting"],"picked":"Cleave","floor":1},{"not_picked":["Havoc","Fire Breathing"],"picked":"Twin Strike","floor":7},{"not_picked":["Pommel Strike","Burning Pact"],"picked":"Feed","floor":8},{"not_picked":["Evolve","Havoc"],"picked":"Spot Weakness","floor":10},{"not_picked":["Reckless Charge","Rage"],"picked":"Whirlwind","floor":11},{"not_picked":["Rupture","Rage"],"picked":"True Grit","floor":14},{"not_picked":["Immolate","Feed"],"picked":"Barricade","floor":16},{"not_picked":["Disarm"],"picked":"Singing Bowl","floor":18},{"not_picked":["Havoc"],"picked":"Singing Bowl","floor":19},{"not_picked":["Warcry"],"picked":"Singing Bowl","floor":21},{"not_picked":["Rage"],"picked":"Singing Bowl","floor":24},{"not_picked":[],"picked":"Shrug It Off","floor":25},{"not_picked":[],"picked":"Shrug It Off","floor":28},{"not_picked":["Feed"],"picked":"Singing Bowl","floor":33},{"not_picked":["Body Slam+1"],"picked":"Singing Bowl","floor":35},{"not_picked":[],"picked":"Entrench+1","floor":39},{"not_picked":["Mind Blast"],"picked":"Singing Bowl","floor":41},{"not_picked":[],"picked":"Madness+1","floor":41},{"not_picked":["Sever Soul+1"],"picked":"Singing Bowl","floor":46},{"not_picked":["Twin Strike+1"],"picked":"Singing Bowl","floor":47},{"not_picked":["Infernal Blade+1"],"picked":"Singing Bowl","floor":48}],"player_experience":190374,"relics_obtained":[{"floor":8,"key":"MealTicket"},{"floor":9,"key":"Red Skull"},{"floor":10,"key":"Singing Bowl"},{"floor":25,"key":"Darkstone Periapt"},{"floor":26,"key":"Nunchaku"},{"floor":31,"key":"Toxic Egg 2"},{"floor":42,"key":"Toy Ornithopter"},{"floor":43,"key":"Potion Belt"},{"floor":46,"key":"Happy Flower"},{"floor":48,"key":"Centennial Puzzle"}],"event_choices":[{"damage_healed":0,"gold_gain":0,"player_choice":"Ignored","damage_taken":0,"max_hp_gain":0,"max_hp_loss":0,"event_name":"Liars Game","floor":3,"gold_loss":0},{"damage_healed":0,"gold_gain":0,"player_choice":"Grow","damage_taken":0,"max_hp_gain":0,"max_hp_loss":0,"event_name":"Living Wall","floor":4,"gold_loss":0,"cards_upgraded":["Cleave"]},{"damage_healed":0,"gold_gain":0,"player_choice":"Success","damage_taken":3,"relics_obtained":["Eternal Feather"],"max_hp_gain":0,"max_hp_loss":0,"event_name":"Scrap Ooze","floor":5,"gold_loss":0},{"damage_healed":0,"gold_gain":0,"player_choice":"Got Potions","damage_taken":0,"max_hp_gain":0,"max_hp_loss":0,"event_name":"Lab","floor":13,"gold_loss":0},{"cards_removed":["Strike_R"],"damage_healed":0,"gold_gain":0,"player_choice":"Card Removal","damage_taken":0,"max_hp_gain":0,"max_hp_loss":0,"event_name":"Wheel of Change","floor":27,"gold_loss":0},{"cards_removed":["Defend_R"],"damage_healed":0,"gold_gain":0,"player_choice":"Gave Gold","damage_taken":0,"max_hp_gain":0,"max_hp_loss":0,"event_name":"Beggar","floor":29,"gold_loss":75},{"damage_healed":0,"gold_gain":0,"player_choice":"Embrace Madness","damage_taken":12,"max_hp_gain":0,"max_hp_loss":0,"event_name":"Winding Halls","floor":37,"gold_loss":0,"cards_obtained":["Madness","Madness"]},{"cards_removed":["Cleave"],"damage_healed":0,"gold_gain":0,"player_choice":"Removed Attack","damage_taken":0,"max_hp_gain":0,"max_hp_loss":0,"event_name":"Falling","floor":38,"gold_loss":0},{"damage_healed":0,"gold_gain":0,"player_choice":"Memory 2","damage_taken":5,"max_hp_gain":0,"max_hp_loss":0,"event_name":"SensoryStone","floor":41,"gold_loss":0}],"is_beta":false,"boss_relics":[{"not_picked":["Runic Dome","SlaversCollar"],"picked":"Busted Crown"},{"not_picked":["Pandora\u0027s Box","Black Blood"],"picked":"Empty Cage"}],"items_purged_floors":[20,36],"is_endless":false,"potions_floor_spawned":[1,10,16,18,19,24,28,47,48],"ascension_level":5}}