{"host":"5bdt6s51dmpd4l3v","time":1608987130,"event":{"mods":["AchievementEnabler","BaseMod","Colored Map","Colored Powertips","Highlight Path","Minty Spire (QoL Compilation)","Quick Restart","Rare Cards Sparkle","StSLib"],"gold_per_floor":[116,391,99,111,53,53,80,95,149,149,162,176,176,13,13,88,88,88,88,88,88,88,88,88,88],"floor_reached":24,"playtime":412,"items_purged":["Regret"],"score":409,"play_id":"cda659f1-6830-43dc-a336-7f979ed04dd6","local_time":"20201226205210","is_ascension_mode":true,"campfire_choices":[{"data":"Flex","floor":6,"key":"SMITH"},{"data":"Armaments","floor":10,"key":"SMITH"},{"data":"Shockwave","floor":15,"key":"SMITH"},{"data":"Infernal Blade","floor":23,"key":"SMITH"}],"circlet_count":0,"master_deck":["AscendersBane","Strike_R+1","Strike_R+1","Strike_R+1","Strike_R+1","Strike_R+1","Defend_R+1","Defend_R+1","Defend_R+1","Defend_R+1","Bash","Sword Boomerang","Flex+1","Shockwave+1","Hemokinesis","Pommel Strike","Headbutt","Armaments+1","Pummel","Offering","Infernal Blade+1","Burning Pact"],"relics":["Burning Blood","NeowsBlessing","Pen Nib","Red Skull","Dream Catcher","HandDrill","Ectoplasm"],"acts_visited":["Exordium","TheCity"],"potions_floor_usage":[16,16],"damage_taken":[{"damage":0,"enemies":"Small Slimes","floor":1,"turns":1},{"damage":0,"enemies":"Cultist","floor":4,"turns":1},{"damage":0,"enemies":"3 Sentries","floor":7,"turns":1},{"damage":12,"enemies":"Jaw Worm","floor":8,"turns":3},{"damage":11,"enemies":"2 Fungi Beasts","floor":11,"turns":3},{"damage":10,"enemies":"3 Louse","floor":12,"turns":2},{"damage":26,"enemies":"The Guardian","floor":16,"turns":7},{"damage":32,"enemies":"Spheric Guardian","floor":18,"turns":4},{"damage":8,"enemies":"Chosen","floor":21,"turns":1},{"damage":26,"enemies":"Shelled Parasite and Fungi","floor":22,"turns":2},{"damage":15,"enemies":"Book of Stabbing","floor":24,"turns":2}],"seed_played":"4714949000257276161","potions_obtained":[{"floor":4,"key":"GamblersBrew"},{"floor":11,"key":"LiquidMemories"},{"floor":12,"key":"BlessingOfTheForge"},{"floor":21,"key":"ElixirPotion"}],"is_trial":false,"path_per_floor":["M","?","$","M","$","R","E","M","T","R","M","M","?","$","R","B",null,"M","$","?","M","M","R","E"],"character_chosen":"IRONCLAD","items_purchased":["Flex","Shockwave","Hemokinesis","Headbutt","HandDrill"],"campfire_rested":0,"item_purchase_floors":[3,3,3,5,14],"current_hp_per_floor":[74,74,74,75,75,75,75,69,69,69,64,60,60,60,60,40,66,40,40,40,38,18,18,3,3],"gold":88,"neow_bonus":"THREE_ENEMY_KILL","is_daily":false,"chose_seed":false,"campfire_upgraded":4,"win_rate":0.0,"timestamp":1608987130,"path_taken":["M","?","$","M","?","R","E","M","T","R","?","M","?","?","R","BOSS","M","$","?","M","M","R","E"],"items_purchased_type":["Card","Card","Card","Card","Relic"],"build_version":"2020-12-22","purchased_purges":1,"victory":false,"max_hp_per_floor":[75,75,75,75,75,75,75,75,75,75,75,75,75,75,75,75,75,75,75,75,75,75,75,75,75],"card_choices":[{"not_picked":["Body Slam","Pommel Strike"],"picked":"Sword Boomerang","floor":1},{"not_picked":["Sword Boomerang","Thunderclap"],"picked":"Pommel Strike","floor":4},{"not_picked":["Shrug It Off","Fire Breathing","Uppercut"],"picked":"SKIP","floor":7},{"not_picked":["Headbutt","Cleave"],"picked":"Armaments","floor":8},{"not_picked":["Anger","Combust","Evolve"],"picked":"SKIP","floor":11},{"not_picked":["Combust","Second Wind"],"picked":"Pummel","floor":12},{"not_picked":["Fiend Fire","Double Tap"],"picked":"Offering","floor":16},{"not_picked":["Metallicize+1","Pommel Strike","Flex"],"picked":"SKIP","floor":18},{"not_picked":["Bloodletting","Disarm"],"picked":"Infernal Blade","floor":21},{"not_picked":["Anger","Sword Boomerang"],"picked":"Burning Pact","floor":22}],"player_experience":248601,"relics_obtained":[{"floor":7,"key":"Pen Nib"},{"floor":9,"key":"Red Skull"}],"event_choices":[{"damage_healed":0,"gold_gain":275,"player_choice":"Desecrate","damage_taken":0,"max_hp_gain":0,"max_hp_loss":0,"event_name":"Golden Shrine","floor":2,"gold_loss":0,"cards_obtained":["Regret"]},{"damage_healed":0,"gold_gain":0,"player_choice":"Searched \u00272\u0027 times","damage_taken":0,"relics_obtained":["Dream Catcher"],"max_hp_gain":0,"max_hp_loss":0,"event_name":"Dead Adventurer","floor":13,"gold_loss":0},{"damage_healed":0,"gold_gain":0,"player_choice":"Simplicity","damage_taken":0,"max_hp_gain":0,"max_hp_loss":0,"event_name":"Back to Basics","floor":20,"gold_loss":0,"cards_upgraded":["Strike_R","Strike_R","Strike_R","Strike_R","Strike_R","Defend_R","Defend_R","Defend_R","Defend_R"]}],"is_beta":false,"boss_relics":[{"not_picked":["Runic Pyramid","Black Star"],"picked":"Ectoplasm"}],"items_purged_floors":[3],"is_endless":false,"potions_floor_spawned":[4,11,12,21],"killed_by":"Book of Stabbing","ascension_level":17}}