{"host":"7cp3z5w0tcrrm8ys","time":1608974911,"event":{"mods":["AchievementEnabler","BaseMod","DeckTracker","Minty Spire (QoL Compilation)","StSLib","SuperFastMode"],"gold_per_floor":[117,130,110,35,51,51,80,80,103,135,135,81,81,106,106,205,205,220,120,120,144,162,205,205,220,289,179,202,243,243,293,293,293,293],"floor_reached":33,"playtime":970,"items_purged":["Concentrate","Cloak And Dagger"],"score":786,"play_id":"6e32d968-1b59-4442-93b8-ee3282cddd7b","local_time":"20201226182831","is_ascension_mode":true,"campfire_choices":[{"data":"Skewer","floor":6.0,"key":"SMITH"},{"data":"Unload","floor":8.0,"key":"SMITH"},{"floor":11.0,"key":"REST"},{"data":"Phantasmal Killer","floor":15.0,"key":"SMITH"},{"floor":24,"key":"REST"},{"floor":30,"key":"REST"},{"floor":32,"key":"REST"}],"circlet_count":0,"master_deck":["AscendersBane","Survivor","Neutralize+1","Dagger Spray","Skewer+1","Backstab","Predator+1","Well Laid Plans","Unload+1","Deflect","Venomology","PiercingWail","PiercingWail","PiercingWail","Phantasmal Killer+1","Corpse Explosion","Venomology","Malaise+1","Noxious Fumes"],"relics":["Pandora\u0027s Box","Regal Pillow","Whetstone","CaptainsWheel","Golden Idol","Cursed Key","Dream Catcher","Kunai","Oddly Smooth Stone"],"acts_visited":["Exordium","TheCity"],"potions_floor_usage":[16,21,21,22,23,23,25,28,28,29,29,29,33,33,33],"damage_taken":[{"damage":3.0,"enemies":"Jaw Worm","floor":1.0,"turns":3.0},{"damage":0.0,"enemies":"Cultist","floor":2.0,"turns":2.0},{"damage":6.0,"enemies":"Small Slimes","floor":5.0,"turns":2.0},{"damage":0.0,"enemies":"Lagavulin","floor":7.0,"turns":6.0},{"damage":17.0,"enemies":"Gremlin Nob","floor":10.0,"turns":4.0},{"damage":4.0,"enemies":"Gremlin Gang","floor":14.0,"turns":2.0},{"damage":0,"enemies":"Slime Boss","floor":16,"turns":5},{"damage":0,"enemies":"3 Byrds","floor":18,"turns":2},{"damage":3,"enemies":"Spheric Guardian","floor":21,"turns":4},{"damage":2,"enemies":"Chosen and Byrds","floor":22,"turns":5},{"damage":26,"enemies":"Slavers","floor":23,"turns":3},{"damage":17,"enemies":"Sentry and Sphere","floor":25,"turns":5},{"damage":1,"enemies":"Snecko","floor":28,"turns":6},{"damage":28,"enemies":"Gremlin Leader","floor":29,"turns":5},{"damage":117,"enemies":"Champ","floor":33,"turns":13}],"seed_played":"5397056151938230987","potions_obtained":[{"floor":2.0,"key":"Dexterity Potion"},{"floor":3.0,"key":"Fire Potion"},{"floor":16,"key":"FairyPotion"},{"floor":18,"key":"LiquidMemories"},{"floor":28,"key":"Dexterity Potion"},{"floor":29,"key":"AttackPotion"}],"is_trial":false,"path_per_floor":["M","M","?","$","M","R","E","R","T","E","R","$","?","M","R","B",null,"M","$","?","M","M","E","R","M","T","?","M","E","R","?","R","B"],"character_chosen":"THE_SILENT","items_purchased":["Fire Potion"],"campfire_rested":4,"item_purchase_floors":[12],"current_hp_per_floor":[56,56,56,56,50,50,50,50,50,33,66,66,43,39,39,39,59,59,59,59,56,54,28,62,45,45,45,44,28,62,62,66,0,0],"gold":293,"neow_bonus":"BOSS_RELIC","is_daily":false,"chose_seed":false,"campfire_upgraded":3,"win_rate":0.0,"timestamp":1608974911,"path_taken":["M","M","?","$","M","R","E","R","T","E","R","?","?","M","R","BOSS","M","$","?","M","?","E","R","M","T","?","?","E","R","?","R","BOSS"],"items_purchased_type":["Potion"],"build_version":"2020-12-22","purchased_purges":2,"victory":false,"max_hp_per_floor":[66,66,66,66,66,66,66,66,66,66,66,66,66,66,66,66,66,66,66,66,66,66,66,66,66,66,66,66,66,66,66,66,66,66],"card_choices":[{"not_picked":["Tactician","Expertise"],"picked":"PiercingWail","floor":1.0},{"not_picked":["Deflect","Prepared"],"picked":"PiercingWail","floor":2.0},{"not_picked":["Expertise","Deadly Poison"],"picked":"PiercingWail","floor":5.0},{"not_picked":["Finisher","Flying Knee","Predator"],"picked":"SKIP","floor":7.0},{"not_picked":["Quick Slash","Underhanded Strike","Accuracy"],"picked":"SKIP","floor":10.0},{"not_picked":["Bane","Acrobatics"],"picked":"Phantasmal Killer","floor":14.0},{"not_picked":["Grand Finale","Burst"],"picked":"Corpse Explosion","floor":16},{"not_picked":["All Out Attack","Sucker Punch","Deflect"],"picked":"SKIP","floor":18},{"not_picked":["Distraction","Dagger Throw","Cloak And Dagger+1"],"picked":"SKIP","floor":21},{"not_picked":["Caltrops","Underhanded Strike","Reflex"],"picked":"SKIP","floor":22},{"not_picked":["Caltrops+1","Prepared","Deadly Poison"],"picked":"SKIP","floor":23},{"not_picked":["Outmaneuver","Choke"],"picked":"Malaise","floor":25},{"not_picked":["Masterful Stab","Dagger Throw","Caltrops"],"picked":"SKIP","floor":28},{"not_picked":["Outmaneuver","Storm of Steel","Riddle With Holes"],"picked":"SKIP","floor":29},{"not_picked":["Finisher","Concentrate"],"picked":"Noxious Fumes","floor":32}],"player_experience":792291,"relics_obtained":[{"floor":7.0,"key":"Regal Pillow"},{"floor":9.0,"key":"Whetstone"},{"floor":10.0,"key":"CaptainsWheel"},{"floor":23,"key":"Dream Catcher"},{"floor":26,"key":"Kunai"},{"floor":29,"key":"Oddly Smooth Stone"}],"event_choices":[{"damage_healed":0.0,"max_hp_gain":0.0,"max_hp_loss":0.0,"gold_gain":0.0,"event_name":"The Woman in Blue","player_choice":"Bought 1 Potion","floor":3.0,"gold_loss":0.0,"damage_taken":0.0},{"damage_healed":0.0,"max_hp_gain":0.0,"max_hp_loss":0.0,"gold_gain":0.0,"event_name":"Golden Idol","player_choice":"Take Damage","floor":13.0,"gold_loss":0.0,"damage_taken":23.0,"relics_obtained":["Golden Idol"]},{"damage_healed":0,"gold_gain":0,"player_choice":"Copied","damage_taken":0,"max_hp_gain":0,"max_hp_loss":0,"event_name":"Duplicator","floor":20,"gold_loss":0,"cards_obtained":["Venomology"]},{"cards_removed":["Injury"],"damage_healed":0,"gold_gain":0,"player_choice":"Upgrade and Remove","damage_taken":0,"max_hp_gain":0,"max_hp_loss":0,"event_name":"Designer","floor":27,"gold_loss":110,"cards_upgraded":["Malaise"]},{"damage_healed":0,"gold_gain":100,"player_choice":"Bet on Murderer","damage_taken":0,"max_hp_gain":0,"max_hp_loss":0,"event_name":"The Joust","floor":31,"gold_loss":50}],"is_beta":false,"boss_relics":[{"not_picked":["Sozu","Velvet Choker"],"picked":"Cursed Key"}],"items_purged_floors":[4,19],"is_endless":false,"potions_floor_spawned":[2,5,16,18,21,28,29],"killed_by":"Champ","ascension_level":20}}