{"host":"wwo1kwxjf4eyz37q","time":1608951059,"event":{"mods":["AchievementEnabler","BaseMod","Colored Map","Minty Spire (QoL Compilation)","Quick Restart","SuperFastMode"],"gold_per_floor":[109,123,134,12,25,25,55,5,5,16,28,28,28,44,44,119,119,119,119,119,119,119,119,119,119,119,119,119,119,119,119,119,119,119,119,119,119,119,119,119,119,119,119,119,119,119,119,119],"floor_reached":47,"playtime":2841,"items_purged":["Strike_R"],"score":982,"play_id":"2fe72c56-5f52-41b0-a96e-7d836e6be66b","local_time":"20201226115059","is_ascension_mode":true,"campfire_choices":[{"data":"True Grit","floor":6.0,"key":"SMITH"},{"data":"Armaments","floor":13.0,"key":"SMITH"},{"floor":15.0,"key":"REST"},{"data":"Limit Break","floor":23.0,"key":"SMITH"},{"data":"Offering","floor":29.0,"key":"SMITH"},{"data":"Bash","floor":32.0,"key":"SMITH"},{"data":"Limit Break","floor":40.0,"key":"SMITH"},{"data":"Flex","floor":45,"key":"SMITH"}],"circlet_count":0,"master_deck":["AscendersBane","Strike_R","Defend_R","Defend_R","Defend_R","Defend_R","Bash+1","Spot Weakness","True Grit+1","Shrug It Off","Headbutt","Armaments+1","Limit Break+1","Flame Barrier","Offering+1","Ghostly","Ghostly","Ghostly","Ghostly","Ghostly","Shrug It Off","Cleave","Sword Boomerang","Sword Boomerang","Limit Break+1","CurseOfTheBell","Battle Trance","Flex+1","Sword Boomerang+1","Offering"],"relics":["Cursed Key","Self Forming Clay","Ectoplasm","Mango","Letter Opener","Calling Bell","Boot","Molten Egg 2","Champion Belt","Happy Flower"],"acts_visited":["TheCity","TheBeyond"],"potions_floor_usage":[],"damage_taken":[{"damage":0.0,"enemies":"Cultist","floor":1.0,"turns":3.0},{"damage":2.0,"enemies":"Jaw Worm","floor":2.0,"turns":3.0},{"damage":2.0,"enemies":"2 Louse","floor":3.0,"turns":2.0},{"damage":8.0,"enemies":"Exordium Wildlife","floor":5.0,"turns":5.0},{"damage":31.0,"enemies":"Lagavulin","floor":7.0,"turns":8.0},{"damage":11.0,"enemies":"Exordium Thugs","floor":10.0,"turns":5.0},{"damage":6.0,"enemies":"Gremlin Gang","floor":11.0,"turns":5.0},{"damage":6.0,"enemies":"2 Fungi Beasts","floor":14.0,"turns":4.0},{"damage":6.0,"enemies":"The Guardian","floor":16.0,"turns":11.0},{"damage":0.0,"enemies":"3 Byrds","floor":18.0,"turns":2.0},{"damage":1.0,"enemies":"Shell Parasite","floor":21.0,"turns":7.0},{"damage":1.0,"enemies":"Book of Stabbing","floor":24.0,"turns":6.0},{"damage":3.0,"enemies":"Centurion and Healer","floor":25.0,"turns":7.0},{"damage":4.0,"enemies":"Snake Plant","floor":27.0,"turns":5.0},{"damage":1.0,"enemies":"Snecko","floor":28.0,"turns":6.0},{"damage":1.0,"enemies":"Centurion and Healer","floor":30.0,"turns":6.0},{"damage":1.0,"enemies":"Slavers","floor":31.0,"turns":7.0},{"damage":36.0,"enemies":"Collector","floor":33.0,"turns":9.0},{"damage":2.0,"enemies":"Orb Walker","floor":35.0,"turns":4.0},{"damage":1.0,"enemies":"3 Darklings","floor":36.0,"turns":5.0},{"damage":3.0,"enemies":"Spire Growth","floor":37.0,"turns":5.0},{"damage":7.0,"enemies":"Maw","floor":39.0,"turns":8.0},{"damage":10.0,"enemies":"Jaw Worm Horde","floor":41.0,"turns":5.0},{"damage":3.0,"enemies":"Reptomancer","floor":42.0,"turns":5.0},{"damage":3,"enemies":"Spire Growth","floor":44,"turns":4},{"damage":8,"enemies":"Sphere and 2 Shapes","floor":46,"turns":6},{"damage":6,"enemies":"Jaw Worm Horde","floor":47,"turns":1}],"seed_played":"-2128680463932440069","potions_obtained":[{"floor":3.0,"key":"BlessingOfTheForge"},{"floor":7.0,"key":"FearPotion"},{"floor":11.0,"key":"Energy Potion"},{"floor":14.0,"key":"DistilledChaos"},{"floor":16.0,"key":"SmokeBomb"},{"floor":24.0,"key":"ElixirPotion"},{"floor":36.0,"key":"DistilledChaos"},{"floor":39.0,"key":"SmokeBomb"},{"floor":41.0,"key":"SteroidPotion"}],"is_trial":false,"path_per_floor":["M","M","M","$","M","R","E","?","T","M","M","?","R","M","R","B",null,"M","?","T","M","$","R","E","M","T","M","M","R","M","E","R","B",null,"M","M","M","?","M","R","M","E","T","M","R","M","M"],"character_chosen":"IRONCLAD","items_purchased":["Shrug It Off"],"campfire_rested":1,"item_purchase_floors":[4],"current_hp_per_floor":[72,70,68,68,60,60,29,29,29,18,12,12,12,6,30,24,66,66,40,40,39,39,39,52,49,49,45,44,44,43,42,42,6,42,40,39,36,36,29,29,19,16,16,13,13,5,0,0],"gold":119,"neow_bonus":"BOSS_RELIC","is_daily":false,"chose_seed":false,"campfire_upgraded":7,"win_rate":0.0,"timestamp":1608951059,"path_taken":["M","M","M","$","M","R","E","?","T","M","M","?","R","M","R","BOSS","M","?","?","M","$","R","E","M","T","M","?","R","M","E","R","BOSS","M","?","M","?","M","R","M","E","T","M","R","?","M"],"items_purchased_type":["Card"],"build_version":"2020-12-22","purchased_purges":1,"victory":false,"max_hp_per_floor":[80,80,80,80,80,80,80,80,80,80,80,80,80,80,80,80,80,80,40,40,40,40,40,54,54,54,54,54,54,54,54,54,54,54,54,54,54,54,54,54,54,54,54,54,54,54,54,54],"card_choices":[{"not_picked":["Body Slam","Sentinel"],"picked":"Spot Weakness","floor":1.0},{"not_picked":["Anger","Body Slam","Warcry"],"picked":"SKIP","floor":2.0},{"not_picked":["Warcry","Armaments"],"picked":"True Grit","floor":3.0},{"not_picked":["Perfected Strike","Clash","Body Slam"],"picked":"SKIP","floor":5.0},{"not_picked":["Clash","Pommel Strike"],"picked":"Headbutt","floor":7.0},{"not_picked":["Blood for Blood","Pommel Strike","Flex"],"picked":"SKIP","floor":10.0},{"not_picked":["Heavy Blade","Anger"],"picked":"Armaments","floor":11.0},{"not_picked":["Perfected Strike","Impervious"],"picked":"Flame Barrier","floor":14.0},{"not_picked":["Impervious","Corruption"],"picked":"Offering","floor":16.0},{"not_picked":["Spot Weakness","Rupture"],"picked":"Shrug It Off","floor":21.0},{"not_picked":["Corruption","Havoc","Headbutt"],"picked":"SKIP","floor":24.0},{"not_picked":["Ghostly Armor","Second Wind"],"picked":"Cleave","floor":25.0},{"not_picked":["Flex","Body Slam"],"picked":"Sword Boomerang","floor":27.0},{"not_picked":["Pommel Strike","Cleave"],"picked":"Sword Boomerang","floor":28.0},{"not_picked":["Searing Blow","Bludgeon","Clash"],"picked":"SKIP","floor":30.0},{"not_picked":["Shockwave","Perfected Strike","Rampage+1"],"picked":"SKIP","floor":31.0},{"not_picked":["Impervious","Brutality"],"picked":"Limit Break","floor":33.0},{"not_picked":["Wild Strike+1","Iron Wave+1","Thunderclap+1"],"picked":"SKIP","floor":35.0},{"not_picked":["Armaments","Rage"],"picked":"Battle Trance","floor":36.0},{"not_picked":["Double Tap","Armaments","Sever Soul+1"],"picked":"SKIP","floor":37.0},{"not_picked":["Thunderclap+1","True Grit","Body Slam+1"],"picked":"SKIP","floor":39.0},{"not_picked":["Pommel Strike+1","Perfected Strike+1"],"picked":"Flex","floor":41.0},{"not_picked":["Rampage+1","Blood for Blood+1","Clash+1"],"picked":"SKIP","floor":42.0},{"not_picked":["Infernal Blade","Cleave+1"],"picked":"Sword Boomerang+1","floor":44},{"not_picked":["Clash+1","Shrug It Off"],"picked":"Offering","floor":46}],"player_experience":141972,"relics_obtained":[{"floor":7.0,"key":"Self Forming Clay"},{"floor":24.0,"key":"Mango"},{"floor":31.0,"key":"Letter Opener"},{"floor":34.0,"key":"Boot"},{"floor":34.0,"key":"Molten Egg 2"},{"floor":34.0,"key":"Champion Belt"},{"floor":42.0,"key":"Happy Flower"}],"event_choices":[{"cards_removed":["Strike_R"],"damage_healed":0.0,"max_hp_gain":0.0,"max_hp_loss":0.0,"gold_gain":0.0,"event_name":"The Cleric","player_choice":"Card Removal","floor":8.0,"gold_loss":50.0,"damage_taken":0.0},{"damage_healed":0.0,"max_hp_gain":0.0,"max_hp_loss":0.0,"gold_gain":0.0,"cards_transformed":["Strike_R"],"event_name":"Living Wall","player_choice":"Change","floor":12.0,"gold_loss":0.0,"damage_taken":0.0,"cards_obtained":["Limit Break"]},{"damage_healed":0.0,"max_hp_gain":0.0,"max_hp_loss":40.0,"gold_gain":0.0,"event_name":"Ghosts","player_choice":"Became a Ghost","floor":19.0,"gold_loss":0.0,"damage_taken":0.0,"cards_obtained":["Ghostly","Ghostly","Ghostly","Ghostly","Ghostly"]},{"cards_removed":["Strike_R"],"damage_healed":0.0,"max_hp_gain":0.0,"max_hp_loss":0.0,"gold_gain":0.0,"event_name":"Bonfire Elementals","player_choice":"Offered Basic","floor":38.0,"gold_loss":0.0,"damage_taken":0.0}],"is_beta":false,"boss_relics":[{"not_picked":["Snecko Eye","SacredBark"],"picked":"Ectoplasm"},{"not_picked":["Black Star","Runic Dome"],"picked":"Calling Bell"}],"items_purged_floors":[4],"is_endless":false,"potions_floor_spawned":[3,7,11,14,16,24,30,33,36,39,41],"killed_by":"Jaw Worm Horde","ascension_level":13}}