{"host":"pnte43t0hnfhqkei","time":1608988653,"event":{"mods":["Act Like it!","BaseMod","BetterRewards","Colored Powertips","Conspire","Infinite Spire","Luminous","Minty Spire (QoL Compilation)","Robot Space Explorer","StSLib","The Dragon Tamer","TheSwordswoman","TheWitcher","Wandering Minibosses"],"gold_per_floor":[117,117,117,117,142,176,199,199,199,199,219,254,254,290,302,434,446,473,498,530,542,554,566,612,624,660,672,705,717,729,784,796,934,946,974,1004,1035,1047,1072,1084,1096,1096],"floor_reached":41,"playtime":3716,"items_purged":[],"score":474,"play_id":"5684d019-a3a6-445b-9f53-90ad4fa2dbf6","local_time":"20201226141733","is_ascension_mode":false,"campfire_choices":[{"floor":8.0,"key":"REST"},{"data":"RobotSpaceExplorer:RigExplosive","floor":15.0,"key":"SMITH"},{"data":"RobotSpaceExplorer:Asteroid","floor":23.0,"key":"SMITH"},{"data":"RobotSpaceExplorer:TrailblazerForm","floor":25.0,"key":"SMITH"},{"data":"RobotSpaceExplorer:BigMissile","floor":29.0,"key":"SMITH"},{"data":"infinitespire:Collect","floor":32.0,"key":"SMITH"},{"data":"Madness","floor":40,"key":"SMITH"}],"circlet_count":0,"master_deck":["RobotSpaceExplorer:Strike+1","RobotSpaceExplorer:Strike","RobotSpaceExplorer:Strike+1","RobotSpaceExplorer:Strike","RobotSpaceExplorer:Defend","RobotSpaceExplorer:Defend","RobotSpaceExplorer:Defend","RobotSpaceExplorer:Scan","RobotSpaceExplorer:MiniLasers","RobotSpaceExplorer:GlueShot+1","RobotSpaceExplorer:GearShield","RobotSpaceExplorer:IronShell+1","RobotSpaceExplorer:RigExplosive+1","RobotSpaceExplorer:Asteroid+1","RobotSpaceExplorer:MiniBoosters","RobotSpaceExplorer:GlueShot+1","RobotSpaceExplorer:BigMissile+1","RitualDagger","RobotSpaceExplorer:TrailblazerForm+1","infinitespire:Collect+1","RobotSpaceExplorer:MiniDrones+1","RobotSpaceExplorer:LuckyStrike+1","RobotSpaceExplorer:MiniDrones+1","Madness","Madness+1","RobotSpaceExplorer:SurgingStrike+1"],"relics":["RobotSpaceExplorer:TurboCore","Golden Idol","Eternal Feather","Potion Belt","Prayer Wheel","MawBank","infinitespire:Lucky Rock","Boot","Darkstone Periapt","conspire:RoyalGoblet","Art of War"],"acts_visited":["Exordium","TheCity","TheBeyond"],"potions_floor_usage":[35,35,35,35,36,39,39],"damage_taken":[{"damage":1.0,"enemies":"conspire:RoseBush","floor":1.0,"turns":4.0},{"damage":0.0,"enemies":"2 Louse","floor":5.0,"turns":3.0},{"damage":10.0,"enemies":"Gremlin Nob","floor":6.0,"turns":3.0},{"damage":0.0,"enemies":"Jaw Worm","floor":7.0,"turns":3.0},{"damage":0.0,"enemies":"Large Slime","floor":11.0,"turns":7.0},{"damage":14.0,"enemies":"Lagavulin","floor":12.0,"turns":11.0},{"damage":14.0,"enemies":"Gremlin Nob","floor":14.0,"turns":4.0},{"damage":13.0,"enemies":"The Guardian","floor":16.0,"turns":12.0},{"damage":3.0,"enemies":"2 Thieves","floor":18.0,"turns":4.0},{"damage":6.0,"enemies":"Shell Parasite","floor":19.0,"turns":7.0},{"damage":5.0,"enemies":"Shelled Parasite and Fungi","floor":20.0,"turns":5.0},{"damage":4.0,"enemies":"conspire:Head Lice","floor":24.0,"turns":7.0},{"damage":2.0,"enemies":"Cultist and Chosen","floor":28.0,"turns":6.0},{"damage":40.0,"enemies":"Gremlin Leader","floor":31.0,"turns":8.0},{"damage":34,"enemies":"Automaton","floor":33,"turns":12},{"damage":7,"enemies":"3 Darklings","floor":35,"turns":4},{"damage":5,"enemies":"Orb Walker","floor":36,"turns":4},{"damage":5,"enemies":"Sphere and 2 Shapes","floor":37,"turns":3},{"damage":11,"enemies":"Transient","floor":39,"turns":5},{"damage":62,"enemies":"Giant Head","floor":41,"turns":8}],"seed_played":"-1391089548618479537","potions_obtained":[{"floor":1.0,"key":"ColorlessPotion"},{"floor":6.0,"key":"ColorlessPotion"},{"floor":12.0,"key":"RobotSpaceExplorer:PlasmaFlask"},{"floor":14.0,"key":"Fire Potion"},{"floor":16.0,"key":"AttackPotion"},{"floor":18.0,"key":"conspire:TimeTravelPotion"},{"floor":20.0,"key":"Regen Potion"},{"floor":33,"key":"Fire Potion"},{"floor":36,"key":"RobotSpaceExplorer:PlasmaFlask"},{"floor":37,"key":"Ancient Potion"}],"is_trial":false,"path_per_floor":["M","?","?","?","M","E","M","R","T","?","M","E","?","E","R","B",null,"M","M","M","?","?","R","E","R","T","$","M","R","AVR","E","R","B",null,"M","M","M","?","M","R","E"],"character_chosen":"RobotSpaceExplorer","items_purchased":[],"campfire_rested":1,"item_purchase_floors":[],"current_hp_per_floor":[81,73,57,37,37,27,27,57,57,57,57,43,43,29,35,22,82,79,73,68,68,62,71,82,82,82,82,80,82,82,42,54,20,82,75,70,65,55,44,59,0,0],"gold":1096,"neow_bonus":"TEN_PERCENT_HP_BONUS","is_daily":false,"chose_seed":false,"campfire_upgraded":6,"win_rate":0.0,"timestamp":1608988653,"path_taken":["M","?","?","?","M","E","?","R","T","?","M","E","?","E","R","BOSS","M","M","M","?","?","R","E","R","T","?","M","R","AVR","E","R","BOSS","M","M","M","?","M","R","E"],"items_purchased_type":[],"build_version":"2020-12-22","purchased_purges":0,"victory":false,"max_hp_per_floor":[82,82,82,82,82,82,82,82,82,82,82,82,82,82,82,82,82,82,82,82,82,82,82,82,82,82,82,82,82,82,82,82,82,82,82,82,82,82,82,82,82,82],"card_choices":[{"not_picked":["RobotSpaceExplorer:Ammunition","RobotSpaceExplorer:ImprovisedAttack"],"picked":"RobotSpaceExplorer:GlueShot","floor":1.0},{"not_picked":["RobotSpaceExplorer:Counterblock","RobotSpaceExplorer:SwiftStep"],"picked":"RobotSpaceExplorer:GearShield","floor":5.0},{"not_picked":["RobotSpaceExplorer:ShockKick","RobotSpaceExplorer:Counterblock","RobotSpaceExplorer:SlimeMissile"],"picked":"SKIP","floor":6.0},{"not_picked":["RobotSpaceExplorer:FreezingShield","RobotSpaceExplorer:LaserBurst"],"picked":"RobotSpaceExplorer:IronShell","floor":7.0},{"not_picked":["RobotSpaceExplorer:StunGrenade","RobotSpaceExplorer:MiniDrones","RobotSpaceExplorer:ShovelStrike"],"picked":"SKIP","floor":11.0},{"not_picked":["RobotSpaceExplorer:Reload","RobotSpaceExplorer:SurgingShield","RobotSpaceExplorer:ShockKick"],"picked":"SKIP","floor":12.0},{"not_picked":["RobotSpaceExplorer:Ammunition","RobotSpaceExplorer:ScrapMissile"],"picked":"RobotSpaceExplorer:RigExplosive","floor":14.0},{"not_picked":["RobotSpaceExplorer:Explosion","RobotSpaceExplorer:Multitool"],"picked":"RobotSpaceExplorer:Asteroid","floor":16.0},{"not_picked":["RobotSpaceExplorer:ShockKick+1","RobotSpaceExplorer:ImprovisedAttack+1"],"picked":"RobotSpaceExplorer:MiniBoosters","floor":18.0},{"not_picked":["RobotSpaceExplorer:MetalStrike","RobotSpaceExplorer:ShovelStrike","RobotSpaceExplorer:ImprovisedAttack+1"],"picked":"SKIP","floor":18.0},{"not_picked":["RobotSpaceExplorer:Smokescreen","RobotSpaceExplorer:Counterblock"],"picked":"RobotSpaceExplorer:GlueShot+1","floor":19.0},{"not_picked":["RobotSpaceExplorer:Electropulse","RobotSpaceExplorer:ExhaustFan","RobotSpaceExplorer:LaserBurst"],"picked":"SKIP","floor":19.0},{"not_picked":["RobotSpaceExplorer:SelfCleaning","RobotSpaceExplorer:GlueShot"],"picked":"RobotSpaceExplorer:BigMissile","floor":20.0},{"not_picked":["RobotSpaceExplorer:SurgingStrike+1","RobotSpaceExplorer:Jetpack","RobotSpaceExplorer:Electropulse"],"picked":"SKIP","floor":20.0},{"not_picked":["RobotSpaceExplorer:Smokescreen","RobotSpaceExplorer:StarDust"],"picked":"RobotSpaceExplorer:TrailblazerForm","floor":24.0},{"not_picked":["RobotSpaceExplorer:SlimeMissile+1","RobotSpaceExplorer:StarLightning","RobotSpaceExplorer:TurboDodge"],"picked":"SKIP","floor":28.0},{"not_picked":["RobotSpaceExplorer:SurgingShield+1","RobotSpaceExplorer:FreezingShield","RobotSpaceExplorer:SurgingStrike"],"picked":"SKIP","floor":28.0},{"not_picked":["RobotSpaceExplorer:SlimeMissile+1","RobotSpaceExplorer:StarLightning","RobotSpaceExplorer:TurboDodge"],"picked":"SKIP","floor":28.0},{"not_picked":["RobotSpaceExplorer:SurgingShield+1","RobotSpaceExplorer:FreezingShield","RobotSpaceExplorer:SurgingStrike"],"picked":"SKIP","floor":28.0},{"not_picked":["RobotSpaceExplorer:SlimeMissile","RobotSpaceExplorer:DoubleFind","RobotSpaceExplorer:ShovelStrike"],"picked":"SKIP","floor":31.0},{"not_picked":["RobotSpaceExplorer:MiniBoosters","RobotSpaceExplorer:Probe+1"],"picked":"RobotSpaceExplorer:Exploration","floor":35},{"not_picked":["RobotSpaceExplorer:SurgingStrike","RobotSpaceExplorer:ShockKick","RobotSpaceExplorer:FranticSearch+1"],"picked":"SKIP","floor":35},{"not_picked":["RobotSpaceExplorer:SurgingStrike","RobotSpaceExplorer:ShockKick","RobotSpaceExplorer:FranticSearch+1"],"picked":"SKIP","floor":35},{"not_picked":["RobotSpaceExplorer:ToxicBomb","RobotSpaceExplorer:StunGrenade+1"],"picked":"RobotSpaceExplorer:MiniDrones+1","floor":36},{"not_picked":["RobotSpaceExplorer:ScrapMissile","RobotSpaceExplorer:SwiftStep"],"picked":"RobotSpaceExplorer:LuckyStrike+1","floor":36},{"not_picked":["RobotSpaceExplorer:SurgingShield","RobotSpaceExplorer:MetalStrike+1"],"picked":"RobotSpaceExplorer:MiniDrones+1","floor":37},{"not_picked":["RobotSpaceExplorer:FrostMissile","RobotSpaceExplorer:SurgingShield","RobotSpaceExplorer:DualCore"],"picked":"SKIP","floor":37},{"not_picked":["RobotSpaceExplorer:SwiftStep","RobotSpaceExplorer:MetalStrike"],"picked":"RobotSpaceExplorer:SurgingStrike+1","floor":39},{"not_picked":["RobotSpaceExplorer:Ammunition","RobotSpaceExplorer:Probe","RobotSpaceExplorer:ShovelStrike"],"picked":"SKIP","floor":39}],"player_experience":116788,"relics_obtained":[{"floor":6.0,"key":"Eternal Feather"},{"floor":9.0,"key":"Potion Belt"},{"floor":12.0,"key":"Prayer Wheel"},{"floor":14.0,"key":"MawBank"},{"floor":24.0,"key":"infinitespire:Lucky Rock"},{"floor":26.0,"key":"Boot"},{"floor":31.0,"key":"Darkstone Periapt"},{"floor":36,"key":"Art of War"}],"event_choices":[{"damage_healed":0.0,"max_hp_gain":0.0,"max_hp_loss":0.0,"gold_gain":0.0,"event_name":"Shining Light","player_choice":"Entered Light","floor":3.0,"gold_loss":0.0,"damage_taken":16.0,"cards_upgraded":["RobotSpaceExplorer:Strike","RobotSpaceExplorer:Strike"]},{"damage_healed":0.0,"max_hp_gain":0.0,"max_hp_loss":0.0,"gold_gain":0.0,"event_name":"Golden Idol","player_choice":"Take Damage","floor":4.0,"gold_loss":0.0,"damage_taken":20.0,"relics_obtained":["Golden Idol"]},{"damage_healed":0.0,"max_hp_gain":0.0,"max_hp_loss":0.0,"gold_gain":0.0,"event_name":"Accursed Blacksmith","player_choice":"Forge","floor":13.0,"gold_loss":0.0,"damage_taken":0.0,"cards_upgraded":["RobotSpaceExplorer:IronShell"]},{"damage_healed":0.0,"max_hp_gain":0.0,"max_hp_loss":0.0,"gold_gain":0.0,"event_name":"Nest","player_choice":"Joined the Cult","floor":22.0,"gold_loss":0.0,"damage_taken":6.0,"cards_obtained":["RitualDagger"]},{"damage_healed":0,"gold_gain":0,"player_choice":"Embrace Madness","damage_taken":10,"max_hp_gain":0,"max_hp_loss":0,"event_name":"Winding Halls","floor":38,"gold_loss":0,"cards_obtained":["Madness","Madness"]}],"is_beta":false,"boss_relics":[{"not_picked":["conspire:SlowCooker","Ectoplasm"],"picked":"RobotSpaceExplorer:TurboCore"},{"not_picked":["Cursed Key","infinitespire:Cupcake"],"picked":"conspire:RoyalGoblet"}],"items_purged_floors":[],"is_endless":false,"potions_floor_spawned":[1,6,12,14,16,18,20,28,33,36,37],"killed_by":"Giant Head","ascension_level":0}}