{"host":"f6tqpspb2ou2a4h5","time":1608991328,"event":{"mods":["2.2 Compatiblity","Ascension Unlocker","BaseMod","Colored Map","DeckTracker","Hermit","Highlight Path","KOR Keyword Fix","Keyboard Shortcuts","Minty Spire (QoL Compilation)","Permanent Neow","Quick Restart","Random Character Button","StSLib","SuperFastMode","The Poker Player","everything is the same but u backflip on backflip"],"gold_per_floor":[13,13,26,40,40,40,53,87,87,87,87,106,106,121,121,219,219,238,238,254,254,63,63,74,74,74,74,109,9,9,9],"floor_reached":30,"playtime":864,"items_purged":["Strike_B","Defend_B"],"score":285,"play_id":"18be5b9b-27d9-421f-9b1d-a4acf1a8c5cd","local_time":"20201226230208","is_ascension_mode":true,"campfire_choices":[{"data":"Dualcast","floor":6.0,"key":"SMITH"},{"floor":11.0,"key":"REST"},{"data":"White Noise","floor":15.0,"key":"SMITH"},{"data":"Panache","floor":23.0,"key":"SMITH"},{"data":"Panache","floor":25.0,"key":"SMITH"},{"data":"FTL","floor":27.0,"key":"SMITH"}],"circlet_count":0,"master_deck":["Strike_B","Strike_B","Defend_B","Defend_B","Defend_B","Zap+1","Dualcast+1","Panache+1","Sweeping Beam","Cold Snap","Gash","Rip and Tear","White Noise+1","Beam Cell","Compile Driver","Electrodynamics","Loop+1","Panache+1","Capacitor","FTL+1","Hologram+1","White Noise"],"relics":["Cracked Core","Pantograph","Bag of Preparation","Pear","Sozu","CaptainsWheel","Bronze Scales"],"acts_visited":["Exordium","TheCity"],"potions_floor_usage":[30],"damage_taken":[{"damage":0.0,"enemies":"2 Louse","floor":1.0,"turns":2.0},{"damage":8.0,"enemies":"Small Slimes","floor":3.0,"turns":2.0},{"damage":0.0,"enemies":"Cultist","floor":4.0,"turns":3.0},{"damage":6.0,"enemies":"Blue Slaver","floor":7.0,"turns":3.0},{"damage":26.0,"enemies":"Gremlin Nob","floor":8.0,"turns":4.0},{"damage":0.0,"enemies":"3 Louse","floor":12.0,"turns":2.0},{"damage":4.0,"enemies":"Exordium Thugs","floor":14.0,"turns":3.0},{"damage":34.0,"enemies":"The Guardian","floor":16.0,"turns":9.0},{"damage":0.0,"enemies":"Spheric Guardian","floor":18.0,"turns":2.0},{"damage":7.0,"enemies":"3 Byrds","floor":20.0,"turns":2.0},{"damage":41.0,"enemies":"Snecko","floor":24.0,"turns":5.0},{"damage":20.0,"enemies":"Slavers","floor":28.0,"turns":2.0},{"damage":28,"enemies":"Shelled Parasite and Fungi","floor":30,"turns":2}],"seed_played":"-8837916548838619640","potions_obtained":[{"floor":1.0,"key":"Dexterity Potion"},{"floor":8.0,"key":"SteroidPotion"},{"floor":16.0,"key":"DuplicationPotion"}],"is_trial":false,"path_per_floor":["M","?","M","M","?","R","M","E","T","?","R","M","?","M","R","B",null,"M","?","M","?","$","R","M","R","T","R","E","$","M"],"character_chosen":"DEFECT","items_purchased":["Capacitor","FTL"],"campfire_rested":1,"item_purchase_floors":[22,22],"current_hp_per_floor":[75,75,67,67,42,42,36,10,20,13,38,38,38,34,34,25,85,85,85,78,78,78,78,37,37,37,37,17,17,0,0],"gold":9,"neow_bonus":"RANDOM_COLORLESS_2","is_daily":false,"chose_seed":false,"campfire_upgraded":5,"win_rate":0.0,"timestamp":1608991328,"path_taken":["M","?","M","M","?","R","M","E","T","?","R","M","?","M","R","BOSS","M","?","M","?","$","R","M","R","T","R","E","$","M"],"items_purchased_type":["Card","Card"],"build_version":"2020-12-22","purchased_purges":2,"victory":false,"max_hp_per_floor":[75,75,75,75,75,75,75,75,85,85,85,85,85,85,85,85,85,85,85,85,85,85,85,85,85,85,85,85,85,85,85],"card_choices":[{"not_picked":["Thinking Ahead","Secret Weapon"],"picked":"Panache","floor":0.0},{"not_picked":["Recycle","Sunder"],"picked":"Sweeping Beam","floor":1.0},{"not_picked":["Tempest","Ball Lightning"],"picked":"Cold Snap","floor":3.0},{"not_picked":["Compile Driver","Skim"],"picked":"Gash","floor":4.0},{"not_picked":["Stack","Go for the Eyes"],"picked":"Rip and Tear","floor":7.0},{"not_picked":["Hologram","Aggregate"],"picked":"White Noise","floor":8.0},{"not_picked":["Gash","Streamline"],"picked":"Beam Cell","floor":12.0},{"not_picked":["Barrage","Steam Power"],"picked":"Compile Driver","floor":14.0},{"not_picked":["All For One","Seek"],"picked":"Electrodynamics","floor":16.0},{"not_picked":["Steam Power","Gash","Darkness"],"picked":"SKIP","floor":18.0},{"not_picked":["Conserve Battery+1","Sweeping Beam"],"picked":"Loop+1","floor":20.0},{"not_picked":["Coolheaded","Hello World"],"picked":"Hologram+1","floor":24.0},{"not_picked":["Go for the Eyes","Loop"],"picked":"White Noise","floor":28.0}],"player_experience":73491,"relics_obtained":[{"floor":8.0,"key":"Bag of Preparation"},{"floor":9.0,"key":"Pear"},{"floor":26.0,"key":"CaptainsWheel"},{"floor":28.0,"key":"Bronze Scales"}],"event_choices":[{"damage_healed":0.0,"max_hp_gain":0.0,"max_hp_loss":0.0,"gold_gain":0.0,"event_name":"Living Wall","player_choice":"Grow","floor":2.0,"gold_loss":0.0,"damage_taken":0.0,"cards_upgraded":["Zap"]},{"damage_healed":0.0,"max_hp_gain":0.0,"max_hp_loss":0.0,"gold_gain":0.0,"event_name":"Scrap Ooze","player_choice":"Success","floor":5.0,"gold_loss":0.0,"damage_taken":25.0,"relics_obtained":["Pantograph"]},{"cards_removed":["Strike_B"],"damage_healed":0.0,"max_hp_gain":0.0,"max_hp_loss":0.0,"gold_gain":0.0,"event_name":"Golden Wing","player_choice":"Card Removal","floor":10.0,"gold_loss":0.0,"damage_taken":7.0},{"damage_healed":0.0,"max_hp_gain":0.0,"max_hp_loss":0.0,"gold_gain":0.0,"event_name":"Liars Game","player_choice":"Ignored","floor":13.0,"gold_loss":0.0,"damage_taken":0.0},{"damage_healed":0.0,"max_hp_gain":0.0,"max_hp_loss":0.0,"gold_gain":0.0,"event_name":"Vampires","player_choice":"Ignored","floor":19.0,"gold_loss":0.0,"damage_taken":0.0},{"damage_healed":0.0,"max_hp_gain":0.0,"max_hp_loss":0.0,"gold_gain":0.0,"event_name":"Duplicator","player_choice":"Copied","floor":21.0,"gold_loss":0.0,"damage_taken":0.0,"cards_obtained":["Panache"]}],"is_beta":false,"boss_relics":[{"not_picked":["Velvet Choker","Black Star"],"picked":"Sozu"}],"items_purged_floors":[22,29],"is_endless":false,"potions_floor_spawned":[1,8,16,24,28],"killed_by":"Shelled Parasite and Fungi","ascension_level":3}}