{"host":"26mrfot5w7uj2ebc","time":1608984904,"event":{"mods":["AchievementEnabler","BaseMod","Colored Map","Minty Spire (QoL Compilation)"],"gold_per_floor":[118,165,175,175,185,199,216,216,295,335,364,384,2,11,11,143,215,246,287,287,386,418,418,455,497,497,529,529,529],"floor_reached":28,"playtime":1109,"items_purged":["Strike_G"],"score":226,"play_id":"148719a1-a405-451e-bc30-e2b47078ae11","local_time":"20201226211504","is_ascension_mode":false,"campfire_choices":[{"data":"Noxious Fumes","floor":8,"key":"SMITH"},{"data":"Bullet Time","floor":15,"key":"SMITH"},{"floor":23,"key":"REST"}],"circlet_count":0,"master_deck":["Strike_G","Strike_G","Strike_G","Strike_G","Defend_G","Defend_G+1","Defend_G","Defend_G","Defend_G","Survivor","Neutralize","Blade Dance","Leg Sweep","Noxious Fumes+1","Outmaneuver","Dagger Spray","Crippling Poison","Terror","Bullet Time+1","Injury","Venomology","Flying Knee","Blade Dance","Backflip+1","Calculated Gamble","Deadly Poison","Noxious Fumes+1","Bane","Accuracy+1","Expertise","Reflex+1","Night Terror","Dash","Dagger Spray+1"],"relics":["Ring of the Snake","NeowsBlessing","Vajra","Sundial","CeramicFish","Prayer Wheel","Golden Idol","Tiny House","Ancient Tea Set"],"acts_visited":["Exordium","TheCity"],"potions_floor_usage":[10,16,18,19,22,24,25,25,25,25,25,27,27,27,28],"damage_taken":[{"damage":0,"enemies":"Cultist","floor":1,"turns":1},{"damage":0,"enemies":"Small Slimes","floor":3,"turns":1},{"damage":0,"enemies":"Jaw Worm","floor":5,"turns":1},{"damage":2,"enemies":"Looter","floor":6,"turns":3},{"damage":6,"enemies":"Exordium Wildlife","floor":7,"turns":3},{"damage":4,"enemies":"3 Sentries","floor":10,"turns":7},{"damage":0,"enemies":"Large Slime","floor":11,"turns":5},{"damage":0,"enemies":"3 Louse","floor":12,"turns":4},{"damage":50,"enemies":"Slime Boss","floor":16,"turns":9},{"damage":0,"enemies":"3 Byrds","floor":18,"turns":5},{"damage":13,"enemies":"Shell Parasite","floor":19,"turns":4},{"damage":11,"enemies":"3 Cultists","floor":22,"turns":5},{"damage":40,"enemies":"Cultist and Chosen","floor":24,"turns":7},{"damage":0,"enemies":"Snecko","floor":25,"turns":5},{"damage":32,"enemies":"Sentry and Sphere","floor":27,"turns":6},{"damage":6,"enemies":"Colosseum Slavers","floor":28,"turns":1}],"seed_played":"8462289192265720657","potions_obtained":[{"floor":5,"key":"Poison Potion"},{"floor":6,"key":"BlessingOfTheForge"},{"floor":10,"key":"Strength Potion"},{"floor":12,"key":"FearPotion"},{"floor":16,"key":"ColorlessPotion"},{"floor":25,"key":"Weak Potion"}],"is_trial":false,"path_per_floor":["M","T","M","?","M","M","M","R","T","E","M","M","$","?","R","B",null,"M","M","?","?","M","R","M","M","T","M","?"],"character_chosen":"THE_SILENT","items_purchased":["Prayer Wheel"],"campfire_rested":1,"item_purchase_floors":[13],"current_hp_per_floor":[70,70,70,70,70,68,62,62,62,58,58,58,58,58,58,8,75,75,62,62,62,51,73,33,33,33,1,0,0],"gold":529,"neow_bonus":"THREE_ENEMY_KILL","is_daily":false,"chose_seed":false,"campfire_upgraded":2,"win_rate":0.0,"timestamp":1608984904,"path_taken":["M","?","M","?","M","?","M","R","T","E","M","M","$","?","R","BOSS","M","M","?","?","?","R","M","M","T","M","?"],"items_purchased_type":["Relic"],"build_version":"2020-12-22","purchased_purges":1,"victory":false,"max_hp_per_floor":[70,70,70,70,70,70,70,70,70,70,70,70,70,70,70,70,75,75,75,75,75,75,75,75,75,75,75,75,75],"card_choices":[{"not_picked":["Flying Knee","Terror"],"picked":"Blade Dance","floor":1},{"not_picked":["Dagger Throw","Slice"],"picked":"Leg Sweep","floor":3},{"not_picked":["Catalyst","Well Laid Plans"],"picked":"Noxious Fumes","floor":5},{"not_picked":["All Out Attack","Quick Slash"],"picked":"Outmaneuver","floor":6},{"not_picked":["Masterful Stab","Dodge and Roll"],"picked":"Dagger Spray","floor":7},{"not_picked":["Well Laid Plans","Eviscerate"],"picked":"Crippling Poison","floor":10},{"not_picked":["Backflip","Cloak And Dagger"],"picked":"Terror","floor":11},{"not_picked":["Poisoned Stab","PiercingWail"],"picked":"Bullet Time","floor":12},{"not_picked":["Storm of Steel","Doppelganger"],"picked":"Venomology","floor":16},{"not_picked":["Dagger Throw","Reflex"],"picked":"Flying Knee","floor":17},{"not_picked":["Acrobatics","Dodge and Roll"],"picked":"Blade Dance","floor":18},{"not_picked":["Predator","Crippling Poison"],"picked":"Backflip+1","floor":18},{"not_picked":["Doppelganger","Underhanded Strike"],"picked":"Calculated Gamble","floor":19},{"not_picked":["Slice","Expertise"],"picked":"Deadly Poison","floor":19},{"not_picked":["Flying Knee","Bane"],"picked":"Noxious Fumes+1","floor":22},{"not_picked":["Underhanded Strike","Choke"],"picked":"Bane","floor":22},{"not_picked":["Riddle With Holes","Backflip"],"picked":"Accuracy+1","floor":24},{"not_picked":["Eviscerate","Endless Agony"],"picked":"Expertise","floor":24},{"not_picked":["Flechettes+1","Cloak And Dagger"],"picked":"Reflex+1","floor":25},{"not_picked":["Cloak And Dagger","Deflect"],"picked":"Night Terror","floor":25},{"not_picked":["Expertise+1","Dagger Spray"],"picked":"Dash","floor":27},{"not_picked":["Prepared","Outmaneuver"],"picked":"Dagger Spray+1","floor":27}],"player_experience":212335,"relics_obtained":[{"floor":4,"key":"Vajra"},{"floor":9,"key":"Sundial"},{"floor":10,"key":"CeramicFish"},{"floor":26,"key":"Ancient Tea Set"}],"event_choices":[{"damage_healed":0,"gold_gain":0,"player_choice":"Relic","damage_taken":0,"max_hp_gain":0,"max_hp_loss":0,"event_name":"Wheel of Change","floor":4,"gold_loss":0},{"damage_healed":0,"gold_gain":0,"player_choice":"Take Wound","damage_taken":0,"relics_obtained":["Golden Idol"],"max_hp_gain":0,"max_hp_loss":0,"event_name":"Golden Idol","floor":14,"gold_loss":0,"cards_obtained":["Injury"]},{"damage_healed":0,"gold_gain":0,"player_choice":"Ignored","damage_taken":0,"max_hp_gain":0,"max_hp_loss":0,"event_name":"Ghosts","floor":20,"gold_loss":0},{"damage_healed":0,"gold_gain":99,"player_choice":"Stole From Cult","damage_taken":0,"max_hp_gain":0,"max_hp_loss":0,"event_name":"Nest","floor":21,"gold_loss":0},{"damage_healed":0,"gold_gain":0,"player_choice":"Fight","damage_taken":0,"max_hp_gain":0,"max_hp_loss":0,"event_name":"Colosseum","floor":28,"gold_loss":0}],"is_beta":false,"boss_relics":[{"not_picked":["Black Star","Pandora\u0027s Box"],"picked":"Tiny House"}],"items_purged_floors":[13],"is_endless":false,"potions_floor_spawned":[5,6,10,12,16,22,24,25],"killed_by":"Colosseum Slavers","ascension_level":0}}