{"host":"h5acbxt0wmjo1kpm","time":1608950810,"event":{"mods":["2.2 Compatiblity","Act Like it!","AlwaysNeverKeys","Aspiration","Bartender","BaseMod","Better Third Choice","Colored Map","Elementarium","Gensokyo","GifTheSpireLib","Hallownest","Marisa????????","Minty Spire (QoL Compilation)","Permanent Neow","Potionbrewer","Relic Filter","Replay The Spire","Robot Space Explorer","RumiaBox-????????","Shade Mod","Spicy Shops","StSLib","Strawberry Spire","The Blackbeard","The Dragon Tamer","The Forsaken","The Gatherer","The Problem Sleuth","The Servant 0.9.4","Wandering Minibosses","vexMod"],"gold_per_floor":[116,116,116,13,0,29,108,125,125,125,125,137,168,188,188,262,262,273,292,292,209,209,209,228,228,251,251,251,285,297,297,297],"floor_reached":31,"playtime":1132,"items_purged":[],"score":442,"play_id":"2a63c2b2-776b-4bc7-acb1-ad46d9cd5441","local_time":"20201225184650","is_ascension_mode":true,"campfire_choices":[{"floor":10,"key":"REST"},{"data":"Mirror Shield","floor":15,"key":"SMITH"},{"floor":23,"key":"REST"},{"floor":27,"key":"REST"}],"circlet_count":0,"master_deck":["AscendersBane","Strike_B","Strike_B","Strike_B","Defend_B","Defend_B","Defend_B","Zap","strawberrySpire:Disconnect","Bash+1","FTL+1","Compile Driver+1","strawberrySpire:DataDump","Streamline+1","Turbo+1","Mirror Shield+1","strawberrySpire:SearchEngine","Electrodynamics+1","Streamline+1","Elementarium:StickyTar","Defragment+1","Conserve Battery","Elementarium:WindblessedBlade","Injury","strawberrySpire:AngeryBot","Recycle"],"relics":["aspiration:PoetsPen_weak","Baka","Blue Doll","Akabeko","White_Cape","Ancient Tea Set","strawberrySpire:Treaders","vexMod:ImprovementManual","Regal Pillow","Peace Pipe"],"acts_visited":["Exordium","Elementarium:Elementarium"],"potions_floor_usage":[13,18,19,24,29],"damage_taken":[{"damage":14,"enemies":"2 Louse","floor":1,"turns":3},{"damage":26,"enemies":"Lagavulin","floor":6,"turns":4},{"damage":0,"enemies":"Cultist","floor":8,"turns":2},{"damage":0,"enemies":"Jaw Worm","floor":12,"turns":1},{"damage":8,"enemies":"3 Sentries","floor":13,"turns":3},{"damage":0,"enemies":"Lots of Slimes","floor":14,"turns":1},{"damage":23,"enemies":"The Guardian","floor":16,"turns":9},{"damage":19,"enemies":"Elementarium:Cyclone","floor":18,"turns":6},{"damage":10,"enemies":"Elementarium:VoidCorruption","floor":19,"turns":2},{"damage":49,"enemies":"Elementarium:3_ELEMENTALS","floor":24,"turns":3},{"damage":25,"enemies":"Elementarium:WarGolem","floor":29,"turns":4},{"damage":13,"enemies":"Elementarium:RubyGolem","floor":30,"turns":6},{"damage":13,"enemies":"Elementarium:ElementalPortal","floor":31,"turns":1}],"seed_played":"-79040442614944616","potions_obtained":[{"floor":6,"key":"Fire Potion"},{"floor":8,"key":"Elixir"},{"floor":11,"key":"LifebloodPotion"},{"floor":16,"key":"CultistPotion"},{"floor":18,"key":"potionbrewer:DiscountPotion"},{"floor":19,"key":"DuplicationPotion"},{"floor":30,"key":"Strength Potion"}],"is_trial":false,"path_per_floor":["M","?","?","$","?","E","T","M","T","R","?","M","E","M","R","B",null,"M","M","?","$","?","R","M","?","T","R","?","E","M","E"],"character_chosen":"DEFECT","items_purchased":["FTL","Compile Driver","Defragment+1","Conserve Battery"],"campfire_rested":3,"item_purchase_floors":[4,4,21,21],"current_hp_per_floor":[50,50,43,43,43,17,17,17,17,38,38,38,30,30,30,7,55,36,26,26,26,26,62,13,13,13,49,49,24,11,0,0],"gold":297,"neow_bonus":"BOSS_RELIC","is_daily":false,"chose_seed":false,"campfire_upgraded":1,"win_rate":0.0,"timestamp":1608950810,"path_taken":["M","?","?","$","?","E","?","M","T","R","?","M","E","M","R","BOSS","M","M","?","$","?","R","?","?","T","R","?","E","M","E"],"items_purchased_type":["Card","Card","Card","Card"],"build_version":"2020-12-22","purchased_purges":0,"victory":false,"max_hp_per_floor":[71,71,71,71,71,71,71,71,71,71,71,71,71,71,71,71,71,71,71,71,71,71,71,71,71,71,71,71,71,71,71,71],"card_choices":[{"not_picked":["Go for the Eyes","strawberrySpire:Adapter"],"picked":"strawberrySpire:Disconnect","floor":1},{"not_picked":["Hologram","Beam Cell"],"picked":"strawberrySpire:DataDump","floor":6},{"not_picked":["Static Discharge","strawberrySpire:DataDump"],"picked":"Streamline","floor":8},{"not_picked":["ReplaySolidLightProjector","Barrage"],"picked":"Turbo","floor":12},{"not_picked":["strawberrySpire:Package","Hologram"],"picked":"Mirror Shield","floor":13},{"not_picked":["Fusion","BasicCrystalCard"],"picked":"strawberrySpire:SearchEngine","floor":14},{"not_picked":["All For One","Biased Cognition"],"picked":"Electrodynamics","floor":16},{"not_picked":["Beam Cell","Genetic Algorithm"],"picked":"Streamline","floor":18},{"not_picked":["Heatsinks","strawberrySpire:THEL","Stack"],"picked":"SKIP","floor":19},{"not_picked":["BasicCrystalCard","strawberrySpire:NeonFlight","Turbo"],"picked":"SKIP","floor":24},{"not_picked":["Sunder","Time Bomb"],"picked":"Recycle","floor":29},{"not_picked":["strawberrySpire:DataDump","Genetic Algorithm","Ball Lightning"],"picked":"SKIP","floor":30}],"player_experience":1941769,"relics_obtained":[{"floor":1,"key":"Baka"},{"floor":6,"key":"Akabeko"},{"floor":7,"key":"White_Cape"},{"floor":9,"key":"Ancient Tea Set"},{"floor":13,"key":"strawberrySpire:Treaders"},{"floor":29,"key":"Peace Pipe"}],"event_choices":[{"cards_removed":["Defend_B"],"damage_healed":0,"gold_gain":0,"player_choice":"Card Removal","damage_taken":7,"max_hp_gain":0,"max_hp_loss":0,"event_name":"Golden Wing","floor":3,"gold_loss":0},{"damage_healed":0,"gold_gain":0,"player_choice":"Got Potions","damage_taken":0,"max_hp_gain":0,"max_hp_loss":0,"event_name":"Lab","floor":11,"gold_loss":0},{"damage_healed":0,"gold_gain":0,"player_choice":"Open","damage_taken":0,"relics_obtained":["Regal Pillow"],"max_hp_gain":0,"max_hp_loss":0,"event_name":"Elementarium:TarCoveredCasket","floor":20,"gold_loss":0,"cards_obtained":["Elementarium:StickyTar","Elementarium:StickyTar"]},{"damage_healed":0,"gold_gain":0,"player_choice":"Meditate","damage_taken":0,"max_hp_gain":0,"max_hp_loss":0,"event_name":"Elementarium:SculptureGarden","floor":22,"gold_loss":0,"cards_upgraded":["Electrodynamics","Streamline"]},{"damage_healed":0,"gold_gain":0,"player_choice":"Take","damage_taken":0,"max_hp_gain":0,"max_hp_loss":0,"event_name":"Elementarium:BladeSeller","floor":25,"gold_loss":0,"cards_obtained":["Elementarium:WindblessedBlade","Injury"]},{"damage_healed":0,"gold_gain":0,"cards_transformed":["Strike_B"],"player_choice":"Scrolls","damage_taken":0,"max_hp_gain":0,"max_hp_loss":0,"event_name":"Elementarium:AbandonedFactory","floor":28,"gold_loss":0,"cards_obtained":["strawberrySpire:AngeryBot"]}],"is_beta":false,"boss_relics":[{"not_picked":["Inserter","Snecko Heart"],"picked":"vexMod:ImprovementManual"}],"items_purged_floors":[],"is_endless":false,"potions_floor_spawned":[6,8,16,18,19,30],"killed_by":"Elementarium:ElementalPortal","ascension_level":15}}