{"host":"7o30bgpqouqblh42","time":1608957428,"event":{"mods":["AchievementEnabler","Aspiration","BaseMod","Colored Map","Downfall","Highlight Path","Minty Spire (QoL Compilation)","StSLib","SuperFastMode"],"gold_per_floor":[116,116,191,76,94,94,119,19,42,42,42,56,56,90,90,188,188,204,204,119,134,134,134,148,148,148,23,23,23,50,64,64,64,64],"floor_reached":33,"playtime":1884,"items_purged":["Parasite","Strike_B","Bite"],"score":307,"play_id":"3045587b-44cc-45b1-a5e5-8c5b18035a1d","local_time":"20201225233708","is_ascension_mode":true,"campfire_choices":[{"data":"Scrape","floor":6,"key":"SMITH"},{"data":"Static Discharge","floor":10,"key":"SMITH"},{"data":"Genetic Algorithm","floor":13,"key":"SMITH"},{"floor":15,"key":"REST"},{"floor":23,"key":"RECALL"},{"data":"Sunder","floor":25,"key":"SMITH"},{"data":"Self Repair","floor":32,"key":"SMITH"}],"circlet_count":0,"master_deck":["Defend_B","Defend_B","Defend_B","Zap","Dualcast","Seek","Undo","BootSequence","Scrape+1","Static Discharge+1","Rebound","Genetic Algorithm+1","Sunder+1","Creative AI","CurseOfTheBell","Self Repair+1","Bite","Bite","Bite","Bite","Buffer"],"relics":["Cracked Core","Bottled Tornado","FossilizedHelix","Mummified Hand","Calling Bell","Bronze Scales","Singing Bowl","WingedGreaves","aspiration:StickyExplosives_weak","aspiration:RitualStick","Ornamental Fan","aspiration:SeaSaltIceCream","Ninja Scroll","MealTicket"],"acts_visited":["Exordium","TheCity"],"potions_floor_usage":[16,30,30,31],"damage_taken":[{"damage":6,"enemies":"Jaw Worm","floor":1,"turns":4},{"damage":0,"enemies":"Small Slimes","floor":5,"turns":3},{"damage":32,"enemies":"3 Sentries","floor":7,"turns":8},{"damage":0,"enemies":"Cultist","floor":12,"turns":3},{"damage":13,"enemies":"Lagavulin","floor":14,"turns":6},{"damage":26,"enemies":"Hexaghost","floor":16,"turns":8},{"damage":11,"enemies":"Spheric Guardian","floor":18,"turns":5},{"damage":8,"enemies":"Chosen","floor":21,"turns":6},{"damage":24,"enemies":"3 Cultists","floor":24,"turns":4},{"damage":32,"enemies":"Slavers","floor":30,"turns":4},{"damage":11,"enemies":"Snecko","floor":31,"turns":3},{"damage":79,"enemies":"Automaton","floor":33,"turns":6}],"seed_played":"-158718089439690053","potions_obtained":[{"floor":7,"key":"Energy Potion"},{"floor":14,"key":"Energy Potion"},{"floor":16,"key":"Energy Potion"},{"floor":18,"key":"Fire Potion"},{"floor":21,"key":"sneckomod:MuddlingPotion"},{"floor":29,"key":"Regen Potion"},{"floor":29,"key":"EssenceOfDarkness"}],"is_trial":false,"path_per_floor":["M","?","?","$","M","R","E","$","T","R","?","M","R","E","R","B",null,"M","?","?","M","?","R","M","R","T","$","?","?","E","M","R","B"],"character_chosen":"DEFECT","items_purchased":["Scrape"],"campfire_rested":1,"item_purchase_floors":[4],"current_hp_per_floor":[69,74,66,66,66,66,34,34,34,34,34,34,34,21,44,18,77,66,53,53,55,44,44,33,33,33,33,33,33,32,36,36,0,0],"gold":64,"neow_bonus":"TRANSFORM_TWO_CARDS","is_daily":false,"chose_seed":false,"campfire_upgraded":5,"win_rate":0.0,"timestamp":1608957428,"path_taken":["M","?","?","$","?","R","E","?","T","R","?","?","R","E","R","BOSS","M","?","?","M","?","R","?","R","T","?","?","?","E","?","R","BOSS"],"items_purchased_type":["Card"],"build_version":"2020-12-22","purchased_purges":3,"victory":false,"max_hp_per_floor":[75,80,80,77,77,77,77,77,77,77,77,77,77,77,77,77,77,77,53,53,55,55,55,57,57,57,57,57,57,59,59,59,59,59],"card_choices":[{"not_picked":["Steam Power","Turbo"],"picked":"BootSequence","floor":1},{"not_picked":["Beam Cell","Sweeping Beam"],"picked":"Static Discharge","floor":5},{"not_picked":["Stack","Beam Cell"],"picked":"Rebound","floor":7},{"not_picked":["Chill","Cold Snap"],"picked":"Genetic Algorithm","floor":12},{"not_picked":["Redo","Compile Driver"],"picked":"Sunder","floor":14},{"not_picked":["Biased Cognition","Thunder Strike"],"picked":"Creative AI","floor":16},{"not_picked":["Streamline","Steam"],"picked":"Self Repair","floor":18},{"not_picked":["Beam Cell","Redo","Barrage+1"],"picked":"Singing Bowl","floor":21},{"not_picked":["Coolheaded","Aggregate+1","Barrage"],"picked":"Singing Bowl","floor":24},{"not_picked":["FTL","Sweeping Beam","Steam+1"],"picked":"Singing Bowl","floor":30},{"not_picked":["Double Energy","Consume"],"picked":"Buffer","floor":31}],"player_experience":178706,"relics_obtained":[{"floor":7,"key":"Bottled Tornado"},{"floor":14,"key":"Mummified Hand"},{"floor":17,"key":"Bronze Scales"},{"floor":17,"key":"Singing Bowl"},{"floor":17,"key":"WingedGreaves"},{"floor":26,"key":"Ornamental Fan"},{"floor":30,"key":"MealTicket"}],"event_choices":[{"damage_healed":0,"gold_gain":0,"player_choice":"Donut","damage_taken":0,"max_hp_gain":5,"max_hp_loss":0,"event_name":"Big Fish","floor":2,"gold_loss":0},{"damage_healed":0,"gold_gain":75,"player_choice":"Touch","damage_taken":8,"max_hp_gain":0,"max_hp_loss":0,"event_name":"FaceTrader","floor":3,"gold_loss":0},{"damage_healed":0,"gold_gain":0,"player_choice":"Gave Potion","damage_taken":0,"relics_obtained":["FossilizedHelix"],"max_hp_gain":0,"max_hp_loss":0,"event_name":"WeMeetAgain","floor":11,"gold_loss":0},{"damage_healed":0,"gold_gain":0,"player_choice":"Became a vampire","damage_taken":0,"max_hp_gain":0,"max_hp_loss":24,"event_name":"Vampires","floor":19,"gold_loss":0,"cards_obtained":["Bite","Bite","Bite","Bite","Bite"]},{"damage_healed":0,"gold_gain":0,"player_choice":"Obtained Relic","damage_taken":0,"relics_obtained":["aspiration:StickyExplosives_weak"],"max_hp_gain":0,"max_hp_loss":0,"event_name":"Addict","floor":20,"gold_loss":85},{"damage_healed":0,"gold_gain":0,"player_choice":"Opened","damage_taken":0,"relics_obtained":["aspiration:SeaSaltIceCream"],"max_hp_gain":0,"max_hp_loss":0,"event_name":"The Mausoleum","floor":28,"gold_loss":0},{"damage_healed":0,"gold_gain":0,"player_choice":"Got Potions","damage_taken":0,"max_hp_gain":0,"max_hp_loss":0,"event_name":"Lab","floor":29,"gold_loss":0}],"is_beta":false,"boss_relics":[{"not_picked":["SlaversCollar","Inserter"],"picked":"Calling Bell"}],"items_purged_floors":[4,8,27],"is_endless":false,"potions_floor_spawned":[7,14,16,18,21],"killed_by":"Automaton","ascension_level":1}}