{"host":"Krakhan","time":1608982328,"event":{"mods":["AchievementEnabler","BaseMod","Colored Map","Colored Powertips","Faster Ascension Climbing","Highlight Path","Minty Spire (QoL Compilation)","Rare Cards Sparkle","Relic Stats","StSLib"],"gold_per_floor":[113,263,6,18,33,61,61,72,72,102,118,118,118,150,150,150,150],"floor_reached":16,"playtime":712,"items_purged":["Doubt"],"score":240,"play_id":"c7f90ae1-18f9-4bf3-861a-e525ecf92781","local_time":"20201226063208","is_ascension_mode":true,"campfire_choices":[{"floor":7,"key":"REST"},{"floor":13,"key":"REST"},{"floor":15,"key":"REST"}],"circlet_count":0,"master_deck":["AscendersBane","Strike_G","Strike_G","Strike_G","Strike_G","Strike_G","Defend_G","Defend_G","Defend_G","Defend_G","Defend_G","Survivor","Neutralize","Footwork","Corpse Explosion","Slice","Well Laid Plans","Poisoned Stab+1","Dodge and Roll","Dagger Spray","Deflect"],"relics":["Ring of the Snake","NeowsBlessing","Mango","Frozen Egg 2","Ninja Scroll"],"acts_visited":["Exordium"],"potions_floor_usage":[6,14,14],"damage_taken":[{"damage":0,"enemies":"Small Slimes","floor":1,"turns":1},{"damage":0,"enemies":"Cultist","floor":4,"turns":1},{"damage":0,"enemies":"Jaw Worm","floor":5,"turns":1},{"damage":54,"enemies":"Gremlin Nob","floor":6,"turns":6},{"damage":2,"enemies":"Blue Slaver","floor":8,"turns":6},{"damage":12,"enemies":"3 Sentries","floor":10,"turns":3},{"damage":10,"enemies":"3 Louse","floor":11,"turns":2},{"damage":39,"enemies":"Gremlin Nob","floor":14,"turns":6},{"damage":34,"enemies":"Hexaghost","floor":16,"turns":10}],"seed_played":"8071209916966251726","potions_obtained":[{"floor":1,"key":"Energy Potion"},{"floor":8,"key":"ColorlessPotion"},{"floor":10,"key":"Energy Potion"}],"is_trial":false,"path_per_floor":["M","?","$","M","M","E","R","M","T","E","M","?","R","E","R","B"],"character_chosen":"THE_SILENT","items_purchased":["Corpse Explosion","Slice"],"campfire_rested":3,"item_purchase_floors":[3,3],"current_hp_per_floor":[59,59,59,59,59,19,43,41,41,29,19,19,43,4,28,0,0],"gold":150,"neow_bonus":"THREE_ENEMY_KILL","is_daily":false,"chose_seed":false,"campfire_upgraded":0,"win_rate":0.0,"timestamp":1608982328,"path_taken":["M","?","$","M","M","E","R","M","T","E","M","?","R","E","R","BOSS"],"items_purchased_type":["Card","Card"],"build_version":"2020-12-18","purchased_purges":1,"victory":false,"max_hp_per_floor":[66,66,66,66,66,80,80,80,80,80,80,80,80,80,80,80,80],"relic_stats":{"counters":[9,36],"obtain_stats":[{"NeowsBlessing":0,"Ninja Scroll":14,"Mango":6,"Frozen Egg 2":9,"Ring of the Snake":0},{"NeowsBlessing":0,"Ninja Scroll":8,"Mango":4,"Frozen Egg 2":5,"Ring of the Snake":0},{"NeowsBlessing":0,"Ninja Scroll":26,"Mango":9,"Frozen Egg 2":15,"Ring of the Snake":0}],"Ring of the Snake":[18]},"card_choices":[{"not_picked":["Escape Plan","Concentrate"],"picked":"Footwork","floor":1},{"not_picked":["Bane","Riddle With Holes"],"picked":"Well Laid Plans","floor":4},{"not_picked":["Dagger Throw","Flying Knee"],"picked":"Poisoned Stab","floor":5},{"not_picked":["Expertise","Infinite Blades"],"picked":"Dodge and Roll","floor":6},{"not_picked":["Well Laid Plans","Blade Dance"],"picked":"Dagger Spray","floor":8},{"not_picked":["Distraction","Slice","Deflect"],"picked":"SKIP","floor":10},{"not_picked":["Underhanded Strike","Dagger Throw"],"picked":"Deflect","floor":11},{"not_picked":["Quick Slash","Blade Dance","Acrobatics"],"picked":"SKIP","floor":14}],"player_experience":1228682,"relics_obtained":[{"floor":6,"key":"Mango"},{"floor":9,"key":"Frozen Egg 2"},{"floor":14,"key":"Ninja Scroll"}],"event_choices":[{"damage_healed":0,"gold_gain":150,"player_choice":"AGREE","damage_taken":0,"max_hp_gain":0,"max_hp_loss":0,"event_name":"Liars Game","floor":2,"gold_loss":0,"cards_obtained":["Doubt"]},{"damage_healed":0,"gold_gain":0,"player_choice":"Upgraded","damage_taken":0,"max_hp_gain":0,"max_hp_loss":0,"event_name":"Upgrade Shrine","floor":12,"gold_loss":0,"cards_upgraded":["Poisoned Stab"]}],"is_beta":true,"boss_relics":[],"items_purged_floors":[3],"is_endless":false,"potions_floor_spawned":[1,8,10],"killed_by":"Hexaghost","ascension_level":20}}