{"host":"640uue19m79c7wbt","time":1608944260,"event":{"mods":["BaseMod","Colored Map","Googly Eyes","Highlight Path","Minty Spire (QoL Compilation)","Quick Restart","StSLib"],"gold_per_floor":[110,110,125,125,141,175,3,3,3,3,3,23,61,26,26,26,26],"floor_reached":16,"playtime":380,"items_purged":["Strike_G"],"score":216,"play_id":"3363a60d-01cb-4cba-ac4d-cf68fac4b358","local_time":"20201225195740","is_ascension_mode":true,"campfire_choices":[{"floor":11,"key":"REST"},{"floor":15,"key":"REST"}],"circlet_count":0,"master_deck":["AscendersBane","Strike_G","Strike_G+1","Strike_G","Strike_G","Defend_G","Defend_G","Defend_G","Defend_G","Defend_G","Survivor","Neutralize","Underhanded Strike+1","Backstab+1","A Thousand Cuts","Blur","Tactician","Cloak And Dagger","Injury","Endless Agony","Unload"],"relics":["Ring of the Snake","NeowsBlessing","Regal Pillow","Letter Opener","Golden Idol","Mercury Hourglass"],"acts_visited":["Exordium"],"potions_floor_usage":[6,13,13,16],"damage_taken":[{"damage":0.0,"enemies":"Cultist","floor":1.0,"turns":1.0},{"damage":0,"enemies":"Small Slimes","floor":3,"turns":1},{"damage":0,"enemies":"Jaw Worm","floor":5,"turns":1},{"damage":32,"enemies":"Gremlin Nob","floor":6,"turns":4},{"damage":0,"enemies":"3 Louse","floor":12,"turns":4},{"damage":25,"enemies":"Lagavulin","floor":13,"turns":7},{"damage":65,"enemies":"The Guardian","floor":16,"turns":12}],"seed_played":"401746657626833158","potions_obtained":[{"floor":1.0,"key":"Explosive Potion"},{"floor":3,"key":"SpeedPotion"},{"floor":12,"key":"Strength Potion"},{"floor":13,"key":"FearPotion"}],"is_trial":false,"path_per_floor":["M","?","M","?","M","E","$","?","T","?","R","M","E","?","R","B"],"character_chosen":"THE_SILENT","items_purchased":["Tactician","Cloak And Dagger"],"campfire_rested":2,"item_purchase_floors":[7,7],"current_hp_per_floor":[59,59,59,39,39,7,7,2,2,2,36,36,11,27,61,0,0],"gold":26,"neow_bonus":"THREE_ENEMY_KILL","is_daily":false,"chose_seed":false,"campfire_upgraded":0,"win_rate":0.0,"timestamp":1608944260,"path_taken":["M","?","M","?","?","E","$","?","T","?","R","M","E","?","R","BOSS"],"items_purchased_type":["Card","Card"],"build_version":"2020-12-22","purchased_purges":1,"victory":false,"max_hp_per_floor":[66,66,66,66,66,66,66,66,66,66,66,66,66,66,66,66,66],"card_choices":[{"not_picked":["Terror","Prepared"],"picked":"Underhanded Strike","floor":1.0},{"not_picked":["Poisoned Stab","Blade Dance"],"picked":"Backstab","floor":3},{"not_picked":["Poisoned Stab","Masterful Stab"],"picked":"A Thousand Cuts","floor":5},{"not_picked":["A Thousand Cuts","Acrobatics"],"picked":"Blur","floor":6},{"not_picked":["Distraction","Outmaneuver"],"picked":"Endless Agony","floor":12},{"not_picked":["Reflex","Tactician"],"picked":"Unload","floor":13}],"player_experience":1235205,"relics_obtained":[{"floor":6,"key":"Regal Pillow"},{"floor":9,"key":"Letter Opener"},{"floor":13,"key":"Mercury Hourglass"}],"event_choices":[{"damage_healed":0,"gold_gain":0,"player_choice":"Grow","damage_taken":0,"max_hp_gain":0,"max_hp_loss":0,"event_name":"Living Wall","floor":2,"gold_loss":0,"cards_upgraded":["Underhanded Strike"]},{"damage_healed":0,"gold_gain":0,"player_choice":"Entered Light","damage_taken":20,"max_hp_gain":0,"max_hp_loss":0,"event_name":"Shining Light","floor":4,"gold_loss":0,"cards_upgraded":["Backstab","Strike_G"]},{"damage_healed":0,"gold_gain":0,"player_choice":"Fled","damage_taken":5,"max_hp_gain":0,"max_hp_loss":0,"event_name":"Scrap Ooze","floor":8,"gold_loss":0},{"damage_healed":0,"gold_gain":0,"player_choice":"Take Wound","damage_taken":0,"relics_obtained":["Golden Idol"],"max_hp_gain":0,"max_hp_loss":0,"event_name":"Golden Idol","floor":10,"gold_loss":0,"cards_obtained":["Injury"]},{"damage_healed":16,"gold_gain":0,"player_choice":"Healed","damage_taken":0,"max_hp_gain":0,"max_hp_loss":0,"event_name":"The Cleric","floor":14,"gold_loss":35}],"is_beta":false,"boss_relics":[],"items_purged_floors":[7],"is_endless":false,"potions_floor_spawned":[1,3,12,13],"killed_by":"The Guardian","ascension_level":20}}