{"host":"Ansgar","time":1608958064,"event":{"mods":["AchievementEnabler","BaseMod","Colored Map","Highlight Path","Minty Spire (QoL Compilation)","Relic Stats","StSLib"],"gold_per_floor":[13,13,32,49,124,124,154,165,165,165,165,180,180,20,20,20,20],"floor_reached":16,"playtime":849,"items_purged":[],"score":200,"play_id":"10db92e1-af24-48a2-a416-8281116405f5","local_time":"20201226054744","is_ascension_mode":true,"campfire_choices":[{"floor":6,"key":"DIG"},{"floor":11,"key":"REST"},{"floor":13,"key":"DIG"},{"floor":15,"key":"DIG"}],"circlet_count":0,"master_deck":["AscendersBane","Strike_B","Strike_B","Strike_B","Defend_B","Defend_B","Defend_B","Zap","Dualcast","Go for the Eyes","Static Discharge","Hologram","Cold Snap","Conserve Battery","Turbo"],"relics":["Cracked Core","Shovel","Anchor","Darkstone Periapt","Cables","Molten Egg 2","Runic Capacitor","Omamori"],"acts_visited":["Exordium"],"potions_floor_usage":[7,16],"damage_taken":[{"damage":2,"enemies":"Jaw Worm","floor":1,"turns":3},{"damage":1,"enemies":"Cultist","floor":3,"turns":4},{"damage":1,"enemies":"2 Louse","floor":4,"turns":3},{"damage":25,"enemies":"3 Sentries","floor":7,"turns":8},{"damage":8,"enemies":"Gremlin Gang","floor":8,"turns":8},{"damage":0,"enemies":"2 Fungi Beasts","floor":12,"turns":3},{"damage":37,"enemies":"The Guardian","floor":16,"turns":6}],"seed_played":"8160650258466838669","potions_obtained":[{"floor":4,"key":"Block Potion"},{"floor":12,"key":"DuplicationPotion"}],"is_trial":false,"path_per_floor":["M","?","M","M","?","R","E","M","T","?","R","M","R","$","R","B"],"character_chosen":"DEFECT","items_purchased":["Runic Capacitor"],"campfire_rested":1,"item_purchase_floors":[14],"current_hp_per_floor":[62,62,61,60,49,49,24,16,16,16,37,37,37,37,37,0,0],"gold":20,"neow_bonus":"ONE_RARE_RELIC","is_daily":false,"chose_seed":false,"campfire_upgraded":0,"win_rate":0.0,"timestamp":1608958064,"path_taken":["M","?","?","M","?","R","E","M","T","?","R","?","R","$","R","BOSS"],"items_purchased_type":["Relic"],"build_version":"2020-12-18","purchased_purges":0,"victory":false,"max_hp_per_floor":[71,71,71,71,71,71,71,71,71,71,71,71,71,71,71,71,71],"relic_stats":{"Darkstone Periapt":0,"Shovel":3,"counters":[7,35],"obtain_stats":[{"Darkstone Periapt":7,"Anchor":6,"Shovel":0,"Molten Egg 2":13,"Runic Capacitor":14,"Omamori":15,"Cracked Core":0,"Cables":9},{"Darkstone Periapt":4,"Anchor":3,"Shovel":0,"Molten Egg 2":6,"Runic Capacitor":6,"Omamori":6,"Cracked Core":0,"Cables":5},{"Darkstone Periapt":18,"Anchor":10,"Shovel":0,"Molten Egg 2":29,"Runic Capacitor":29,"Omamori":29,"Cracked Core":0,"Cables":26}],"Cables":[9,7,2,0,0]},"card_choices":[{"not_picked":["Force Field","Tempest"],"picked":"Go for the Eyes","floor":1},{"not_picked":["Barrage","Storm"],"picked":"Static Discharge","floor":3},{"not_picked":["Compile Driver","Go for the Eyes"],"picked":"Hologram","floor":4},{"not_picked":["Auto Shields","Rip and Tear"],"picked":"Cold Snap","floor":7},{"not_picked":["Gash","Redo"],"picked":"Conserve Battery","floor":8},{"not_picked":["Conserve Battery","Reinforced Body"],"picked":"Turbo","floor":12}],"player_experience":1214903,"relics_obtained":[{"floor":6,"key":"Anchor"},{"floor":7,"key":"Darkstone Periapt"},{"floor":9,"key":"Cables"},{"floor":13,"key":"Molten Egg 2"},{"floor":15,"key":"Omamori"}],"event_choices":[{"cards_removed":["Strike_B"],"damage_healed":0,"gold_gain":0,"player_choice":"Offered Basic","damage_taken":0,"max_hp_gain":0,"max_hp_loss":0,"event_name":"Bonfire Elementals","floor":2,"gold_loss":0},{"damage_healed":0,"gold_gain":75,"player_choice":"Gather Gold","damage_taken":11,"max_hp_gain":0,"max_hp_loss":0,"event_name":"World of Goop","floor":5,"gold_loss":0},{"cards_removed":["Defend_B"],"damage_healed":0,"gold_gain":0,"player_choice":"Purged","damage_taken":0,"max_hp_gain":0,"max_hp_loss":0,"event_name":"Purifier","floor":10,"gold_loss":0}],"is_beta":true,"boss_relics":[],"items_purged_floors":[],"is_endless":false,"potions_floor_spawned":[4,12],"killed_by":"The Guardian","ascension_level":20}}