{"host":"7k2a2omxz3voj5ax","time":1608967793,"event":{"mods":["BaseMod","Marisa£¨ìFÓê¡¡Ä§ÀíÉ³£©","Minty Spire (QoL Compilation)","Quick Restart","Spicy Shops","StSLib","Starting Relic: Pandora\u0027s Box","óô»ðÖ¸ÄÏ"],"gold_per_floor":[111,36,36,36,46,81,93,138,150,178,225,248,287,309,321,410,422,446,484,510,522,294,294,321,321,321,333,349,384,23,54,54,131,131,146,158,158,174,192,222,233,261,261,261,291,309,341,341,341,341,341],"floor_reached":50,"playtime":1905,"items_purged":["Setup"],"score":1625,"play_id":"b9cfcb1d-a944-43bf-b5c4-ed876d3c5659","local_time":"20201226162953","is_ascension_mode":true,"campfire_choices":[{"data":"Cloak And Dagger","floor":7.0,"key":"SMITH"},{"data":"Phantasmal Killer","floor":15.0,"key":"SMITH"},{"data":"Blade Dance","floor":23.0,"key":"SMITH"},{"data":"Accuracy","floor":25.0,"key":"SMITH"},{"data":"Accuracy","floor":32.0,"key":"SMITH"},{"floor":49,"key":"RECALL"}],"circlet_count":0,"master_deck":["AscendersBane","Survivor+1","PiercingWail","Cloak And Dagger+1","Infinite Blades","Acrobatics","Accuracy+1","Phantasmal Killer+1","After Image","Blade Dance+1","Accuracy+1","Footwork","Night Terror+1","Acrobatics+1"],"relics":["Pandora\u0027s Box","NeowsBlessing","Matryoshka","MawBank","Anchor","Boot","Blood Vial","Ancient Tea Set","WristBlade","Red Mask","Medical Kit","Singing Bowl","Nunchaku","Thread and Needle","Meat on the Bone","Sling","Kunai","The Courier","Empty Cage","Pocketwatch","War Paint","Ice Cream","TungstenRod","Akabeko","Strawberry","Question Card"],"acts_visited":["Exordium","TheCity","TheBeyond"],"potions_floor_usage":[],"damage_taken":[{"damage":0.0,"enemies":"Jaw Worm","floor":1.0,"turns":1.0},{"damage":2.0,"enemies":"Small Slimes","floor":5.0,"turns":2.0},{"damage":0.0,"enemies":"Gremlin Nob","floor":6.0,"turns":1.0},{"damage":1.0,"enemies":"Lagavulin","floor":8.0,"turns":6.0},{"damage":0.0,"enemies":"2 Louse","floor":10.0,"turns":3.0},{"damage":23.0,"enemies":"3 Sentries","floor":11.0,"turns":7.0},{"damage":0.0,"enemies":"Exordium Thugs","floor":12.0,"turns":4.0},{"damage":24.0,"enemies":"Gremlin Nob","floor":13.0,"turns":4.0},{"damage":2.0,"enemies":"Gremlin Gang","floor":14.0,"turns":5.0},{"damage":2.0,"enemies":"Hexaghost","floor":16.0,"turns":7.0},{"damage":9.0,"enemies":"Chosen","floor":18.0,"turns":4.0},{"damage":3.0,"enemies":"Masked Bandits","floor":19.0,"turns":3.0},{"damage":0.0,"enemies":"Spheric Guardian","floor":20.0,"turns":3.0},{"damage":0.0,"enemies":"Slavers","floor":24.0,"turns":4.0},{"damage":0.0,"enemies":"Shelled Parasite and Fungi","floor":27.0,"turns":3.0},{"damage":6.0,"enemies":"Snecko","floor":28.0,"turns":3.0},{"damage":11.0,"enemies":"Book of Stabbing","floor":29.0,"turns":4.0},{"damage":1.0,"enemies":"Slavers","floor":31.0,"turns":4.0},{"damage":15.0,"enemies":"Collector","floor":33.0,"turns":5.0},{"damage":0.0,"enemies":"Orb Walker","floor":35.0,"turns":3.0},{"damage":27.0,"enemies":"3 Shapes","floor":36.0,"turns":3.0},{"damage":0.0,"enemies":"Jaw Worm Horde","floor":38.0,"turns":4.0},{"damage":2.0,"enemies":"Writhing Mass","floor":39.0,"turns":4.0},{"damage":0.0,"enemies":"Giant Head","floor":40.0,"turns":3.0},{"damage":34.0,"enemies":"4 Shapes","floor":41.0,"turns":4.0},{"damage":0.0,"enemies":"Nemesis","floor":42.0,"turns":3.0},{"damage":0.0,"enemies":"Giant Head","floor":45.0,"turns":5.0},{"damage":3.0,"enemies":"Jaw Worm Horde","floor":46.0,"turns":3.0},{"damage":106,"enemies":"Reptomancer","floor":47,"turns":6},{"damage":34,"enemies":"Awakened One","floor":50,"turns":3}],"seed_played":"-7534229218312936891","potions_obtained":[{"floor":5.0,"key":"FairyPotion"},{"floor":6.0,"key":"SpeedPotion"},{"floor":33.0,"key":"FairyPotion"},{"floor":35.0,"key":"Energy Potion"},{"floor":39.0,"key":"SteroidPotion"},{"floor":41.0,"key":"CunningPotion"},{"floor":45.0,"key":"SteroidPotion"},{"floor":47,"key":"LiquidBronze"}],"is_trial":false,"path_per_floor":["M","?","?","?","M","E","R","E","T","M","E","M","E","M","R","B",null,"M","?","M","?","$","R","E","R","T","M","M","E","$","E","R","B",null,"M","M","?","M","M","E","M","E","T","T","E","M","E","?","R","B"],"character_chosen":"THE_SILENT","items_purchased":["Medical Kit","Sling","Kunai"],"campfire_rested":0,"item_purchase_floors":[22,30,30],"current_hp_per_floor":[59,59,48,66,64,64,64,63,63,63,40,42,20,20,20,20,55,48,47,49,49,49,49,53,53,53,57,55,46,46,47,47,46,66,70,47,47,51,53,57,39,55,55,55,59,60,22,22,22,0,0],"gold":341,"neow_bonus":"THREE_ENEMY_KILL","is_daily":false,"chose_seed":false,"campfire_upgraded":5,"win_rate":0.0,"timestamp":1608967793,"path_taken":["M","?","?","?","?","E","R","E","T","M","E","M","E","?","R","BOSS","M","?","M","?","$","R","E","R","T","M","M","E","$","E","R","BOSS","M","M","?","M","M","E","M","E","T","?","E","M","E","?","R","BOSS"],"items_purchased_type":["Relic","Relic","Relic"],"build_version":"2020-12-22","purchased_purges":1,"victory":false,"max_hp_per_floor":[66,66,66,66,66,66,66,66,66,66,66,66,66,66,66,66,66,66,66,66,66,66,66,68,68,68,70,72,72,72,72,72,72,72,74,76,76,78,80,82,84,86,86,86,88,90,97,97,97,97,97],"card_choices":[{"not_picked":["All Out Attack","Deflect","Outmaneuver"],"picked":"SKIP","floor":1.0},{"not_picked":["Slice","Underhanded Strike","Deadly Poison"],"picked":"SKIP","floor":5.0},{"not_picked":["Slice","Underhanded Strike","Deadly Poison"],"picked":"SKIP","floor":5.0},{"not_picked":["Outmaneuver","Bane","Cloak And Dagger"],"picked":"SKIP","floor":6.0},{"not_picked":["Backstab","Deflect","Dagger Spray"],"picked":"SKIP","floor":8.0},{"not_picked":["Distraction","Catalyst","Backstab"],"picked":"SKIP","floor":10.0},{"not_picked":["Acrobatics","Flying Knee","Cloak And Dagger"],"picked":"SKIP","floor":11.0},{"not_picked":["Backflip","Caltrops","Riddle With Holes"],"picked":"SKIP","floor":12.0},{"not_picked":["Blur","Acrobatics"],"picked":"Phantasmal Killer","floor":13.0},{"not_picked":["Dagger Throw","Acrobatics","Choke"],"picked":"SKIP","floor":14.0},{"not_picked":["Bullet Time","A Thousand Cuts"],"picked":"After Image","floor":16.0},{"not_picked":["Quick Slash+1","Bane"],"picked":"Blade Dance","floor":18.0},{"not_picked":["Masterful Stab","Underhanded Strike","Unload"],"picked":"SKIP","floor":20.0},{"not_picked":["Dodge and Roll","Caltrops","Cloak And Dagger"],"picked":"Singing Bowl","floor":24.0},{"not_picked":["Flying Knee","Deadly Poison","Eviscerate"],"picked":"Singing Bowl","floor":27.0},{"not_picked":["Escape Plan","Noxious Fumes+1","Infinite Blades"],"picked":"Singing Bowl","floor":28.0},{"not_picked":["Skewer","Unload"],"picked":"Accuracy","floor":29.0},{"not_picked":["PiercingWail","Bane"],"picked":"Footwork","floor":31.0},{"not_picked":["Storm of Steel","Tools of the Trade"],"picked":"Night Terror","floor":33.0},{"not_picked":["Bane","Slice","Acrobatics"],"picked":"Singing Bowl","floor":35.0},{"not_picked":["Endless Agony","Heel Hook","Expertise"],"picked":"Singing Bowl","floor":36.0},{"not_picked":["Sucker Punch+1","Deflect","Deadly Poison"],"picked":"Singing Bowl","floor":38.0},{"not_picked":["Eviscerate+1","Outmaneuver","Deflect+1"],"picked":"Singing Bowl","floor":39.0},{"not_picked":["Setup","Caltrops","Dagger Throw"],"picked":"Singing Bowl","floor":40.0},{"not_picked":["Deflect","Distraction","PiercingWail"],"picked":"Singing Bowl","floor":41.0},{"not_picked":["Escape Plan+1","Acrobatics","Dagger Spray"],"picked":"Singing Bowl","floor":42.0},{"not_picked":["Dodge and Roll","Predator","Cloak And Dagger+1"],"picked":"Singing Bowl","floor":45.0},{"not_picked":["PiercingWail","Cloak And Dagger","Concentrate"],"picked":"Singing Bowl","floor":46.0},{"not_picked":["Distraction","Noxious Fumes"],"picked":"Acrobatics+1","floor":47}],"player_experience":346230,"relics_obtained":[{"floor":6.0,"key":"MawBank"},{"floor":8.0,"key":"Anchor"},{"floor":9.0,"key":"Boot"},{"floor":11.0,"key":"Blood Vial"},{"floor":13.0,"key":"Ancient Tea Set"},{"floor":19.0,"key":"Red Mask"},{"floor":24.0,"key":"Singing Bowl"},{"floor":26.0,"key":"Nunchaku"},{"floor":26.0,"key":"Thread and Needle"},{"floor":29.0,"key":"Meat on the Bone"},{"floor":31.0,"key":"The Courier"},{"floor":40.0,"key":"Pocketwatch"},{"floor":42.0,"key":"War Paint"},{"floor":43.0,"key":"Ice Cream"},{"floor":44.0,"key":"TungstenRod"},{"floor":45.0,"key":"Akabeko"},{"floor":47,"key":"Strawberry"}],"event_choices":[{"cards_removed":["Bane"],"damage_healed":0.0,"max_hp_gain":0.0,"max_hp_loss":0.0,"gold_gain":0.0,"event_name":"The Cleric","player_choice":"Card Removal","floor":2.0,"gold_loss":75.0,"damage_taken":0.0},{"damage_healed":0.0,"max_hp_gain":0.0,"max_hp_loss":0.0,"gold_gain":0.0,"event_name":"Scrap Ooze","player_choice":"Success","floor":3.0,"gold_loss":0.0,"damage_taken":11.0,"relics_obtained":["Matryoshka"]},{"damage_healed":18.0,"max_hp_gain":0.0,"max_hp_loss":0.0,"gold_gain":0.0,"event_name":"Wheel of Change","player_choice":"Full Heal","floor":4.0,"gold_loss":0.0,"damage_taken":0.0},{"damage_healed":0.0,"max_hp_gain":0.0,"max_hp_loss":0.0,"gold_gain":0.0,"event_name":"Masked Bandits","player_choice":"Fought Bandits","floor":19.0,"gold_loss":0.0,"damage_taken":0.0},{"cards_removed":["Deflect"],"damage_healed":0.0,"max_hp_gain":0.0,"max_hp_loss":0.0,"gold_gain":0.0,"event_name":"Back to Basics","player_choice":"Elegance","floor":21.0,"gold_loss":0.0,"damage_taken":0.0},{"cards_removed":["Infinite Blades"],"damage_healed":0.0,"max_hp_gain":0.0,"max_hp_loss":0.0,"gold_gain":0.0,"event_name":"Falling","player_choice":"Removed Power","floor":37.0,"gold_loss":0.0,"damage_taken":0.0},{"damage_healed":0,"gold_gain":0,"player_choice":"Gave Potion","damage_taken":0,"relics_obtained":["Question Card"],"max_hp_gain":0,"max_hp_loss":0,"event_name":"WeMeetAgain","floor":48,"gold_loss":0}],"is_beta":false,"boss_relics":[{"not_picked":["SlaversCollar","Black Star"],"picked":"WristBlade"},{"not_picked":["Cursed Key","Fusion Hammer"],"picked":"Empty Cage"}],"items_purged_floors":[22],"is_endless":false,"potions_floor_spawned":[5,6,8,16,27,29,33,35,39,41,45,47],"killed_by":"Awakened One","ascension_level":20}}