{"host":"so437kwitdq4epbi","time":1608954940,"event":{"mods":["AchievementEnabler","BaseMod","Decade(王小明)","Friendly Minions","Gremlin Mod","KinomotoSakuraMod(木之本樱)","Koishi","KomeijiMod","Lobotomy","LobotomyExtend","Marisa（F雨　魔理沙）","Minty Spire (QoL Compilation)","Quick Restart","READ ME - Snecko Mod","Replay The Spire","StSLib","The Alterego","The Bladedancer","The Bug Knight","The Construct","The Hierophant","The Mystic","The Poker Player","The Runesmith","Yuyuko","[IsaacMod]以撒尖塔","vexMod"],"gold_per_floor":[111,130,130,146,146,146,164,164,164,175,185,197,232,16,16,120,120,130,130,130],"floor_reached":19,"playtime":1336,"items_purged":[],"score":171,"play_id":"172db560-ad9b-42b8-9b3d-0f24835a4f32","local_time":"20201226115540","is_ascension_mode":false,"campfire_choices":[],"circlet_count":0,"master_deck":["SpecialBullet","SpecialBullet","SpecialBullet","SpecialBullet","SpecialBullet","SpecialBullet","SpecialBullet","SpecialBullet","InformationCode","ExtractionCode","SecurityCode","EpicFetus+1","Horn","Laetitia_ego","ParadiseLost+1","InTheNameOfLoveAndHate","OldLady","Penitence","Scorched","TodaysExpression","RapturousDream","Moonlight","Loneliness","CentralCode","QueenOfHatred","FeatherOfHonor","Beak+1","Crow Ritual","DaCapo","GoldRush","FieryBird","FourthMatchFlame"],"relics":["CogitoBucket","HushsDoor","RabbitCall","GuppysTail","LetterFromLob","Lizard Tail","Vajra"],"acts_visited":["Exordium","TheCity"],"potions_floor_usage":[],"damage_taken":[{"damage":11,"enemies":"Jaw Worm","floor":1,"turns":3},{"damage":15,"enemies":"Cultist","floor":2,"turns":4},{"damage":0,"enemies":"2 Louse","floor":4,"turns":3},{"damage":20,"enemies":"Looter","floor":7,"turns":3},{"damage":13,"enemies":"Exordium Thugs","floor":10,"turns":2},{"damage":20,"enemies":"Gremlin Gang","floor":11,"turns":9},{"damage":18,"enemies":"Lots of Slimes","floor":12,"turns":2},{"damage":17,"enemies":"Gremlin Nob","floor":13,"turns":4},{"damage":49,"enemies":"The Guardian","floor":16,"turns":9},{"damage":22,"enemies":"Shell Parasite","floor":18,"turns":6},{"damage":129,"enemies":"Chosen","floor":19,"turns":4}],"seed_played":"6339683856392839633","potions_obtained":[{"floor":12,"key":"PowerPotion"}],"is_trial":false,"path_per_floor":["M","M","?","M","?","R","M","R","T","M","M","M","E","$","R","B",null,"M","M"],"character_chosen":"Angela","items_purchased":["Beak+1","Crow Ritual"],"campfire_rested":0,"item_purchase_floors":[14,14],"current_hp_per_floor":[67,60,60,68,68,68,59,59,59,58,52,50,49,49,49,17,70,66,0,0],"gold":130,"neow_bonus":"UPGRADE_CARD","is_daily":false,"chose_seed":false,"campfire_upgraded":0,"win_rate":0.0,"timestamp":1608954940,"path_taken":["M","M","?","?","?","R","M","R","T","M","M","M","E","?","R","BOSS","M","M"],"items_purchased_type":["Card","Card"],"build_version":"2020-12-22","purchased_purges":0,"victory":false,"max_hp_per_floor":[70,70,70,70,70,70,70,70,70,70,70,70,70,70,70,70,70,74,74,74],"card_choices":[{"not_picked":[],"picked":"EpicFetus","floor":0},{"not_picked":["SomewhereSpear"],"picked":"Horn","floor":1},{"not_picked":["Christmas"],"picked":"Laetitia_ego","floor":1},{"not_picked":["SomewhereSpear"],"picked":"ParadiseLost","floor":2},{"not_picked":["Regret_ego"],"picked":"InTheNameOfLoveAndHate","floor":2},{"not_picked":["CrumblingArmor","VoidDream"],"picked":"OldLady","floor":4},{"not_picked":["WristCuter"],"picked":"Penitence","floor":4},{"not_picked":["Adoration"],"picked":"Bomb","floor":7},{"not_picked":["MHz","Wellcheers"],"picked":"Scorched","floor":7},{"not_picked":["CUTE"],"picked":"TodaysExpression","floor":7},{"not_picked":["Horn"],"picked":"RapturousDream","floor":10},{"not_picked":["BloodyDesire"],"picked":"Bomb","floor":11},{"not_picked":["CherryBlossom"],"picked":"Moonlight","floor":11},{"not_picked":["CUTE"],"picked":"Loneliness","floor":12},{"not_picked":["WallGazer","MeatLantern"],"picked":"QueenOfHatred","floor":13},{"not_picked":["Pleasure"],"picked":"FeatherOfHonor","floor":13},{"not_picked":["SoundOfStar"],"picked":"DaCapo","floor":16},{"not_picked":["Pinks"],"picked":"GoldRush","floor":16},{"not_picked":["UniverseFragment","SnowQueen"],"picked":"FieryBird","floor":18},{"not_picked":["Hypocrisy"],"picked":"FourthMatchFlame","floor":18},{"not_picked":["Regret_ego","Lantern"],"picked":"SKIP","floor":18},{"not_picked":["Regret_ego","Lantern"],"picked":"SKIP","floor":18}],"player_experience":134606,"relics_obtained":[{"floor":1,"key":"LetterFromLob"},{"floor":9,"key":"Lizard Tail"},{"floor":13,"key":"Vajra"}],"event_choices":[],"is_beta":false,"boss_relics":[{"not_picked":["vexMod:RockOfEvil","Cursed Key","Velvet Choker"]}],"items_purged_floors":[],"is_endless":false,"potions_floor_spawned":[12],"killed_by":"Chosen","ascension_level":0}}