{"host":"612v4swmphf682j4","time":1608954207,"event":{"mods":["BaseMod","Better Altar","Better Match","Better Note","Better Sensory Stone","Better Skull","Better Third Choice","Colored Map","Colored Powertips","Hubris","Minty Spire (QoL Compilation)","Quick Restart","StSLib"],"gold_per_floor":[115,133,133,145,70,98,98,118,166,166,183,183,183,36,36,161,161,101,101,101,101,101,101,101,101,101,11,11,11,11,11,11,11,11,11,11,11,11,11,11,11,11,11,11,11],"floor_reached":44,"playtime":7981,"items_purged":["Burn"],"score":631,"play_id":"0971e1e5-7c1d-4a1e-8acf-e29835bef6b2","local_time":"20201225214327","is_ascension_mode":true,"campfire_choices":[{"data":"Whirlwind","floor":7,"key":"SMITH"},{"data":"Pommel Strike","floor":10,"key":"SMITH"},{"data":"Chrysalis","floor":15,"key":"SMITH"},{"data":"Armaments","floor":24,"key":"SMITH"},{"floor":29,"key":"REST"},{"data":"Armaments","floor":32,"key":"SMITH"},{"data":"Barricade","floor":40,"key":"SMITH"}],"circlet_count":0,"master_deck":["Strike_R","Strike_R","Strike_R","Strike_R","Strike_R","Defend_R","Defend_R","Defend_R","Defend_R","Bash","Rage","Whirlwind+1","Iron Wave","Twin Strike","Pommel Strike+1","Cleave","Chrysalis+1","Barricade+1","Warcry","Armaments+1","Impervious","Body Slam","Battle Trance","Shrug It Off","Armaments+1","Exhume","Entrench+1"],"relics":["Black Blood","Kunai","Tiny Chest","Golden Idol","hubris:EmptyBottle","Ectoplasm","Bottled Lightning","Centennial Puzzle","hubris:CrystalStatue","hubris:Towel","hubris:Reverence","Blood Vial"],"acts_visited":["Exordium","TheCity","TheBeyond"],"potions_floor_usage":[6,8,23,23,25,28,31,39,39,39,39],"damage_taken":[{"damage":3,"enemies":"2 Louse","floor":1,"turns":4},{"damage":16,"enemies":"Jaw Worm","floor":2,"turns":5},{"damage":1,"enemies":"Small Slimes","floor":4,"turns":4},{"damage":16,"enemies":"3 Sentries","floor":6,"turns":4},{"damage":0,"enemies":"2 Fungi Beasts","floor":8,"turns":1},{"damage":10,"enemies":"Red Slaver","floor":11,"turns":3},{"damage":33,"enemies":"Hexaghost","floor":16,"turns":15},{"damage":29,"enemies":"2 Thieves","floor":18,"turns":4},{"damage":0,"enemies":"3 Byrds","floor":20,"turns":4},{"damage":23,"enemies":"Snecko","floor":22,"turns":5},{"damage":38,"enemies":"Slavers","floor":23,"turns":3},{"damage":7,"enemies":"Centurion and Healer","floor":25,"turns":16},{"damage":3,"enemies":"Sentry and Sphere","floor":28,"turns":4},{"damage":9,"enemies":"3 Cultists","floor":30,"turns":5},{"damage":3,"enemies":"Shelled Parasite and Fungi","floor":31,"turns":2},{"damage":16,"enemies":"hubris:MusketHawk","floor":33,"turns":6},{"damage":13,"enemies":"3 Shapes","floor":35,"turns":7},{"damage":19,"enemies":"3 Darklings","floor":38,"turns":7},{"damage":28,"enemies":"Transient","floor":39,"turns":5},{"damage":78,"enemies":"Spire Growth","floor":44,"turns":10}],"seed_played":"-7750278759050166364","potions_obtained":[{"floor":1,"key":"Fire Potion"},{"floor":2,"key":"SteroidPotion"},{"floor":6,"key":"Fire Potion"},{"floor":8,"key":"Fire Potion"},{"floor":11,"key":"Block Potion"},{"floor":23,"key":"SkillPotion"},{"floor":30,"key":"SpeedPotion"},{"floor":33,"key":"PowerPotion"},{"floor":38,"key":"Block Potion"}],"is_trial":false,"path_per_floor":["M","M","?","M","$","E","R","M","T","R","M","?","?","$","R","B",null,"M","?","M","T","M","E","R","M","T","$","M","R","M","M","R","B",null,"M","$","?","M","M","R","?","T","T","M"],"character_chosen":"IRONCLAD","items_purchased":["hubris:EmptyBottle","Body Slam","Battle Trance"],"campfire_rested":1,"item_purchase_floors":[14,27,27],"current_hp_per_floor":[75,65,65,70,70,60,60,66,66,66,62,62,38,38,38,11,96,73,73,79,79,62,30,30,29,29,29,32,60,57,60,60,50,96,95,95,95,88,72,72,72,72,72,0,0],"gold":11,"neow_bonus":"TWENTY_PERCENT_HP_BONUS","is_daily":false,"chose_seed":false,"campfire_upgraded":6,"win_rate":0.0,"timestamp":1608954207,"path_taken":["M","M","?","M","$","E","R","M","T","R","M","?","?","$","R","BOSS","M","?","M","?","M","E","R","?","T","$","M","R","M","M","R","BOSS","M","$","?","M","M","R","?","?","T","M"],"items_purchased_type":["Relic","Card","Card"],"build_version":"2020-12-22","purchased_purges":1,"victory":false,"max_hp_per_floor":[96,96,96,96,96,96,96,96,96,96,96,96,96,96,96,96,96,96,96,96,96,96,96,96,96,96,96,96,96,96,96,96,96,96,96,96,96,96,96,96,96,96,96,96,96],"card_choices":[{"not_picked":["Flame Barrier","True Grit"],"picked":"Rage","floor":1},{"not_picked":["hubris:CleavingFinish","Perfected Strike"],"picked":"Whirlwind","floor":2},{"not_picked":["Headbutt","True Grit"],"picked":"Iron Wave","floor":4},{"not_picked":["Corruption","Intimidate"],"picked":"Twin Strike","floor":6},{"not_picked":["Clothesline","Pummel"],"picked":"Pommel Strike","floor":8},{"not_picked":["Headbutt","Clash"],"picked":"Cleave","floor":11},{"not_picked":["Mind Blast","Forethought"],"picked":"Chrysalis","floor":12},{"not_picked":["Feed","Impervious"],"picked":"Barricade","floor":16},{"not_picked":["Clothesline+1","Pommel Strike","Headbutt"],"picked":"SKIP","floor":18},{"not_picked":["Power Through","Wild Strike"],"picked":"Warcry","floor":20},{"not_picked":["Anger","hubris:SharpeningStone+1"],"picked":"Armaments","floor":22},{"not_picked":["Rampage","hubris:CleavingFinish+1"],"picked":"Impervious","floor":23},{"not_picked":["Clothesline","Rupture+1","Power Through"],"picked":"SKIP","floor":25},{"not_picked":["Inflame","Disarm"],"picked":"Shrug It Off","floor":28},{"not_picked":["Pummel","hubris:SharpeningStone"],"picked":"Armaments","floor":30},{"not_picked":["Power Through","Uppercut","Evolve"],"picked":"SKIP","floor":31},{"not_picked":["Fiend Fire","Bludgeon"],"picked":"Exhume","floor":33},{"not_picked":["Inflame","True Grit"],"picked":"Entrench","floor":35},{"not_picked":["Havoc","Twin Strike+1","Uppercut"],"picked":"SKIP","floor":38},{"not_picked":["hubris:CleavingFinish+1","Barricade","Inflame"],"picked":"SKIP","floor":39}],"player_experience":549087,"relics_obtained":[{"floor":6,"key":"Kunai"},{"floor":9,"key":"Tiny Chest"},{"floor":21,"key":"Bottled Lightning"},{"floor":23,"key":"Centennial Puzzle"},{"floor":26,"key":"hubris:CrystalStatue"},{"floor":42,"key":"hubris:Reverence"},{"floor":43,"key":"Blood Vial"}],"event_choices":[{"damage_healed":65,"gold_gain":0,"player_choice":"Embrace Burn","damage_taken":0,"max_hp_gain":0,"max_hp_loss":96,"event_name":"betterThird:BetterShining","floor":3,"gold_loss":0},{"damage_healed":0,"gold_gain":1,"player_choice":"1","damage_taken":0,"max_hp_gain":0,"max_hp_loss":0,"event_name":"betterStone:BetterStone","floor":12,"gold_loss":0},{"damage_healed":0,"gold_gain":0,"player_choice":"Take Damage","damage_taken":24,"relics_obtained":["Golden Idol"],"max_hp_gain":0,"max_hp_loss":0,"event_name":"Golden Idol","floor":13,"gold_loss":0},{"damage_healed":0,"gold_gain":0,"player_choice":"Ignored","damage_taken":0,"max_hp_gain":0,"max_hp_loss":0,"event_name":"Golden Shrine","floor":19,"gold_loss":0}],"is_beta":false,"boss_relics":[{"not_picked":["Tiny House","hubris:CrackedHourglass"],"picked":"Ectoplasm"},{"not_picked":["hubris:Stopwatch","Sozu"],"picked":"Black Blood"}],"items_purged_floors":[5],"is_endless":false,"potions_floor_spawned":[1,2,6,8,11,18,23,30,33,38],"killed_by":"Spire Growth","ascension_level":4}}