{"host":"iy58fyt9wsbv4cf1","time":1608999050,"event":{"mods":["BaseMod","Better Altar","Better Match","Better Skull","Better Third Choice","BetterRewards","Conspire","Custom Start","Defuse TimeMaze Blight","Hubris","Infinite Spire","Minty Spire (QoL Compilation)","Permanent Neow","Quick Restart","Spicy Shops","StSLib"],"gold_per_floor":[32,32,32,107,119,119,119,119,170,170,170,188,54,67,67,186,186,199,4,29,29,29,29,29,29],"floor_reached":24,"playtime":473,"items_purged":["Strike_R"],"score":182,"play_id":"3b91af49-edd8-4e48-86b1-93f494b33c21","local_time":"20201226111050","is_ascension_mode":false,"campfire_choices":[{"data":"Evolve","floor":6.0,"key":"SMITH"},{"floor":8.0,"key":"REST"},{"data":"Wild Strike","floor":10.0,"key":"SMITH"},{"data":"Entrench","floor":15.0,"key":"SMITH"},{"data":"Fire Breathing","floor":23.0,"key":"SMITH"}],"circlet_count":0,"master_deck":["Strike_R","Strike_R","Strike_R","Strike_R","Defend_R","Defend_R","Defend_R","Defend_R","Bash","True Grit","Power Through","Evolve+1","Reckless Charge","Wild Strike+1","Shrug It Off","Disarm","Fire Breathing+1","Entrench+1","Wild Strike+1"],"relics":["Burning Blood","hubris:Icosahedron","Golden Idol","hubris:HollowSoul","Membership Card"],"acts_visited":["Exordium","TheCity"],"potions_floor_usage":[],"damage_taken":[{"damage":6.0,"enemies":"Jaw Worm","floor":1.0,"turns":2.0},{"damage":0.0,"enemies":"2 Louse","floor":5.0,"turns":3.0},{"damage":0.0,"enemies":"Small Slimes","floor":12.0,"turns":4.0},{"damage":12.0,"enemies":"Exordium Wildlife","floor":14.0,"turns":5.0},{"damage":3.0,"enemies":"Slime Boss","floor":16.0,"turns":7.0},{"damage":12.0,"enemies":"conspire:FuzzyDice","floor":18.0,"turns":6.0},{"damage":13.0,"enemies":"Shell Parasite","floor":20.0,"turns":6.0},{"damage":0,"enemies":"Nightmare","floor":24,"turns":1}],"seed_played":"-6260316832019566600","potions_obtained":[{"floor":12.0,"key":"Weak Potion"},{"floor":16.0,"key":"SteroidPotion"},{"floor":20.0,"key":"ElixirPotion"}],"is_trial":false,"path_per_floor":["M","?","$","?","M","R","?","R","T","R","$","M","$","M","R","B",null,"M","$","M","$","?","R","NM"],"character_chosen":"IRONCLAD","items_purchased":["True Grit","Power Through","Evolve","Reckless Charge","Fire Breathing","Entrench","Membership Card"],"campfire_rested":1,"item_purchase_floors":[0,0,0,0,13,13,19],"current_hp_per_floor":[44,44,44,33,39,39,19,43,43,43,43,49,49,43,43,46,80,74,74,67,67,67,67,67,67],"gold":29,"neow_bonus":"","is_daily":false,"chose_seed":false,"campfire_upgraded":4,"win_rate":0.0,"timestamp":1608999050,"path_taken":["M","?","$","?","M","R","?","R","T","R","$","M","$","M","R","BOSS","M","$","M","$","?","R","NM"],"items_purchased_type":["Card","Card","Card","Card","Card","Card","Relic"],"build_version":"2020-12-22","purchased_purges":1,"victory":false,"max_hp_per_floor":[80,80,80,80,80,80,80,80,80,80,80,80,80,80,80,80,80,80,80,80,80,80,80,80,80],"card_choices":[{"not_picked":["Warcry","True Grit"],"picked":"Wild Strike","floor":1.0},{"not_picked":["Pommel Strike","Hemokinesis"],"picked":"Shrug It Off","floor":5.0},{"not_picked":["Cleave","Pummel"],"picked":"Disarm","floor":12.0},{"not_picked":["infinitespire:OneForAll","Clash","Body Slam"],"picked":"SKIP","floor":14.0},{"not_picked":["Sword Boomerang","Perfected Strike"],"picked":"Wild Strike+1","floor":18.0},{"not_picked":["Twin Strike","Headbutt+1","Havoc"],"picked":"SKIP","floor":20.0}],"player_experience":38471,"relics_obtained":[],"event_choices":[{"damage_healed":0.0,"max_hp_gain":0.0,"max_hp_loss":0.0,"gold_gain":75.0,"event_name":"betterThird:BetterGoop","player_choice":"Gold","floor":4.0,"gold_loss":0.0,"damage_taken":11.0},{"damage_healed":0.0,"max_hp_gain":0.0,"max_hp_loss":0.0,"gold_gain":0.0,"event_name":"Golden Idol","player_choice":"Take Damage","floor":7.0,"gold_loss":0.0,"damage_taken":20.0,"relics_obtained":["Golden Idol"]}],"is_beta":false,"boss_relics":[{"not_picked":["hubris:VirtuousBlindfold","conspire:SlowCooker"],"picked":"hubris:HollowSoul"}],"items_purged_floors":[19],"is_endless":false,"potions_floor_spawned":[12,16,20],"killed_by":"Nightmare","ascension_level":0}}