{"host":"2461dio7vetlq1z3","time":1608979886,"event":{"mods":["2.2 Compatiblity","AchievementEnabler","Aspiration","BaseMod","Better Third Choice","Friendly Minions","Hermit","Minty Spire (QoL Compilation)","Relic Stats","Spicy Shops","StSLib","Waifu the Spire"],"gold_per_floor":[319,331,331,346,32,66,66,66,66],"floor_reached":8,"playtime":492,"items_purged":[],"score":112,"play_id":"d2595c6c-5797-47bd-84c0-a651fab5f01d","local_time":"20201226115126","is_ascension_mode":true,"campfire_choices":[{"floor":7,"key":"REST"}],"circlet_count":0,"master_deck":["AscendersBane","Strike_B","Strike_B","Strike_B","Strike_B","Defend_B","Defend_B","Defend_B","Defend_B","Zap","Dualcast","Gash","White Noise","Rip and Tear","Ball Lightning"],"relics":["Cracked Core","Old Coin","Thread and Needle","Bag of Preparation"],"acts_visited":["Exordium"],"potions_floor_usage":[],"damage_taken":[{"damage":4,"enemies":"2 Louse","floor":1,"turns":2},{"damage":7,"enemies":"Jaw Worm","floor":2,"turns":4},{"damage":1,"enemies":"Cultist","floor":4,"turns":3},{"damage":47,"enemies":"Gremlin Nob","floor":6,"turns":5},{"damage":28,"enemies":"Lagavulin","floor":8,"turns":7}],"seed_played":"-2446389654389090611","potions_obtained":[],"is_trial":false,"path_per_floor":["M","M","?","M","$","E","R","E"],"character_chosen":"DEFECT","items_purchased":["Thread and Needle"],"campfire_rested":1,"item_purchase_floors":[5],"current_hp_per_floor":[60,53,53,52,52,5,26,0,0],"gold":66,"neow_bonus":"ONE_RARE_RELIC","is_daily":false,"chose_seed":false,"campfire_upgraded":0,"win_rate":0.0,"timestamp":1608979886,"path_taken":["M","M","?","M","$","E","R","E"],"items_purchased_type":["Relic"],"build_version":"2020-12-22","purchased_purges":0,"victory":false,"max_hp_per_floor":[71,71,71,71,71,71,71,71,71],"relic_stats":{"counters":[5,21],"Bag of Preparation":[2],"obtain_stats":[{"Thread and Needle":5,"Bag of Preparation":6,"Cracked Core":0,"Old Coin":0},{"Thread and Needle":3,"Bag of Preparation":4,"Cracked Core":0,"Old Coin":0},{"Thread and Needle":9,"Bag of Preparation":14,"Cracked Core":0,"Old Coin":0}]},"card_choices":[{"not_picked":["Leap","Barrage"],"picked":"Gash","floor":1},{"not_picked":["Hello World","Redo"],"picked":"White Noise","floor":2},{"not_picked":["Ball Lightning","Capacitor"],"picked":"Rip and Tear","floor":4},{"not_picked":["Cold Snap","Rebound"],"picked":"Ball Lightning","floor":6}],"player_experience":931310,"relics_obtained":[{"floor":6,"key":"Bag of Preparation"}],"event_choices":[{"damage_healed":0,"gold_gain":0,"player_choice":"Ignored","damage_taken":331,"max_hp_gain":0,"max_hp_loss":0,"event_name":"betterThird:BetterSerpent","floor":3,"gold_loss":0}],"is_beta":false,"boss_relics":[],"items_purged_floors":[],"is_endless":false,"potions_floor_spawned":[],"killed_by":"Lagavulin","ascension_level":20}}