{"host":"8by3m8mve9y2rhh4","time":1608947741,"event":{"mods":["BaseMod","Minty Spire (QoL Compilation)","Quick Restart"],"gold_per_floor":[119,119,137,87,87,115,115,40,40,65,82,117,27,40,40,140,140,159,37,53,253,273,306,306,320,366,399,418,431,466,484,484,583,583,603,603,617,253,253,284,337,357,357,389,389,403,403,417,417,417,417,417,27,58,58,58],"floor_reached":55,"playtime":3956,"items_purged":["Strike_G","Quick Slash","Poisoned Stab"],"score":897,"play_id":"b610c9e3-a2a2-43bb-ae2c-5adcc2ed471c","local_time":"20201226015540","is_ascension_mode":true,"campfire_choices":[{"floor":7,"key":"REST"},{"floor":15,"key":"REST"},{"floor":24,"key":"REST"},{"floor":32,"key":"REST"},{"floor":45,"key":"RECALL"},{"floor":47,"key":"REST"},{"floor":49,"key":"REST"},{"data":"Concentrate","floor":52,"key":"SMITH"}],"circlet_count":0,"master_deck":["Defend_G","Defend_G","Defend_G","Defend_G","Survivor","Neutralize","Deadly Poison","Poisoned Stab","Noxious Fumes","Well Laid Plans","Poisoned Stab","Noxious Fumes","After Image","Venomology+1","Dodge and Roll+1","Reflex+1","Escape Plan","Footwork","Acrobatics","Escape Plan","Deadly Poison","Bouncing Flask","Venomology","Concentrate+1","Adrenaline","Blur+1","Backflip","Infinite Blades+1","Outmaneuver+1"],"relics":["HoveringKite","Lizard Tail","Mummified Hand","Smiling Mask","White Beast Statue","Ninja Scroll","Astrolabe","The Specimen","Lantern","Singing Bowl","Pen Nib","Black Star","OrangePellets","Orichalcum","Frozen Egg 2","Sundial","Toy Ornithopter","Membership Card","Blue Candle","Shuriken","Gremlin Horn"],"acts_visited":["Exordium","TheCity","TheBeyond","TheEnding"],"potions_floor_usage":[3,12,14,16,20,22,22,23,23,23,23,25,27,28,29,30,31,33,33,33,35,35,35,37,40,40,40,40,40,41,41,41,42,42,42,44,44,44,44,46,48,48,48,50,50,50,50,54,54,55,55,55,55,55,55,55,55],"damage_taken":[{"damage":0,"enemies":"Small Slimes","floor":1,"turns":4},{"damage":0,"enemies":"2 Louse","floor":3,"turns":4},{"damage":43,"enemies":"3 Sentries","floor":6,"turns":15},{"damage":10,"enemies":"Gremlin Nob","floor":10,"turns":4},{"damage":1,"enemies":"Jaw Worm","floor":11,"turns":3},{"damage":21,"enemies":"3 Sentries","floor":12,"turns":7},{"damage":0,"enemies":"Looter","floor":14,"turns":3},{"damage":39,"enemies":"The Guardian","floor":16,"turns":9},{"damage":7,"enemies":"Spheric Guardian","floor":18,"turns":4},{"damage":0,"enemies":"Shell Parasite","floor":20,"turns":4},{"damage":0,"enemies":"3 Cultists","floor":22,"turns":5},{"damage":25,"enemies":"Slavers","floor":23,"turns":5},{"damage":15,"enemies":"Snake Plant","floor":25,"turns":4},{"damage":12,"enemies":"Gremlin Leader","floor":27,"turns":6},{"damage":0,"enemies":"Centurion and Healer","floor":28,"turns":5},{"damage":0,"enemies":"Shelled Parasite and Fungi","floor":29,"turns":5},{"damage":27,"enemies":"Slavers","floor":30,"turns":5},{"damage":7,"enemies":"3 Cultists","floor":31,"turns":5},{"damage":23,"enemies":"Champ","floor":33,"turns":11},{"damage":12,"enemies":"3 Darklings","floor":35,"turns":5},{"damage":6,"enemies":"3 Shapes","floor":37,"turns":5},{"damage":0,"enemies":"Giant Head","floor":40,"turns":8},{"damage":62,"enemies":"2 Orb Walkers","floor":41,"turns":6},{"damage":0,"enemies":"3 Darklings","floor":42,"turns":4},{"damage":0,"enemies":"Nemesis","floor":44,"turns":9},{"damage":2,"enemies":"Maw","floor":46,"turns":8},{"damage":14,"enemies":"Writhing Mass","floor":48,"turns":6},{"damage":13,"enemies":"Donu and Deca","floor":50,"turns":10},{"damage":30,"enemies":"Shield and Spear","floor":54,"turns":7},{"damage":111,"enemies":"The Heart","floor":55,"turns":11}],"seed_played":"8011232562688672673","potions_obtained":[{"floor":3,"key":"Fruit Juice"},{"floor":11,"key":"LiquidBronze"},{"floor":12,"key":"SneckoOil"},{"floor":14,"key":"Block Potion"},{"floor":16,"key":"LiquidBronze"},{"floor":18,"key":"FearPotion"},{"floor":20,"key":"ColorlessPotion"},{"floor":22,"key":"ColorlessPotion"},{"floor":23,"key":"Poison Potion"},{"floor":25,"key":"Swift Potion"},{"floor":27,"key":"Strength Potion"},{"floor":28,"key":"EssenceOfSteel"},{"floor":31,"key":"SpeedPotion"},{"floor":33,"key":"AttackPotion"},{"floor":35,"key":"LiquidBronze"},{"floor":37,"key":"CunningPotion"},{"floor":40,"key":"CultistPotion"},{"floor":41,"key":"Block Potion"},{"floor":42,"key":"Dexterity Potion"},{"floor":44,"key":"LiquidBronze"},{"floor":46,"key":"PowerPotion"},{"floor":48,"key":"Strength Potion"},{"floor":54,"key":"CunningPotion"}],"is_trial":false,"path_per_floor":["M","?","M","?","?","E","R","$","T","E","M","E","$","M","R","B",null,"M","$","M","?","M","E","R","M","T","E","M","M","E","M","R","B",null,"M","?","M","$","?","E","?","M","T","E","R","M","R","M","R","B",null,"R","$","E","B"],"character_chosen":"THE_SILENT","items_purchased":["Noxious Fumes","Noxious Fumes","Footwork","Concentrate","OrangePellets","EntropicBrew","Membership Card","Backflip","Blue Candle","Swift Potion","ColorlessPotion","Infinite Blades+1"],"campfire_rested":6,"item_purchase_floors":[8,13,19,38,38,38,53,53,53,53,53,53],"current_hp_per_floor":[70,63,68,68,61,18,40,40,40,30,29,8,8,8,30,31,75,68,68,68,68,68,43,65,50,50,55,55,57,32,27,51,28,83,73,73,69,69,69,71,9,9,9,11,11,16,42,45,72,79,91,91,91,61,0,0],"gold":58,"neow_bonus":"BOSS_RELIC","is_daily":false,"chose_seed":false,"campfire_upgraded":1,"win_rate":0.0,"timestamp":1608947740,"path_taken":["M","?","M","?","?","E","R","?","T","E","M","E","$","M","R","BOSS","M","$","M","?","M","E","R","M","T","E","M","?","E","M","R","BOSS","M","?","M","$","?","E","?","M","T","E","R","M","R","M","R","BOSS","R","$","E","BOSS"],"items_purchased_type":["Card","Card","Card","Card","Relic","Potion","Relic","Card","Relic","Potion","Potion","Card"],"build_version":"2020-12-22","purchased_purges":3,"victory":false,"max_hp_per_floor":[70,70,75,75,75,75,75,75,75,75,75,75,75,75,75,75,75,75,75,75,75,75,75,75,75,75,77,77,79,81,83,83,83,83,85,85,87,87,83,85,85,85,85,87,87,89,89,91,91,91,91,91,91,91,91,91],"card_choices":[{"not_picked":["Prepared","Dagger Throw"],"picked":"Deadly Poison","floor":1},{"not_picked":["Dagger Spray","Setup"],"picked":"Poisoned Stab","floor":3},{"not_picked":["Outmaneuver","Bullet Time"],"picked":"Quick Slash","floor":6},{"not_picked":["All Out Attack","Flying Knee"],"picked":"Well Laid Plans","floor":10},{"not_picked":["Accuracy","Skewer","Flechettes"],"picked":"SKIP","floor":11},{"not_picked":["Dagger Spray","Dagger Throw"],"picked":"Poisoned Stab","floor":12},{"not_picked":["Underhanded Strike","PiercingWail"],"picked":"Poisoned Stab","floor":14},{"not_picked":["Burst","Storm of Steel"],"picked":"After Image","floor":16},{"not_picked":["Deadly Poison","Underhanded Strike"],"picked":"Escape Plan","floor":18},{"not_picked":["Flying Knee","Distraction"],"picked":"Acrobatics","floor":20},{"not_picked":["Bane","Glass Knife"],"picked":"Escape Plan","floor":22},{"not_picked":["Cloak And Dagger+1","Well Laid Plans+1"],"picked":"Deadly Poison","floor":23},{"not_picked":["Setup","Dagger Spray","Sucker Punch"],"picked":"SKIP","floor":25},{"not_picked":["Predator","Deflect+1","Backflip+1"],"picked":"Singing Bowl","floor":27},{"not_picked":["Heel Hook","Tactician"],"picked":"Bouncing Flask","floor":28},{"not_picked":["Deflect","Skewer","Dagger Spray"],"picked":"Singing Bowl","floor":29},{"not_picked":["Terror+1","Dagger Throw","Reflex"],"picked":"Singing Bowl","floor":30},{"not_picked":["Night Terror","Outmaneuver+1","Setup"],"picked":"Singing Bowl","floor":31},{"not_picked":["Unload","Tools of the Trade"],"picked":"Venomology","floor":33},{"not_picked":["Bouncing Flask","Slice+1","Flying Knee+1"],"picked":"Singing Bowl","floor":35},{"not_picked":["Masterful Stab+1","Dagger Throw+1","Poisoned Stab"],"picked":"Singing Bowl","floor":37},{"not_picked":["Acrobatics+1","Sucker Punch","Backflip"],"picked":"Singing Bowl","floor":40},{"not_picked":["Dodge and Roll+1","PiercingWail+1"],"picked":"Adrenaline","floor":41},{"not_picked":["Infinite Blades+1","Prepared+1"],"picked":"Blur+1","floor":42},{"not_picked":["Eviscerate+1","Flying Knee","Prepared+1"],"picked":"Singing Bowl","floor":44},{"not_picked":["Flechettes+1","Endless Agony","Bane+1"],"picked":"Singing Bowl","floor":46},{"not_picked":["Distraction+1","Flying Knee+1","PiercingWail+1"],"picked":"Singing Bowl","floor":48},{"not_picked":["Prepared","Expertise+1"],"picked":"Outmaneuver+1","floor":54}],"player_experience":605246,"relics_obtained":[{"floor":6,"key":"Mummified Hand"},{"floor":9,"key":"Smiling Mask"},{"floor":10,"key":"White Beast Statue"},{"floor":12,"key":"Ninja Scroll"},{"floor":23,"key":"The Specimen"},{"floor":26,"key":"Lantern"},{"floor":27,"key":"Singing Bowl"},{"floor":30,"key":"Pen Nib"},{"floor":40,"key":"Orichalcum"},{"floor":40,"key":"Frozen Egg 2"},{"floor":44,"key":"Sundial"},{"floor":44,"key":"Toy Ornithopter"},{"floor":54,"key":"Shuriken"},{"floor":54,"key":"Gremlin Horn"}],"event_choices":[{"cards_removed":["Strike_G"],"damage_healed":0,"gold_gain":0,"player_choice":"Card Removal","damage_taken":7,"max_hp_gain":0,"max_hp_loss":0,"event_name":"Golden Wing","floor":2,"gold_loss":0},{"cards_removed":["Strike_G"],"damage_healed":0,"gold_gain":0,"player_choice":"Card Removal","damage_taken":0,"max_hp_gain":0,"max_hp_loss":0,"event_name":"The Cleric","floor":4,"gold_loss":50},{"damage_healed":0,"gold_gain":0,"player_choice":"Success","damage_taken":7,"relics_obtained":["Lizard Tail"],"max_hp_gain":0,"max_hp_loss":0,"event_name":"Scrap Ooze","floor":5,"gold_loss":0},{"damage_healed":0,"gold_gain":250,"player_choice":"Bet on Owner","damage_taken":0,"max_hp_gain":0,"max_hp_loss":0,"event_name":"The Joust","floor":21,"gold_loss":50},{"damage_healed":0,"gold_gain":0,"player_choice":"Ignored","damage_taken":0,"max_hp_gain":0,"max_hp_loss":0,"event_name":"Tomb of Lord Red Mask","floor":36,"gold_loss":0},{"damage_healed":0,"gold_gain":0,"player_choice":"Max HP","damage_taken":0,"max_hp_gain":0,"max_hp_loss":4,"event_name":"Winding Halls","floor":39,"gold_loss":0},{"damage_healed":0,"gold_gain":0,"player_choice":"Fight","damage_taken":0,"max_hp_gain":0,"max_hp_loss":0,"event_name":"Mysterious Sphere","floor":41,"gold_loss":0}],"is_beta":false,"boss_relics":[{"not_picked":["Busted Crown","Fusion Hammer"],"picked":"Astrolabe"},{"not_picked":["Sozu","Runic Pyramid"],"picked":"Black Star"}],"items_purged_floors":[13,19,38],"is_endless":false,"potions_floor_spawned":[3,11,12,14,16,18,20,22,23,25,27,28,29,30,31,33,35,37,40,41,42,44,46,48,54],"killed_by":"The Heart","ascension_level":1}}