{"host":"sa7ebub27cgn5wai","time":1608963552,"event":{"mods":["BaseMod","Colored Map","Minty Spire (QoL Compilation)","SuperFastMode"],"gold_per_floor":[118,130,148,167,177,177,33,46,46,56,56,56,56,21,21,124,124,139,139,54,54,71,71,71],"floor_reached":23,"playtime":461,"items_purged":[],"score":293,"play_id":"a6d98702-a147-4bf7-b485-dc0ffaa523d9","local_time":"20201226151912","is_ascension_mode":true,"campfire_choices":[{"data":"Searing Blow","floor":6,"key":"SMITH"},{"data":"Searing Blow+1","floor":13,"key":"SMITH"},{"data":"Searing Blow+2","floor":15,"key":"SMITH"}],"circlet_count":0,"master_deck":["AscendersBane","Strike_R","Strike_R","Strike_R","Strike_R","Strike_R","Defend_R","Defend_R","Defend_R","Defend_R","Bash","Double Tap","Searing Blow+3","Dual Wield","Bloodletting","Spot Weakness","Warcry","Cleave","Corruption","Sentinel"],"relics":["Burning Blood","MealTicket","Meat on the Bone","Paper Frog","Velvet Choker","Bag of Marbles"],"acts_visited":["Exordium","TheCity"],"potions_floor_usage":[16,23],"damage_taken":[{"damage":16,"enemies":"Cultist","floor":1,"turns":4},{"damage":1,"enemies":"Small Slimes","floor":2,"turns":4},{"damage":12,"enemies":"Jaw Worm","floor":3,"turns":2},{"damage":11,"enemies":"Blue Slaver","floor":4,"turns":2},{"damage":21,"enemies":"2 Fungi Beasts","floor":5,"turns":4},{"damage":3,"enemies":"3 Louse","floor":8,"turns":3},{"damage":30,"enemies":"Lots of Slimes","floor":10,"turns":5},{"damage":74,"enemies":"Slime Boss","floor":16,"turns":9},{"damage":27,"enemies":"Shell Parasite","floor":18,"turns":4},{"damage":23,"enemies":"2 Thieves","floor":22,"turns":3},{"damage":65,"enemies":"Book of Stabbing","floor":23,"turns":4}],"seed_played":"6743546765521930500","potions_obtained":[{"floor":1,"key":"BloodPotion"},{"floor":3,"key":"CultistPotion"},{"floor":18,"key":"Regen Potion"}],"is_trial":false,"path_per_floor":["M","M","M","M","M","R","$","M","T","M","?","$","R","?","R","B",null,"M","?","?","?","M","E"],"character_chosen":"IRONCLAD","items_purchased":["MealTicket"],"campfire_rested":0,"item_purchase_floors":[7],"current_hp_per_floor":[62,67,61,56,41,41,41,44,44,32,29,44,44,64,64,24,66,57,57,57,57,52,0,0],"gold":71,"neow_bonus":"ONE_RANDOM_RARE_CARD","is_daily":false,"chose_seed":false,"campfire_upgraded":3,"win_rate":0.0,"timestamp":1608963552,"path_taken":["M","?","M","M","M","R","$","M","T","M","?","$","R","?","R","BOSS","M","?","?","?","M","E"],"items_purchased_type":["Relic"],"build_version":"2020-12-22","purchased_purges":0,"victory":false,"max_hp_per_floor":[80,80,80,80,80,80,80,80,80,80,80,80,80,80,80,80,80,80,80,80,80,80,80,80],"card_choices":[{"not_picked":["Body Slam","Headbutt"],"picked":"Searing Blow","floor":1},{"not_picked":["Ghostly Armor","Flex"],"picked":"Dual Wield","floor":2},{"not_picked":["Body Slam","Dropkick"],"picked":"Bloodletting","floor":3},{"not_picked":["Flex","Twin Strike"],"picked":"Spot Weakness","floor":4},{"not_picked":["Searing Blow","Disarm"],"picked":"Warcry","floor":5},{"not_picked":["Intimidate","Burning Pact"],"picked":"Cleave","floor":8},{"not_picked":["Perfected Strike","Blood for Blood","Headbutt"],"picked":"SKIP","floor":10},{"not_picked":["Reaper","Juggernaut"],"picked":"Corruption","floor":16},{"not_picked":["Spot Weakness","Anger","Shrug It Off"],"picked":"SKIP","floor":18},{"not_picked":["Flame Barrier","Iron Wave"],"picked":"Sentinel","floor":22}],"player_experience":281651,"relics_obtained":[{"floor":9,"key":"Meat on the Bone"}],"event_choices":[{"damage_healed":0,"gold_gain":0,"player_choice":"Success","damage_taken":3,"relics_obtained":["Paper Frog"],"max_hp_gain":0,"max_hp_loss":0,"event_name":"Scrap Ooze","floor":11,"gold_loss":0},{"damage_healed":20,"gold_gain":0,"player_choice":"Healed","damage_taken":0,"max_hp_gain":0,"max_hp_loss":0,"event_name":"The Cleric","floor":14,"gold_loss":35},{"damage_healed":0,"gold_gain":0,"player_choice":"Ignored","damage_taken":0,"max_hp_gain":0,"max_hp_loss":0,"event_name":"Vampires","floor":19,"gold_loss":0},{"damage_healed":0,"gold_gain":0,"player_choice":"Obtained Relic","damage_taken":0,"relics_obtained":["Bag of Marbles"],"max_hp_gain":0,"max_hp_loss":0,"event_name":"Addict","floor":20,"gold_loss":85},{"damage_healed":0,"gold_gain":0,"player_choice":"Ignored","damage_taken":0,"max_hp_gain":0,"max_hp_loss":0,"event_name":"N\u0027loth","floor":21,"gold_loss":0}],"is_beta":false,"boss_relics":[{"not_picked":["Runic Pyramid","Philosopher\u0027s Stone"],"picked":"Velvet Choker"}],"items_purged_floors":[],"is_endless":false,"potions_floor_spawned":[1,3,5,10,18],"killed_by":"Book of Stabbing","ascension_level":12}}