{"host":"aaqofma31c3gm2hj","time":1608979113,"event":{"mods":["BaseMod","Minty Spire (QoL Compilation)","Replay The Spire","Spicy Shops","StSLib"],"gold_per_floor":[116,116,166,181,6,40,40,54,79,93,124,124,156,81,81,81,81],"floor_reached":16,"playtime":401,"items_purged":["Strike_G","Strike_G"],"score":286,"play_id":"03b1d237-0c47-4d70-a518-6c18499da684","local_time":"20201226183833","is_ascension_mode":true,"campfire_choices":[{"data":"Blade Dance","floor":7.0,"key":"SMITH"},{"data":"Neutralize","floor":15.0,"key":"SMITH"}],"circlet_count":0,"master_deck":["AscendersBane","Strike_G","Strike_G","Defend_G","Defend_G","Defend_G","Defend_G","Survivor","Neutralize+1","Blade Dance","Blade Dance+1","Prepared","Backflip"],"relics":["Ring of the Snake","NeowsBlessing","Bag of Preparation","ReplayTheSpireMod:TigerMarble","Bottled Lightning","Mummified Hand"],"acts_visited":["Exordium"],"potions_floor_usage":[16],"damage_taken":[{"damage":0.0,"enemies":"Jaw Worm","floor":1.0,"turns":1.0},{"damage":0.0,"enemies":"Small Slimes","floor":4.0,"turns":1.0},{"damage":0.0,"enemies":"Lagavulin","floor":6.0,"turns":1.0},{"damage":0.0,"enemies":"Cultist","floor":8.0,"turns":3.0},{"damage":1.0,"enemies":"Blue Slaver","floor":10.0,"turns":3.0},{"damage":9.0,"enemies":"3 Sentries","floor":11.0,"turns":8.0},{"damage":12.0,"enemies":"Lagavulin","floor":13.0,"turns":4.0},{"damage":30,"enemies":"The Guardian","floor":16,"turns":14}],"seed_played":"-8681986716916325958","potions_obtained":[{"floor":1.0,"key":"Venom Potion"},{"floor":4.0,"key":"Dexterity Potion"}],"is_trial":false,"path_per_floor":["M","?","?","M","$","E","R","M","T","M","E","?","E","?","R","B"],"character_chosen":"THE_SILENT","items_purchased":[],"campfire_rested":0,"item_purchase_floors":[],"current_hp_per_floor":[59,59,59,59,59,59,59,59,59,58,49,42,30,30,30,0,0],"gold":81,"neow_bonus":"THREE_ENEMY_KILL","is_daily":false,"chose_seed":false,"campfire_upgraded":2,"win_rate":0.0,"timestamp":1608979113,"path_taken":["M","?","?","?","$","E","R","M","T","M","E","?","E","?","R","BOSS"],"items_purchased_type":[],"build_version":"2020-12-22","purchased_purges":2,"victory":false,"max_hp_per_floor":[66,66,66,66,66,66,66,66,66,66,66,66,66,66,66,66,66],"card_choices":[{"not_picked":["Slice","ReplayTheSpireMod:Scrap Shanks"],"picked":"Blade Dance","floor":1.0},{"not_picked":["Dodge and Roll","Dagger Spray","Doppelganger"],"picked":"SKIP","floor":4.0},{"not_picked":["Bane","Distraction"],"picked":"Blade Dance","floor":6.0},{"not_picked":["Slice","Toxin Wave","Crippling Poison"],"picked":"SKIP","floor":8.0},{"not_picked":["Choke","Deadly Poison"],"picked":"Prepared","floor":10.0},{"not_picked":["Dagger Spray","ReplayTheSpireMod:Speed Training"],"picked":"Backflip","floor":11.0},{"not_picked":["Replay:Poison Smokescreen","Blur","Bane"],"picked":"SKIP","floor":13.0}],"player_experience":540101,"relics_obtained":[{"floor":6.0,"key":"Bag of Preparation"},{"floor":9.0,"key":"ReplayTheSpireMod:TigerMarble"},{"floor":11.0,"key":"Bottled Lightning"},{"floor":13.0,"key":"Mummified Hand"}],"event_choices":[{"damage_healed":0.0,"max_hp_gain":0.0,"max_hp_loss":0.0,"gold_gain":50.0,"event_name":"Golden Shrine","player_choice":"Pray","floor":3.0,"gold_loss":0.0,"damage_taken":0.0},{"cards_removed":["Defend_G"],"damage_healed":0.0,"max_hp_gain":0.0,"max_hp_loss":0.0,"gold_gain":0.0,"event_name":"Golden Wing","player_choice":"Card Removal","floor":12.0,"gold_loss":0.0,"damage_taken":7.0},{"cards_removed":["Strike_G"],"damage_healed":0.0,"max_hp_gain":0.0,"max_hp_loss":0.0,"gold_gain":0.0,"event_name":"The Cleric","player_choice":"Card Removal","floor":14.0,"gold_loss":75.0,"damage_taken":0.0}],"is_beta":false,"boss_relics":[],"items_purged_floors":[5,5],"is_endless":false,"potions_floor_spawned":[1,4,10],"killed_by":"The Guardian","ascension_level":20}}