{"host":"djfsqftupta9xgss","time":1608980986,"event":{"mods":["ATMod(°¢èªMod)","Act Like it!","BaseMod","Gensokyo","Minty Spire (QoL Compilation)","MostiFishMod","Replay The Spire","Spicy Shops","StSLib","TestMod"],"gold_per_floor":[18,18,35,103,153,187,199,199,199,225,325,340,400,1449,1449,1522,1522,1535,1073,1123,1191,1166,1196,804,864,864,917,967,1102,1163,98,98,195,195,330,418,486,1176,2468,3171,3171,3826,3851,4501,4551,4609,4659,3339,3339,3389,3514,3514,3514,1587,1671,1696],"floor_reached":57,"playtime":2064,"items_purged":["Strike_B","Eruption","Strike_B","Defend_B","Defend_B","Zap","Defend_B"],"score":3876,"play_id":"63bacbe5-d289-47a7-8e4c-6a1a9b784a56","local_time":"20201226190946","is_ascension_mode":true,"campfire_choices":[{"floor":8,"key":"REST"},{"floor":15,"key":"REST"},{"floor":32,"key":"RECALL"},{"data":"MostiFishMod:DeathFromBelow","floor":41,"key":"SMITH"},{"data":"Defragment","floor":49,"key":"PURGE"},{"data":"AT_DarkMatter","floor":53,"key":"SMITH"}],"circlet_count":0,"master_deck":["AscendersBane","AT_ShrugMaster","MostiFishMod:Culaccino+1","White Noise","Compile Driver","MostiFishMod:Distribution","MostiFishMod:Overload+1","MostiFishMod:Prepare+1","Leap","Double Energy","AT_DarkMatter+1","Ball Lightning","Capacitor+1","Seek+1","Turbo+1","Coolheaded+1","Fission+1","MostiFishMod:DeathFromBelow+1","AT_EMC2","MostiFishMod:KingOfFree"],"relics":["Cracked Core","AT_ATBox","DaveBox","testmod-TestBox","testmod-Maize","SynthV:TestCard","SsserpentHead","Blood Vial","AT_BellowingDragoncrestRing","Inserter","Carrot","Replay:Accelerometer","AT_MibuBalloonWealth","testmod-ObsoleteBoomerang","AT_ImmortalShieldbow","AT_SunfireAegis","Pen Nib","DataDisk","TheAbacus","testmod-Register","Replay:Grab Bag","Busted Crown","Sozu","FeatherPendant","Empty Cage","testmod-EqualTreatment","War Paint","Replay:Ringing Soul","ReplayTheSpireMod:Lightbulb","Omamori","SynthV:C4","Bottled Flame","AT_SilvercatRing","Divine Protection","Solar Panel","Art of War","Guide Book","AT_DeathDance","AT_GoldPhoenixTree","Boot","Replay:Kaleidoscope","ClockworkSouvenir","SynthV","HornCleat"],"acts_visited":["Exordium","TheCity","TheBeyond","TheEnding"],"potions_floor_usage":[12,18,23],"damage_taken":[{"damage":0.0,"enemies":"2 Louse","floor":1.0,"turns":2.0},{"damage":12,"enemies":"Cultist","floor":3,"turns":3},{"damage":7,"enemies":"Jaw Worm","floor":4,"turns":2},{"damage":15,"enemies":"Gremlin Nob","floor":6,"turns":3},{"damage":6,"enemies":"Looter","floor":7,"turns":3},{"damage":16,"enemies":"Lagavulin","floor":10,"turns":5},{"damage":14,"enemies":"Gremlin Gang","floor":12,"turns":3},{"damage":7,"enemies":"2 Fungi Beasts","floor":13,"turns":3},{"damage":20,"enemies":"The Guardian","floor":16,"turns":9},{"damage":12,"enemies":"3 Byrds","floor":18,"turns":5},{"damage":0,"enemies":"Chosen","floor":21,"turns":5},{"damage":10,"enemies":"Gremlin Leader","floor":23,"turns":2},{"damage":25,"enemies":"Replay:Snechameleon","floor":25,"turns":4},{"damage":0,"enemies":"Book of Stabbing","floor":27,"turns":4},{"damage":0,"enemies":"3 Cultists","floor":29,"turns":3},{"damage":11,"enemies":"Sentry and Sphere","floor":30,"turns":3},{"damage":0,"enemies":"Champ","floor":33,"turns":2},{"damage":0,"enemies":"3 Darklings","floor":35,"turns":1},{"damage":3,"enemies":"3 Shapes","floor":36,"turns":2},{"damage":0,"enemies":"Spire Growth","floor":38,"turns":1},{"damage":0,"enemies":"Jaw Worm Horde","floor":39,"turns":1},{"damage":0,"enemies":"Reptomancer","floor":40,"turns":1},{"damage":0,"enemies":"R_Hoarder","floor":42,"turns":2},{"damage":0,"enemies":"Nemesis","floor":44,"turns":1},{"damage":0,"enemies":"Giant Head","floor":46,"turns":1},{"damage":0,"enemies":"Donu and Deca","floor":50,"turns":1},{"damage":0,"enemies":"Awakened One","floor":51,"turns":2},{"damage":0,"enemies":"Shield and Spear","floor":55,"turns":1},{"damage":0,"enemies":"The Heart","floor":56,"turns":4}],"seed_played":"2451007491290720294","potions_obtained":[{"floor":1.0,"key":"GamblersBrew"},{"floor":6,"key":"FearPotion"},{"floor":16,"key":"EssenceOfDarkness"},{"floor":18,"key":"Adrenaline Potion"},{"floor":27,"key":"Elixir"}],"is_trial":false,"path_per_floor":["M","?","M","M","?","E","M","R","T","E","?","M","M","?","R","B",null,"M","$","?","M","?","E","$","E","T","E","?","M","M","$","R","B",null,"M","M","?","M","M","E","R","E","T","E","T","E","?","$","R","B","B",null,"R","$","E","B",null],"character_chosen":"DEFECT","items_purchased":["Carrot","AT_MibuBalloonWealth","Ball Lightning","Capacitor+1","Pen Nib","DataDisk","Fission","TheAbacus","testmod-Register","AT_SilvercatRing","Divine Protection","Solar Panel","Art of War","Guide Book","AT_DeathDance","AT_GoldPhoenixTree","Boot","Replay:Kaleidoscope","ClockworkSouvenir","SynthV","MostiFishMod:KingOfFree"],"campfire_rested":2,"item_purchase_floors":[19,24,24,24,31,31,31,31,31,48,48,48,48,48,54,54,54,54,54,54,54],"current_hp_per_floor":[64,64,52,45,45,30,26,47,47,33,33,21,16,16,37,19,58,48,48,48,50,50,42,42,19,19,21,21,23,20,20,20,22,59,61,60,37,39,41,43,43,45,45,47,47,52,52,52,52,54,58,70,70,73,77,77],"gold":1696,"neow_bonus":"THREE_RARE_CARDS","is_daily":false,"chose_seed":false,"campfire_upgraded":2,"win_rate":0.0,"timestamp":1608980986,"path_taken":["M","?","M","?","?","E","M","R","T","E","?","M","?","?","R","BOSS","M","$","?","?","?","E","?","E","T","E","?","?","M","$","R","BOSS","M","M","?","?","M","E","R","E","T","E","?","E","?","?","R","BOSS","BOSS","R","$","E","BOSS"],"items_purchased_type":["Relic","Relic","Card","Card","Relic","Relic","Card","Relic","Relic","Relic","Relic","Relic","Relic","Relic","Relic","Relic","Relic","Relic","Relic","Relic","Card"],"build_version":"2020-12-22","purchased_purges":7,"victory":true,"max_hp_per_floor":[71,71,71,71,71,71,71,71,71,71,71,71,71,71,71,71,71,71,71,71,71,71,71,71,71,71,71,71,71,71,71,71,71,71,71,71,71,71,71,71,71,71,71,71,71,74,74,74,74,74,74,74,74,77,77,77],"card_choices":[{"not_picked":["Reboot","MostiFishMod:DawningShadow"],"picked":"MostiFishMod:Culaccino","floor":0.0},{"not_picked":["Reprogram","Leap"],"picked":"White Noise","floor":1.0},{"not_picked":["Cold Snap","MostiFishMod:PushDownKick","Sweeping Beam","Streamline"],"picked":"Compile Driver","floor":3},{"not_picked":["AT_ThunderBolt","Heatsinks","MostiFishMod:Impulse","Glacier"],"picked":"MostiFishMod:Distribution","floor":4},{"not_picked":["Cold Snap","Barrage","Compile Driver","Leap","Gash"],"picked":"SKIP","floor":6},{"not_picked":["Cold Snap","Sweeping Beam","Go for the Eyes","Loop","Lockon"],"picked":"SKIP","floor":7},{"not_picked":["AT_RobotInSpace","Lockon","Beam Cell","MostiFishMod:PushDownKick","Static Discharge"],"picked":"SKIP","floor":10},{"not_picked":["Sunder","Hologram","Skim","Steam"],"picked":"MostiFishMod:Overload","floor":12},{"not_picked":["Rebound","Static Discharge","Redo","Sunder"],"picked":"Defragment","floor":13},{"not_picked":["Machine Learning","MostiFishMod:Tomorrow","MostiFishMod:DawningShadow","MostiFishMod:Nova"],"picked":"MostiFishMod:Prepare","floor":16},{"not_picked":["AT_RobotInSpace","Redo","Aggregate","Cold Snap","Genetic Algorithm"],"picked":"SKIP","floor":18},{"not_picked":["Leap","AT_EMC2","Lockon","AT_ThunderBolt"],"picked":"Double Energy","floor":21},{"not_picked":["AT_HeatAcrobatics","Auto Shields","Chaos","MostiFishMod:GoodWordForIt"],"picked":"AT_DarkMatter","floor":23},{"not_picked":["Fusion","Darkness","Conserve Battery+1","Compile Driver+1","MostiFishMod:ReprogramOld"],"picked":"SKIP","floor":25},{"not_picked":["Beam Cell","Sweeping Beam+1","MostiFishMod:GoodWordForIt","All For One","AT_StudyProgram"],"picked":"SKIP","floor":27},{"not_picked":["MostiFishMod:PushDownKick","Steam+1","Rip and Tear","AT_HeatAcrobatics"],"picked":"Turbo","floor":29},{"not_picked":["Cold Snap+1","Rebound","Static Discharge","Steam Power"],"picked":"Coolheaded","floor":30},{"not_picked":["MostiFishMod:Tomorrow","MostiFishMod:StarOceanB","Core Surge","Fission"],"picked":"MostiFishMod:DeathFromBelow","floor":33},{"not_picked":["Scrape+1","AT_WarpDrive+1","Hologram"],"picked":"SKIP","floor":35},{"not_picked":["Hello World","Redo","White Noise"],"picked":"SKIP","floor":36},{"not_picked":["Ball Lightning","Conserve Battery","Cold Snap"],"picked":"SKIP","floor":38},{"not_picked":["MostiFishMod:GatherIntelligence+1","Hologram","Gash"],"picked":"SKIP","floor":39},{"not_picked":["Chill","AT_HeatAcrobatics","Undo"],"picked":"SKIP","floor":40},{"not_picked":["Redo","Leap+1","Ball Lightning"],"picked":"SKIP","floor":42},{"not_picked":["MostiFishMod:Hijack","Chill","Sweeping Beam+1"],"picked":"SKIP","floor":44},{"not_picked":["MostiFishMod:PushDownKick","Turbo+1"],"picked":"AT_EMC2","floor":46},{"not_picked":["Storm","Sweeping Beam","Aggregate+1"],"picked":"SKIP","floor":55}],"player_experience":349163,"relics_obtained":[{"floor":1.0,"key":"SynthV:TestCard"},{"floor":6,"key":"Blood Vial"},{"floor":10,"key":"AT_BellowingDragoncrestRing"},{"floor":23,"key":"Replay:Accelerometer"},{"floor":25,"key":"testmod-ObsoleteBoomerang"},{"floor":26,"key":"AT_ImmortalShieldbow"},{"floor":27,"key":"AT_SunfireAegis"},{"floor":37,"key":"testmod-EqualTreatment"},{"floor":40,"key":"War Paint"},{"floor":42,"key":"Replay:Ringing Soul"},{"floor":43,"key":"ReplayTheSpireMod:Lightbulb"},{"floor":44,"key":"Omamori"},{"floor":45,"key":"SynthV:C4"},{"floor":46,"key":"Bottled Flame"},{"floor":55,"key":"HornCleat"}],"event_choices":[{"damage_healed":0,"gold_gain":0,"player_choice":"Trade","damage_taken":0,"relics_obtained":["SsserpentHead"],"max_hp_gain":0,"max_hp_loss":0,"event_name":"FaceTrader","floor":2,"gold_loss":0},{"damage_healed":0,"gold_gain":0,"player_choice":"Ignored","damage_taken":0,"max_hp_gain":0,"max_hp_loss":0,"event_name":"Liars Game","floor":5,"gold_loss":0},{"damage_healed":0,"gold_gain":50,"player_choice":"Pray","damage_taken":0,"max_hp_gain":0,"max_hp_loss":0,"event_name":"Golden Shrine","floor":11,"gold_loss":0},{"damage_healed":0,"gold_gain":999,"player_choice":"Sell","damage_taken":0,"max_hp_gain":0,"max_hp_loss":0,"event_name":"¶÷ÂåË¹µÄÅÌ×Ó","floor":14,"relics_lost":["Jackal-EndForJourney"],"gold_loss":0},{"damage_healed":0,"gold_gain":0,"cards_transformed":["Strike_B"],"player_choice":"Transformed","damage_taken":0,"max_hp_gain":0,"max_hp_loss":0,"event_name":"Transmorgrifier","floor":20,"gold_loss":0,"cards_obtained":["Leap"]},{"cards_removed":["Strike_B"],"damage_healed":0,"gold_gain":0,"player_choice":"Gave Gold","damage_taken":0,"max_hp_gain":0,"max_hp_loss":0,"event_name":"Beggar","floor":22,"gold_loss":75},{"damage_healed":0,"gold_gain":0,"player_choice":"1 cards matched","damage_taken":0,"max_hp_gain":0,"max_hp_loss":0,"event_name":"Match and Keep!","floor":28,"gold_loss":0,"cards_obtained":["Seek"]}],"is_beta":false,"boss_relics":[{"not_picked":["Coffee Dripper","Abe\u0027s Treasure"],"picked":"Inserter"},{"not_picked":["testmod-IncinerationGenerator","Velvet Choker"],"picked":"Replay:Grab Bag"},{"not_picked":["Fusion Hammer","SlaversCollar"],"picked":"Busted Crown"},{"not_picked":["Cursed Key","Runic Dome"],"picked":"Sozu"},{"not_picked":["FixedStarFall","Calling Bell"],"picked":"FeatherPendant"},{"not_picked":["testmod-BatchProcessingSystem","Nuclear Battery"],"picked":"Empty Cage"}],"items_purged_floors":[19,19,24,31,31,48,54],"is_endless":false,"potions_floor_spawned":[1,6,7,16,18,27,29,38,40,42],"ascension_level":20}}