{"host":"rkizb0bayd67deyv","time":1608992419,"event":{"mods":["2.2 Compatiblity","AchievementEnabler","Astrologer","BaseMod","Beaked The Cultist","BetterRewards","CapriCore","Colored Map","Colored Powertips","GifTheSpireLib","Gremlin Mod","KinomotoSakuraMod(ñÿîVñ{?)","Koishi","Mad Scientist","MarisaÅiñ∂âJÅ@ñÇóùçπÅj","Minty Spire (QoL Compilation)","Quick Restart","StSLib","SuperFastMode","The Bladedancer","The Cursed","The Death Knight","The Immortal","The Mystic","The Poker Player","Unknown Chances","YoumuÅiç∞ÈÆódöÎÅj"],"gold_per_floor":[117,65,65,15,27,59,79,107,107,107,107,127,143,155,155,253,253,263,274,289,339,51,80,80,111,111,124,89,89,89,109,109,212,212,232,251,251,265,265,299,315,346,346,117,130,130,130,130,130,130],"floor_reached":51,"playtime":2039,"items_purged":["Gremlin:Strike","Gremlin:Defend"],"score":1323,"play_id":"3590d5d7-f67d-42e6-a07e-757549e80ca0","local_time":"20201226232019","is_ascension_mode":true,"campfire_choices":[{"data":"1","floor":10.0,"key":"LIFT"},{"data":"2","floor":15.0,"key":"LIFT"},{"data":"3","floor":24.0,"key":"LIFT"},{"data":"Gremlin:ProperTools","floor":29.0,"key":"SMITH"},{"data":"Gremlin:Nob","floor":32,"key":"SMITH"},{"data":"Apotheosis+1","floor":49,"key":"PURGE"}],"circlet_count":0,"master_deck":["Gremlin:Strike+1","Gremlin:Strike+1","Gremlin:Defend+1","Gremlin:Defend+1","Gremlin:Defend+1","Gremlin:TagTeam+1","Gremlin:GremlinDance+1","Gremlin:Pinprick+1","Gremlin:GremlinMeal+1","Gremlin:Glimmer+1","Gremlin:GremlinArms+1","Gremlin:Revel+1","Gremlin:GremlinArms+1","Gremlin:Nob+1","Gremlin:Pinprick+1","Gremlin:GlitterGuard+1","Gremlin:Duplicate+1","CurseOfTheBell","Gremlin:GremlinArms+1","Gremlin:ShowOfHands+1","Gremlin:FlipOut+1","Gremlin:Glimmer+1","Gremlin:ProperTools+1","Gremlin:FollowThrough+1","Gremlin:Fury+1","Finesse+1","Madness+1","Gremlin:Unforgiving+1","Gremlin:FairyDust+1","Gremlin:GremlinMeal+1","Gremlin:RageBreak+1","Gremlin:FairyDust+1","Gremlin:IrksomeBlow+1"],"relics":["Gremlin:GremlinKnob","Peace Pipe","Girya","Potion Belt","Pantograph","Incense Burner","Ice Cream","Calling Bell","Bronze Scales","Question Card","Gremlin:PricklyShields","Prayer Wheel","Regal Pillow","beaked:ShinyBauble","Meat on the Bone","Coffee Dripper","Torii","Bird Faced Urn","Unceasing Top","DollysMirror","Mark of the Bloom","InkBottle"],"acts_visited":["Exordium","TheCity","TheBeyond"],"potions_floor_usage":[36,36,50,50,50],"damage_taken":[{"damage":0.0,"enemies":"Small Slimes","floor":1.0,"turns":4.0},{"damage":0.0,"enemies":"2 Louse","floor":5.0,"turns":1.0},{"damage":11.0,"enemies":"Lagavulin","floor":6.0,"turns":7.0},{"damage":4.0,"enemies":"Cultist","floor":7.0,"turns":6.0},{"damage":23.0,"enemies":"3 Sentries","floor":8.0,"turns":10.0},{"damage":2.0,"enemies":"Lots of Slimes","floor":12.0,"turns":5.0},{"damage":0.0,"enemies":"Looter","floor":13.0,"turns":1.0},{"damage":5.0,"enemies":"Exordium Thugs","floor":14.0,"turns":4.0},{"damage":0.0,"enemies":"Slime Boss","floor":16.0,"turns":6.0},{"damage":0.0,"enemies":"Chosen","floor":18.0,"turns":4.0},{"damage":0.0,"enemies":"3 Byrds","floor":19.0,"turns":3.0},{"damage":11.0,"enemies":"Centurion and Healer","floor":20.0,"turns":8.0},{"damage":1.0,"enemies":"Slavers","floor":23.0,"turns":4.0},{"damage":7.0,"enemies":"Book of Stabbing","floor":25.0,"turns":5.0},{"damage":0.0,"enemies":"Snecko","floor":27.0,"turns":3.0},{"damage":0,"enemies":"3 Cultists","floor":31,"turns":3},{"damage":0,"enemies":"Automaton","floor":33,"turns":6},{"damage":0,"enemies":"3 Darklings","floor":35,"turns":2},{"damage":0,"enemies":"3 Shapes","floor":36,"turns":2},{"damage":22,"enemies":"Jaw Worm Horde","floor":38,"turns":3},{"damage":22,"enemies":"beaked:SuperParasite","floor":40,"turns":8},{"damage":0,"enemies":"Maw","floor":41,"turns":5},{"damage":0,"enemies":"Giant Head","floor":42,"turns":7},{"damage":12,"enemies":"4 Shapes","floor":45,"turns":3},{"damage":12,"enemies":"Awakened One","floor":50,"turns":4}],"seed_played":"9092560060196869525","potions_obtained":[{"floor":5.0,"key":"SteroidPotion"},{"floor":7.0,"key":"SteroidPotion"},{"floor":13.0,"key":"Explosive Potion"},{"floor":14.0,"key":"Block Potion"},{"floor":19.0,"key":"ColorlessPotion"},{"floor":20.0,"key":"DeathKnight:BottledBloodEchoes"},{"floor":25.0,"key":"Fire Potion"},{"floor":33,"key":"DeathKnight:BottledBloodEchoes"},{"floor":36,"key":"GamblersBrew"},{"floor":40,"key":"Regen Potion"},{"floor":42,"key":"Strength Potion"}],"is_trial":false,"path_per_floor":["M","$","?","?","M","E","M","E","T","R","?","M","M","M","R","B",null,"M","M","M","?","$","E","R","E","T","M","$","R","?","M","R","B",null,"M","M","?","M","?","E","M","E","T","$","M","?","R","T","R","B",null],"character_chosen":"GREMLIN","items_purchased":["Gremlin:Pinprick","Gremlin:GremlinMeal","Gremlin:Glimmer","Potion Belt","Fire Potion","Prayer Wheel","Gremlin:ProperTools","Gremlin:RageBreak","DollysMirror"],"campfire_rested":0,"item_purchase_floors":[0,0,0,0,2,22,28,44,44],"current_hp_per_floor":[20,20,20,20,20,9,16,20,20,20,20,2,2,6,6,20,20,20,20,20,20,20,20,20,11,11,11,11,11,11,11,11,19,20,20,20,18,18,18,20,20,18,18,18,20,20,19,19,19,19],"gold":130,"neow_bonus":"","is_daily":false,"chose_seed":false,"campfire_upgraded":2,"win_rate":0.0,"timestamp":1608992419,"path_taken":["M","$","?","?","M","E","M","E","T","R","?","M","?","M","R","BOSS","M","M","?","?","?","E","R","E","T","?","?","R","?","M","R","BOSS","M","M","?","M","?","E","M","E","T","$","M","?","R","?","R","BOSS"],"items_purchased_type":["Card","Card","Card","Relic","Potion","Relic","Card","Card","Relic"],"build_version":"2020-12-22","purchased_purges":2,"victory":true,"max_hp_per_floor":[20,20,20,20,20,20,20,20,20,20,20,20,20,20,20,20,20,20,20,20,20,20,20,20,20,20,20,20,20,20,20,20,20,20,20,20,20,20,20,20,20,20,20,20,20,20,19,19,19,19],"card_choices":[{"not_picked":["Gremlin:RageBreak","Gremlin:Pinprick"],"picked":"Gremlin:GremlinArms","floor":1.0},{"not_picked":["Gremlin:Mockery","Gremlin:GremlinMeal"],"picked":"Gremlin:Revel","floor":5.0},{"not_picked":["Gremlin:BubbleBarrier","Gremlin:DaggerDance"],"picked":"Gremlin:GremlinArms","floor":6.0},{"not_picked":["Gremlin:SharpenBlades","Gremlin:Irritability","Gremlin:BulkUp"],"picked":"SKIP","floor":7.0},{"not_picked":["Gremlin:Presto","Gremlin:BurlyBlow"],"picked":"Gremlin:Nob","floor":8.0},{"not_picked":["Gremlin:DaggerDance","Gremlin:Jeer","Gremlin:CatScratch"],"picked":"SKIP","floor":12.0},{"not_picked":["Gremlin:Tadah","Gremlin:ToeStub"],"picked":"Gremlin:Pinprick","floor":13.0},{"not_picked":["Gremlin:AggressiveDefense","Gremlin:Whiz"],"picked":"Gremlin:GlitterGuard","floor":14.0},{"not_picked":["Gremlin:SecondVolley","Gremlin:CongaLine"],"picked":"Gremlin:Duplicate","floor":16.0},{"not_picked":["Gremlin:FanOfKnives","Gremlin:DaggerDance+1","Gremlin:BulkUp"],"picked":"Gremlin:GremlinArms+1","floor":18.0},{"not_picked":["Gremlin:Pickpocket","Gremlin:GremlinArms","Gremlin:BulkUp","Gremlin:Tricksy+1"],"picked":"SKIP","floor":19.0},{"not_picked":["Gremlin:BubbleBarrier","Gremlin:Changeo","Gremlin:Enthusiasm"],"picked":"Gremlin:ShowOfHands+1","floor":20.0},{"not_picked":["Gremlin:EdibleArmor+1","Gremlin:GremlinMeal+1","Gremlin:Pretaliation","Gremlin:Kablamo"],"picked":"SKIP","floor":23.0},{"not_picked":["Gremlin:CatScratch","Gremlin:FollowThrough","Gremlin:Wizardry"],"picked":"Gremlin:FlipOut","floor":25.0},{"not_picked":["Gremlin:Changeo","Gremlin:DaggerDance+1","Gremlin:Enthusiasm"],"picked":"Gremlin:Glimmer+1","floor":27.0},{"not_picked":["Gremlin:BulkUp","Gremlin:BurlyBlow","Gremlin:Changeo+1","Gremlin:CatScratch+1"],"picked":"SKIP","floor":27.0},{"not_picked":["Gremlin:Pickpocket+1","Gremlin:ShowOfHands","Gremlin:Jeer"],"picked":"Gremlin:FollowThrough+1","floor":31},{"not_picked":["Gremlin:Tadah+1","Gremlin:TwistTheKnife","Gremlin:Encore","Gremlin:GremlinArms"],"picked":"SKIP","floor":31},{"not_picked":["Gremlin:ShadowShiv","Gremlin:Nob","Gremlin:Erupt"],"picked":"Gremlin:Fury","floor":33},{"not_picked":["Gremlin:Wizardry+1","Gremlin:Jeer+1","Gremlin:PourSalt+1","Gremlin:Changeo+1"],"picked":"SKIP","floor":35},{"not_picked":["Gremlin:GlitterGuard","Gremlin:Pinprick+1","Gremlin:InfiniteBlocks+1","Gremlin:BubbleBarrier"],"picked":"SKIP","floor":35},{"not_picked":["Gremlin:Tricksy+1","Gremlin:Jeer+1","Gremlin:Irritability","Gremlin:FlipOut"],"picked":"SKIP","floor":36},{"not_picked":["Gremlin:Irritability","Gremlin:CatScratch","Gremlin:Pretaliation+1","Gremlin:Glimmer"],"picked":"SKIP","floor":36},{"not_picked":["Dark Shackles","Blind","HandOfGreed"],"picked":"Finesse","floor":37},{"not_picked":["Forethought","Discovery","Impatience"],"picked":"Apotheosis","floor":37},{"not_picked":["Swift Strike","Enlightenment","Mind Blast"],"picked":"Madness","floor":37},{"not_picked":["Gremlin:GremlinOffensive","Gremlin:GremlinMeal+1","Gremlin:CatScratch+1","Gremlin:Tricksy+1"],"picked":"SKIP","floor":38},{"not_picked":["Gremlin:Raid","Gremlin:GremlinToss","Gremlin:BurlyBlow","Gremlin:Patsy"],"picked":"SKIP","floor":38},{"not_picked":["Gremlin:Mockery+1","Gremlin:Astound","Gremlin:Pickpocket","Gremlin:Glimmer"],"picked":"SKIP","floor":40},{"not_picked":["Gremlin:CatScratch+1","Gremlin:ToeStub","Gremlin:DaggerDance"],"picked":"Gremlin:Unforgiving","floor":41},{"not_picked":["Gremlin:Pretaliation","Gremlin:BulkUp","Gremlin:Tricksy","Gremlin:FairyDust"],"picked":"SKIP","floor":41},{"not_picked":["Gremlin:Pretaliation","Gremlin:BulkUp","Gremlin:Tricksy"],"picked":"Gremlin:FairyDust","floor":41},{"not_picked":["Gremlin:CounterStrike","Gremlin:Glimmer","Gremlin:EdibleArmor+1"],"picked":"Gremlin:GremlinMeal+1","floor":42},{"not_picked":["Gremlin:Irritability+1","Gremlin:FollowThrough+1","Gremlin:GremlinArms+1"],"picked":"Gremlin:IrksomeBlow","floor":45},{"not_picked":["Gremlin:Irritability+1","Gremlin:MakeshiftArmor","Gremlin:Wizardry+1","Gremlin:Pretaliation"],"picked":"SKIP","floor":45}],"player_experience":272351,"relics_obtained":[{"floor":6.0,"key":"Pantograph"},{"floor":8.0,"key":"Incense Burner"},{"floor":9.0,"key":"Ice Cream"},{"floor":17.0,"key":"Bronze Scales"},{"floor":17.0,"key":"Question Card"},{"floor":17.0,"key":"Gremlin:PricklyShields"},{"floor":23.0,"key":"Regal Pillow"},{"floor":25.0,"key":"beaked:ShinyBauble"},{"floor":26.0,"key":"Meat on the Bone"},{"floor":40,"key":"Torii"},{"floor":42,"key":"Bird Faced Urn"},{"floor":43,"key":"Unceasing Top"},{"floor":48,"key":"InkBottle"}],"event_choices":[{"damage_healed":0.0,"max_hp_gain":0.0,"max_hp_loss":0.0,"gold_gain":0.0,"event_name":"Liars Game","player_choice":"Ignored","floor":3.0,"gold_loss":0.0,"damage_taken":0.0},{"cards_removed":["Gremlin:Strike"],"damage_healed":0.0,"max_hp_gain":0.0,"max_hp_loss":0.0,"gold_gain":0.0,"event_name":"The Cleric","player_choice":"Card Removal","floor":4.0,"gold_loss":50.0,"damage_taken":0.0},{"damage_healed":0.0,"max_hp_gain":0.0,"max_hp_loss":0.0,"gold_gain":0.0,"event_name":"Upgrade Shrine","player_choice":"Upgraded","floor":11.0,"gold_loss":0.0,"damage_taken":0.0,"cards_upgraded":["Gremlin:GremlinArms"]},{"damage_healed":0.0,"max_hp_gain":0.0,"max_hp_loss":0.0,"gold_gain":100.0,"event_name":"The Joust","player_choice":"Bet on Murderer","floor":21.0,"gold_loss":50.0,"damage_taken":0.0},{"damage_healed":0,"gold_gain":0,"player_choice":"Ignored","damage_taken":0,"max_hp_gain":0,"max_hp_loss":0,"event_name":"The Mausoleum","floor":30,"gold_loss":0},{"damage_healed":0,"gold_gain":0,"player_choice":"Memory 3","damage_taken":10,"max_hp_gain":0,"max_hp_loss":0,"event_name":"SensoryStone","floor":37,"gold_loss":0},{"damage_healed":0,"gold_gain":0,"player_choice":"Ignored","damage_taken":0,"max_hp_gain":0,"max_hp_loss":0,"event_name":"Mysterious Sphere","floor":39,"gold_loss":0},{"damage_healed":0,"gold_gain":0,"player_choice":"Upgrade","damage_taken":0,"relics_obtained":["Mark of the Bloom"],"max_hp_gain":0,"max_hp_loss":0,"event_name":"MindBloom","floor":46,"gold_loss":0,"cards_upgraded":["Gremlin:Strike","Gremlin:Strike","Gremlin:Defend","Gremlin:Defend","Gremlin:Defend","Gremlin:TagTeam","Gremlin:GremlinDance","Gremlin:Pinprick","Gremlin:GremlinMeal","Gremlin:Glimmer","Gremlin:GremlinArms","Gremlin:Revel","Gremlin:Pinprick","Gremlin:GlitterGuard","Gremlin:Duplicate","Gremlin:FlipOut","Gremlin:Fury","Finesse","Apotheosis","Madness","Gremlin:Unforgiving","Gremlin:FairyDust","Gremlin:RageBreak","Gremlin:FairyDust","Gremlin:IrksomeBlow"]}],"is_beta":false,"boss_relics":[{"not_picked":["Busted Crown","Gremlin:GremlinBomb"],"picked":"Calling Bell"},{"not_picked":["Black Star","Snecko Eye"],"picked":"Coffee Dripper"}],"items_purged_floors":[0,0],"is_endless":false,"potions_floor_spawned":[5,7,13,14,19,20,25,33,36,40,42],"ascension_level":3}}