{"host":"lvhfn8l5bvc4nolx","time":1608996102,"event":{"mods":["AchievementEnabler","BaseMod","Colored Map","Keyboard Shortcuts","Minty Spire (QoL Compilation)","Permanent Neow","Quick Restart","SuperFastMode"],"gold_per_floor":[114,128,128,138,151,151,163,34,89,14,40,51,51,119,119,223,223,245,245,265,61,86,86,428,428,451,475,24,24,24],"floor_reached":29,"playtime":1384,"items_purged":["Strike_G","Strike_G","Defend_G"],"score":257,"play_id":"29e993f0-d263-4acb-be79-98f96f7fab04","local_time":"20201227002142","is_ascension_mode":true,"campfire_choices":[{"floor":6.0,"key":"REST"},{"floor":13,"key":"REST"},{"data":"Tactician","floor":15,"key":"SMITH"},{"data":"Acrobatics","floor":23,"key":"SMITH"}],"circlet_count":0,"master_deck":["Strike_G","Defend_G","Defend_G","Defend_G+1","Defend_G","Survivor","Neutralize","Tactician+1","Deadly Poison","Escape Plan","Well Laid Plans+1","Acrobatics+1","Blade Dance","Blade Dance","Backflip","Accuracy","Choke","Backflip","Acrobatics","Adrenaline","Quick Slash","Prepared","Accuracy","Prepared","Calculated Gamble+1","PiercingWail+1","Backflip+1","Accuracy","Blade Dance","Concentrate"],"relics":["Ring of the Snake","Bronze Scales","Bottled Lightning","CeramicFish","Old Coin","CultistMask","Dream Catcher","PreservedInsect"],"acts_visited":["Exordium","TheCity"],"potions_floor_usage":[14,16,18,22,22,22],"damage_taken":[{"damage":2.0,"enemies":"Jaw Worm","floor":1.0,"turns":4.0},{"damage":3.0,"enemies":"Small Slimes","floor":2.0,"turns":5.0},{"damage":4.0,"enemies":"Cultist","floor":4.0,"turns":5.0},{"damage":8.0,"enemies":"Blue Slaver","floor":5.0,"turns":4.0},{"damage":7.0,"enemies":"Lots of Slimes","floor":7.0,"turns":7.0},{"damage":7.0,"enemies":"Gremlin Nob","floor":11.0,"turns":3.0},{"damage":7,"enemies":"Exordium Thugs","floor":12,"turns":4},{"damage":15,"enemies":"3 Sentries","floor":14,"turns":6},{"damage":19,"enemies":"Slime Boss","floor":16,"turns":8},{"damage":2,"enemies":"Shell Parasite","floor":18,"turns":3},{"damage":4,"enemies":"Chosen","floor":20,"turns":4},{"damage":7,"enemies":"3 Cultists","floor":22,"turns":4},{"damage":26,"enemies":"Book of Stabbing","floor":24,"turns":4},{"damage":15,"enemies":"Snecko","floor":27,"turns":3},{"damage":19,"enemies":"Sentry and Sphere","floor":29,"turns":2}],"seed_played":"6883264430186675802","potions_obtained":[{"floor":1.0,"key":"FearPotion"},{"floor":7.0,"key":"CunningPotion"},{"floor":11,"key":"EntropicBrew"},{"floor":16,"key":"Energy Potion"},{"floor":24,"key":"BlessingOfTheForge"},{"floor":27,"key":"Energy Potion"}],"is_trial":false,"path_per_floor":["M","M","?","M","M","R","M","$","T","$","E","M","R","?","R","B",null,"M","?","M","$","M","R","E","?","T","M","$","M"],"character_chosen":"THE_SILENT","items_purchased":["Backflip","Accuracy","Accuracy","Prepared","Accuracy","Blade Dance","Concentrate","PreservedInsect"],"campfire_rested":2,"item_purchase_floors":[8,10,21,21,28,28,28,28],"current_hp_per_floor":[68,65,51,47,39,60,53,53,53,53,46,39,60,45,45,26,70,68,68,64,64,57,57,31,31,31,16,16,0,0],"gold":24,"neow_bonus":"TRANSFORM_TWO_CARDS","is_daily":false,"chose_seed":false,"campfire_upgraded":2,"win_rate":0.0,"timestamp":1608996102,"path_taken":["M","M","?","M","M","R","M","$","T","$","E","M","R","?","R","BOSS","M","?","M","?","M","R","E","?","T","?","$","M"],"items_purchased_type":["Card","Card","Card","Card","Card","Card","Card","Relic"],"build_version":"2020-12-22","purchased_purges":3,"victory":false,"max_hp_per_floor":[70,70,70,70,70,70,70,70,70,70,70,70,70,70,70,70,70,70,70,70,70,70,70,70,70,70,70,70,70,70],"card_choices":[{"not_picked":["Flying Knee","Dodge and Roll"],"picked":"Escape Plan","floor":1.0},{"not_picked":["Dodge and Roll","Distraction"],"picked":"Well Laid Plans","floor":2.0},{"not_picked":["Poisoned Stab","Predator"],"picked":"Acrobatics","floor":4.0},{"not_picked":["Distraction","Predator"],"picked":"Blade Dance","floor":5.0},{"not_picked":["Bane","Poisoned Stab"],"picked":"Blade Dance","floor":7.0},{"not_picked":["Flechettes","Dodge and Roll"],"picked":"Choke","floor":11},{"not_picked":["Dodge and Roll","Deflect"],"picked":"Backflip","floor":12},{"not_picked":["Bane","Well Laid Plans"],"picked":"Acrobatics","floor":14},{"not_picked":["Tools of the Trade","Wraith Form v2"],"picked":"Adrenaline","floor":16},{"not_picked":["All Out Attack","Dodge and Roll"],"picked":"Quick Slash","floor":18},{"not_picked":["Deflect","Cloak And Dagger+1"],"picked":"Prepared","floor":20},{"not_picked":["Skewer","Choke"],"picked":"Calculated Gamble+1","floor":22},{"not_picked":["Venomology","Deflect"],"picked":"PiercingWail+1","floor":24},{"not_picked":["Well Laid Plans","Dash"],"picked":"Backflip+1","floor":27}],"player_experience":340386,"relics_obtained":[{"floor":9.0,"key":"Bronze Scales"},{"floor":11,"key":"Bottled Lightning"},{"floor":14,"key":"CeramicFish"},{"floor":24,"key":"Old Coin"},{"floor":26,"key":"Dream Catcher"}],"event_choices":[{"damage_healed":0.0,"max_hp_gain":0.0,"max_hp_loss":0.0,"gold_gain":0.0,"event_name":"Shining Light","player_choice":"Entered Light","floor":3.0,"gold_loss":0.0,"damage_taken":14.0,"cards_upgraded":["Defend_G","Well Laid Plans"]},{"damage_healed":0,"gold_gain":0,"player_choice":"Searched \u00271\u0027 times","damage_taken":0,"max_hp_gain":0,"max_hp_loss":0,"event_name":"Dead Adventurer","floor":14,"gold_loss":0},{"cards_removed":["Injury"],"damage_healed":0,"gold_gain":0,"player_choice":"Purged","damage_taken":0,"max_hp_gain":0,"max_hp_loss":0,"event_name":"Purifier","floor":19,"gold_loss":0},{"damage_healed":0,"gold_gain":0,"player_choice":"Trade","damage_taken":0,"relics_obtained":["CultistMask"],"max_hp_gain":0,"max_hp_loss":0,"event_name":"FaceTrader","floor":25,"gold_loss":0}],"is_beta":false,"boss_relics":[{"not_picked":["Velvet Choker","Runic Pyramid","Snecko Eye"]}],"items_purged_floors":[8,21,28],"is_endless":false,"potions_floor_spawned":[1,7,11,12,16,24,27],"killed_by":"Sentry and Sphere","ascension_level":1}}