{"host":"s0d2u711fzg2n3il","time":1608995634,"event":{"mods":["2.2 Compatiblity","AchievementEnabler","Act Like it!","Aspiration","BaseMod","BetterRewards","Block Reminder","Conspire","Downfall","Duelist Mod","Ekko","GifTheSpireLib","Hermit","Hubris","JesterMod","Melee Mod","Minty Spire (QoL Compilation)","Nova Terra(??·??)","Pikachu Mod","Rare Cards Sparkle","Replay The Spire","Robot Space Explorer","Shade Mod","StSLib","The Bug Knight","The Death Knight","The Disciple","The Dragon Tamer","The Hierophant","The Necromancer","The Valiant","TheVacant","vexMod"],"gold_per_floor":[112,125,144,155,12,12,12],"floor_reached":6,"playtime":330,"items_purged":[],"score":38,"play_id":"ad7803f8-e812-46c8-a6ef-fe4331a04b87","local_time":"20201226161354","is_ascension_mode":false,"campfire_choices":[],"circlet_count":0,"master_deck":["Strike_R","Strike_R","Strike_R","Strike_R","Strike_R","Defend_R","Defend_R","Defend_R","Defend_R","Bash","Rage+1","Replay:Undeath\u0027s Touch+1"],"relics":["Burning Blood","NeowsBlessing","Guide Book"],"acts_visited":["Exordium"],"potions_floor_usage":[6],"damage_taken":[{"damage":0,"enemies":"Cultist","floor":1,"turns":1},{"damage":0,"enemies":"Small Slimes","floor":2,"turns":1},{"damage":0,"enemies":"Jaw Worm","floor":3,"turns":1},{"damage":9,"enemies":"Blue Slaver","floor":4,"turns":5},{"damage":61,"enemies":"Lagavulin","floor":6,"turns":11}],"seed_played":"-4580320717329638313","potions_obtained":[{"floor":2,"key":"Doom Potion"},{"floor":4,"key":"sneckomod:MuddlingPotion"}],"is_trial":false,"path_per_floor":["M","M","M","M","$","E"],"character_chosen":"IRONCLAD","items_purchased":["Guide Book"],"campfire_rested":0,"item_purchase_floors":[5],"current_hp_per_floor":[80,80,80,77,77,16,16],"gold":12,"neow_bonus":"THREE_ENEMY_KILL","is_daily":false,"chose_seed":false,"campfire_upgraded":0,"win_rate":0.0,"timestamp":1608995634,"path_taken":["M","?","M","?","$","E"],"items_purchased_type":["Relic"],"build_version":"2020-12-22","purchased_purges":0,"victory":false,"max_hp_per_floor":[80,80,80,80,80,80,80],"card_choices":[{"not_picked":["True Grit","Sword Boomerang","Headbutt"],"picked":"SKIP","floor":1},{"not_picked":["Perfected Strike","Havoc","Reckless Charge"],"picked":"SKIP","floor":2},{"not_picked":["Perfected Strike","Replay:Undeath\u0027s Touch"],"picked":"Rage","floor":3},{"not_picked":["Twin Strike","Headbutt"],"picked":"Replay:Undeath\u0027s Touch","floor":4}],"player_experience":524567,"relics_obtained":[],"event_choices":[],"is_beta":false,"boss_relics":[],"items_purged_floors":[],"is_endless":false,"potions_floor_spawned":[2,4],"killed_by":"Lagavulin","ascension_level":0}}