{"host":"c9wjytal7yz6nwo6","time":1608958169,"event":{"mods":["AchievementEnabler","BaseMod","Bestiary","Colored Map","Curses Come First","Downfall","Highlight Path","Minty Spire (QoL Compilation)","Quick Restart","StSLib","SuperFastMode"],"gold_per_floor":[99,117,128,146,54,54,79,529,529,379,479,654,685,685,696,696,696,696],"floor_reached":16,"playtime":813,"items_purged":[],"score":123,"play_id":"50b8f2ff-a848-435a-8afe-0bae6340c8e2","local_time":"20201225224929","is_ascension_mode":false,"campfire_choices":[{"floor":1,"key":"RECALL"},{"data":"Guardian:ArmoredProtocol","floor":6,"key":"SMITH"},{"data":"Guardian:AncientConstruct","floor":10,"key":"SMITH"}],"circlet_count":0,"master_deck":["Guardian:Strike_Guardian","Guardian:Strike_Guardian","Guardian:Strike_Guardian","Guardian:Defend_Guardian","Guardian:Defend_Guardian","Guardian:Defend_Guardian","Guardian:Defend_Guardian","Guardian:CurlUp","Guardian:TwinSlam","Guardian:PiercingHide","Guardian:ChargeCore","Guardian:ArmoredProtocol+1","Guardian:AncientConstruct+1","Slimebound:Icky","Slimebound:Icky","Slimebound:Icky","Doubt","Guardian:Recover","Guardian:Gem_Red"],"relics":["Guardian:ModeShifter","downfall:HeartBlessingRed","downfall:HeartBlessingBlue","Nunchaku","downfall:BrokenWingStatue"],"acts_visited":["Exordium"],"potions_floor_usage":[],"damage_taken":[{"damage":1,"enemies":"2 Louse","floor":2,"turns":3},{"damage":3,"enemies":"Small Slimes","floor":3,"turns":3},{"damage":1,"enemies":"Jaw Worm","floor":4,"turns":3},{"damage":6,"enemies":"downfall:FleeingMerchant","floor":5,"turns":4},{"damage":44,"enemies":"Lagavulin","floor":13,"turns":9},{"damage":35,"enemies":"Exordium Wildlife","floor":15,"turns":9},{"damage":13,"enemies":"downfall:Watcher","floor":16,"turns":4}],"seed_played":"-6574165182060546809","potions_obtained":[{"floor":4,"key":"Weak Potion"},{"floor":13,"key":"Dexterity Potion"}],"is_trial":false,"path_per_floor":["R","M","M","M","$","R","T","?","?","R","?","?","E","?","M","B"],"character_chosen":"GUARDIAN","items_purchased":["Guardian:AncientConstruct"],"campfire_rested":0,"item_purchase_floors":[5],"current_hp_per_floor":[88,87,84,83,77,77,77,77,77,87,87,87,43,43,8,0,0,0],"gold":696,"neow_bonus":"TEN_PERCENT_HP_BONUS","is_daily":false,"chose_seed":false,"campfire_upgraded":2,"win_rate":0.0,"timestamp":1608958169,"path_taken":["R","M","M","M","$","R","T","?","?","R","?","?","E","?","M","BOSS"],"items_purchased_type":["Card"],"build_version":"2020-12-22","purchased_purges":0,"victory":false,"max_hp_per_floor":[88,88,88,88,88,88,88,88,88,98,98,98,98,98,98,98,98,98],"card_choices":[{"not_picked":["Guardian:RollAttack","Guardian:BronzeArmor"],"picked":"Guardian:Gem_Crimson","floor":2},{"not_picked":["Guardian:Planning","Guardian:Incinerate"],"picked":"Guardian:PiercingHide","floor":3},{"not_picked":["Guardian:Incinerate","Guardian:Planning"],"picked":"Guardian:ChargeCore","floor":4},{"not_picked":["Guardian:MultiBeam","Guardian:ShieldSpikes"],"picked":"Guardian:ArmoredProtocol","floor":5},{"not_picked":["Guardian:PrimingBeam","Guardian:PiercingHide"],"picked":"Guardian:Recover","floor":13},{"not_picked":["Guardian:Incinerate","Guardian:HyperBeam_Guardian"],"picked":"Guardian:Gem_Red","floor":15}],"player_experience":3958,"relics_obtained":[{"floor":13,"key":"Nunchaku"}],"event_choices":[],"is_beta":false,"boss_relics":[],"items_purged_floors":[],"is_endless":false,"potions_floor_spawned":[4,13],"killed_by":"downfall:Watcher","ascension_level":0}}