{"host":"0cnf9zf1gia27zti","time":1608951212,"event":{"mods":["BaseMod","BetterRewards","Card Forge","Colored Map","Colored Powertips","Conspire","Downfall","Minty Spire (QoL Compilation)","Practice Mode","Quick Restart","Replay The Spire","Robot Space Explorer","Shade Mod","Spicy Shops","StSLib"],"gold_per_floor":[114,31,31,3,20,20,45,45,123,149,159,223,240,260,260,332,332,349,374,389,414,297,326,326,326,350,350,350,350,367,384,384,461,461,475,494,513,513,513,513,513,513,513,541,36,89,104,120,120,120],"floor_reached":51,"playtime":10285,"items_purged":["Strike_B"],"score":1611,"play_id":"b4672043-59a5-412f-a90a-a0219b9b54bf","local_time":"20201226025332","is_ascension_mode":true,"campfire_choices":[{"data":"FTL","floor":6,"key":"SMITH"},{"floor":8,"key":"REST"},{"floor":15,"key":"REST"},{"floor":24,"key":"REST"},{"data":"FTL","floor":27,"key":"SMITH"},{"data":"Zap","floor":32,"key":"SMITH"},{"floor":40,"key":"REST"},{"floor":49,"key":"REST"}],"circlet_count":0,"master_deck":["AscendersBane","Strike_B","Defend_B","Zap+1","Dualcast","FTL+1","FTL+1","Swift Strike","Go for the Eyes","Core Surge","Steam","Beam Cell","Steam+1","Gash","Tempest+1","All For One","Sweeping Beam","All For One","Conserve Battery+1","Gash","Gash","All For One","Conserve Battery+1","Steam+1","Reboot+1","Meteor Strike","Reprogram+1","Scrape","All For One","Beam Cell","Fusion+1","ReplayGash","Gash","Trip+1","FTL","Turbo+1","Conserve Battery+1","Turbo+1","Scrape"],"relics":["Cracked Core","Hammer of Thor","Seething Fire","Anvil of the Gods","Membership Card","Kunai","Matryoshka","Mummified Hand","Chemical X","Tiny Chest","Happy Flower","Ornamental Fan","PreservedInsect","Pet Ghost","Toxic Egg 2","Prayer Wheel","Empty Cage","Prayer Wheel","Replay:Baseball","Bottled Lightning","Strawberry","Replay:Antivirus Software","Blood Vial","Iron Hammer","Replay:Grab Bag","Philosopher\u0027s Stone","Fusion Hammer","Ring of Chaos","Astrolabe","Nunchaku","conspire:Flyswatter","Replay:Accelerometer","ReplayFunnel","Oddly Smooth Stone","Replay:Bottled Steam","Pear","Counterbalance"],"acts_visited":["Exordium","TheCity","TheBeyond"],"potions_floor_usage":[13,13,13,13,16,23,33,46,46],"damage_taken":[{"damage":0,"enemies":"Small Slimes","floor":1,"turns":2},{"damage":0,"enemies":"Cultist","floor":5,"turns":3},{"damage":14,"enemies":"Gremlin Nob","floor":7,"turns":4},{"damage":24,"enemies":"Lagavulin","floor":10,"turns":6},{"damage":0,"enemies":"2 Louse","floor":11,"turns":2},{"damage":0,"enemies":"Exordium Thugs","floor":13,"turns":3},{"damage":0,"enemies":"Large Slime","floor":14,"turns":3},{"damage":37,"enemies":"The Guardian","floor":16,"turns":9},{"damage":0,"enemies":"Spheric Guardian","floor":18,"turns":3},{"damage":4,"enemies":"Shell Parasite","floor":20,"turns":3},{"damage":0,"enemies":"conspire:MimicChest","floor":21,"turns":4},{"damage":0,"enemies":"Book of Stabbing","floor":23,"turns":3},{"damage":0,"enemies":"Cultist and Chosen","floor":30,"turns":4},{"damage":3,"enemies":"Snake Plant","floor":31,"turns":4},{"damage":0,"enemies":"Champ","floor":33,"turns":4},{"damage":0,"enemies":"Orb Walker","floor":35,"turns":2},{"damage":0,"enemies":"3 Shapes","floor":36,"turns":2},{"damage":0,"enemies":"Sphere and 2 Shapes","floor":37,"turns":1},{"damage":0,"enemies":"Giant Head","floor":44,"turns":2},{"damage":0,"enemies":"2 Orb Walkers","floor":46,"turns":4},{"damage":0,"enemies":"Transient","floor":47,"turns":6},{"damage":0,"enemies":"3 Darklings","floor":48,"turns":4},{"damage":0,"enemies":"Awakened One","floor":50,"turns":8}],"seed_played":"8374002344629746917","potions_obtained":[{"floor":1,"key":"SmokeBomb"},{"floor":10,"key":"SkillPotion"},{"floor":12,"key":"EntropicBrew"},{"floor":13,"key":"DuplicationPotion"},{"floor":14,"key":"Venom Potion"},{"floor":16,"key":"SmokeBomb"},{"floor":21,"key":"Block Potion"},{"floor":30,"key":"Fire Potion"},{"floor":37,"key":"AttackPotion"},{"floor":44,"key":"PowerPotion"},{"floor":48,"key":"Cursed Concoction"}],"is_trial":false,"path_per_floor":["M","$","?","$","M","R","E","R","T","E","M","?","M","M","R","B",null,"M","T","M","?","$","E","R","?","T","R","?","T","M","M","R","B",null,"M","M","M","?","?","R","T","T","T","E","$","?","M","M","R","B",null],"character_chosen":"DEFECT","items_purchased":["Membership Card","Kunai","Matryoshka","FTL","Swift Strike","Go for the Eyes","Mummified Hand","Core Surge","Chemical X","Steam","Strawberry","Trip+1","Oddly Smooth Stone","Replay:Bottled Steam","Pear","FTL"],"campfire_rested":5,"item_purchase_floors":[0,0,0,0,0,0,0,0,2,4,22,45,45,45,45,45],"current_hp_per_floor":[64,64,64,64,64,64,50,71,71,47,47,24,24,24,45,8,55,55,55,51,51,58,58,78,78,78,78,78,78,78,75,75,77,78,78,78,78,78,78,78,78,78,78,78,88,88,88,88,88,88],"gold":120,"neow_bonus":"","is_daily":false,"chose_seed":false,"campfire_upgraded":3,"win_rate":0.0,"timestamp":1608951212,"path_taken":["M","$","?","$","M","R","E","R","T","E","?","?","M","?","R","BOSS","M","?","M","?","$","E","R","?","T","R","?","?","M","M","R","BOSS","M","M","M","?","?","R","?","?","T","E","$","?","M","M","R","BOSS"],"items_purchased_type":["Relic","Relic","Relic","Card","Card","Card","Relic","Card","Relic","Card","Relic","Card","Relic","Relic","Relic","Card"],"build_version":"2020-12-22","purchased_purges":1,"victory":true,"max_hp_per_floor":[71,71,71,71,71,71,71,71,71,71,71,71,71,71,71,71,71,71,71,71,71,78,78,78,78,78,78,78,78,78,78,78,78,78,78,78,78,78,78,78,78,78,78,78,88,88,88,88,88,88],"card_choices":[{"not_picked":["Cold Snap","Coolheaded","Hologram"],"picked":"SKIP","floor":1},{"not_picked":["Ball Lightning","Stack","Barrage"],"picked":"SKIP","floor":5},{"not_picked":["Hologram","Consume","FIFO Queue"],"picked":"SKIP","floor":7},{"not_picked":["Compile Driver","Time Bomb","Glacier"],"picked":"SKIP","floor":10},{"not_picked":["Compile Driver","Time Bomb","Glacier"],"picked":"SKIP","floor":10},{"not_picked":["Sweeping Beam","ReplaySolidLightProjector"],"picked":"Beam Cell","floor":11},{"not_picked":["ReplaySolidLightProjector+1","Loop"],"picked":"Steam+1","floor":12},{"not_picked":["Stack+1","Glacier+1"],"picked":"Gash","floor":12},{"not_picked":["Cold Snap","Leap+1"],"picked":"Tempest+1","floor":13},{"not_picked":["Turbo+1","Heatsinks"],"picked":"ReplayTheSpireMod:Fabricate Wheel+1","floor":14},{"not_picked":["Seek+1","Electrodynamics"],"picked":"ReplayTheSpireMod:Fabricate Wheel+1","floor":16},{"not_picked":["Rebound","Heatsinks"],"picked":"Sweeping Beam","floor":18},{"not_picked":["Recycle+1","Loop","Rebound"],"picked":"SKIP","floor":18},{"not_picked":["Ball Lightning","BasicCrystalCard+1","Crystallizer+1"],"picked":"SKIP","floor":18},{"not_picked":["Fusion+1","Storm"],"picked":"Conserve Battery+1","floor":20},{"not_picked":["Rip and Tear","Streamline"],"picked":"Beam Cell","floor":20},{"not_picked":["Cold Snap","ReplayRNGCard+1","Redo+1"],"picked":"SKIP","floor":20},{"not_picked":["ReplaySolidLightProjector+1","Rebound"],"picked":"Gash","floor":23},{"not_picked":["Ball Lightning+1","Hologram+1"],"picked":"Conserve Battery+1","floor":30},{"not_picked":["ReplayTheSpireMod:System Scan+1","Streamline","Compile Driver"],"picked":"SKIP","floor":30},{"not_picked":["Barrage","Steam Power+1","Rebound"],"picked":"SKIP","floor":30},{"not_picked":["Hologram+1","Leap+1"],"picked":"Steam+1","floor":31},{"not_picked":["Hologram+1","Leap+1"],"picked":"Reboot+1","floor":31},{"not_picked":["Stack+1","Sweeping Beam","Streamline"],"picked":"SKIP","floor":31},{"not_picked":["Biased Cognition","Multi-Cast+1"],"picked":"Meteor Strike","floor":33},{"not_picked":["Hologram+1","White Noise+1"],"picked":"Beam Cell","floor":35},{"not_picked":["Chill+1","Self Repair+1","Coolheaded+1"],"picked":"SKIP","floor":35},{"not_picked":["Ball Lightning","Sweeping Beam+1","Undo+1"],"picked":"SKIP","floor":35},{"not_picked":["Undo+1","Sweeping Beam"],"picked":"Fusion+1","floor":36},{"not_picked":["Ball Lightning","Go for the Eyes","Recycle+1"],"picked":"SKIP","floor":36},{"not_picked":["Redo+1","Beam Cell","Cold Snap"],"picked":"SKIP","floor":36},{"not_picked":["Leap+1","Core Surge"],"picked":"ReplayGash","floor":37},{"not_picked":["Turbo+1","Ball Lightning"],"picked":"Gash","floor":37},{"not_picked":["Compile Driver","Capacitor","Hologram+1"],"picked":"SKIP","floor":37},{"not_picked":["BasicCrystalCard+1","White Noise+1","Beam Cell"],"picked":"SKIP","floor":44},{"not_picked":["Compile Driver","ReplayTheSpireMod:Reroute Power+1"],"picked":"Turbo+1","floor":47},{"not_picked":["Go for the Eyes","Panic Button+1"],"picked":"Conserve Battery+1","floor":47},{"not_picked":["Crystallizer+1","Panic Button+1","Ball Lightning"],"picked":"SKIP","floor":47},{"not_picked":["BasicCrystalCard+1","Barrage+1"],"picked":"Turbo+1","floor":48},{"not_picked":["Sweeping Beam","Aggregate+1"],"picked":"Scrape","floor":48},{"not_picked":["Leap+1","Redo+1","Recycle+1"],"picked":"SKIP","floor":48}],"player_experience":2503903,"relics_obtained":[{"floor":7,"key":"Tiny Chest"},{"floor":9,"key":"Happy Flower"},{"floor":9,"key":"Ornamental Fan"},{"floor":10,"key":"PreservedInsect"},{"floor":12,"key":"Pet Ghost"},{"floor":12,"key":"Toxic Egg 2"},{"floor":19,"key":"Replay:Baseball"},{"floor":21,"key":"Bottled Lightning"},{"floor":23,"key":"Replay:Antivirus Software"},{"floor":26,"key":"Blood Vial"},{"floor":29,"key":"Iron Hammer"},{"floor":41,"key":"Nunchaku"},{"floor":42,"key":"conspire:Flyswatter"},{"floor":43,"key":"Replay:Accelerometer"},{"floor":44,"key":"ReplayFunnel"},{"floor":46,"key":"Counterbalance"}],"event_choices":[{"damage_healed":0,"gold_gain":0,"player_choice":"0 cards matched","damage_taken":0,"max_hp_gain":0,"max_hp_loss":0,"event_name":"Match and Keep!","floor":3,"gold_loss":0,"cards_obtained":[]},{"damage_healed":0,"gold_gain":0,"player_choice":"Read","damage_taken":0,"max_hp_gain":0,"max_hp_loss":0,"event_name":"The Library","floor":25,"gold_loss":0,"cards_obtained":["Gash"]},{"damage_healed":0,"gold_gain":0,"player_choice":"Copied","damage_taken":0,"max_hp_gain":0,"max_hp_loss":0,"event_name":"Duplicator","floor":28,"gold_loss":0,"cards_obtained":["All For One"]},{"cards_removed":["Beam Cell"],"damage_healed":0,"gold_gain":0,"player_choice":"Removed Attack","damage_taken":0,"max_hp_gain":0,"max_hp_loss":0,"event_name":"Falling","floor":39,"gold_loss":0},{"damage_healed":0,"gold_gain":0,"player_choice":"Fight","damage_taken":0,"max_hp_gain":0,"max_hp_loss":0,"event_name":"Mysterious Sphere","floor":46,"gold_loss":0}],"is_beta":false,"boss_relics":[{"not_picked":["Snecko Eye","conspire:RoyalGoblet"],"picked":"Empty Cage"},{"not_picked":["Replay:Wanted Poster","Cursed Key"],"picked":"Replay:Grab Bag"},{"not_picked":["conspire:SlowCooker","ReplayTheSpireMod:Onyx Gauntlets"],"picked":"Philosopher\u0027s Stone"},{"not_picked":["Velvet Choker","Replay:Bronze Core"],"picked":"Fusion Hammer"},{"not_picked":["Runic Pyramid","Kintsugi"],"picked":"Ring of Chaos"},{"not_picked":["Replay:Drink Me","Calling Bell"],"picked":"Astrolabe"}],"items_purged_floors":[22],"is_endless":false,"potions_floor_spawned":[1,10,13,14,16,21,30,37,44,48],"ascension_level":17}}