{"host":"f6tqpspb2ou2a4h5","time":1608962759,"event":{"mods":["2.2 Compatiblity","Ascension Unlocker","BaseMod","Colored Map","DeckTracker","Hermit","Highlight Path","KOR Keyword Fix","Keyboard Shortcuts","Minty Spire (QoL Compilation)","Permanent Neow","Quick Restart","Random Character Button","StSLib","SuperFastMode","The Poker Player","everything is the same but u backflip on backflip"],"gold_per_floor":[113,113,127,142,158,183,183,183,183,195,195,211,211,238,238,335,335,347,347,27,46,60,60,86,86,113,123,47,58,58,58,58,156,156,171,185,185,100,114,131,131,0,0,0,16,16,30,30,30,30],"floor_reached":51,"playtime":2400,"items_purged":["Strike_B","Defend_B"],"score":704,"play_id":"2d513bae-b40e-47cf-a4f4-648b611a45ad","local_time":"20201226150559","is_ascension_mode":false,"campfire_choices":[{"data":"Loop","floor":7,"key":"SMITH"},{"floor":13,"key":"REST"},{"data":"Double Energy","floor":15,"key":"SMITH"},{"data":"Redo","floor":23,"key":"SMITH"},{"data":"Genetic Algorithm","floor":25,"key":"SMITH"},{"data":"The Bomb","floor":30,"key":"SMITH"},{"data":"Aggregate","floor":32,"key":"SMITH"},{"floor":41,"key":"REST"},{"floor":44,"key":"REST"},{"data":"Streamline","floor":46,"key":"SMITH"},{"data":"Dualcast","floor":49,"key":"SMITH"}],"circlet_count":0,"master_deck":["Defend_B","Defend_B","Zap+1","Dualcast+1","The Bomb+1","Barrage","Glacier","Conserve Battery","Loop+1","Cold Snap","Redo+1","Double Energy+1","Genetic Algorithm+1","Rainbow","Go for the Eyes","Self Repair+1","Streamline+1","Consume+1","Aggregate+1","Stack+1","Capacitor+1","Hologram","Echo Form+1","Chaos+1","Go for the Eyes+1","Reinforced Body+1","Hologram+1","BootSequence","Defragment+1","Hello World+1","Storm+1","Loop+1","Coolheaded+1","Panache+1"],"relics":["Cracked Core","Dream Catcher","Frozen Egg 2","HornCleat","Oddly Smooth Stone","Philosopher\u0027s Stone","Happy Flower","Vajra","Smiling Mask","Astrolabe","Red Mask","Thread and Needle"],"acts_visited":["Exordium","TheCity","TheBeyond"],"potions_floor_usage":[6,14,29,50],"damage_taken":[{"damage":5,"enemies":"Small Slimes","floor":1,"turns":3},{"damage":1,"enemies":"Jaw Worm","floor":3,"turns":4},{"damage":0,"enemies":"2 Louse","floor":4,"turns":2},{"damage":3,"enemies":"Blue Slaver","floor":5,"turns":3},{"damage":13,"enemies":"Lagavulin","floor":6,"turns":6},{"damage":0,"enemies":"Looter","floor":10,"turns":3},{"damage":1,"enemies":"2 Fungi Beasts","floor":12,"turns":3},{"damage":8,"enemies":"Gremlin Nob","floor":14,"turns":4},{"damage":3,"enemies":"Hexaghost","floor":16,"turns":15},{"damage":7,"enemies":"Spheric Guardian","floor":18,"turns":4},{"damage":2,"enemies":"Chosen","floor":21,"turns":5},{"damage":0,"enemies":"Shelled Parasite and Fungi","floor":22,"turns":6},{"damage":0,"enemies":"Book of Stabbing","floor":24,"turns":7},{"damage":12,"enemies":"3 Cultists","floor":27,"turns":7},{"damage":0,"enemies":"Chosen and Byrds","floor":29,"turns":6},{"damage":22,"enemies":"Collector","floor":33,"turns":9},{"damage":14,"enemies":"Orb Walker","floor":35,"turns":3},{"damage":26,"enemies":"3 Shapes","floor":36,"turns":4},{"damage":0,"enemies":"Maw","floor":39,"turns":11},{"damage":52,"enemies":"Sphere and 2 Shapes","floor":40,"turns":6},{"damage":5,"enemies":"4 Shapes","floor":45,"turns":5},{"damage":2,"enemies":"Jaw Worm Horde","floor":47,"turns":5},{"damage":58,"enemies":"Awakened One","floor":50,"turns":9}],"seed_played":"1328986592535809748","potions_obtained":[{"floor":1,"key":"GamblersBrew"},{"floor":5,"key":"SkillPotion"},{"floor":10,"key":"Fire Potion"},{"floor":16,"key":"ColorlessPotion"},{"floor":24,"key":"SteroidPotion"},{"floor":29,"key":"SteroidPotion"},{"floor":47,"key":"Fire Potion"}],"is_trial":false,"path_per_floor":["M","?","M","M","M","E","R","?","T","M","?","M","R","E","R","B",null,"M","?","$","M","M","R","E","R","T","M","$","M","R","?","R","B",null,"M","M","?","$","M","M","R","?","T","R","M","R","M","?","R","B",null],"character_chosen":"DEFECT","items_purchased":["Self Repair+1","Fire Potion","Happy Flower","Capacitor+1","Defragment+1"],"campfire_rested":3,"item_purchase_floors":[20,20,20,28,38],"current_hp_per_floor":[63,63,62,62,59,46,46,34,34,34,27,26,46,38,38,35,68,61,49,49,57,67,67,73,73,73,71,71,73,73,73,73,61,73,59,53,53,53,63,21,42,42,42,63,58,58,66,66,66,18],"gold":30,"neow_bonus":"RANDOM_COLORLESS_2","is_daily":false,"chose_seed":false,"campfire_upgraded":8,"win_rate":0.0,"timestamp":1608962759,"path_taken":["M","?","M","M","M","E","R","?","T","M","?","M","R","E","R","BOSS","M","?","$","M","M","R","E","R","T","M","$","M","R","?","R","BOSS","M","M","?","$","?","M","R","?","T","R","M","R","M","?","R","BOSS"],"items_purchased_type":["Card","Potion","Relic","Card","Card"],"build_version":"2020-12-22","purchased_purges":2,"victory":true,"max_hp_per_floor":[68,68,68,68,68,68,68,68,68,68,68,68,68,68,68,68,68,68,73,73,73,73,73,73,73,73,73,73,73,73,73,73,73,73,73,73,73,73,73,73,73,73,73,73,73,73,73,73,73,73],"card_choices":[{"not_picked":["Master of Strategy","Secret Technique"],"picked":"The Bomb","floor":0},{"not_picked":["Stack","Chaos"],"picked":"Barrage","floor":1},{"not_picked":["Undo","Streamline"],"picked":"Auto Shields","floor":3},{"not_picked":["Barrage","Steam"],"picked":"Glacier","floor":4},{"not_picked":["Gash","Rebound"],"picked":"Conserve Battery","floor":5},{"not_picked":["Stack","Meteor Strike"],"picked":"Loop","floor":6},{"not_picked":["Steam","Beam Cell"],"picked":"Cold Snap","floor":10},{"not_picked":["Recycle","Barrage"],"picked":"Redo","floor":12},{"not_picked":["Loop+1","Beam Cell"],"picked":"Double Energy","floor":13},{"not_picked":["Lockon","Coolheaded"],"picked":"Genetic Algorithm","floor":14},{"not_picked":["Thunder Strike","Hyperbeam"],"picked":"Rainbow","floor":16},{"not_picked":["Conserve Battery","Cold Snap"],"picked":"Go for the Eyes","floor":18},{"not_picked":["Stack","Aggregate"],"picked":"Streamline","floor":21},{"not_picked":["Rebound","Barrage"],"picked":"Consume+1","floor":22},{"not_picked":["Double Energy","Go for the Eyes"],"picked":"Aggregate","floor":24},{"not_picked":["Genetic Algorithm","Streamline"],"picked":"Stack+1","floor":27},{"not_picked":["Streamline","Rebound"],"picked":"Hologram","floor":29},{"not_picked":["Reboot","Seek"],"picked":"Echo Form+1","floor":33},{"not_picked":["Rip and Tear+1","Redo+1"],"picked":"Hologram+1","floor":35},{"not_picked":["Rip and Tear","Steam Power+1"],"picked":"BootSequence","floor":36},{"not_picked":["Streamline","Hologram+1"],"picked":"Hello World+1","floor":39},{"not_picked":["Reprogram+1","Tempest+1"],"picked":"Storm+1","floor":40},{"not_picked":["Conserve Battery+1","Fusion"],"picked":"Loop+1","floor":41},{"not_picked":["Storm+1","Sweeping Beam"],"picked":"Coolheaded+1","floor":44},{"not_picked":["Static Discharge+1","Coolheaded","Rebound"],"picked":"SKIP","floor":45},{"not_picked":["Fission","Redo","Streamline+1"],"picked":"SKIP","floor":47},{"not_picked":["Panacea","Forethought"],"picked":"Panache+1","floor":48}],"player_experience":63560,"relics_obtained":[{"floor":6,"key":"Dream Catcher"},{"floor":9,"key":"HornCleat"},{"floor":14,"key":"Oddly Smooth Stone"},{"floor":24,"key":"Vajra"},{"floor":26,"key":"Smiling Mask"},{"floor":43,"key":"Thread and Needle"}],"event_choices":[{"damage_healed":0,"gold_gain":0,"player_choice":"Grow","damage_taken":0,"max_hp_gain":0,"max_hp_loss":0,"event_name":"Living Wall","floor":2,"gold_loss":0,"cards_upgraded":["Zap"]},{"damage_healed":0,"gold_gain":0,"player_choice":"Success","damage_taken":12,"relics_obtained":["Frozen Egg 2"],"max_hp_gain":0,"max_hp_loss":0,"event_name":"Scrap Ooze","floor":8,"gold_loss":0},{"cards_removed":["Strike_B"],"damage_healed":0,"gold_gain":0,"player_choice":"Card Removal","damage_taken":7,"max_hp_gain":0,"max_hp_loss":0,"event_name":"Golden Wing","floor":11,"gold_loss":0},{"damage_healed":0,"gold_gain":0,"player_choice":"Shed Blood","damage_taken":17,"max_hp_gain":5,"max_hp_loss":0,"event_name":"Forgotten Altar","floor":19,"gold_loss":0},{"damage_healed":0,"gold_gain":0,"player_choice":"Ignored","damage_taken":0,"max_hp_gain":0,"max_hp_loss":0,"event_name":"Vampires","floor":31,"gold_loss":0},{"cards_removed":["Auto Shields"],"damage_healed":0,"gold_gain":0,"player_choice":"Purged","damage_taken":0,"max_hp_gain":0,"max_hp_loss":0,"event_name":"Purifier","floor":37,"gold_loss":0},{"damage_healed":0,"gold_gain":0,"player_choice":"Paid","damage_taken":0,"relics_obtained":["Red Mask"],"max_hp_gain":0,"max_hp_loss":0,"event_name":"Tomb of Lord Red Mask","floor":42,"gold_loss":131},{"damage_healed":0,"gold_gain":0,"player_choice":"Memory 1","damage_taken":0,"max_hp_gain":0,"max_hp_loss":0,"event_name":"SensoryStone","floor":48,"gold_loss":0}],"is_beta":false,"boss_relics":[{"not_picked":["Runic Dome","SlaversCollar"],"picked":"Philosopher\u0027s Stone"},{"not_picked":["FrozenCore","Snecko Eye"],"picked":"Astrolabe"}],"items_purged_floors":[20,38],"is_endless":false,"potions_floor_spawned":[1,5,10,16,21,22,24,29,47],"ascension_level":0}}