{"host":"qwb18rbrg3wnmsho","time":1608998128,"event":{"mods":["Act Like it!","BaseMod","BetterRewards","Gensokyo","Minty Spire (QoL Compilation)","MostiFishMod","Potion Indicator Mod","Quarter Circle Forward PUNCH!","Remilia£®¿Ÿ√◊¿Ú—«£©","Replay The Spire","StSLib","The Mystic","[IsaacMod]“‘»ˆº‚À˛"],"gold_per_floor":[116,135,145,145,160,160,160],"floor_reached":6,"playtime":318,"items_purged":[],"score":57,"play_id":"80710ab4-fc06-4cef-9964-1fae44814916","local_time":"20201226235528","is_ascension_mode":true,"campfire_choices":[],"circlet_count":0,"master_deck":["AscendersBane","Strike_G","Strike_G","Strike_G","Strike_G","Strike_G","Defend_G","Defend_G","Defend_G","Defend_G","Defend_G","Survivor","Neutralize","Accuracy","Prepared","MostiFishMod:PerfectParry"],"relics":["Ring of the Snake","HushsDoor","Pantograph","Void","Eternal Feather","SynthV:TestCard"],"acts_visited":["Gensokyo:Gensokyo"],"potions_floor_usage":[5,5],"damage_taken":[{"damage":9,"enemies":"Gensokyo:2_Kodama","floor":1,"turns":4},{"damage":9,"enemies":"Gensokyo:3_Fairies","floor":2,"turns":5},{"damage":2,"enemies":"Gensokyo:Gryphon","floor":3,"turns":4},{"damage":13,"enemies":"Gensokyo:3_Kodama","floor":5,"turns":3},{"damage":30,"enemies":"Gensokyo:Mamizou","floor":6,"turns":9}],"seed_played":"7533260489814285208","potions_obtained":[{"floor":1,"key":"ColorlessPotion"},{"floor":3,"key":"Regen Potion"},{"floor":5,"key":"Ancient Potion"}],"is_trial":false,"path_per_floor":["M","M","M","?","M","E"],"character_chosen":"THE_SILENT","items_purchased":[],"campfire_rested":0,"item_purchase_floors":[],"current_hp_per_floor":[40,31,29,29,16,0,0],"gold":160,"neow_bonus":"RANDOM_EVENT","is_daily":false,"chose_seed":false,"campfire_upgraded":0,"win_rate":0.0,"timestamp":1608998128,"path_taken":["M","M","M","?","M","E"],"items_purchased_type":[],"build_version":"2020-12-22","purchased_purges":0,"victory":false,"max_hp_per_floor":[70,70,70,70,67,67,67],"card_choices":[{"not_picked":[],"picked":"Bomb","floor":0},{"not_picked":["Underhanded Strike","Bane","Backflip"],"picked":"SKIP","floor":1},{"not_picked":["Masterful Stab","Slice","Underhanded Strike","Flechettes"],"picked":"Accuracy","floor":2},{"not_picked":["PiercingWail","Underhanded Strike","ReplayTheSpireMod:Shiv Toss","Catalyst"],"picked":"Prepared","floor":3},{"not_picked":["Outmaneuver","Deflect","Deadly Poison","Underhanded Strike"],"picked":"MostiFishMod:PerfectParry","floor":5}],"player_experience":289271,"relics_obtained":[{"floor":1,"key":"SynthV:TestCard"}],"event_choices":[],"is_beta":false,"boss_relics":[],"items_purged_floors":[],"is_endless":false,"potions_floor_spawned":[1,3,5],"killed_by":"Gensokyo:Mamizou","ascension_level":10}}