{"host":"1tmagqyeywr2w44t","time":1608972362,"event":{"mods":["2.2 Compatiblity","BaseMod","Colored Powertips","Downfall","Marisa£¨Ùöéë¡¡Øª×âÞÞ£©","Minty Spire (QoL Compilation)","Rare Cards Sparkle","Replay The Spire","StSLib","SuperFastMode","The Marked"],"gold_per_floor":[99,116,126,126,144,69,95,92,133,164,193,240,177,189,216,228,228,228],"floor_reached":16,"playtime":625,"items_purged":[],"score":123,"play_id":"40f23498-51c9-49da-9f96-9112eb8546ae","local_time":"20201226174602","is_ascension_mode":true,"campfire_choices":[{"floor":1,"key":"RECALL"},{"data":"Guardian:CurlUp","floor":6,"key":"SMITH"},{"data":"Guardian:RefractedBeam","floor":13,"key":"SMITH"}],"circlet_count":0,"master_deck":["Guardian:Strike_Guardian+1","Guardian:Strike_Guardian+1","Guardian:Strike_Guardian+1","Guardian:Strike_Guardian+1","Guardian:Defend_Guardian+1","Guardian:Defend_Guardian","Guardian:Defend_Guardian","Guardian:Defend_Guardian+1","Guardian:CurlUp+1","Guardian:TwinSlam","Flash of Steel","Guardian:BronzeArmor","Guardian:Recover","Voices","Guardian:ChargeCore","Guardian:TimeSifter","Guardian:Gem_Green","Guardian:RefractedBeam+2","Regret","Guardian:Preprogram"],"relics":["Guardian:ModeShifter","ReplayTheSpireMod:Ring of Collecting","downfall:HeartBlessingRed","MawBank","Replay:Bottled Eggs","Replay:Multitool","downfall:HeartBlessingGreen"],"acts_visited":["Exordium"],"potions_floor_usage":[9,12,16,16],"damage_taken":[{"damage":0,"enemies":"Cultist","floor":2,"turns":3},{"damage":0,"enemies":"Jaw Worm","floor":3,"turns":4},{"damage":3,"enemies":"Small Slimes","floor":5,"turns":5},{"damage":0,"enemies":"downfall:FleeingMerchant","floor":8,"turns":4},{"damage":13,"enemies":"Gremlin Nob","floor":9,"turns":3},{"damage":4,"enemies":"Blue Slaver","floor":10,"turns":3},{"damage":15,"enemies":"Exordium Thugs","floor":11,"turns":6},{"damage":15,"enemies":"3 Sentries","floor":12,"turns":8},{"damage":0,"enemies":"3 Louse","floor":15,"turns":2},{"damage":30,"enemies":"downfall:Silent","floor":16,"turns":8}],"seed_played":"6753692081221848963","potions_obtained":[{"floor":2,"key":"champ:CounterPotion"},{"floor":3,"key":"sneckomod:MuddlingPotion"},{"floor":9,"key":"LiquidBronze"},{"floor":11,"key":"FearPotion"}],"is_trial":false,"path_per_floor":["R","M","M","?","M","R","T","$","E","M","M","E","R","?","M","B"],"character_chosen":"GUARDIAN","items_purchased":[],"campfire_rested":0,"item_purchase_floors":[],"current_hp_per_floor":[80,80,80,80,77,77,77,77,64,60,45,30,30,30,30,0,0,0],"gold":228,"neow_bonus":"RANDOM_COLORLESS","is_daily":false,"chose_seed":false,"campfire_upgraded":2,"win_rate":0.0,"timestamp":1608972362,"path_taken":["R","M","?","?","M","R","T","?","E","?","M","E","R","?","M","BOSS"],"items_purchased_type":[],"build_version":"2020-12-22","purchased_purges":0,"victory":false,"max_hp_per_floor":[80,80,80,80,80,80,80,80,80,80,80,80,80,80,80,80,80,80],"card_choices":[{"not_picked":["expansioncontent:SuperHexaguard","expansioncontent:HyperBeam"],"picked":"Flash of Steel","floor":0},{"not_picked":["Guardian:MultiBeam","Guardian:Incinerate"],"picked":"Guardian:BronzeArmor","floor":2},{"not_picked":["Guardian:CrystalBeam","Guardian:Gem_Lightblue"],"picked":"Guardian:Recover","floor":3},{"not_picked":["Guardian:Suspension","Guardian:TemporalStrike"],"picked":"Guardian:Gem_Cyan","floor":5},{"not_picked":["Guardian:Gem_Green","Guardian:TemporalStrike"],"picked":"Guardian:ChargeCore","floor":8},{"not_picked":["Guardian:ShieldCharger","Guardian:TemporalStrike"],"picked":"Guardian:TimeSifter","floor":9},{"not_picked":["Guardian:RollAttack","Guardian:Gem_Lightblue"],"picked":"Guardian:Gem_Green","floor":10},{"not_picked":["Guardian:PrimingBeam","Guardian:Suspension"],"picked":"Guardian:RefractedBeam","floor":11},{"not_picked":["Guardian:Reroute","Guardian:PrimingBeam"],"picked":"Guardian:Gem_Crimson","floor":12},{"not_picked":["Guardian:ArmoredProtocol","Guardian:Recover"],"picked":"Guardian:Preprogram","floor":15}],"player_experience":208735,"relics_obtained":[{"floor":4,"key":"ReplayTheSpireMod:Ring of Collecting"},{"floor":7,"key":"MawBank"},{"floor":9,"key":"Replay:Bottled Eggs"},{"floor":12,"key":"Replay:Multitool"}],"event_choices":[],"is_beta":false,"boss_relics":[],"items_purged_floors":[],"is_endless":false,"potions_floor_spawned":[2,3,9,11],"killed_by":"downfall:Silent","ascension_level":2}}