{"host":"u0f5uy314yz7olfc","time":1608988527,"event":{"mods":["AchievementEnabler","Aspiration","BaseMod","Better Altar","Better Match","Better Note","Better Sensory Stone","Better Skull","Better Third Choice","BetterRewards","Block Reminder","Colored Map","Colored Powertips","DeckTracker","Dota2Spire","Emptier Cage","Gold Saver","Highlight Path","Hubris","Infinite Spire","Marked Mod","Mimic Mod","Minty Spire (QoL Compilation)","Permanent Neow","Quick Restart","Rare Cards Sparkle","Relic Sorter","Shop Mod","StSLib","The Bladedancer","The Blue Laboratory","Watcher Patcher"],"gold_per_floor":[1616,1616,1633,1633,1647,1647,1667,1667,1667,1667,1677,1677,462,479,479,582,582,595,39,50,24,24,50,50,64,64,180,180,180,180,202,202,238,238],"floor_reached":33,"playtime":1465,"items_purged":["Dualcast","Hyperbeam"],"score":280,"play_id":"b626afad-e63b-4bda-b46d-534ffe4b8aad","local_time":"20201226201527","is_ascension_mode":false,"campfire_choices":[{"floor":6.0,"key":"RECALL"},{"floor":8.0,"key":"REST"},{"data":"Zap","floor":10.0,"key":"SMITH"},{"floor":12.0,"key":"REST"},{"data":"Self Repair","floor":15.0,"key":"SMITH"},{"floor":24.0,"key":"REST"},{"floor":28.0,"key":"REST"},{"floor":30.0,"key":"REST"},{"floor":32.0,"key":"REST"}],"circlet_count":0,"master_deck":["Strike_B","Strike_B","Strike_B","Strike_B","Defend_B","Defend_B","Defend_B","Defend_B+1","Zap+1","Beam Cell","Steam","Go for the Eyes","Sweeping Beam","Self Repair+1","Coolheaded","Fasting2","Secret Weapon","Gash","Go for the Eyes","Biased Cognition","Loop","Loop","Steam","Ball Lightning","Coolheaded","Streamline","Turbo+1","Self Repair","Pain","White Noise+1","Sunder","Double Energy+1"],"relics":["Cracked Core","Dota2Spire:HeartOfTarrasque","hubris:CuriousFeather","Dota2Spire:Mjollnir","MerchantsRug","hubris:ScarierMask","Bronze Scales","Dota2Spire:PowerTreads","Centennial Puzzle","infinitespire:Midas Blood","Akabeko","infinitespire:Satchel","Nloth\u0027s Gift"],"acts_visited":["TheCity"],"potions_floor_usage":[33],"damage_taken":[{"damage":7.0,"enemies":"2 Louse","floor":1.0,"turns":3.0},{"damage":9.0,"enemies":"Cultist","floor":3.0,"turns":4.0},{"damage":6.0,"enemies":"Jaw Worm","floor":5.0,"turns":2.0},{"damage":3.0,"enemies":"3 Louse","floor":7.0,"turns":3.0},{"damage":5.0,"enemies":"Looter","floor":11.0,"turns":3.0},{"damage":8.0,"enemies":"Blue Slaver","floor":14.0,"turns":3.0},{"damage":52.0,"enemies":"The Guardian","floor":16.0,"turns":9.0},{"damage":0.0,"enemies":"Chosen","floor":18.0,"turns":4.0},{"damage":8.0,"enemies":"2 Thieves","floor":20.0,"turns":3.0},{"damage":50.0,"enemies":"Gremlin Leader","floor":23.0,"turns":7.0},{"damage":18.0,"enemies":"Shelled Parasite and Fungi","floor":25.0,"turns":4.0},{"damage":26.0,"enemies":"Snecko","floor":31.0,"turns":4.0},{"damage":69,"enemies":"Champ","floor":33,"turns":8}],"seed_played":"2793526036447845040","potions_obtained":[{"floor":1.0,"key":"EntropicBrew"},{"floor":5.0,"key":"Explosive Potion"},{"floor":7.0,"key":"blueLaboratory:LouseDecoction"},{"floor":18.0,"key":"blueLaboratory:BottledHope"},{"floor":31.0,"key":"blueLaboratory:RememoryPotion"}],"is_trial":false,"path_per_floor":["M","AVR","M","?","M","R","M","R","T","R","M","R","$","M","R","B",null,"M","$","M","$","?","E","R","M","T","?","R","?","R","M","R","B"],"character_chosen":"DEFECT","items_purchased":["Self Repair","MerchantsRug","Dota2Spire:HeartOfTarrasque","Vajra","Coolheaded","Fasting2","Secret Weapon","Gash","Hyperbeam","Bronze Scales","Loop","Steam","Ball Lightning","Coolheaded","Streamline","Dota2Spire:PowerTreads","Self Repair"],"campfire_rested":6,"item_purchase_floors":[13,13,13,13,13,13,13,13,13,19,19,19,19,19,19,19,21],"current_hp_per_floor":[75,75,66,66,60,60,57,81,81,81,76,82,90,89,89,69,90,90,90,90,90,90,65,90,79,79,14,41,41,68,49,76,7,7],"gold":238,"neow_bonus":"TEN_PERCENT_HP_BONUS","is_daily":false,"chose_seed":false,"campfire_upgraded":2,"win_rate":0.0,"timestamp":1608988527,"path_taken":["M","AVR","M","?","M","R","M","R","T","R","?","R","?","M","R","BOSS","M","?","M","$","?","E","R","M","T","?","R","?","R","M","R","BOSS"],"items_purchased_type":["Card","Relic","Relic","Relic","Card","Card","Card","Card","Card","Relic","Card","Card","Card","Card","Card","Relic","Card"],"build_version":"2020-12-22","purchased_purges":2,"victory":false,"max_hp_per_floor":[82,82,82,82,82,82,82,82,82,82,82,82,90,90,90,90,90,90,90,90,90,90,90,90,90,90,90,90,90,90,90,90,90,90],"card_choices":[{"not_picked":["Gash","JustLucky"],"picked":"Aggregate","floor":1.0},{"not_picked":["CrushJoints","Protect"],"picked":"Beam Cell","floor":3.0},{"not_picked":["Streamline","Ball Lightning"],"picked":"Steam","floor":5.0},{"not_picked":["Amplify","Beam Cell"],"picked":"Go for the Eyes","floor":7.0},{"not_picked":["Barrage","CrushJoints"],"picked":"Sweeping Beam","floor":11.0},{"not_picked":["Chaos","Protect"],"picked":"Go for the Eyes","floor":14.0},{"not_picked":["Buffer","SpiritShield"],"picked":"Biased Cognition","floor":16.0},{"not_picked":["Defragment","Genetic Algorithm"],"picked":"Loop","floor":18.0},{"not_picked":["Crescendo","Leap+1"],"picked":"Turbo+1","floor":20.0},{"not_picked":["Compile Driver","hubris:PowerSurge"],"picked":"White Noise+1","floor":23.0},{"not_picked":["Barrage+1","hubris:PowerSurge+1"],"picked":"Sunder","floor":25.0},{"not_picked":["Force Field","All For One"],"picked":"Double Energy+1","floor":31.0}],"player_experience":324259,"relics_obtained":[{"floor":23.0,"key":"Centennial Puzzle"},{"floor":26.0,"key":"infinitespire:Midas Blood"}],"event_choices":[{"cards_removed":["Aggregate"],"damage_healed":0.0,"max_hp_gain":0.0,"max_hp_loss":0.0,"gold_gain":0.0,"event_name":"WeMeetAgain","player_choice":"Gave Card","floor":4.0,"gold_loss":0.0,"damage_taken":0.0,"relics_obtained":["Dota2Spire:Mjollnir"]},{"damage_healed":0.0,"max_hp_gain":0.0,"max_hp_loss":0.0,"gold_gain":0.0,"event_name":"Accursed Blacksmith","player_choice":"Rummage","floor":22.0,"gold_loss":0.0,"damage_taken":0.0,"relics_obtained":["WarpedTongs"],"cards_obtained":["Pain"]},{"damage_healed":0.0,"max_hp_gain":0.0,"max_hp_loss":0.0,"gold_gain":106.0,"event_name":"betterSkull:BetterSkull","player_choice":"RE UP GO RE ","floor":27.0,"gold_loss":0.0,"damage_taken":72.0,"cards_upgraded":["Defend_B"],"relics_obtained":["Akabeko","infinitespire:Satchel"]},{"damage_healed":0.0,"max_hp_gain":0.0,"max_hp_loss":0.0,"gold_gain":0.0,"event_name":"N\u0027loth","player_choice":"Traded Relic","floor":29.0,"relics_lost":["WarpedTongs"],"gold_loss":0.0,"damage_taken":0.0,"relics_obtained":["Nloth\u0027s Gift"]}],"is_beta":false,"boss_relics":[{"not_picked":["aspiration:SilentSkillbook","Fusion Hammer"],"picked":"hubris:ScarierMask"}],"items_purged_floors":[2,13],"is_endless":false,"potions_floor_spawned":[1,5,7,18,31],"killed_by":"Champ","ascension_level":0}}