{"host":"oy4pyvr762z5n0bb","time":1608952980,"event":{"mods":["AchievementEnabler","BaseMod","Colored Map","Colored Powertips","Googly Eyes","Key Reminder","Minty Spire (QoL Compilation)","Quick Restart","Relic Sorter","StSLib","SuperFastMode","Unceasing Turn Reminder","slay the spire mod where everything is the same but ironclad has a cowboy hat"],"gold_per_floor":[112,112,124,399,60,93,104,4,31,51,51,70,30,46,46,147,147,128,128,128],"floor_reached":19,"playtime":522,"items_purged":["Regret","Strike_R"],"score":263,"play_id":"87130157-4cc9-4954-b7c5-33c546774584","local_time":"20201225192300","is_ascension_mode":true,"campfire_choices":[{"floor":11,"key":"REST"},{"data":"Flame Barrier","floor":15,"key":"SMITH"}],"circlet_count":0,"master_deck":["Strike_R+1","Strike_R+1","Strike_R","Strike_R","Defend_R","Defend_R","Defend_R","Defend_R","Bash","Armaments","Anger","Burning Pact","Magnetism","Armaments","Flex","Perfected Strike","Hemokinesis","Disarm","Cleave","Disarm","Flame Barrier+1","Exhume","Ghostly Armor+1"],"relics":["Burning Blood","Incense Burner","Red Skull","Whetstone","SlaversCollar"],"acts_visited":["Exordium","TheCity"],"potions_floor_usage":[10,16,16,18],"damage_taken":[{"damage":6,"enemies":"2 Louse","floor":1,"turns":3},{"damage":6,"enemies":"Cultist","floor":3,"turns":4},{"damage":48,"enemies":"Lagavulin","floor":6,"turns":10},{"damage":11,"enemies":"Jaw Worm","floor":7,"turns":4},{"damage":20,"enemies":"Gremlin Gang","floor":10,"turns":5},{"damage":7,"enemies":"2 Fungi Beasts","floor":12,"turns":3},{"damage":0,"enemies":"Large Slime","floor":14,"turns":4},{"damage":0,"enemies":"Hexaghost","floor":16,"turns":13},{"damage":17,"enemies":"2 Thieves","floor":18,"turns":4},{"damage":16,"enemies":"Spheric Guardian","floor":19,"turns":4}],"seed_played":"-1595615097150290775","potions_obtained":[{"floor":6,"key":"LiquidBronze"},{"floor":7,"key":"SkillPotion"},{"floor":12,"key":"Fire Potion"},{"floor":14,"key":"Weak Potion"},{"floor":16,"key":"FairyPotion"},{"floor":18,"key":"PowerPotion"}],"is_trial":false,"path_per_floor":["M","?","M","?","$","E","M","$","T","M","R","M","$","M","R","B",null,"M","M"],"character_chosen":"IRONCLAD","items_purchased":["Magnetism","Armaments","Flex","Disarm"],"campfire_rested":1,"item_purchase_floors":[5,5,5,13],"current_hp_per_floor":[72,72,72,72,72,30,25,25,25,11,32,31,31,37,37,43,72,61,45,45],"gold":128,"neow_bonus":"ONE_RARE_RELIC","is_daily":false,"chose_seed":false,"campfire_upgraded":1,"win_rate":0.0,"timestamp":1608952980,"path_taken":["M","?","?","?","$","E","M","$","T","?","R","M","$","M","R","BOSS","M","M"],"items_purchased_type":["Card","Card","Card","Card"],"build_version":"2020-12-22","purchased_purges":2,"victory":false,"max_hp_per_floor":[72,72,72,72,72,72,72,72,72,72,72,72,72,72,72,72,72,72,72,72],"card_choices":[{"not_picked":["Power Through","Clash"],"picked":"Armaments","floor":1},{"not_picked":["Warcry","Corruption"],"picked":"Burning Pact","floor":3},{"not_picked":["Clash","Brutality"],"picked":"Perfected Strike","floor":6},{"not_picked":["Sword Boomerang","Clothesline"],"picked":"Hemokinesis","floor":7},{"not_picked":["Uppercut","Body Slam"],"picked":"Disarm","floor":10},{"not_picked":["Clash","Body Slam"],"picked":"Cleave","floor":12},{"not_picked":["True Grit","Blood for Blood"],"picked":"Flame Barrier","floor":14},{"not_picked":["Limit Break","Bludgeon"],"picked":"Exhume","floor":16},{"not_picked":["Feel No Pain+1","Clash"],"picked":"Ghostly Armor+1","floor":18}],"player_experience":557833,"relics_obtained":[{"floor":6,"key":"Red Skull"},{"floor":9,"key":"Whetstone"}],"event_choices":[{"damage_healed":0,"gold_gain":0,"player_choice":"1 cards matched","damage_taken":0,"max_hp_gain":0,"max_hp_loss":0,"event_name":"Match and Keep!","floor":2,"gold_loss":0,"cards_obtained":["Anger"]},{"damage_healed":0,"gold_gain":275,"player_choice":"Desecrate","damage_taken":0,"max_hp_gain":0,"max_hp_loss":0,"event_name":"Golden Shrine","floor":4,"gold_loss":0,"cards_obtained":["Regret"]}],"is_beta":false,"boss_relics":[{"not_picked":["Runic Pyramid","Philosopher\u0027s Stone"],"picked":"SlaversCollar"}],"items_purged_floors":[5,8],"is_endless":false,"potions_floor_spawned":[6,7,12,14,16,18],"killed_by":"Spheric Guardian","ascension_level":4}}