{"host":"zm2copjc1o2b6hjv","time":1608942645,"event":{"mods":["AchievementEnabler","BaseMod","BetterRewards","Conspire","Downfall","Friendly Minions","Infinite Spire","Minty Spire (QoL Compilation)","Replay The Spire","StSLib"],"gold_per_floor":[118,18,18,18,18,72,72,72,148,148,148,162,188,225,225,248,248],"floor_reached":16,"playtime":548,"items_purged":[],"score":113,"play_id":"6d835f7d-bf66-4a04-a352-f07e317b5ca6","local_time":"20201225193045","is_ascension_mode":true,"campfire_choices":[{"floor":7,"key":"REST"},{"data":"Loop","floor":11,"key":"SMITH"},{"data":"champ:StanceDance","floor":15,"key":"SMITH"}],"circlet_count":0,"master_deck":["Strike_B","Strike_B","Strike_B","Strike_B","Defend_B","Defend_B","Defend_B","Defend_B","Zap","Dualcast","Loop+1","sneckomod:UnknownCommonSkill","conspire:SpireCoStock","conspire:SpireCoStock","Voices","Force Field","champ:StanceDance+1"],"relics":["Cracked Core","Gambling Chip","PrismaticShard","Orichalcum","ReplayTheSpireMod:Ring of Challenge","Ring of Peace","Bird Faced Urn","Mercury Hourglass","Ornamental Fan"],"acts_visited":["Exordium"],"potions_floor_usage":[16,16],"damage_taken":[{"damage":2,"enemies":"Jaw Worm","floor":1,"turns":4},{"damage":26,"enemies":"Gremlin Nob","floor":6,"turns":5},{"damage":0,"enemies":"2 Louse","floor":12,"turns":2},{"damage":0,"enemies":"Small Slimes","floor":13,"turns":3},{"damage":0,"enemies":"Blue Slaver","floor":14,"turns":4},{"damage":60,"enemies":"Slime Boss","floor":16,"turns":10}],"seed_played":"-4638649991921627776","potions_obtained":[{"floor":1,"key":"Swift Potion"},{"floor":14,"key":"Strength Potion"}],"is_trial":false,"path_per_floor":["M","?","?","$","?","E","R","$","T","T","R","M","M","M","R","B"],"character_chosen":"DEFECT","items_purchased":["Gambling Chip","Loop","PrismaticShard"],"campfire_rested":1,"item_purchase_floors":[0,0,0],"current_hp_per_floor":[73,73,73,73,73,47,69,69,69,69,69,69,71,73,73,15,15],"gold":248,"neow_bonus":"","is_daily":false,"chose_seed":false,"campfire_upgraded":2,"win_rate":0.0,"timestamp":1608942645,"path_taken":["M","?","?","$","?","E","R","?","T","?","R","M","?","M","R","BOSS"],"items_purchased_type":["Relic","Card","Relic"],"build_version":"2020-12-22","purchased_purges":0,"victory":false,"max_hp_per_floor":[75,75,75,75,75,75,75,75,75,75,75,75,75,75,75,75,75],"card_choices":[{"not_picked":["Consecrate","Ball Lightning"],"picked":"sneckomod:UnknownCommonSkill","floor":1},{"not_picked":["Sword Boomerang","champ:PerfectedStrike"],"picked":"Force Field","floor":6},{"not_picked":["Perfected Strike","Underhanded Strike"],"picked":"champ:StanceDance","floor":12},{"not_picked":["Dodge and Roll","Slimebound:LeechingTouch","champ:Circumvent"],"picked":"SKIP","floor":13},{"not_picked":["Slimebound:TagTeam","champ:GladiatorsShout","Slimebound:LeechEnergy"],"picked":"SKIP","floor":14}],"player_experience":185403,"relics_obtained":[{"floor":3,"key":"Orichalcum"},{"floor":5,"key":"ReplayTheSpireMod:Ring of Challenge"},{"floor":5,"key":"Ring of Peace"},{"floor":6,"key":"Bird Faced Urn"},{"floor":9,"key":"Mercury Hourglass"},{"floor":10,"key":"Ornamental Fan"}],"event_choices":[{"damage_healed":0,"gold_gain":0,"player_choice":"Invest 2","damage_taken":0,"max_hp_gain":0,"max_hp_loss":0,"event_name":"conspire:Investor","floor":2,"gold_loss":0}],"is_beta":false,"boss_relics":[],"items_purged_floors":[],"is_endless":false,"potions_floor_spawned":[1,14],"killed_by":"Slime Boss","ascension_level":3}}