{"host":"m0l7iybr7y7a2mwh","time":1608964353,"event":{"mods":["AchievementEnabler","AlwaysNeverKeys","BaseMod","Block Reminder","Colored Map","Colored Powertips","Highlight Path","Minty Spire (QoL Compilation)","Permanent Neow","Quick Restart","StSLib"],"gold_per_floor":[119,119,119,138,158,193,193,193,193,218,228,228,242,259,259,355,355,367,367,384,299,299,333,333,362,362,362,287,287,316,256,256,354,354,367,383,398,409,421,421,421,421],"floor_reached":41,"playtime":1434,"items_purged":["Defend_B"],"score":509,"play_id":"747e83fa-ee2f-4f54-96b7-4041522695d5","local_time":"20201226173233","is_ascension_mode":true,"campfire_choices":[{"floor":8.0,"key":"REST"},{"floor":12.0,"key":"REST"},{"floor":15.0,"key":"REST"},{"floor":24.0,"key":"REST"},{"floor":27.0,"key":"REST"},{"floor":32.0,"key":"REST"},{"floor":40,"key":"REST"}],"circlet_count":0,"master_deck":["Defend_B+1","Zap","Dualcast+1","Apotheosis","Doom and Gloom","Static Discharge","Rebound","Static Discharge+1","Gash","All For One","Go for the Eyes+1","Bite","Bite","Bite","Bite","Bite","Loop+1","Necronomicurse","Gash","Go for the Eyes+1","Beam Cell+1","Chaos","Doom and Gloom+1","Go for the Eyes","Darkness+1"],"relics":["Cracked Core","Prayer Wheel","Frozen Egg 2","Fusion Hammer","Dream Catcher","Necronomicon","Ornamental Fan","Vajra","War Paint","The Courier","Kunai","Busted Crown"],"acts_visited":["Exordium","TheCity","TheBeyond"],"potions_floor_usage":[41],"damage_taken":[{"damage":1.0,"enemies":"Jaw Worm","floor":1.0,"turns":4.0},{"damage":7.0,"enemies":"2 Louse","floor":4.0,"turns":2.0},{"damage":0.0,"enemies":"Cultist","floor":5.0,"turns":3.0},{"damage":12.0,"enemies":"Lagavulin","floor":6.0,"turns":7.0},{"damage":30.0,"enemies":"Gremlin Nob","floor":10.0,"turns":3.0},{"damage":7.0,"enemies":"2 Fungi Beasts","floor":11.0,"turns":2.0},{"damage":9.0,"enemies":"Blue Slaver","floor":13.0,"turns":3.0},{"damage":0.0,"enemies":"3 Louse","floor":14.0,"turns":2.0},{"damage":37.0,"enemies":"The Guardian","floor":16.0,"turns":8.0},{"damage":7.0,"enemies":"Chosen","floor":18.0,"turns":3.0},{"damage":29.0,"enemies":"3 Byrds","floor":20.0,"turns":4.0},{"damage":23.0,"enemies":"Gremlin Leader","floor":23.0,"turns":5.0},{"damage":36.0,"enemies":"Slavers","floor":25.0,"turns":4.0},{"damage":29.0,"enemies":"Gremlin Leader","floor":30.0,"turns":3.0},{"damage":24.0,"enemies":"Champ","floor":33.0,"turns":7.0},{"damage":13.0,"enemies":"3 Shapes","floor":35.0,"turns":3.0},{"damage":24.0,"enemies":"Orb Walker","floor":36.0,"turns":3.0},{"damage":40.0,"enemies":"Spire Growth","floor":37.0,"turns":4.0},{"damage":22.0,"enemies":"Sphere and 2 Shapes","floor":38.0,"turns":3.0},{"damage":6.0,"enemies":"Maw","floor":39.0,"turns":4.0},{"damage":4,"enemies":"3 Darklings","floor":41,"turns":2}],"seed_played":"-2321601547604379728","potions_obtained":[{"floor":6.0,"key":"FearPotion"},{"floor":10.0,"key":"ColorlessPotion"},{"floor":11.0,"key":"LiquidMemories"},{"floor":23.0,"key":"AttackPotion"},{"floor":25.0,"key":"DuplicationPotion"},{"floor":33.0,"key":"Energy Potion"},{"floor":39.0,"key":"Block Potion"}],"is_trial":false,"path_per_floor":["M","?","?","M","M","E","?","R","T","E","M","R","M","M","R","B",null,"M","?","M","?","?","E","R","E","T","R","?","T","E","$","R","B",null,"M","M","M","M","M","R","M"],"character_chosen":"DEFECT","items_purchased":[],"campfire_rested":7,"item_purchase_floors":[],"current_hp_per_floor":[53,53,46,39,39,27,27,49,49,19,14,36,29,31,53,18,75,68,68,53,53,37,28,50,18,18,40,40,40,15,15,37,36,75,65,47,17,4,4,26,28,28],"gold":421,"neow_bonus":"RANDOM_COLORLESS_2","is_daily":false,"chose_seed":false,"campfire_upgraded":0,"win_rate":0.0,"timestamp":1608964353,"path_taken":["M","?","?","M","M","E","?","R","T","E","?","R","M","M","R","BOSS","M","?","M","?","?","E","R","E","T","R","?","?","E","$","R","BOSS","M","M","M","M","M","R","M"],"items_purchased_type":[],"build_version":"2020-12-22","purchased_purges":1,"victory":false,"max_hp_per_floor":[75,75,75,75,75,75,75,75,75,75,75,75,75,75,75,75,75,75,75,75,75,75,75,75,75,75,75,75,75,75,75,75,75,75,75,75,75,75,75,75,75,75],"card_choices":[{"not_picked":["Secret Weapon","Metamorphosis"],"picked":"Apotheosis","floor":0.0},{"not_picked":["Steam","Consume"],"picked":"Doom and Gloom","floor":1.0},{"not_picked":["Aggregate","Undo","Stack"],"picked":"SKIP","floor":4.0},{"not_picked":["Barrage","Go for the Eyes","Blizzard"],"picked":"SKIP","floor":5.0},{"not_picked":["Gash","Cold Snap"],"picked":"Static Discharge","floor":6.0},{"not_picked":["Stack","Consume"],"picked":"Rebound","floor":10.0},{"not_picked":["Ball Lightning","Glacier"],"picked":"Static Discharge+1","floor":11.0},{"not_picked":["Conserve Battery","Reinforced Body","Go for the Eyes"],"picked":"SKIP","floor":11.0},{"not_picked":["BootSequence","Barrage"],"picked":"Gash","floor":13.0},{"not_picked":["Genetic Algorithm","Beam Cell","BootSequence"],"picked":"SKIP","floor":13.0},{"not_picked":["Reprogram","Multi-Cast","Redo"],"picked":"SKIP","floor":14.0},{"not_picked":["Cold Snap","Stack","Heatsinks+1"],"picked":"SKIP","floor":14.0},{"not_picked":["Hyperbeam","Reboot"],"picked":"All For One","floor":16.0},{"not_picked":["Steam Power","Redo+1"],"picked":"Go for the Eyes+1","floor":18.0},{"not_picked":["Rebound","Cold Snap","Steam"],"picked":"SKIP","floor":18.0},{"not_picked":["Leap+1","Streamline+1"],"picked":"Loop+1","floor":20.0},{"not_picked":["Conserve Battery+1","Barrage+1","Cold Snap"],"picked":"SKIP","floor":20.0},{"not_picked":["Stack+1","Hyperbeam","Chill"],"picked":"SKIP","floor":23.0},{"not_picked":["Genetic Algorithm","Hello World+1","Sweeping Beam+1"],"picked":"SKIP","floor":25.0},{"not_picked":["Hello World+1","Turbo"],"picked":"Gash","floor":27.0},{"not_picked":["Hello World+1","Cold Snap","Steam"],"picked":"SKIP","floor":30.0},{"not_picked":[],"picked":"Go for the Eyes+1","floor":35.0},{"not_picked":["Stack+1"],"picked":"SKIP","floor":35.0},{"not_picked":[],"picked":"Beam Cell+1","floor":36.0},{"not_picked":["Steam Power+1"],"picked":"SKIP","floor":36.0},{"not_picked":["Cold Snap+1"],"picked":"SKIP","floor":37.0},{"not_picked":["Rebound+1"],"picked":"SKIP","floor":37.0},{"not_picked":[],"picked":"Chaos","floor":38.0},{"not_picked":["Hello World+1"],"picked":"SKIP","floor":38.0},{"not_picked":[],"picked":"Doom and Gloom+1","floor":39.0},{"not_picked":[],"picked":"Go for the Eyes","floor":39.0},{"not_picked":[],"picked":"Darkness+1","floor":40}],"player_experience":95213,"relics_obtained":[{"floor":6.0,"key":"Prayer Wheel"},{"floor":9.0,"key":"Frozen Egg 2"},{"floor":10.0,"key":"Blood Vial"},{"floor":22.0,"key":"Necronomicon"},{"floor":23.0,"key":"Ornamental Fan"},{"floor":25.0,"key":"Vajra"},{"floor":26.0,"key":"War Paint"},{"floor":29.0,"key":"The Courier"},{"floor":30.0,"key":"Kunai"}],"event_choices":[{"cards_removed":["Strike_B"],"damage_healed":0.0,"max_hp_gain":0.0,"max_hp_loss":0.0,"gold_gain":0.0,"event_name":"Living Wall","player_choice":"Forget","floor":2.0,"gold_loss":0.0,"damage_taken":0.0},{"cards_removed":["Defend_B"],"damage_healed":0.0,"max_hp_gain":0.0,"max_hp_loss":0.0,"gold_gain":0.0,"event_name":"Golden Wing","player_choice":"Card Removal","floor":3.0,"gold_loss":0.0,"damage_taken":7.0},{"damage_healed":0.0,"max_hp_gain":0.0,"max_hp_loss":0.0,"gold_gain":0.0,"event_name":"The Woman in Blue","player_choice":"Bought 0 Potions","floor":7.0,"gold_loss":0.0,"damage_taken":0.0},{"damage_healed":0.0,"max_hp_gain":0.0,"max_hp_loss":0.0,"gold_gain":0.0,"event_name":"Vampires","player_choice":"Became a vampire (Vial)","floor":19.0,"relics_lost":["Blood Vial"],"gold_loss":0.0,"damage_taken":0.0,"cards_obtained":["Bite","Bite","Bite","Bite","Bite"]},{"damage_healed":0.0,"max_hp_gain":0.0,"max_hp_loss":0.0,"gold_gain":0.0,"event_name":"Addict","player_choice":"Obtained Relic","floor":21.0,"gold_loss":85.0,"damage_taken":0.0,"relics_obtained":["Dream Catcher"]},{"damage_healed":0.0,"max_hp_gain":0.0,"max_hp_loss":0.0,"gold_gain":0.0,"event_name":"Cursed Tome","player_choice":"Obtained Book","floor":22.0,"gold_loss":0.0,"damage_taken":16.0},{"cards_removed":["Defend_B"],"damage_healed":0.0,"max_hp_gain":0.0,"max_hp_loss":0.0,"gold_gain":0.0,"event_name":"Beggar","player_choice":"Gave Gold","floor":28.0,"gold_loss":75.0,"damage_taken":0.0}],"is_beta":false,"boss_relics":[{"not_picked":["FrozenCore","Philosopher\u0027s Stone"],"picked":"Fusion Hammer"},{"not_picked":["Black Star","Pandora\u0027s Box"],"picked":"Busted Crown"}],"items_purged_floors":[31],"is_endless":false,"potions_floor_spawned":[6,10,11,13,23,25,33,37,38,39],"killed_by":"3 Darklings","ascension_level":1}}