{"host":"x1qj4d8ympd5jdqh","time":1608986771,"event":{"mods":["AchievementEnabler","AlwaysNeverKeys","BaseMod","Colored Map","Custom Start","DeckTracker","Highlight Path","Minty Spire (QoL Compilation)","StSLib","SuperFastMode"],"gold_per_floor":[116,128,144,154,168,168,203,203,203,214,83,83,83,109,109,109,109],"floor_reached":16,"playtime":416,"items_purged":["Strike_R"],"score":224,"play_id":"a1b999d4-be51-4dd0-bd41-88dd3d8d2d5a","local_time":"20201226214611","is_ascension_mode":true,"campfire_choices":[{"data":"Uppercut","floor":6,"key":"SMITH"},{"data":"Wild Strike","floor":8,"key":"SMITH"},{"floor":12,"key":"REST"},{"floor":15,"key":"REST"}],"circlet_count":0,"master_deck":["AscendersBane","Strike_R","Strike_R","Strike_R","Defend_R","Defend_R","Defend_R","Defend_R","Bash","Dual Wield","Wild Strike+1","Uppercut+1","Ghostly Armor","Power Through","Feed"],"relics":["Burning Blood","Singing Bowl","Smiling Mask","Pen Nib"],"acts_visited":["Exordium"],"potions_floor_usage":[7,14,16],"damage_taken":[{"damage":2,"enemies":"2 Louse","floor":1,"turns":3},{"damage":8,"enemies":"Small Slimes","floor":2,"turns":4},{"damage":12,"enemies":"Jaw Worm","floor":3,"turns":3},{"damage":5,"enemies":"2 Fungi Beasts","floor":4,"turns":4},{"damage":22,"enemies":"Blue Slaver","floor":5,"turns":4},{"damage":30,"enemies":"Lagavulin","floor":7,"turns":6},{"damage":9,"enemies":"Looter","floor":10,"turns":3},{"damage":30,"enemies":"Gremlin Nob","floor":14,"turns":4},{"damage":39,"enemies":"The Guardian","floor":16,"turns":15}],"seed_played":"2267077164612678962","potions_obtained":[{"floor":1,"key":"Explosive Potion"},{"floor":5,"key":"SpeedPotion"},{"floor":7,"key":"Energy Potion"}],"is_trial":false,"path_per_floor":["M","M","M","M","M","R","E","R","T","M","$","R","?","E","R","B"],"character_chosen":"IRONCLAD","items_purchased":["Power Through"],"campfire_rested":2,"item_purchase_floors":[11],"current_hp_per_floor":[72,70,64,65,49,49,27,27,27,24,24,47,47,23,46,7,7],"gold":109,"neow_bonus":"TRANSFORM_CARD","is_daily":false,"chose_seed":false,"campfire_upgraded":2,"win_rate":0.0,"timestamp":1608986771,"path_taken":["M","M","M","M","M","R","E","R","T","M","$","R","?","E","R","BOSS"],"items_purchased_type":["Card"],"build_version":"2020-12-22","purchased_purges":1,"victory":false,"max_hp_per_floor":[75,75,75,75,75,75,77,77,77,77,77,77,77,77,77,77,77],"card_choices":[{"not_picked":["Seeing Red","Twin Strike"],"picked":"Wild Strike","floor":1},{"not_picked":["Burning Pact","Metallicize"],"picked":"Uppercut","floor":2},{"not_picked":["Warcry","Heavy Blade","Uppercut"],"picked":"SKIP","floor":3},{"not_picked":["Havoc","Warcry","Flex"],"picked":"SKIP","floor":4},{"not_picked":["Carnage","Anger","Reckless Charge"],"picked":"SKIP","floor":5},{"not_picked":["Uppercut","Cleave","Headbutt"],"picked":"Singing Bowl","floor":7},{"not_picked":["Wild Strike","Flex"],"picked":"Ghostly Armor","floor":10},{"not_picked":["Iron Wave","True Grit"],"picked":"Feed","floor":14}],"player_experience":1274818,"relics_obtained":[{"floor":7,"key":"Singing Bowl"},{"floor":9,"key":"Smiling Mask"},{"floor":14,"key":"Pen Nib"}],"event_choices":[{"damage_healed":0,"gold_gain":0,"player_choice":"Ignored","damage_taken":0,"max_hp_gain":0,"max_hp_loss":0,"event_name":"Liars Game","floor":13,"gold_loss":0}],"is_beta":false,"boss_relics":[],"items_purged_floors":[11],"is_endless":false,"potions_floor_spawned":[1,5,7],"killed_by":"The Guardian","ascension_level":20}}