{"host":"nj4msrt0z6tj4wtb","time":1608991145,"event":{"mods":["AchievementEnabler","BaseMod","Colored Map","Colored Powertips","DeckTracker","Highlight Path","Minty Spire (QoL Compilation)","Quick Restart","Random Character Button","StSLib","SuperFastMode"],"gold_per_floor":[117,132,207,207,225,225,251,267,290,313,344,357,383,128,128,226,226,242,252,152,166,166,195,47,80,80,80,96,96,121,140,140,242,242,259,269,269,284,284,309,329,329,329],"floor_reached":42,"playtime":1934,"items_purged":["Strike_R","Strike_R"],"score":636,"play_id":"5e9f2795-1cc5-4fb0-8edc-30745669462a","local_time":"20201226225905","is_ascension_mode":true,"campfire_choices":[{"data":"Inflame","floor":6.0,"key":"SMITH"},{"data":"Bash","floor":15.0,"key":"SMITH"},{"data":"Berserk","floor":29,"key":"SMITH"},{"floor":32,"key":"REST"}],"circlet_count":0,"master_deck":["Defend_R","Defend_R","Defend_R","Defend_R","Bash+1","Shrug It Off","Inflame+1","Perfected Strike","Power Through","Whirlwind","Thunderclap","Battle Trance","Spot Weakness","Berserk+1","Reckless Charge","Pommel Strike","Bite","Bite","Bite","Bite","Bite","Inflame","Flame Barrier","Battle Trance+1","Fiend Fire","Entrench+1","Shrug It Off+1","Barricade"],"relics":["Burning Blood","Happy Flower","Tiny Chest","Anchor","Pocketwatch","Sling","Sozu","Toy Ornithopter","ClockworkSouvenir","Strawberry","Kunai","StoneCalendar","Black Star","MealTicket","Omamori"],"acts_visited":["Exordium","TheCity","TheBeyond"],"potions_floor_usage":[],"damage_taken":[{"damage":12.0,"enemies":"Jaw Worm","floor":1.0,"turns":2.0},{"damage":0.0,"enemies":"2 Louse","floor":2.0,"turns":3.0},{"damage":5.0,"enemies":"Cultist","floor":5.0,"turns":5.0},{"damage":36.0,"enemies":"Lagavulin","floor":7.0,"turns":6.0},{"damage":2.0,"enemies":"3 Louse","floor":8.0,"turns":4.0},{"damage":1.0,"enemies":"Gremlin Nob","floor":11.0,"turns":3.0},{"damage":0.0,"enemies":"Large Slime","floor":12.0,"turns":4.0},{"damage":10.0,"enemies":"3 Sentries","floor":13.0,"turns":5.0},{"damage":27.0,"enemies":"The Guardian","floor":16.0,"turns":9.0},{"damage":2.0,"enemies":"Chosen","floor":18.0,"turns":3.0},{"damage":32.0,"enemies":"Shell Parasite","floor":19.0,"turns":4.0},{"damage":29.0,"enemies":"3 Cultists","floor":21.0,"turns":4.0},{"damage":10.0,"enemies":"Gremlin Leader","floor":23.0,"turns":5.0},{"damage":29.0,"enemies":"Book of Stabbing","floor":25.0,"turns":4.0},{"damage":28,"enemies":"Shelled Parasite and Fungi","floor":28,"turns":7},{"damage":0,"enemies":"Gremlin Leader","floor":30,"turns":4},{"damage":22,"enemies":"Snecko","floor":31,"turns":5},{"damage":70,"enemies":"Champ","floor":33,"turns":8},{"damage":1,"enemies":"Orb Walker","floor":35,"turns":2},{"damage":0,"enemies":"3 Shapes","floor":36,"turns":6},{"damage":66,"enemies":"Spire Growth","floor":38,"turns":5},{"damage":37,"enemies":"Reptomancer","floor":40,"turns":7},{"damage":20,"enemies":"3 Darklings","floor":41,"turns":5},{"damage":36,"enemies":"Transient","floor":42,"turns":4}],"seed_played":"4698150786537222460","potions_obtained":[{"floor":5.0,"key":"Explosive Potion"},{"floor":7.0,"key":"SteroidPotion"},{"floor":8.0,"key":"Fire Potion"},{"floor":11.0,"key":"AttackPotion"},{"floor":12.0,"key":"LiquidMemories"},{"floor":16.0,"key":"GamblersBrew"}],"is_trial":false,"path_per_floor":["M","M","?","?","M","R","E","M","T","T","E","M","E","$","R","B",null,"M","M","$","M","?","E","$","E","T","?","M","R","E","M","R","B",null,"M","M","?","M","T","E","M","M"],"character_chosen":"IRONCLAD","items_purchased":["Spot Weakness","Sling","ClockworkSouvenir"],"campfire_rested":1,"item_purchase_floors":[14,14,24],"current_hp_per_floor":[66,72,61,54,55,55,25,31,31,31,38,46,44,44,44,25,96,96,70,70,49,49,59,59,55,55,55,51,51,65,55,85,39,103,103,103,103,47,47,28,20,0,0],"gold":329,"neow_bonus":"TWENTY_PERCENT_HP_BONUS","is_daily":false,"chose_seed":false,"campfire_upgraded":3,"win_rate":0.0,"timestamp":1608991145,"path_taken":["M","M","?","?","?","R","E","M","T","?","E","M","E","$","R","BOSS","M","M","$","M","?","E","$","E","T","?","M","R","E","M","R","BOSS","M","M","?","M","?","E","M","M"],"items_purchased_type":["Card","Relic","Relic"],"build_version":"2020-12-22","purchased_purges":2,"victory":false,"max_hp_per_floor":[96,96,96,96,96,96,96,96,96,96,96,96,96,96,96,96,96,96,96,96,96,96,96,96,103,103,103,103,103,103,103,103,103,103,103,103,103,103,103,103,103,103,103],"card_choices":[{"not_picked":["Flex","Body Slam"],"picked":"Shrug It Off","floor":1.0},{"not_picked":["Sentinel","Armaments"],"picked":"Inflame","floor":2.0},{"not_picked":["Heavy Blade","Hemokinesis"],"picked":"Perfected Strike","floor":5.0},{"not_picked":["Havoc","Clash"],"picked":"Power Through","floor":7.0},{"not_picked":["Sentinel","Heavy Blade"],"picked":"Whirlwind","floor":8.0},{"not_picked":["Demon Form","Dual Wield"],"picked":"Thunderclap","floor":11.0},{"not_picked":["Carnage","Dropkick"],"picked":"Battle Trance","floor":12.0},{"not_picked":["Pummel","Rage"],"picked":"Wild Strike","floor":13.0},{"not_picked":["Exhume","Limit Break"],"picked":"Berserk","floor":16.0},{"not_picked":["Combust","Battle Trance"],"picked":"Reckless Charge","floor":18.0},{"not_picked":["Wild Strike","Rupture"],"picked":"Pommel Strike","floor":19.0},{"not_picked":["Wild Strike","Iron Wave","Sever Soul+1"],"picked":"SKIP","floor":21.0},{"not_picked":["Wild Strike","Iron Wave","Sever Soul+1"],"picked":"SKIP","floor":21.0},{"not_picked":["Heavy Blade","Reckless Charge"],"picked":"Inflame","floor":23.0},{"not_picked":["Pummel","Anger"],"picked":"Flame Barrier","floor":25.0},{"not_picked":["Battle Trance","Infernal Blade","Headbutt"],"picked":"SKIP","floor":28},{"not_picked":["Infernal Blade","Metallicize+1"],"picked":"Battle Trance+1","floor":30},{"not_picked":["Armaments","Impervious","Perfected Strike"],"picked":"SKIP","floor":31},{"not_picked":["Juggernaut","Exhume"],"picked":"Fiend Fire","floor":33},{"not_picked":["Pummel+1","Wild Strike+1"],"picked":"Entrench+1","floor":35},{"not_picked":["Iron Wave","Armaments"],"picked":"Shrug It Off+1","floor":36},{"not_picked":["Perfected Strike","Anger","Sword Boomerang"],"picked":"SKIP","floor":38},{"not_picked":["Anger+1","Battle Trance","Headbutt+1"],"picked":"SKIP","floor":40},{"not_picked":["Shockwave+1","Uppercut"],"picked":"Barricade","floor":41}],"player_experience":623423,"relics_obtained":[{"floor":7.0,"key":"Blood Vial"},{"floor":9.0,"key":"Happy Flower"},{"floor":10.0,"key":"Tiny Chest"},{"floor":11.0,"key":"Anchor"},{"floor":13.0,"key":"Pocketwatch"},{"floor":23.0,"key":"Toy Ornithopter"},{"floor":25.0,"key":"Strawberry"},{"floor":26.0,"key":"Kunai"},{"floor":30,"key":"StoneCalendar"},{"floor":40,"key":"MealTicket"},{"floor":40,"key":"Omamori"}],"event_choices":[{"damage_healed":0.0,"max_hp_gain":0.0,"max_hp_loss":0.0,"gold_gain":75.0,"event_name":"World of Goop","player_choice":"Gather Gold","floor":3.0,"gold_loss":0.0,"damage_taken":11.0},{"cards_removed":["Strike_R"],"damage_healed":0.0,"max_hp_gain":0.0,"max_hp_loss":0.0,"gold_gain":0.0,"event_name":"Golden Wing","player_choice":"Card Removal","floor":4.0,"gold_loss":0.0,"damage_taken":7.0},{"damage_healed":0.0,"max_hp_gain":0.0,"max_hp_loss":0.0,"gold_gain":0.0,"event_name":"Vampires","player_choice":"Became a vampire (Vial)","floor":22.0,"relics_lost":["Blood Vial"],"gold_loss":0.0,"damage_taken":0.0,"cards_obtained":["Bite","Bite","Bite","Bite","Bite"]},{"cards_removed":["Wild Strike"],"damage_healed":0.0,"max_hp_gain":0.0,"max_hp_loss":0.0,"gold_gain":0.0,"event_name":"Back to Basics","player_choice":"Elegance","floor":27.0,"gold_loss":0.0,"damage_taken":0.0},{"damage_healed":0,"gold_gain":0,"player_choice":"Got Potions","damage_taken":0,"max_hp_gain":0,"max_hp_loss":0,"event_name":"Lab","floor":37,"gold_loss":0}],"is_beta":false,"boss_relics":[{"not_picked":["Pandora\u0027s Box","Runic Pyramid"],"picked":"Sozu"},{"not_picked":["Velvet Choker","Cursed Key"],"picked":"Black Star"}],"items_purged_floors":[14,20],"is_endless":false,"potions_floor_spawned":[5,7,8,11,12,16,21,25,30,31,36,41],"killed_by":"Transient","ascension_level":2}}