{"host":"4ag909k4xupnj24b","time":1608989215,"event":{"mods":["BaseMod","Minty Spire (QoL Compilation)","StSLib"],"gold_per_floor":[109,123,135,5,22,22,38,38,338,372,387,7,7,7,7,102,102,116,116,116,126,51,78,97,97,142,172,185,185,195,212,212,310,310,329,173,185,205,225,225,235,235,259,259,259,259,259,274,274,274,274],"floor_reached":50,"playtime":2839,"items_purged":["Meditate"],"score":842,"play_id":"94612a68-c556-4d8d-9b06-eb6eca0654a3","local_time":"20201226052655","is_ascension_mode":true,"campfire_choices":[{"data":"Judgement","floor":6.0,"key":"SMITH"},{"floor":8.0,"key":"REST"},{"floor":15.0,"key":"REST"},{"floor":25.0,"key":"REST"},{"floor":29.0,"key":"REST"},{"data":"TalkToTheHand","floor":32,"key":"SMITH"},{"data":"MentalFortress","floor":40,"key":"SMITH"},{"data":"Apotheosis","floor":42,"key":"SMITH"},{"data":"WindmillStrike","floor":45,"key":"SMITH"},{"data":"Tantrum","floor":49,"key":"SMITH"}],"circlet_count":0,"master_deck":["AscendersBane","Eruption","Vigilance","MentalFortress+1","CarveReality","Judgement+1","Perseverance+1","Swivel","TalkToTheHand+1","Tantrum+1","Protect","BowlingBash","Consecrate","Meditate","Establishment","Apotheosis+1","FollowUp","SpiritShield","Wallop+1","Perseverance+1","Scrawl+1","FollowUp","WindmillStrike+1","MasterReality","CurseOfTheBell","Metamorphosis"],"relics":["Pandora\u0027s Box","Old Coin","Mummified Hand","Tiny Chest","Incense Burner","Astrolabe","Meat on the Bone","Ginger","Lantern","MealTicket","Calling Bell","PreservedInsect","Eternal Feather","Turnip","Pen Nib","Orichalcum","Bag of Preparation"],"acts_visited":["Exordium","TheCity","TheBeyond"],"potions_floor_usage":[33,41,50],"damage_taken":[{"damage":0.0,"enemies":"Cultist","floor":1.0,"turns":2.0},{"damage":0.0,"enemies":"Small Slimes","floor":2.0,"turns":3.0},{"damage":3.0,"enemies":"2 Louse","floor":3.0,"turns":3.0},{"damage":16.0,"enemies":"Lots of Slimes","floor":5.0,"turns":3.0},{"damage":11.0,"enemies":"Looter","floor":7.0,"turns":2.0},{"damage":0.0,"enemies":"Gremlin Nob","floor":10.0,"turns":2.0},{"damage":23.0,"enemies":"3 Louse","floor":11.0,"turns":3.0},{"damage":15.0,"enemies":"The Guardian","floor":16.0,"turns":4.0},{"damage":12.0,"enemies":"Chosen","floor":18.0,"turns":3.0},{"damage":0.0,"enemies":"Spheric Guardian","floor":21.0,"turns":1.0},{"damage":20.0,"enemies":"Book of Stabbing","floor":23.0,"turns":6.0},{"damage":10.0,"enemies":"Chosen and Byrds","floor":24.0,"turns":4.0},{"damage":4.0,"enemies":"Slavers","floor":27.0,"turns":3.0},{"damage":39.0,"enemies":"Snake Plant","floor":28.0,"turns":6.0},{"damage":14.0,"enemies":"Centurion and Healer","floor":30.0,"turns":4.0},{"damage":3,"enemies":"Chosen and Byrds","floor":31,"turns":6},{"damage":0,"enemies":"Automaton","floor":33,"turns":8},{"damage":1,"enemies":"3 Shapes","floor":35,"turns":5},{"damage":15,"enemies":"Orb Walker","floor":37,"turns":5},{"damage":19,"enemies":"4 Shapes","floor":38,"turns":4},{"damage":3,"enemies":"Maw","floor":39,"turns":8},{"damage":8,"enemies":"Jaw Worm Horde","floor":41,"turns":4},{"damage":1,"enemies":"Writhing Mass","floor":48,"turns":7},{"damage":76,"enemies":"Awakened One","floor":50,"turns":4}],"seed_played":"1550788708293197371","potions_obtained":[{"floor":3.0,"key":"SpeedPotion"},{"floor":7.0,"key":"Energy Potion"},{"floor":10.0,"key":"BlessingOfTheForge"},{"floor":11.0,"key":"Weak Potion"},{"floor":21.0,"key":"Fire Potion"},{"floor":27.0,"key":"Fire Potion"},{"floor":31,"key":"ColorlessPotion"},{"floor":33,"key":"Strength Potion"},{"floor":39,"key":"StancePotion"},{"floor":41,"key":"EssenceOfSteel"},{"floor":48,"key":"StancePotion"}],"is_trial":false,"path_per_floor":["M","M","M","$","M","R","M","R","T","E","M","$","T","?","R","B",null,"M","?","T","M","$","E","M","R","T","E","M","R","M","M","R","B",null,"M","$","M","M","M","R","M","R","T","?","R","?","T","M","R","B"],"character_chosen":"WATCHER","items_purchased":["BattleHymn","Protect","Apotheosis","Tiny Chest","FollowUp","Pen Nib"],"campfire_rested":4,"item_purchase_floors":[4,4,12,12,12,36],"current_hp_per_floor":[65,65,62,62,46,46,35,56,56,56,33,33,33,19,40,25,60,48,48,48,48,48,40,42,63,63,59,32,53,39,48,48,48,66,65,72,57,38,47,62,54,69,69,69,72,72,72,71,72,0,0],"gold":274,"neow_bonus":"BOSS_RELIC","is_daily":false,"chose_seed":false,"campfire_upgraded":6,"win_rate":0.0,"timestamp":1608989215,"path_taken":["M","M","M","$","?","R","M","R","T","E","M","?","?","?","R","BOSS","M","?","?","M","$","E","?","R","T","E","M","R","M","M","R","BOSS","M","$","M","M","M","R","M","R","T","?","R","?","?","?","R","BOSS"],"items_purchased_type":["Card","Card","Card","Relic","Card","Relic"],"build_version":"2020-12-22","purchased_purges":1,"victory":false,"max_hp_per_floor":[72,72,72,72,72,72,72,72,72,72,72,72,72,72,72,72,72,72,72,72,72,72,72,72,72,72,72,72,72,72,72,72,72,72,72,72,72,72,72,72,72,72,72,72,72,72,72,72,72,72,72],"card_choices":[{"not_picked":["FollowUp","Weave"],"picked":"TalkToTheHand","floor":1.0},{"not_picked":["Prostrate","Evaluate"],"picked":"CrushJoints","floor":2.0},{"not_picked":["Worship","WheelKick"],"picked":"Tantrum","floor":3.0},{"not_picked":["Halt","Brilliance"],"picked":"BowlingBash","floor":5.0},{"not_picked":["Crescendo","CrushJoints"],"picked":"Consecrate","floor":7.0},{"not_picked":["ThirdEye","EmptyFist"],"picked":"Meditate","floor":10.0},{"not_picked":["CrushJoints","WaveOfTheHand"],"picked":"Establishment","floor":11.0},{"not_picked":["Blasphemy","Brilliance"],"picked":"SpiritShield","floor":16.0},{"not_picked":["Halt","EmptyFist+1","ClearTheMind"],"picked":"SKIP","floor":18.0},{"not_picked":["SashWhip","EmptyFist","Halt+1"],"picked":"SKIP","floor":21.0},{"not_picked":["WaveOfTheHand","EmptyMind+1","Blasphemy"],"picked":"SKIP","floor":23.0},{"not_picked":["ClearTheMind","Wireheading","EmptyFist"],"picked":"SKIP","floor":24.0},{"not_picked":["WheelKick","ThirdEye"],"picked":"WindmillStrike","floor":27.0},{"not_picked":["Consecrate","EmptyBody","Alpha"],"picked":"SKIP","floor":28.0},{"not_picked":["Crescendo","EmptyFist+1","FollowUp"],"picked":"SKIP","floor":30.0},{"not_picked":["Wireheading","ReachHeaven","Halt"],"picked":"SKIP","floor":31},{"not_picked":["ConjureBlade","LessonLearned"],"picked":"MasterReality","floor":33},{"not_picked":["Prostrate+1","Wallop+1","Evaluate"],"picked":"SKIP","floor":35},{"not_picked":["EmptyFist+1","BowlingBash+1","Sanctity"],"picked":"SKIP","floor":37},{"not_picked":["Prostrate+1","DeusExMachina","JustLucky+1"],"picked":"SKIP","floor":38},{"not_picked":["Protect+1","Nirvana","DeceiveReality"],"picked":"SKIP","floor":39},{"not_picked":["EmptyFist+1","SashWhip","Swivel"],"picked":"SKIP","floor":41},{"not_picked":["Purity","Mind Blast"],"picked":"Metamorphosis","floor":46},{"not_picked":["EmptyBody","Halt+1","FlurryOfBlows"],"picked":"SKIP","floor":48}],"player_experience":813584,"relics_obtained":[{"floor":9.0,"key":"Old Coin"},{"floor":10.0,"key":"Mummified Hand"},{"floor":13.0,"key":"Incense Burner"},{"floor":20.0,"key":"Meat on the Bone"},{"floor":23.0,"key":"Ginger"},{"floor":26.0,"key":"Lantern"},{"floor":27.0,"key":"MealTicket"},{"floor":34,"key":"PreservedInsect"},{"floor":34,"key":"Eternal Feather"},{"floor":34,"key":"Turnip"},{"floor":43,"key":"Orichalcum"},{"floor":47,"key":"Bag of Preparation"}],"event_choices":[{"damage_healed":0.0,"max_hp_gain":0.0,"max_hp_loss":0.0,"gold_gain":0.0,"event_name":"Shining Light","player_choice":"Entered Light","floor":14.0,"gold_loss":0.0,"damage_taken":14.0,"cards_upgraded":["Fasting2","Perseverance"]},{"damage_healed":0.0,"max_hp_gain":0.0,"max_hp_loss":0.0,"gold_gain":0.0,"cards_transformed":["WreathOfFlame","BattleHymn"],"event_name":"Drug Dealer","player_choice":"Became Test Subject","floor":19.0,"gold_loss":0.0,"damage_taken":0.0,"cards_obtained":["Meditate","FollowUp"]},{"damage_healed":0,"gold_gain":0,"player_choice":"Ignored","damage_taken":0,"max_hp_gain":0,"max_hp_loss":0,"event_name":"Tomb of Lord Red Mask","floor":44,"gold_loss":0},{"damage_healed":0,"gold_gain":0,"player_choice":"Memory 1","damage_taken":0,"max_hp_gain":0,"max_hp_loss":0,"event_name":"SensoryStone","floor":46,"gold_loss":0}],"is_beta":false,"boss_relics":[{"not_picked":["Coffee Dripper","Sozu"],"picked":"Astrolabe"},{"not_picked":["Runic Dome","Empty Cage"],"picked":"Calling Bell"}],"items_purged_floors":[22],"is_endless":false,"potions_floor_spawned":[3,7,10,11,21,27,31,33,39,41,48],"killed_by":"Awakened One","ascension_level":10}}