{"host":"z9811rt50ti81n54","time":1608950665,"event":{"mods":["BaseMod","Minty Spire (QoL Compilation)"],"gold_per_floor":[119,119,137,152,165,165,165,199,226,5,37,37,13,29,29,29,29],"floor_reached":16,"playtime":555,"items_purged":["Strike_G"],"score":144,"play_id":"086aeba5-41c0-477a-86b3-be6631ca3b43","local_time":"20201226114425","is_ascension_mode":true,"campfire_choices":[{"data":"Footwork","floor":7,"key":"SMITH"},{"data":"Burst","floor":12,"key":"SMITH"},{"data":"Neutralize","floor":15,"key":"SMITH"}],"circlet_count":0,"master_deck":["Strike_G","Strike_G","Strike_G","Strike_G","Defend_G","Defend_G","Defend_G","Defend_G","Defend_G","Survivor","Neutralize+1","Dagger Throw","Escape Plan","Deadly Poison","Footwork+1","Burst+1","Deadly Poison","Outmaneuver"],"relics":["Ring of the Snake","Centennial Puzzle","Omamori","Happy Flower","Oddly Smooth Stone","Smiling Mask"],"acts_visited":["Exordium"],"potions_floor_usage":[6,8,16],"damage_taken":[{"damage":2,"enemies":"Cultist","floor":1,"turns":4},{"damage":0,"enemies":"Small Slimes","floor":3,"turns":3},{"damage":1,"enemies":"Jaw Worm","floor":4,"turns":4},{"damage":7,"enemies":"2 Fungi Beasts","floor":5,"turns":3},{"damage":0,"enemies":"Gremlin Nob","floor":6,"turns":2},{"damage":6,"enemies":"Lagavulin","floor":8,"turns":6},{"damage":12,"enemies":"Gremlin Nob","floor":11,"turns":5},{"damage":0,"enemies":"Large Slime","floor":14,"turns":8},{"damage":49,"enemies":"Slime Boss","floor":16,"turns":12}],"seed_played":"5072381783160123609","potions_obtained":[{"floor":1,"key":"SmokeBomb"},{"floor":3,"key":"Poison Potion"},{"floor":14,"key":"Weak Potion"}],"is_trial":false,"path_per_floor":["M","?","M","M","M","E","R","E","T","$","E","R","$","M","R","B"],"character_chosen":"THE_SILENT","items_purchased":["Oddly Smooth Stone","Outmaneuver"],"campfire_rested":0,"item_purchase_floors":[10,13],"current_hp_per_floor":[68,68,68,67,60,60,60,54,54,54,42,42,42,42,42,0,0],"gold":29,"neow_bonus":"RANDOM_COMMON_RELIC","is_daily":false,"chose_seed":false,"campfire_upgraded":3,"win_rate":0.0,"timestamp":1608950665,"path_taken":["M","?","M","M","M","E","R","E","T","$","E","R","$","?","R","BOSS"],"items_purchased_type":["Relic","Card"],"build_version":"2020-12-22","purchased_purges":1,"victory":false,"max_hp_per_floor":[70,70,70,70,70,70,70,70,70,70,70,70,70,70,70,70,70],"card_choices":[{"not_picked":["Setup","Deflect"],"picked":"Dagger Throw","floor":1},{"not_picked":["Outmaneuver","Dodge and Roll"],"picked":"Escape Plan","floor":3},{"not_picked":["Quick Slash","Backflip"],"picked":"Deadly Poison","floor":4},{"not_picked":["Bane","Underhanded Strike"],"picked":"Footwork","floor":5},{"not_picked":["Flying Knee","Noxious Fumes"],"picked":"Burst","floor":8},{"not_picked":["Expertise","Sucker Punch"],"picked":"Deadly Poison","floor":11},{"not_picked":["Heel Hook","Endless Agony","Slice"],"picked":"SKIP","floor":14}],"player_experience":227079,"relics_obtained":[{"floor":8,"key":"Omamori"},{"floor":9,"key":"Happy Flower"},{"floor":11,"key":"Smiling Mask"}],"event_choices":[{"damage_healed":0,"gold_gain":0,"player_choice":"0 cards matched","damage_taken":0,"max_hp_gain":0,"max_hp_loss":0,"event_name":"Match and Keep!","floor":2,"gold_loss":0,"cards_obtained":[]}],"is_beta":false,"boss_relics":[],"items_purged_floors":[10],"is_endless":false,"potions_floor_spawned":[1,3,6,14],"killed_by":"Slime Boss","ascension_level":4}}