{"host":"s0d2u711fzg2n3il","time":1608942632,"event":{"mods":["2.2 Compatiblity","AchievementEnabler","Act Like it!","Aspiration","BaseMod","BetterRewards","Block Reminder","Conspire","Downfall","Duelist Mod","Ekko","GifTheSpireLib","Hermit","Hubris","JesterMod","Melee Mod","Minty Spire (QoL Compilation)","Nova Terra(??·??)","Pikachu Mod","Rare Cards Sparkle","Replay The Spire","Robot Space Explorer","Shade Mod","StSLib","The Bug Knight","The Death Knight","The Disciple","The Dragon Tamer","The Hierophant","The Necromancer","The Valiant","TheVacant","vexMod"],"gold_per_floor":[112,126,126,126,126,126,157,157,157,190,190,206,56,131,131,233,233,221,232,232,232],"floor_reached":20,"playtime":1108,"items_purged":[],"score":205,"play_id":"5c364d85-fce6-4d22-a940-f9a8e9cfbc3f","local_time":"20201226013032","is_ascension_mode":false,"campfire_choices":[{"data":"NovaMod:PenetratingBlast","floor":6,"key":"SMITH"},{"data":"NovaMod:Missile","floor":8,"key":"SMITH"},{"floor":11,"key":"REST"},{"data":"NovaMod:DefensiveDrone","floor":15,"key":"SMITH"}],"circlet_count":0,"master_deck":["NovaMod:Basic_Strike_Nova","NovaMod:Basic_Strike_Nova","NovaMod:Basic_Strike_Nova","NovaMod:Basic_Strike_Nova","NovaMod:Basic_Defend_Nova","NovaMod:Basic_Defend_Nova","NovaMod:Basic_Defend_Nova","NovaMod:Basic_Defend_Nova","NovaMod:Snipe","NovaMod:PenetratingBlast+1","NovaMod:Snipe","NovaMod:Standby+1","NovaMod:Missile+1","NovaMod:DefensiveDrone+1","NovaMod:Missile"],"relics":["NovaMod:GhostSuit","NeowsBlessing","conspire:Boomerang","Frozen Egg 2","Replay:Towering Pillar of Hats","Lee\u0027s Waffle"],"acts_visited":["Exordium","TheCity"],"potions_floor_usage":[18,19,20,20],"damage_taken":[{"damage":0,"enemies":"Cultist","floor":1,"turns":1},{"damage":0,"enemies":"Jaw Worm","floor":2,"turns":1},{"damage":0,"enemies":"HollowMod:MossKnight","floor":7,"turns":1},{"damage":45,"enemies":"Lagavulin","floor":10,"turns":6},{"damage":4,"enemies":"conspire:RoseBush","floor":12,"turns":2},{"damage":15,"enemies":"Slime Boss","floor":16,"turns":9},{"damage":20,"enemies":"2 Thieves","floor":18,"turns":4},{"damage":5,"enemies":"3 Byrds","floor":19,"turns":3},{"damage":64,"enemies":"Sentry and Sphere","floor":20,"turns":7}],"seed_played":"-361403073494531769","potions_obtained":[{"floor":7,"key":"Languid Potion"},{"floor":10,"key":"EntropicBrew"},{"floor":18,"key":"champ:CounterPotion"}],"is_trial":false,"path_per_floor":["M","M","?","?","$","R","E","R","T","E","R","M","$","?","R","B",null,"M","M","M"],"character_chosen":"NOVA","items_purchased":["Lee\u0027s Waffle"],"campfire_rested":1,"item_purchase_floors":[13],"current_hp_per_floor":[80,80,80,80,80,80,80,80,80,35,59,55,87,79,79,64,87,67,62,0,0],"gold":232,"neow_bonus":"THREE_ENEMY_KILL","is_daily":false,"chose_seed":false,"campfire_upgraded":3,"win_rate":0.0,"timestamp":1608942632,"path_taken":["M","?","?","?","$","R","E","R","T","E","R","?","?","?","R","BOSS","M","M","?"],"items_purchased_type":["Relic"],"build_version":"2020-12-22","purchased_purges":0,"victory":false,"max_hp_per_floor":[80,80,80,80,80,80,80,80,80,80,80,80,87,87,87,87,87,87,87,87,87],"card_choices":[{"not_picked":["NovaMod:Barrier","NovaMod:Pollution"],"picked":"NovaMod:Snipe","floor":1},{"not_picked":["NovaMod:Lurk","NovaMod:GhostAcademy"],"picked":"NovaMod:Standby","floor":2},{"not_picked":["NovaMod:RaidArtillery","NovaMod:PulseGrenade"],"picked":"NovaMod:Missile","floor":7},{"not_picked":["NovaMod:Snipe","NovaMod:Chaos"],"picked":"NovaMod:DefensiveDrone","floor":10},{"not_picked":["NovaMod:PenetratingBlast","NovaMod:BarrageShooting","NovaMod:SwiftChop"],"picked":"SKIP","floor":12},{"not_picked":["NovaMod:RadiationWarrior+1","NovaMod:NuclearRefining+1"],"picked":"NovaMod:Missile","floor":16},{"not_picked":["NovaMod:BarrageShooting","NovaMod:MonomolecularBlade","NovaMod:QuickResponse"],"picked":"SKIP","floor":18},{"not_picked":["NovaMod:Barrier","NovaMod:Thor","NovaMod:WidowMine+1"],"picked":"SKIP","floor":19}],"player_experience":514746,"relics_obtained":[{"floor":7,"key":"conspire:Boomerang"},{"floor":9,"key":"Frozen Egg 2"},{"floor":10,"key":"Replay:Towering Pillar of Hats"}],"event_choices":[{"damage_healed":0,"gold_gain":0,"player_choice":"Upgraded","damage_taken":0,"max_hp_gain":0,"max_hp_loss":0,"event_name":"Upgrade Shrine","floor":4,"gold_loss":0,"cards_upgraded":["NovaMod:Standby"]},{"damage_healed":0,"gold_gain":75,"player_choice":"Touch","damage_taken":8,"max_hp_gain":0,"max_hp_loss":0,"event_name":"FaceTrader","floor":14,"gold_loss":0}],"is_beta":false,"boss_relics":[{"not_picked":["Busted Crown","hubris:RunicObelisk","vexMod:CursedCompass"]}],"items_purged_floors":[],"is_endless":false,"potions_floor_spawned":[7,10,18],"killed_by":"Sentry and Sphere","ascension_level":0}}