{"host":"ba8fi0vd2808q8ml","time":1608999240,"event":{"mods":["2.2 Compatiblity","AchievementEnabler","BaseMod","Hermit","Lobotomy","LobotomyExtend","Marisa£¨Ùöéë¡¡Øª×âÞÞ£©","Minty Spire (QoL Compilation)","StSLib","SuperFastMode","Td1madao Mod","The Bug Knight","The Cursed","The Servant 0.9.4"],"gold_per_floor":[119,134,149,36,49,83,83,100,100,100,130,39,39,73,73,176,176,188,208,54,54,73,73,73,104,130,160,179,192,192,209,209,305,305,320,320,334,352,372,406,406,426,481,495,515,530,564,576,576,576,576],"floor_reached":52,"playtime":3009,"items_purged":[],"score":1049,"play_id":"b154da4d-2495-4c0f-a055-c67bc0186026","local_time":"20201227011400","is_ascension_mode":true,"campfire_choices":[{"floor":7.0,"key":"REST"},{"floor":10.0,"key":"REST"},{"floor":23.0,"key":"REST"},{"data":"1","floor":30.0,"key":"LIFT"},{"data":"2","floor":32.0,"key":"LIFT"},{"data":"3","floor":49.0,"key":"LIFT"}],"circlet_count":0,"master_deck":["SpecialBullet","SpecialBullet","SpecialBullet","SpecialBullet","SpecialBullet","SpecialBullet","SpecialBullet","DisciplinaryCode","TrainingCode","LifeForTheDareDevil+1","WristCuter","MeatLantern","DaCapo","InTheNameOfLoveAndHate+1","CrumblingArmor","Bloodbath","Wingbeat+1","BlueStar","Galaxy","SolemnVow","Penitence","BlackSwan_ego","LaLuna","Mimicry+1","Scorched","Harvest+1","Variant","LongBird","WristCuter+1","NothingThere","Logging+1","Logging+1","Amita+1","QueenOfHatred","DaCapo+1","Yin","WristCuter+1","WristCuter+1","Twilight+1","GreedKing","InformationCode","InTheNameOfLoveAndHate+1","InTheNameOfLoveAndHate+1","Galaxy+1","RapturousDream+1","Woodsman","Laetitia","GrinderMk4+1","BeautyBeast"],"relics":["CogitoBucket","Blood Vial","RedMistMask","LuminousBracelet","Pocketwatch","Matryoshka","Unceasing Top","Sozu","BackwardClock","Regal Pillow","Gremlin Horn","Toy Ornithopter","Nunchaku","Girya","AtMidnight","Fusion Hammer","Lantern","StoneCalendar","War Paint","Potion Belt","Omamori","Yang_Lob"],"acts_visited":["Exordium","TheCity","TheBeyond"],"potions_floor_usage":[52,52],"damage_taken":[{"damage":6.0,"enemies":"Cultist","floor":1.0,"turns":3.0},{"damage":0.0,"enemies":"Small Slimes","floor":2.0,"turns":3.0},{"damage":11.0,"enemies":"2 Louse","floor":3.0,"turns":2.0},{"damage":4.0,"enemies":"Lots of Slimes","floor":5.0,"turns":3.0},{"damage":20.0,"enemies":"3 Sentries","floor":6.0,"turns":7.0},{"damage":16.0,"enemies":"3 Louse","floor":8.0,"turns":2.0},{"damage":7.0,"enemies":"Lagavulin","floor":11.0,"turns":3.0},{"damage":0.0,"enemies":"3 Sentries","floor":14.0,"turns":2.0},{"damage":0.0,"enemies":"Slime Boss","floor":16.0,"turns":2.0},{"damage":0.0,"enemies":"Spheric Guardian","floor":18.0,"turns":1.0},{"damage":84.0,"enemies":"Chosen","floor":19.0,"turns":5.0},{"damage":0.0,"enemies":"3 Cultists","floor":22.0,"turns":2.0},{"damage":6.0,"enemies":"Slavers","floor":25.0,"turns":2.0},{"damage":5.0,"enemies":"Book of Stabbing","floor":27.0,"turns":3.0},{"damage":0.0,"enemies":"Snecko","floor":28.0,"turns":2.0},{"damage":24.0,"enemies":"Shelled Parasite and Fungi","floor":29.0,"turns":4.0},{"damage":0.0,"enemies":"Snake Plant","floor":31.0,"turns":2.0},{"damage":1.0,"enemies":"Automaton","floor":33.0,"turns":3.0},{"damage":0.0,"enemies":"3 Shapes","floor":35.0,"turns":2.0},{"damage":0.0,"enemies":"3 Darklings","floor":37.0,"turns":2.0},{"damage":7.0,"enemies":"Transient","floor":38.0,"turns":4.0},{"damage":0.0,"enemies":"Maw","floor":39.0,"turns":1.0},{"damage":0.0,"enemies":"Nemesis","floor":40.0,"turns":1.0},{"damage":15.0,"enemies":"Sphere and 2 Shapes","floor":42.0,"turns":2.0},{"damage":0.0,"enemies":"Jaw Worm Horde","floor":44.0,"turns":2.0},{"damage":0.0,"enemies":"4 Shapes","floor":45.0,"turns":1.0},{"damage":4.0,"enemies":"Transient","floor":46.0,"turns":4.0},{"damage":0.0,"enemies":"Giant Head","floor":47.0,"turns":3.0},{"damage":0.0,"enemies":"Jaw Worm Horde","floor":48.0,"turns":2.0},{"damage":12.0,"enemies":"Time Eater","floor":50.0,"turns":3.0},{"damage":67.0,"enemies":"Malkuth","floor":51.0,"turns":4.0},{"damage":90.0,"enemies":"Hod","floor":51.0,"turns":3.0}],"seed_played":"7865295183196758341","potions_obtained":[{"floor":3.0,"key":"LiquidBronze"},{"floor":5.0,"key":"LiquidMemories"}],"is_trial":false,"path_per_floor":["M","M","M","$","M","E","R","M","T","R","E","$","?","E","R","B",null,"M","M","$","?","M","R","?","E","T","E","M","M","R","M","R","B",null,"M","?","M","M","M","E","R","M","T","M","M","M","E","M","R","B",null,null,null],"character_chosen":"Angela","items_purchased":["LifeForTheDareDevil","WristCuter","SolemnVow","Penitence","Regal Pillow"],"campfire_rested":3,"item_purchase_floors":[4,4,12,12,20],"current_hp_per_floor":[71,71,60,60,56,36,59,62,62,89,84,84,84,86,86,89,92,92,22,22,22,25,67,92,92,92,92,92,92,92,92,92,92,92,92,92,92,92,92,92,92,92,92,92,96,100,100,104,104,104,104],"gold":576,"neow_bonus":"TEN_PERCENT_HP_BONUS","is_daily":false,"chose_seed":false,"campfire_upgraded":0,"win_rate":0.0,"timestamp":1608999240,"path_taken":["M","M","M","$","M","E","R","M","T","R","E","$","?","E","R","BOSS","M","M","$","?","?","R","?","E","T","E","M","M","R","M","R","BOSS","M","?","M","M","M","E","R","M","T","M","?","M","E","M","R","BOSS"],"items_purchased_type":["Card","Card","Card","Card","Relic"],"build_version":"2020-12-22","purchased_purges":0,"victory":true,"max_hp_per_floor":[77,77,77,77,77,77,77,92,92,92,92,92,92,92,92,92,92,92,92,92,92,92,92,92,92,92,92,92,92,92,92,92,92,92,92,92,92,92,92,92,92,92,92,92,96,100,100,104,104,104,104],"card_choices":[{"not_picked":["Amita","RapturousDream"],"picked":"SKIP","floor":1.0},{"not_picked":["MagicBullet","RapturousDream"],"picked":"SKIP","floor":1.0},{"not_picked":["FeatherOfHonor","CherryBlossom"],"picked":"SKIP","floor":2.0},{"not_picked":["Lantern","RedEyes"],"picked":"SKIP","floor":2.0},{"not_picked":["Soda","Noise"],"picked":"SKIP","floor":3.0},{"not_picked":["OSAHOGD","OldLady"],"picked":"MeatLantern","floor":5.0},{"not_picked":["Wingbeat","Penitence"],"picked":"DaCapo","floor":5.0},{"not_picked":["TodaysExpression","Regret_ego"],"picked":"InTheNameOfLoveAndHate","floor":6.0},{"not_picked":["ShyLook","DreamingCurrent"],"picked":"CrumblingArmor","floor":6.0},{"not_picked":["FourthMatchFlame","Laetitia_ego","CherryBlossom"],"picked":"SKIP","floor":6.0},{"not_picked":["ShyLook","BeautyBeast"],"picked":"Bloodbath","floor":8.0},{"not_picked":["GreenStem","Lamp"],"picked":"Wingbeat","floor":8.0},{"not_picked":["OldLady","Scorched"],"picked":"BlueStar","floor":11.0},{"not_picked":["RapturousDream","Logging"],"picked":"Galaxy","floor":11.0},{"not_picked":["InTheNameOfLoveAndHate","Laetitia_ego"],"picked":"BlackSwan_ego","floor":14.0},{"not_picked":["ShyLook","NakedNest"],"picked":"LaLuna","floor":14.0},{"not_picked":["Pinks+1","TheSmile+1"],"picked":"Mimicry+1","floor":16.0},{"not_picked":["ShyLook","Funeral","CherryBlossoms"],"picked":"Singing Bowl","floor":16.0},{"not_picked":["OSAHOGD","SpiderBud"],"picked":"Scorched","floor":16.0},{"not_picked":["Beak+1","CrimsonScar+1"],"picked":"Harvest+1","floor":18.0},{"not_picked":["BlackArmy","WallGazer","Murderer"],"picked":"Singing Bowl","floor":18.0},{"not_picked":["ShyLook","Alriune"],"picked":"Variant","floor":18.0},{"not_picked":["RedShoes","SnowQueen","Murderer"],"picked":"Singing Bowl","floor":19.0},{"not_picked":["PunishingBird","ShyLook"],"picked":"LongBird","floor":19.0},{"not_picked":["Loneliness+1","Beak+1"],"picked":"WristCuter+1","floor":19.0},{"not_picked":["Lamp+1","Regret_ego+1","RapturousDream+1"],"picked":"SKIP","floor":19.0},{"not_picked":["SpiderBud","Freischutz"],"picked":"NothingThere","floor":22.0},{"not_picked":["Ecstasy+1","RapturousDream+1"],"picked":"Logging+1","floor":22.0},{"not_picked":["Soda+1","Penitence+1"],"picked":"Logging+1","floor":25.0},{"not_picked":["BeautyBeast","LittlePrince","UniverseFragment"],"picked":"Singing Bowl","floor":25.0},{"not_picked":["Reverberation+1","GreenStem+1"],"picked":"Amita+1","floor":27.0},{"not_picked":["FairyFestival","BeautyBeast","OSAHOGD"],"picked":"Singing Bowl","floor":27.0},{"not_picked":["Murderer","BeautyBeast"],"picked":"QueenOfHatred","floor":27.0},{"not_picked":["Pleasure+1","RedEyes+1"],"picked":"DaCapo+1","floor":28.0},{"not_picked":["RedShoes","ShyLook"],"picked":"Yin","floor":28.0},{"not_picked":["OSAHOGD","UniverseFragment","FairyFestival"],"picked":"Singing Bowl","floor":29.0},{"not_picked":["CUTE+1","Tough+1"],"picked":"WristCuter+1","floor":29.0},{"not_picked":["SingingMachine","LittleHelper","MeltingLove"],"picked":"Singing Bowl","floor":31.0},{"not_picked":["Reverberation+1","Loneliness+1"],"picked":"WristCuter+1","floor":31.0},{"not_picked":["ParadiseLost+1","GoldRush+1"],"picked":"Twilight+1","floor":33.0},{"not_picked":["GalaxyChild","Funeral"],"picked":"GreedKing","floor":35.0},{"not_picked":["Horn+1","Lantern+1","Gaze+1"],"picked":"SKIP","floor":35.0},{"not_picked":["Horn+1","Lantern+1","Gaze+1"],"picked":"SKIP","floor":35.0},{"not_picked":["ShedSkin+1","CherryBlossom+1"],"picked":"InTheNameOfLoveAndHate+1","floor":37.0},{"not_picked":["BloodyDesire+1","RedEyes+1"],"picked":"InTheNameOfLoveAndHate+1","floor":38.0},{"not_picked":["CUTE+1","Lamp+1"],"picked":"Galaxy+1","floor":39.0},{"not_picked":["Lamp+1","Hornet+1","Penitence+1"],"picked":"SKIP","floor":40.0},{"not_picked":["Discord+1","TodaysExpression+1","Laetitia_ego+1"],"picked":"SKIP","floor":42.0},{"not_picked":["Moonlight+1","Lantern+1"],"picked":"RapturousDream+1","floor":44.0},{"not_picked":["QueenBee","FieryBird"],"picked":"Woodsman","floor":45.0},{"not_picked":["BlueScar+1","Laetitia_ego+1","ScreamingWedge+1"],"picked":"SKIP","floor":45.0},{"not_picked":["BlackArmy","Porccubus"],"picked":"Laetitia","floor":46.0},{"not_picked":["Penitence+1","CherryBlossom+1","FourthMatchFlame+1"],"picked":"SKIP","floor":46.0},{"not_picked":["Mercenary","QueenBee","SpiderBud"],"picked":"Singing Bowl","floor":47.0},{"not_picked":["TodaysExpression+1","SomewhereSpear+1"],"picked":"GrinderMk4+1","floor":47.0},{"not_picked":["Alriune","QueenBee","GalaxyChild"],"picked":"Singing Bowl","floor":48.0},{"not_picked":["WhitesApple","DreamingCurrent"],"picked":"BeautyBeast","floor":48.0},{"not_picked":["Discord+1","Hornet+1","CherryBlossom+1"],"picked":"SKIP","floor":48.0}],"player_experience":57014,"relics_obtained":[{"floor":6.0,"key":"Blood Vial"},{"floor":6.0,"key":"RedMistMask"},{"floor":9.0,"key":"Pocketwatch"},{"floor":11.0,"key":"Matryoshka"},{"floor":14.0,"key":"Unceasing Top"},{"floor":25.0,"key":"Gremlin Horn"},{"floor":26.0,"key":"Toy Ornithopter"},{"floor":26.0,"key":"Nunchaku"},{"floor":27.0,"key":"Girya"},{"floor":29.0,"key":"AtMidnight"},{"floor":40.0,"key":"StoneCalendar"},{"floor":43.0,"key":"War Paint"},{"floor":43.0,"key":"Potion Belt"},{"floor":47.0,"key":"Omamori"}],"event_choices":[{"cards_removed":["SpecialBullet"],"damage_healed":0.0,"max_hp_gain":0.0,"max_hp_loss":0.0,"gold_gain":0.0,"event_name":"Purifier","player_choice":"Purged","floor":13.0,"gold_loss":0.0,"damage_taken":0.0},{"damage_healed":0.0,"max_hp_gain":0.0,"max_hp_loss":0.0,"gold_gain":0.0,"event_name":"Accursed Blacksmith","player_choice":"Forge","floor":21.0,"gold_loss":0.0,"damage_taken":0.0,"cards_upgraded":["LifeForTheDareDevil"]},{"damage_healed":30.0,"max_hp_gain":0.0,"max_hp_loss":0.0,"gold_gain":0.0,"event_name":"The Library","player_choice":"Heal","floor":24.0,"gold_loss":0.0,"damage_taken":0.0},{"cards_removed":["ExtractionCode"],"damage_healed":0.0,"max_hp_gain":0.0,"max_hp_loss":0.0,"gold_gain":0.0,"event_name":"WeMeetAgain","player_choice":"Gave Card","floor":36.0,"gold_loss":0.0,"damage_taken":0.0,"relics_obtained":["Lantern"]}],"is_beta":false,"boss_relics":[{"not_picked":["Cursed Key","Philosopher\u0027s Stone"],"picked":"Sozu"},{"not_picked":["Empty Cage","Black Star"],"picked":"Fusion Hammer"}],"items_purged_floors":[],"is_endless":false,"potions_floor_spawned":[3,5,28,31,33,38,39,44,46,48],"ascension_level":1}}