{"host":"2o3sockympbxxanu","time":1608976382,"event":{"mods":["AchievementEnabler","BaseMod","Colored Map","Colored Powertips","Marisa£®ÏF”Í°°ƒß¿Ì…≥£©","Minty Spire (QoL Compilation)","StSLib"],"gold_per_floor":[116,41,57,68,18,49,49,66,117,117,134,134,151,162,162,259,309,324,324,349,448,191,191,209,209,209,209,222,235,235,235,235,335,335,346,346,346,361,361,361],"floor_reached":39,"playtime":1944,"items_purged":["Strike_R","Defend_R"],"score":419,"play_id":"10ed2340-7b8d-4cea-9ea1-09457641fe84","local_time":"20201226175302","is_ascension_mode":true,"campfire_choices":[{"data":"Flex","floor":7.0,"key":"SMITH"},{"data":"Heavy Blade","floor":10.0,"key":"SMITH"},{"data":"Flex","floor":12.0,"key":"SMITH"},{"data":"Iron Wave","floor":15.0,"key":"SMITH"},{"data":"Double Tap","floor":23.0,"key":"SMITH"},{"floor":27.0,"key":"REST"},{"data":"Inflame","floor":30.0,"key":"SMITH"},{"data":"Metallicize","floor":32.0,"key":"SMITH"}],"circlet_count":0,"master_deck":["Strike_R","Strike_R","Defend_R","Defend_R","Bash","Heavy Blade+1","Pommel Strike","Flex+1","Thunderclap+1","Clash","Flex+1","Cleave","Offering","Ghostly Armor","Iron Wave+1","Double Tap+1","Anger+1","Writhe","Anger","Metallicize+1","Inflame+1","Cleave+1","Disarm+1","Double Tap","Heavy Blade+1"],"relics":["Burning Blood","Prayer Wheel","Darkstone Periapt","Ancient Tea Set","Tiny House","Orichalcum","Red Mask","HandDrill","Runic Pyramid"],"acts_visited":["Exordium","TheCity","TheBeyond"],"potions_floor_usage":[39,39],"damage_taken":[{"damage":1.0,"enemies":"Cultist","floor":1.0,"turns":3.0},{"damage":5.0,"enemies":"2 Louse","floor":3.0,"turns":3.0},{"damage":0.0,"enemies":"Small Slimes","floor":4.0,"turns":2.0},{"damage":19.0,"enemies":"Gremlin Nob","floor":6.0,"turns":4.0},{"damage":6.0,"enemies":"Looter","floor":8.0,"turns":2.0},{"damage":0.0,"enemies":"2 Fungi Beasts","floor":11.0,"turns":1.0},{"damage":0.0,"enemies":"Blue Slaver","floor":13.0,"turns":2.0},{"damage":6.0,"enemies":"Looter","floor":14.0,"turns":2.0},{"damage":56.0,"enemies":"The Guardian","floor":16.0,"turns":10.0},{"damage":21.0,"enemies":"2 Thieves","floor":18.0,"turns":3.0},{"damage":36.0,"enemies":"Masked Bandits","floor":20.0,"turns":5.0},{"damage":0.0,"enemies":"Chosen","floor":24.0,"turns":3.0},{"damage":11.0,"enemies":"Snecko","floor":28.0,"turns":3.0},{"damage":6.0,"enemies":"3 Cultists","floor":29.0,"turns":4.0},{"damage":54.0,"enemies":"Champ","floor":33.0,"turns":8.0},{"damage":16.0,"enemies":"3 Darklings","floor":35.0,"turns":4.0},{"damage":44.0,"enemies":"3 Shapes","floor":38.0,"turns":4.0},{"damage":49,"enemies":"Maw","floor":39,"turns":6}],"seed_played":"5453073497820184717","potions_obtained":[{"floor":8.0,"key":"CultistPotion"},{"floor":11.0,"key":"Energy Potion"},{"floor":14.0,"key":"SneckoOil"},{"floor":17.0,"key":"Block Potion"},{"floor":33.0,"key":"CultistPotion"},{"floor":35.0,"key":"FearPotion"}],"is_trial":false,"path_per_floor":["M","$","M","M","?","E","R","M","T","R","M","R","M","M","R","B",null,"M","?","?","?","$","R","M","?","T","R","M","M","R","?","R","B",null,"M","?","?","M","M"],"character_chosen":"IRONCLAD","items_purchased":["HandDrill"],"campfire_rested":1,"item_purchase_floors":[22],"current_hp_per_floor":[72,72,72,72,72,59,59,59,59,59,65,65,71,71,71,21,77,62,68,38,38,38,38,44,44,44,68,63,63,63,63,63,15,83,73,73,83,45,0,0],"gold":361,"neow_bonus":"ONE_RARE_RELIC","is_daily":false,"chose_seed":false,"campfire_upgraded":7,"win_rate":0.0,"timestamp":1608976382,"path_taken":["M","?","M","?","?","E","R","M","T","R","M","R","M","M","R","BOSS","M","?","?","?","$","R","?","?","T","R","M","M","R","?","R","BOSS","M","?","?","?","M"],"items_purchased_type":["Relic"],"build_version":"2020-12-22","purchased_purges":2,"victory":false,"max_hp_per_floor":[72,72,72,72,72,72,72,72,72,72,72,72,72,72,72,72,77,77,83,83,83,83,83,83,83,83,83,83,83,83,83,83,83,83,83,83,83,83,83,83],"card_choices":[{"not_picked":["Blood for Blood","Bloodletting"],"picked":"Heavy Blade","floor":1.0},{"not_picked":["Havoc","Carnage","Feel No Pain"],"picked":"SKIP","floor":1.0},{"not_picked":["Fire Breathing","Iron Wave"],"picked":"Pommel Strike","floor":3.0},{"not_picked":["Heavy Blade","Entrench"],"picked":"Flex","floor":3.0},{"not_picked":["Carnage","Heavy Blade"],"picked":"Thunderclap","floor":4.0},{"not_picked":["Heavy Blade","Pommel Strike"],"picked":"Clash","floor":4.0},{"not_picked":["Pommel Strike","Fire Breathing"],"picked":"Flex","floor":6.0},{"not_picked":["Headbutt","Entrench","Body Slam"],"picked":"SKIP","floor":8.0},{"not_picked":["Armaments","Burning Pact","Sword Boomerang"],"picked":"SKIP","floor":8.0},{"not_picked":["Iron Wave","Searing Blow"],"picked":"Cleave","floor":11.0},{"not_picked":["Feel No Pain","Headbutt","Corruption"],"picked":"SKIP","floor":11.0},{"not_picked":["True Grit","Havoc"],"picked":"Offering","floor":13.0},{"not_picked":["Power Through","Warcry"],"picked":"Ghostly Armor","floor":13.0},{"not_picked":["Flex","Headbutt"],"picked":"Iron Wave","floor":14.0},{"not_picked":["Heavy Blade","Sentinel","Warcry"],"picked":"SKIP","floor":14.0},{"not_picked":["Immolate","Barricade"],"picked":"Double Tap","floor":16.0},{"not_picked":["Twin Strike","Seeing Red"],"picked":"Anger+1","floor":18.0},{"not_picked":["Clash","Twin Strike","Thunderclap"],"picked":"SKIP","floor":18.0},{"not_picked":["Cleave","Fire Breathing","Havoc"],"picked":"SKIP","floor":24.0},{"not_picked":["Anger","Body Slam","Warcry"],"picked":"SKIP","floor":24.0},{"not_picked":["Burning Pact+1","Sword Boomerang"],"picked":"Inflame","floor":28.0},{"not_picked":["Warcry+1","Rupture"],"picked":"Cleave+1","floor":28.0},{"not_picked":["Burning Pact","Pommel Strike"],"picked":"Disarm+1","floor":29.0},{"not_picked":["Armaments","Clash","Dropkick"],"picked":"SKIP","floor":29.0},{"not_picked":["Immolate","Corruption"],"picked":"Double Tap","floor":33.0},{"not_picked":["Body Slam+1","Armaments+1"],"picked":"Heavy Blade+1","floor":35.0},{"not_picked":["Warcry+1","Searing Blow","Pommel Strike+1"],"picked":"SKIP","floor":35.0},{"not_picked":["Searing Blow","Dark Embrace","Cleave+1"],"picked":"SKIP","floor":38.0},{"not_picked":["Body Slam","Flame Barrier","Sword Boomerang"],"picked":"SKIP","floor":38.0},{"not_picked":["Searing Blow","Dark Embrace","Cleave+1"],"picked":"SKIP","floor":38.0},{"not_picked":["Body Slam","Flame Barrier","Sword Boomerang"],"picked":"SKIP","floor":38.0}],"player_experience":281239,"relics_obtained":[{"floor":6.0,"key":"Darkstone Periapt"},{"floor":9.0,"key":"Ancient Tea Set"},{"floor":20.0,"key":"Red Mask"}],"event_choices":[{"cards_removed":["Strike_R"],"damage_healed":0.0,"max_hp_gain":0.0,"max_hp_loss":0.0,"gold_gain":0.0,"event_name":"The Cleric","player_choice":"Card Removal","floor":5.0,"gold_loss":50.0,"damage_taken":0.0},{"damage_healed":0.0,"max_hp_gain":0.0,"max_hp_loss":0.0,"gold_gain":0.0,"event_name":"The Mausoleum","player_choice":"Opened","floor":19.0,"gold_loss":0.0,"damage_taken":0.0,"relics_obtained":["Orichalcum"],"cards_obtained":["Writhe"]},{"damage_healed":0.0,"max_hp_gain":0.0,"max_hp_loss":0.0,"gold_gain":0.0,"event_name":"Masked Bandits","player_choice":"Fought Bandits","floor":20.0,"gold_loss":0.0,"damage_taken":0.0},{"damage_healed":0.0,"max_hp_gain":0.0,"max_hp_loss":0.0,"gold_gain":99.0,"event_name":"Nest","player_choice":"Stole From Cult","floor":21.0,"gold_loss":0.0,"damage_taken":0.0},{"damage_healed":0.0,"max_hp_gain":0.0,"max_hp_loss":0.0,"gold_gain":0.0,"cards_transformed":["Strike_R","Defend_R"],"event_name":"Drug Dealer","player_choice":"Became Test Subject","floor":25.0,"gold_loss":0.0,"damage_taken":0.0,"cards_obtained":["Anger","Metallicize"]},{"damage_healed":0.0,"max_hp_gain":0.0,"max_hp_loss":0.0,"gold_gain":0.0,"event_name":"Ghosts","player_choice":"Ignored","floor":31.0,"gold_loss":0.0,"damage_taken":0.0},{"damage_healed":0.0,"max_hp_gain":0.0,"max_hp_loss":0.0,"gold_gain":0.0,"event_name":"Mysterious Sphere","player_choice":"Ignored","floor":36.0,"gold_loss":0.0,"damage_taken":0.0},{"damage_healed":10.0,"max_hp_gain":0.0,"max_hp_loss":0.0,"gold_gain":0.0,"event_name":"Wheel of Change","player_choice":"Full Heal","floor":37.0,"gold_loss":0.0,"damage_taken":0.0}],"is_beta":false,"boss_relics":[{"not_picked":["Velvet Choker","Fusion Hammer"],"picked":"Tiny House"},{"not_picked":["Black Star","Runic Dome"],"picked":"Runic Pyramid"}],"items_purged_floors":[2,22],"is_endless":false,"potions_floor_spawned":[8,11,14,33,35],"killed_by":"Maw","ascension_level":2}}