{"host":"rpu0b34yn88n8zeb","time":1608965736,"event":{"mods":["Act Like it!","BaseMod","CapriCore","Colored Powertips","Defuse TimeMaze Blight","Gensokyo","Marisa£®ÏF”Í°°ƒß¿Ì…≥£©","Minty Spire (QoL Compilation)","Quick Restart","Reimu£®≤©¿ˆ¡È√Œ£©","Shop Mod","Spicy Shops","StSLib","The Immortal","The Servant 0.9.4","Yakumo Yukari mod","Youmu£®ªÍ∆«—˝√Œ£©"],"gold_per_floor":[133,47,63,63,63,94,94,124,149,178,278,297,297,311,311,410,410,422,422,522,533,52,52,77,327,376,392,392,412,437,47,47,152,152,169,169,169,169,249,249,249,261,310,325,339,339,364,123,123,123,123,123,45,74,74],"floor_reached":56,"playtime":2637,"items_purged":["Pain","Mirror_TwoAndThreeElementRealm_purple"],"score":1449,"play_id":"1f301884-a8e7-49f8-950d-4ce3679a61cf","local_time":"20201225235536","is_ascension_mode":true,"campfire_choices":[{"data":"Observe_purple_2","floor":7,"key":"SMITH"},{"floor":13,"key":"REST"},{"floor":15,"key":"REST"},{"data":"RuptureOfTimeAndSpace_purple","floor":23,"key":"SMITH"},{"data":"Charmbait_purple","floor":28,"key":"SMITH"},{"data":"Apotheosis","floor":32,"key":"SMITH"},{"data":"Monsters_DoubleDeathButterfly_purple","floor":40,"key":"SMITH"},{"floor":49,"key":"RECALL"},{"data":"Boundary_of_Extermination_purpleEX","floor":52,"key":"SMITH"}],"circlet_count":0,"master_deck":["AT_purpleEX","AT_purpleEX","AT_purpleEX","AT_purpleEX","Defend_purpleEX","Defend_purpleEX+1","Defend_purpleEX","Defend_purpleEX","Observe_purple_1+1","Observe_purple_2+1","ExternalForce_HighSpeedFlying_purple+1","RuptureOfTimeAndSpace_purple+1","PurpleNeedle_purple","Line_surface_state_purple","OmniscientAndOmnipotent_Monster_purple","Mirror_FormAndEmptin_purple","Charmbait_purple+1","StateErode_purple+1","Worldmountain_purple+1","Boundary_LifeAndDeath_purple+1","ExistenceContinue_purple","WorldDissolvedintheRealm_purple","Anti_communist_purple+1","Apotheosis+1","Monsters_DoubleDeathButterfly_purple+1","DimensionStaggered_purple","Gensokyo:PrivateSquare","Pride","Boundary_of_Extermination_purpleEX+1","WeekHit_purple+1","MeetDecomposer_purple+1","StateDuplicate_purple+1","Charmbait_purple","Mirror_FourBoundary_purple","Human_Monster_Realm_purple"],"relics":["Boundary_crack","Memoryfragments_purpleEX","NeowsBlessing","Gensokyo:LunaticRedEyes","Whetstone","Blood Vial","Unceasing Top","TungstenRod","SacredBark","Gensokyo:DirgeOfMelancholy","Bird Faced Urn","Turnip","Sling","ThegodofHakurei_purpleEX","Happy Flower","Ancient Tea Set","War Paint","Coffee Dripper","Gensokyo:EmptyGrave","Letter Opener","Pantograph","Omamori","Bronze Scales","Bag of Marbles","Mummified Hand"],"acts_visited":["Exordium","Gensokyo:Gensokyo","Gensokyo:Gensokyoer","TheEnding"],"potions_floor_usage":[8,20,20,33,55],"damage_taken":[{"damage":0,"enemies":"Gensokyo:Gryphon","floor":1,"turns":1},{"damage":0,"enemies":"Gensokyo:Python","floor":3,"turns":1},{"damage":22,"enemies":"Gensokyo:Cirno","floor":6,"turns":2},{"damage":35,"enemies":"Gensokyo:Mamizou","floor":8,"turns":8},{"damage":21,"enemies":"Gensokyo:Cirno","floor":10,"turns":6},{"damage":0,"enemies":"Gensokyo:3_Fairies","floor":12,"turns":3},{"damage":5,"enemies":"Gensokyo:CorruptedTreant","floor":14,"turns":3},{"damage":8,"enemies":"Gensokyo:Reimu","floor":16,"turns":9},{"damage":8,"enemies":"Gensokyo:AngelMirror","floor":18,"turns":4},{"damage":17,"enemies":"Gensokyo:AngelMirror","floor":20,"turns":10},{"damage":0,"enemies":"Gensokyo:3_Dogs","floor":21,"turns":4},{"damage":27,"enemies":"Gensokyo:Tenshi","floor":24,"turns":7},{"damage":1,"enemies":"Gensokyo:Wraith","floor":27,"turns":3},{"damage":4,"enemies":"Gensokyo:Mirror_and_Dog","floor":29,"turns":4},{"damage":0,"enemies":"Gensokyo:Koishi","floor":30,"turns":4},{"damage":9,"enemies":"Gensokyo:Eiki","floor":33,"turns":5},{"damage":0,"enemies":"Gensokyo:3_Bats","floor":35,"turns":1},{"damage":0,"enemies":"Gensokyo:3_Boulders","floor":42,"turns":3},{"damage":0,"enemies":"Gensokyo:Rafflesia","floor":44,"turns":4},{"damage":1,"enemies":"Gensokyo:4_Bats","floor":45,"turns":4},{"damage":0,"enemies":"Gensokyo:Doremy","floor":47,"turns":5},{"damage":1,"enemies":"Gensokyo:Shinki","floor":50,"turns":7},{"damage":7,"enemies":"Shield and Spear","floor":54,"turns":4},{"damage":18,"enemies":"The Heart","floor":55,"turns":7}],"seed_played":"1950741374537105954","potions_obtained":[{"floor":3,"key":"Regen Potion"},{"floor":8,"key":"Ancient Potion"},{"floor":14,"key":"Regen Potion"},{"floor":16,"key":"Strength Potion"},{"floor":24,"key":"SkillPotion"},{"floor":27,"key":"SkillPotion"},{"floor":33,"key":"ZuzhouPotion:ReiMu"},{"floor":42,"key":"EssenceOfSteel"},{"floor":44,"key":"Energy Potion"}],"is_trial":false,"path_per_floor":["M","COS","M","$","?","E","R","E","T","E","?","M","R","M","R","B",null,"M","?","?","M","$","R","E","?","T","M","R","M","E","$","R","B",null,"M","?","?","COS","T","R","?","M","T","M","M","T","E","$","R","B",null,"R","$","E","B",null],"character_chosen":"Youkari","items_purchased":["Sling","ThegodofHakurei_purpleEX","Apotheosis","Mind Blast","Bronze Scales","Bag of Marbles","Charmbait_purple","Mirror_FourBoundary_purple"],"campfire_rested":2,"item_purchase_floors":[22,22,31,31,48,48,48,53],"current_hp_per_floor":[70,70,70,70,70,48,48,32,32,17,17,19,40,39,60,59,70,70,70,58,64,64,64,44,44,44,48,48,60,63,63,63,56,70,70,70,65,65,65,65,65,65,65,65,65,65,65,65,65,65,65,65,65,63,57],"gold":74,"neow_bonus":"THREE_ENEMY_KILL","is_daily":false,"chose_seed":false,"campfire_upgraded":6,"win_rate":0.0,"timestamp":1608965736,"path_taken":["M","COS","M","$","?","E","R","E","T","E","?","M","R","M","R","BOSS","M","?","?","M","$","R","E","?","T","M","R","M","E","$","R","BOSS","M","?","?","COS","?","R","?","?","T","?","M","?","E","?","R","BOSS","R","$","E","BOSS"],"items_purchased_type":["Relic","Relic","Card","Card","Relic","Relic","Card","Card"],"build_version":"2020-12-22","purchased_purges":2,"victory":true,"max_hp_per_floor":[70,70,70,70,70,70,70,70,70,70,70,70,70,70,70,70,70,70,70,70,70,70,70,70,70,70,70,70,70,70,70,70,70,70,70,70,65,65,65,65,65,65,65,65,65,65,65,65,65,65,65,65,65,65,65],"card_choices":[{"not_picked":["MeetDecomposer_purple","StateDuplicate_purple"],"picked":"ExternalForce_HighSpeedFlying_purple","floor":1},{"not_picked":["Fantasy_PerpetualMotionMachine_purple","MeetDecomposer_purple"],"picked":"RuptureOfTimeAndSpace_purple","floor":3},{"not_picked":["DarkRealmRedLine_purple","OpenedBox_purple"],"picked":"PurpleNeedle_purple","floor":6},{"not_picked":["WorldDissolvedintheRealm_purple","StateErode_purple"],"picked":"Line_surface_state_purple","floor":8},{"not_picked":["Realm_recovery_purpleEX","Boundary_ObjectiveBoundary_purple"],"picked":"OmniscientAndOmnipotent_Monster_purple","floor":10},{"not_picked":["SharpContractionReality_purple","ProofOfUnderstanding_purple","RuleDissolution_purple"],"picked":"SKIP","floor":12},{"not_picked":["SfantasyHide_purple","WorldDissolvedintheRealm_purple"],"picked":"Mirror_FormAndEmptin_purple","floor":14},{"not_picked":["WasteWire_Metro_purple","WangLiang_OokamiKakushi_purple"],"picked":"Mirror_TwoAndThreeElementRealm_purple","floor":16},{"not_picked":["Erosivefilter_purple","StateDuplicate_purple"],"picked":"Charmbait_purple","floor":18},{"not_picked":["StateDuplicate_purple","CommonSense_AntiCommonSense_purple"],"picked":"StateErode_purple+1","floor":20},{"not_picked":["DimensionStaggered_purple","OmniscientAndOmnipotent_Monster_purple"],"picked":"Worldmountain_purple+1","floor":21},{"not_picked":["WorldDissolvedintheRealm_purple","MetroBOOM_purple"],"picked":"Boundary_LifeAndDeath_purple","floor":24},{"not_picked":["Umbrella_purple+1","WeekHit_purple"],"picked":"ExistenceContinue_purple","floor":27},{"not_picked":["RealityDreamConfluencek_purple+1","Mirror_FormAndEmptin_purple"],"picked":"WorldDissolvedintheRealm_purple","floor":29},{"not_picked":["Worldmountain_purple+1","Realm_recovery_purpleEX"],"picked":"Anti_communist_purple+1","floor":30},{"not_picked":["Human_Monster_Realm_purple","ProofOfUnderstanding_purple"],"picked":"Monsters_DoubleDeathButterfly_purple","floor":33},{"not_picked":["Realm_recovery_purpleEX+1","SharpContractionReality_purple"],"picked":"DimensionStaggered_purple","floor":35},{"not_picked":["Shallow_ocean_purpleEX","StateErode_purple"],"picked":"Boundary_of_Extermination_purpleEX","floor":42},{"not_picked":["RealityDreamConfluencek_purple+1","StateDuplicate_purple"],"picked":"WeekHit_purple+1","floor":44},{"not_picked":["Mirror_FormAndEmptin_purple+1","StateErode_purple+1"],"picked":"MeetDecomposer_purple+1","floor":45},{"not_picked":["RuleDissolution_purple","ExistenceContinue_purple"],"picked":"StateDuplicate_purple+1","floor":47},{"not_picked":["Mirror_FourBoundary_purple","WeekHit_purple+1"],"picked":"Human_Monster_Realm_purple","floor":54}],"player_experience":524348,"relics_obtained":[{"floor":6,"key":"Centennial Puzzle"},{"floor":8,"key":"Whetstone"},{"floor":9,"key":"Blood Vial"},{"floor":10,"key":"Unceasing Top"},{"floor":20,"key":"Bird Faced Urn"},{"floor":20,"key":"Turnip"},{"floor":24,"key":"Happy Flower"},{"floor":26,"key":"Ancient Tea Set"},{"floor":30,"key":"War Paint"},{"floor":39,"key":"Letter Opener"},{"floor":46,"key":"Pantograph"},{"floor":47,"key":"Omamori"},{"floor":54,"key":"Mummified Hand"}],"event_choices":[],"is_beta":false,"boss_relics":[{"not_picked":["Empty Cage","Fusion Hammer"],"picked":"SacredBark"},{"not_picked":["RedLine:ReiMu","Pandora\u0027s Box"],"picked":"Coffee Dripper"}],"items_purged_floors":[22,31],"is_endless":false,"potions_floor_spawned":[3,8,14,16,24,27,33,42,44,47,54],"ascension_level":1}}