{"host":"gk9qdtkqd8dwfeg2","time":1608977987,"event":{"mods":["Act Like it!","Aspiration","BaseMod","Colored Powertips","Gensokyo","Minty Spire (QoL Compilation)","Quick Restart","Replay The Spire","Shop Mod","StSLib","TestMod","The Servant 0.9.4","Waifu the Spire","vexMod"],"gold_per_floor":[16,67,67,79,98,127,527,556,556,556,556,589,608,619,619,723,723,737,677,688,688,748,783,783,809,891,916,916,941,238,251,251,363,363,388,388,217,324,391,391,471,538,538,566,286,318,318,348,348,402,402,402,29,99,122],"floor_reached":56,"playtime":1949,"items_purged":["Strike_R","Hemokinesis","Bash"],"score":1988,"play_id":"fcf82a28-e248-4a18-99bd-0bf16da9c2dd","local_time":"20201226181947","is_ascension_mode":true,"campfire_choices":[{"data":"Armaments","floor":10.0,"key":"SMITH"},{"data":"Body Slam","floor":15.0,"key":"SMITH"},{"data":"Abandon","floor":24.0,"key":"SMITH"},{"data":"Sentinel","floor":28.0,"key":"SMITH"},{"floor":32.0,"key":"RECALL"},{"data":"Feel No Pain","floor":40,"key":"SMITH"},{"data":"Dark Embrace","floor":47,"key":"SMITH"},{"data":"Fire Breathing","floor":49,"key":"SMITH"},{"data":"Defy Death","floor":52,"key":"SMITH"}],"circlet_count":0,"master_deck":["Eclipse","Defy Death+1","Dark Embrace+1","Abandon+1","Fire Breathing+1","Armaments+1","Barricade+1","Body Slam+1","Power Through","Feel No Pain+1","Sentinel+1","Abandon+1","True Grit+1","Berserk+1","Seeing Red+1","Offering+1","Entrench+1"],"relics":["Burning Blood","testmod-ArcanaOfDestiny","Eternal Feather","Replay:Mystery Machine","Golden Egg","aspiration:HummingbirdHeart","WarpedTongs","Singing Bowl","Replay:Drink Me","Ring of Hypnosis","ReplayTheSpireMod:Ring of Challenge","Akabeko","testmod-OneHitWonder","Pantograph","HornCleat","Pen Nib","MerchantsRug","Chameleon Ring","testmod-Acrobat","ReplayTheSpireMod:Lightbulb","TungstenRod","Incense Burner","Orichalcum","ClockworkSouvenir","testmod-TurbochargingSystem","Lantern","Vajra","vexMod:Dragonfruit","Kunai"],"acts_visited":["Exordium","TheCity","TheBeyond","TheEnding"],"potions_floor_usage":[38,55,55,55],"damage_taken":[{"damage":9.0,"enemies":"Jaw Worm","floor":1.0,"turns":3.0},{"damage":4.0,"enemies":"Small Slimes","floor":4.0,"turns":3.0},{"damage":8.0,"enemies":"Cultist","floor":5.0,"turns":3.0},{"damage":14.0,"enemies":"Lagavulin","floor":6.0,"turns":4.0},{"damage":31.0,"enemies":"Gremlin Nob","floor":8.0,"turns":4.0},{"damage":18.0,"enemies":"Lagavulin","floor":12.0,"turns":6.0},{"damage":7.0,"enemies":"Lots of Slimes","floor":13.0,"turns":5.0},{"damage":2.0,"enemies":"Looter","floor":14.0,"turns":4.0},{"damage":7.0,"enemies":"Fading Forest","floor":16.0,"turns":9.0},{"damage":0.0,"enemies":"Spheric Guardian","floor":18.0,"turns":4.0},{"damage":6.0,"enemies":"Shell Parasite","floor":20.0,"turns":3.0},{"damage":1.0,"enemies":"Centurion and Healer","floor":22.0,"turns":4.0},{"damage":0.0,"enemies":"Replay:Snechameleon","floor":23.0,"turns":4.0},{"damage":27.0,"enemies":"Slavers","floor":25.0,"turns":6.0},{"damage":0.0,"enemies":"Gremlin Leader","floor":27.0,"turns":5.0},{"damage":0.0,"enemies":"Replay:Snechameleon","floor":29.0,"turns":4.0},{"damage":0.0,"enemies":"Snecko","floor":31.0,"turns":4.0},{"damage":0.0,"enemies":"Pondfish","floor":33.0,"turns":4.0},{"damage":9.0,"enemies":"3 Darklings","floor":35.0,"turns":3.0},{"damage":0,"enemies":"2 Orb Walkers","floor":38,"turns":2},{"damage":0,"enemies":"Orb Walker","floor":39,"turns":2},{"damage":0,"enemies":"R_Hoarder","floor":41,"turns":2},{"damage":5,"enemies":"Jaw Worm Horde","floor":42,"turns":1},{"damage":5,"enemies":"Spire Growth","floor":44,"turns":1},{"damage":5,"enemies":"Reptomancer","floor":46,"turns":2},{"damage":5,"enemies":"Sphere and 2 Shapes","floor":48,"turns":1},{"damage":0,"enemies":"Replay:Hell Engine","floor":50,"turns":1},{"damage":5,"enemies":"Shield and Spear","floor":54,"turns":1},{"damage":5,"enemies":"The Heart","floor":55,"turns":3}],"seed_played":"2599571967699804022","potions_obtained":[{"floor":1.0,"key":"Weak Potion"},{"floor":2.0,"key":"Death Potion"},{"floor":12.0,"key":"ColorlessPotion"},{"floor":13.0,"key":"AttackPotion"},{"floor":16.0,"key":"PowerPotion"},{"floor":22.0,"key":"Fire Potion"},{"floor":27.0,"key":"Adrenaline Potion"},{"floor":29.0,"key":"Adrenaline Potion"},{"floor":36,"key":"testmod-TestPotion"},{"floor":41,"key":"Dexterity Potion"}],"is_trial":false,"path_per_floor":["M","?","?","M","M","E","?","E","T","R","?","E","M","M","R","B",null,"M","?","M","?","M","E","R","E","T","E","R","E","$","M","R","B",null,"M","?","$","?","M","R","E","M","T","M","$","E","R","M","R","B",null,"R","$","E","B",null],"character_chosen":"IRONCLAD","items_purchased":["MerchantsRug","Chameleon Ring","Abandon","testmod-Acrobat","ReplayTheSpireMod:Lightbulb","ClockworkSouvenir","Lantern","Vajra","Entrench"],"campfire_rested":0,"item_purchase_floors":[30,30,30,30,37,45,53,53,53],"current_hp_per_floor":[77,77,77,79,77,69,69,44,44,53,53,43,42,46,55,56,63,65,65,65,65,67,67,67,48,48,56,65,73,73,73,73,73,73,70,70,70,75,77,77,77,79,79,81,81,83,83,85,85,85,85,85,85,92,92],"gold":122,"neow_bonus":"TRANSFORM_TWO_CARDS","is_daily":false,"chose_seed":false,"campfire_upgraded":8,"win_rate":0.0,"timestamp":1608977987,"path_taken":["M","?","?","?","?","E","?","E","T","R","?","E","M","M","R","BOSS","M","?","M","?","M","E","R","E","T","E","R","E","$","M","R","BOSS","M","?","$","?","M","R","E","M","T","M","?","E","R","M","R","BOSS","R","$","E","BOSS"],"items_purchased_type":["Relic","Relic","Card","Relic","Relic","Relic","Relic","Relic","Card"],"build_version":"2020-12-22","purchased_purges":3,"victory":true,"max_hp_per_floor":[80,80,80,80,80,80,80,80,80,80,80,82,82,82,82,84,63,65,65,65,65,67,67,67,69,69,71,71,73,73,73,73,73,73,73,73,73,75,77,77,77,79,79,81,81,83,83,85,85,85,85,85,85,92,92],"card_choices":[{"not_picked":["Run Through","Shrug It Off"],"picked":"Defy Death","floor":1.0},{"not_picked":["Armaments","Anger"],"picked":"Dark Embrace","floor":2.0},{"not_picked":["Wild Strike","Heavy Blade"],"picked":"Abandon","floor":4.0},{"not_picked":["Seeing Red","Perfected Strike"],"picked":"Fire Breathing","floor":5.0},{"not_picked":["Hemokinesis","Demon Form"],"picked":"Armaments","floor":6.0},{"not_picked":["Juggernaut","ReplayTheSpireMod:Stacked"],"picked":"Barricade","floor":8.0},{"not_picked":["Anger","Pommel Strike","Warcry"],"picked":"Singing Bowl","floor":12.0},{"not_picked":["Sentinel","Clash"],"picked":"Body Slam","floor":13.0},{"not_picked":["Heavy Blade","Clothesline"],"picked":"Power Through","floor":14.0},{"not_picked":["Hemogenesis","Bludgeon","Immolate"],"picked":"Singing Bowl","floor":16.0},{"not_picked":["ReplayTheSpireMod:Limb From Limb","Headbutt","Heavy Blade+1"],"picked":"Singing Bowl","floor":18.0},{"not_picked":["Armaments","Warcry"],"picked":"Feel No Pain","floor":20.0},{"not_picked":["Clothesline","Bludgeon","Anger+1"],"picked":"Singing Bowl","floor":22.0},{"not_picked":["Thunderclap","Twin Strike+1"],"picked":"Sentinel","floor":23.0},{"not_picked":["Run Through","Feed","Disarm"],"picked":"Singing Bowl","floor":25.0},{"not_picked":["Armaments","Headbutt","ReplayTheSpireMod:Corrosion Curse"],"picked":"Singing Bowl","floor":27.0},{"not_picked":["Shrug It Off","Headbutt","Feed"],"picked":"Singing Bowl","floor":29.0},{"not_picked":["Wild Strike","Sword Boomerang"],"picked":"True Grit+1","floor":31.0},{"not_picked":["Juggernaut","Brutality"],"picked":"Berserk","floor":33.0},{"not_picked":["Body Slam","Entrench"],"picked":"Seeing Red+1","floor":35.0},{"not_picked":["Cleave","Wild Strike+1","Run Through"],"picked":"Singing Bowl","floor":38},{"not_picked":["Thunderclap+1","Heavy Blade+1","Anger+1"],"picked":"Singing Bowl","floor":39},{"not_picked":["Evolve","ReplayTheSpireMod:LeadingStrike"],"picked":"Offering","floor":41},{"not_picked":["Evolve","ReplayTheSpireMod:Strike From Hell","ReplayTheSpireMod:Limb From Limb"],"picked":"Singing Bowl","floor":42},{"not_picked":["Iron Wave+1","Flame Barrier+1","Headbutt"],"picked":"Singing Bowl","floor":44},{"not_picked":["Headbutt+1","Heavy Blade","Double Tap"],"picked":"Singing Bowl","floor":46},{"not_picked":["Evolve+1","Cleave","Warcry"],"picked":"Singing Bowl","floor":48},{"not_picked":["Body Slam","Anger+1","Dual Wield"],"picked":"Singing Bowl","floor":54}],"player_experience":568853,"relics_obtained":[{"floor":2.0,"key":"Eternal Feather"},{"floor":6.0,"key":"Replay:Mystery Machine"},{"floor":8.0,"key":"Golden Egg"},{"floor":9.0,"key":"aspiration:HummingbirdHeart"},{"floor":12.0,"key":"Singing Bowl"},{"floor":21.0,"key":"Ring of Hypnosis"},{"floor":21.0,"key":"ReplayTheSpireMod:Ring of Challenge"},{"floor":23.0,"key":"Akabeko"},{"floor":25.0,"key":"testmod-OneHitWonder"},{"floor":26.0,"key":"Pantograph"},{"floor":27.0,"key":"HornCleat"},{"floor":29.0,"key":"Pen Nib"},{"floor":38,"key":"TungstenRod"},{"floor":41,"key":"Incense Burner"},{"floor":41,"key":"Orichalcum"},{"floor":46,"key":"testmod-TurbochargingSystem"},{"floor":54,"key":"vexMod:Dragonfruit"},{"floor":54,"key":"Kunai"}],"event_choices":[{"cards_removed":["ReplayTheSpireMod:Splinters"],"damage_healed":0.0,"max_hp_gain":0.0,"max_hp_loss":0.0,"gold_gain":0.0,"event_name":"Fountain of Cleansing","player_choice":"Removed Curses","floor":3.0,"gold_loss":0.0,"damage_taken":0.0},{"damage_healed":0.0,"max_hp_gain":0.0,"max_hp_loss":0.0,"gold_gain":400.0,"event_name":"¶÷ÂåË¹µÄÅÌ×Ó","player_choice":"Sell","floor":7.0,"relics_lost":["testmod-TestBox"],"gold_loss":0.0,"damage_taken":0.0},{"damage_healed":0.0,"max_hp_gain":0.0,"max_hp_loss":0.0,"gold_gain":0.0,"event_name":"Accursed Blacksmith","player_choice":"Rummage","floor":11.0,"gold_loss":0.0,"damage_taken":0.0,"relics_obtained":["WarpedTongs"],"cards_obtained":["Pain"]},{"damage_healed":0,"gold_gain":0,"player_choice":"Fight","damage_taken":0,"max_hp_gain":0,"max_hp_loss":0,"event_name":"Mysterious Sphere","floor":38,"gold_loss":0}],"is_beta":false,"boss_relics":[{"not_picked":["testmod-HarvestTotem","vexMod:RockOfEvil"],"picked":"Replay:Drink Me"},{"not_picked":["Busted Crown","vexMod:MysteryBossChallenge"],"picked":"testmod-KeyOfTheVoid"}],"items_purged_floors":[30,37,45],"is_endless":false,"potions_floor_spawned":[1,12,13,16,22,27,29,31,41,42,44,46,48],"ascension_level":3}}