{"host":"wshh0nphwn6jv7vj","time":1608978383,"event":{"mods":["BaseMod","Bestiary","Minty Spire (QoL Compilation)"],"gold_per_floor":[110,110,110,110,110,142,142,176,213,258,270,296,343,368,380,469,481,509,540,57,71,71,103,114,141,141,173,189,220,232,265,265,342,342,361,40,52,52,62,62,62,62,62,96,113,138,165,176,176,176,176,176,34,64,64],"floor_reached":56,"playtime":4593,"items_purged":[],"score":2634,"play_id":"b58baed7-e089-4d9b-bfdc-d3ee8c70a3ef","local_time":"20201226052623","is_ascension_mode":true,"campfire_choices":[{"floor":7,"key":"REST"},{"data":"Coolheaded","floor":11,"key":"SMITH"},{"floor":15,"key":"REST"},{"data":"Recycle","floor":32,"key":"SMITH"},{"data":"Fission","floor":40,"key":"SMITH"},{"floor":42,"key":"RECALL"},{"data":"Aggregate","floor":49,"key":"SMITH"},{"data":"Hologram","floor":52,"key":"SMITH"}],"circlet_count":0,"master_deck":["AscendersBane","Zap","Go for the Eyes","Conserve Battery","Reboot","Compile Driver+1","Doom and Gloom+1","Go for the Eyes","Barrage","Coolheaded+1","Fission+1","White Noise","Sweeping Beam","White Noise","Ball Lightning","Undo","Steam","Cold Snap","Chill","Electrodynamics","Double Energy","Conserve Battery+1","Aggregate+1","Recycle+1","FTL","Defragment","Hologram+1","Aggregate","Creative AI","All For One","Chill","Madness","Madness","Heatsinks+1","Heatsinks","Consume","Redo","Steam Power","Force Field"],"relics":["Pandora\u0027s Box","DataDisk","Ice Cream","MawBank","Strawberry","Centennial Puzzle","Bottled Lightning","Runic Pyramid","Bird Faced Urn","Lantern","Unceasing Top","Dream Catcher","White Beast Statue","Potion Belt","Happy Flower","Pocketwatch","Inserter","Medical Kit","Toy Ornithopter","Juzu Bracelet","Mango","Orichalcum","Pear"],"acts_visited":["Exordium","TheCity","TheBeyond","TheEnding"],"potions_floor_usage":[16,16,25,30,31,33,35,44,47,50,54,55,55,55,55],"damage_taken":[{"damage":11,"enemies":"Small Slimes","floor":1,"turns":3},{"damage":26,"enemies":"3 Sentries","floor":6,"turns":5},{"damage":5,"enemies":"Lagavulin","floor":8,"turns":5},{"damage":6,"enemies":"Gremlin Nob","floor":10,"turns":3},{"damage":0,"enemies":"Jaw Worm","floor":12,"turns":2},{"damage":1,"enemies":"3 Sentries","floor":13,"turns":2},{"damage":0,"enemies":"2 Louse","floor":14,"turns":2},{"damage":0,"enemies":"Slime Boss","floor":16,"turns":5},{"damage":0,"enemies":"Chosen","floor":18,"turns":4},{"damage":0,"enemies":"3 Byrds","floor":19,"turns":2},{"damage":0,"enemies":"3 Cultists","floor":21,"turns":4},{"damage":0,"enemies":"Gremlin Leader","floor":23,"turns":3},{"damage":0,"enemies":"Centurion and Healer","floor":24,"turns":4},{"damage":0,"enemies":"Slavers","floor":25,"turns":2},{"damage":0,"enemies":"Gremlin Leader","floor":27,"turns":5},{"damage":0,"enemies":"Snake Plant","floor":28,"turns":4},{"damage":16,"enemies":"Slavers","floor":29,"turns":3},{"damage":0,"enemies":"Snecko","floor":30,"turns":3},{"damage":0,"enemies":"Book of Stabbing","floor":31,"turns":4},{"damage":0,"enemies":"Champ","floor":33,"turns":5},{"damage":0,"enemies":"Orb Walker","floor":35,"turns":3},{"damage":0,"enemies":"3 Darklings","floor":37,"turns":2},{"damage":6,"enemies":"Transient","floor":39,"turns":5},{"damage":4,"enemies":"Reptomancer","floor":44,"turns":4},{"damage":0,"enemies":"Spire Growth","floor":45,"turns":4},{"damage":9,"enemies":"Mind Bloom Boss Battle","floor":46,"turns":6},{"damage":0,"enemies":"Giant Head","floor":47,"turns":5},{"damage":6,"enemies":"Sphere and 2 Shapes","floor":48,"turns":3},{"damage":35,"enemies":"Time Eater","floor":50,"turns":8},{"damage":5,"enemies":"Shield and Spear","floor":54,"turns":7},{"damage":39,"enemies":"The Heart","floor":55,"turns":9}],"seed_played":"-335047148533627169","potions_obtained":[{"floor":10,"key":"Strength Potion"},{"floor":12,"key":"SpeedPotion"},{"floor":13,"key":"Fire Potion"},{"floor":18,"key":"FocusPotion"},{"floor":23,"key":"SmokeBomb"},{"floor":27,"key":"SkillPotion"},{"floor":28,"key":"SteroidPotion"},{"floor":29,"key":"PowerPotion"},{"floor":30,"key":"Dexterity Potion"},{"floor":31,"key":"SteroidPotion"},{"floor":33,"key":"Weak Potion"},{"floor":35,"key":"SpeedPotion"},{"floor":37,"key":"DuplicationPotion"},{"floor":39,"key":"EssenceOfSteel"},{"floor":44,"key":"SmokeBomb"},{"floor":45,"key":"BlessingOfTheForge"},{"floor":46,"key":"LiquidMemories"},{"floor":47,"key":"SteroidPotion"},{"floor":48,"key":"ColorlessPotion"},{"floor":54,"key":"Block Potion"}],"is_trial":false,"path_per_floor":["M","?","?","?","?","E","R","E","T","E","R","M","E","M","R","B",null,"M","M","$","M","?","E","M","E","T","E","M","E","M","E","R","B",null,"M","$","M","?","M","R","?","R","T","E","M","?","E","M","R","B",null,"R","$","E","B",null],"character_chosen":"DEFECT","items_purchased":["Bird Faced Urn","Lantern","Medical Kit","Toy Ornithopter","FocusPotion","Steam Power"],"campfire_rested":2,"item_purchase_floors":[20,20,36,36,53,53],"current_hp_per_floor":[53,32,32,27,27,1,22,17,24,18,18,18,17,17,40,40,69,69,69,69,73,51,55,57,59,59,75,83,67,73,81,81,83,83,83,83,83,68,82,82,82,82,82,83,83,97,97,95,95,78,92,92,92,106,97],"gold":64,"neow_bonus":"BOSS_RELIC","is_daily":false,"chose_seed":false,"campfire_upgraded":5,"win_rate":0.0,"timestamp":1608978383,"path_taken":["M","?","?","?","?","E","R","E","T","E","R","M","E","M","R","BOSS","M","?","$","M","?","E","M","E","T","E","M","E","M","E","R","BOSS","M","$","M","?","M","R","?","R","T","E","M","?","E","M","R","BOSS","R","$","E","BOSS"],"items_purchased_type":["Relic","Relic","Relic","Relic","Potion","Card"],"build_version":"2020-12-22","purchased_purges":0,"victory":true,"max_hp_per_floor":[71,71,71,71,71,71,71,71,78,78,78,78,78,78,78,78,78,78,78,78,78,83,83,83,83,83,83,83,83,83,83,83,83,83,83,83,83,83,83,83,83,83,83,83,83,97,97,97,97,97,97,97,97,107,107],"card_choices":[{"not_picked":["Go for the Eyes","Double Energy"],"picked":"Coolheaded","floor":1},{"not_picked":["Stack","Steam Power"],"picked":"White Noise","floor":6},{"not_picked":["Barrage","Streamline"],"picked":"Ball Lightning","floor":8},{"not_picked":["Coolheaded","Rebound"],"picked":"Undo","floor":10},{"not_picked":["Consume","Creative AI"],"picked":"Steam","floor":12},{"not_picked":["Stack","Leap"],"picked":"Cold Snap","floor":13},{"not_picked":["Reprogram","Rebound"],"picked":"Chill","floor":14},{"not_picked":["Meteor Strike","Creative AI"],"picked":"Electrodynamics","floor":16},{"not_picked":["Streamline","Go for the Eyes"],"picked":"Double Energy","floor":18},{"not_picked":["Static Discharge","Sweeping Beam"],"picked":"Conserve Battery+1","floor":19},{"not_picked":["Go for the Eyes","Conserve Battery"],"picked":"Aggregate","floor":21},{"not_picked":["Loop","Sunder"],"picked":"Recycle","floor":23},{"not_picked":["Redo","Sweeping Beam"],"picked":"FTL","floor":24},{"not_picked":["Rebound+1","Barrage+1"],"picked":"Defragment","floor":25},{"not_picked":["Consume","Force Field","Ball Lightning"],"picked":"SKIP","floor":27},{"not_picked":["Conserve Battery+1","Force Field"],"picked":"Hologram","floor":28},{"not_picked":["Undo","Darkness","Turbo"],"picked":"SKIP","floor":29},{"not_picked":["Recycle","Ball Lightning"],"picked":"Aggregate","floor":30},{"not_picked":["Compile Driver","Go for the Eyes"],"picked":"Creative AI","floor":31},{"not_picked":["Creative AI","Thunder Strike"],"picked":"All For One","floor":33},{"not_picked":["Conserve Battery","Go for the Eyes","Sweeping Beam"],"picked":"SKIP","floor":35},{"not_picked":["Doom and Gloom+1","Fusion"],"picked":"Chill","floor":37},{"not_picked":["Leap","White Noise"],"picked":"Heatsinks+1","floor":39},{"not_picked":["Auto Shields","Coolheaded","Sweeping Beam"],"picked":"SKIP","floor":44},{"not_picked":["Redo","Genetic Algorithm"],"picked":"Consume","floor":45},{"not_picked":["Hologram","Beam Cell"],"picked":"Redo","floor":46},{"not_picked":["Melter","Beam Cell","FTL"],"picked":"SKIP","floor":47},{"not_picked":["Genetic Algorithm","Turbo","Ball Lightning"],"picked":"SKIP","floor":48},{"not_picked":["Streamline+1","Doom and Gloom+1"],"picked":"Force Field","floor":54}],"player_experience":1495968,"relics_obtained":[{"floor":6,"key":"Ice Cream"},{"floor":8,"key":"MawBank"},{"floor":9,"key":"Strawberry"},{"floor":10,"key":"Centennial Puzzle"},{"floor":13,"key":"Bottled Lightning"},{"floor":23,"key":"Unceasing Top"},{"floor":25,"key":"Dream Catcher"},{"floor":26,"key":"White Beast Statue"},{"floor":27,"key":"Potion Belt"},{"floor":29,"key":"Happy Flower"},{"floor":31,"key":"Pocketwatch"},{"floor":44,"key":"Juzu Bracelet"},{"floor":46,"key":"Mango"},{"floor":47,"key":"Orichalcum"},{"floor":54,"key":"Pear"}],"event_choices":[{"damage_healed":0,"gold_gain":0,"player_choice":"Entered Light","damage_taken":21,"max_hp_gain":0,"max_hp_loss":0,"event_name":"Shining Light","floor":2,"gold_loss":0,"cards_upgraded":["Compile Driver","Doom and Gloom"]},{"damage_healed":0,"gold_gain":0,"cards_transformed":["Thunder Strike"],"player_choice":"Change","damage_taken":0,"max_hp_gain":0,"max_hp_loss":0,"event_name":"Living Wall","floor":3,"gold_loss":0,"cards_obtained":["Fission"]},{"damage_healed":0,"gold_gain":0,"player_choice":"Success","damage_taken":5,"relics_obtained":["DataDisk"],"max_hp_gain":0,"max_hp_loss":0,"event_name":"Scrap Ooze","floor":4,"gold_loss":0},{"damage_healed":0,"gold_gain":0,"player_choice":"2 cards matched","damage_taken":0,"max_hp_gain":0,"max_hp_loss":0,"event_name":"Match and Keep!","floor":5,"gold_loss":0,"cards_obtained":["White Noise","Sweeping Beam"]},{"damage_healed":0,"gold_gain":0,"player_choice":"2 cards matched","damage_taken":0,"max_hp_gain":0,"max_hp_loss":0,"event_name":"Match and Keep!","floor":5,"gold_loss":0,"cards_obtained":["White Noise","Sweeping Beam"]},{"damage_healed":0,"gold_gain":0,"player_choice":"Shed Blood","damage_taken":27,"max_hp_gain":5,"max_hp_loss":0,"event_name":"Forgotten Altar","floor":22,"gold_loss":0},{"damage_healed":0,"gold_gain":0,"player_choice":"Embrace Madness","damage_taken":15,"max_hp_gain":0,"max_hp_loss":0,"event_name":"Winding Halls","floor":38,"gold_loss":0,"cards_obtained":["Madness","Madness"]},{"damage_healed":0,"gold_gain":0,"cards_transformed":["Dualcast"],"player_choice":"Transformed","damage_taken":0,"max_hp_gain":0,"max_hp_loss":0,"event_name":"Transmorgrifier","floor":41,"gold_loss":0,"cards_obtained":["Heatsinks"]},{"damage_healed":0,"gold_gain":0,"player_choice":"Fight","damage_taken":0,"max_hp_gain":0,"max_hp_loss":0,"event_name":"MindBloom","floor":46,"gold_loss":0}],"is_beta":false,"boss_relics":[{"not_picked":["Black Star","Tiny House"],"picked":"Runic Pyramid"},{"not_picked":["Velvet Choker","Fusion Hammer"],"picked":"Inserter"}],"items_purged_floors":[],"is_endless":false,"potions_floor_spawned":[10,12,13,18,23,27,28,29,30,31,33,35,37,39,44,45,46,47,48,54],"ascension_level":16}}