{"host":"2461dio7vetlq1z3","time":1608981981,"event":{"mods":["2.2 Compatiblity","AchievementEnabler","Aspiration","BaseMod","Better Third Choice","Friendly Minions","Hermit","Minty Spire (QoL Compilation)","Relic Stats","Spicy Shops","StSLib","Waifu the Spire"],"gold_per_floor":[115,126,140,155,1,1,36,36,36,36,36],"floor_reached":10,"playtime":274,"items_purged":["Defend_B"],"score":186,"play_id":"5e552889-9d7b-4871-9af0-7e7dcf9c7731","local_time":"20201226122621","is_ascension_mode":true,"campfire_choices":[{"data":"Zap","floor":6,"key":"SMITH"}],"circlet_count":0,"master_deck":["AscendersBane","Strike_B","Strike_B","Strike_B","Strike_B","Defend_B+1","Defend_B+1","Defend_B","Zap+1","Dualcast","Auto Shields","Leap","Gash","Capacitor","Reinforced Body"],"relics":["Cracked Core","War Paint","Tiny Chest","Incense Burner"],"acts_visited":["Exordium"],"potions_floor_usage":[7,10],"damage_taken":[{"damage":0,"enemies":"Cultist","floor":1,"turns":4},{"damage":0,"enemies":"Small Slimes","floor":2,"turns":3},{"damage":0,"enemies":"2 Louse","floor":3,"turns":1},{"damage":0,"enemies":"Blue Slaver","floor":4,"turns":5},{"damage":0,"enemies":"Lagavulin","floor":7,"turns":8},{"damage":66,"enemies":"Gremlin Nob","floor":10,"turns":4}],"seed_played":"8821067920327021734","potions_obtained":[{"floor":1,"key":"Dexterity Potion"},{"floor":2,"key":"SpeedPotion"},{"floor":4,"key":"DistilledChaos"}],"is_trial":false,"path_per_floor":["M","M","M","M","$","R","E","$","T","E"],"character_chosen":"DEFECT","items_purchased":["Capacitor"],"campfire_rested":0,"item_purchase_floors":[5],"current_hp_per_floor":[64,64,64,64,64,64,64,64,64,0,0],"gold":36,"neow_bonus":"RANDOM_COMMON_RELIC","is_daily":false,"chose_seed":false,"campfire_upgraded":1,"win_rate":0.0,"timestamp":1608981981,"path_taken":["M","M","M","M","$","R","E","?","T","E"],"items_purchased_type":["Card"],"build_version":"2020-12-22","purchased_purges":1,"victory":false,"max_hp_per_floor":[71,71,71,71,71,71,71,71,71,71,71],"relic_stats":{"counters":[6,25],"Tiny Chest":0,"War Paint":["Defend_B","Defend_B"],"obtain_stats":[{"Tiny Chest":7,"Incense Burner":9,"War Paint":0,"Cracked Core":0},{"Tiny Chest":5,"Incense Burner":5,"War Paint":0,"Cracked Core":0},{"Tiny Chest":21,"Incense Burner":21,"War Paint":0,"Cracked Core":0}]},"card_choices":[{"not_picked":["Redo","Scrape"],"picked":"Auto Shields","floor":1},{"not_picked":["Tempest","Aggregate"],"picked":"Leap","floor":2},{"not_picked":["Steam","Aggregate","Turbo"],"picked":"SKIP","floor":3},{"not_picked":["Redo","Reinforced Body"],"picked":"Gash","floor":4},{"not_picked":["Conserve Battery","Aggregate"],"picked":"Reinforced Body","floor":7}],"player_experience":933603,"relics_obtained":[{"floor":7,"key":"Tiny Chest"},{"floor":9,"key":"Incense Burner"}],"event_choices":[],"is_beta":false,"boss_relics":[],"items_purged_floors":[5],"is_endless":false,"potions_floor_spawned":[1,2,4],"killed_by":"Gremlin Nob","ascension_level":20}}