{"host":"f6tqpspb2ou2a4h5","time":1608943743,"event":{"mods":["2.2 Compatiblity","Ascension Unlocker","BaseMod","Colored Map","DeckTracker","Hermit","Highlight Path","KOR Keyword Fix","Keyboard Shortcuts","Minty Spire (QoL Compilation)","Permanent Neow","Quick Restart","Random Character Button","StSLib","SuperFastMode","The Poker Player","everything is the same but u backflip on backflip"],"gold_per_floor":[110,125,10,29,42,42,60,75,75,75,152,170,170,180,180,259,259,274,287,212,212,212],"floor_reached":21,"playtime":925,"items_purged":[],"score":450,"play_id":"7dfec86e-958e-496b-9964-46f387ba774f","local_time":"20201226094903","is_ascension_mode":true,"campfire_choices":[{"floor":6,"key":"REST"},{"floor":15,"key":"REST"}],"circlet_count":0,"master_deck":["AscendersBane","Strike_G","Strike_G","Strike_G","Strike_G","Defend_G","Defend_G","Defend_G","Defend_G","Defend_G","Survivor","Neutralize","Apotheosis","Poisoned Stab","Poisoned Stab","Footwork","Backflip","Blur","Tactician","Backstab","Finisher","Acrobatics","Bullet Time","Dagger Spray"],"relics":["Ring of the Snake","Bottled Flame","The Specimen","HoveringKite"],"acts_visited":["Exordium","TheCity"],"potions_floor_usage":[8,16,16,16,16],"damage_taken":[{"damage":7,"enemies":"2 Louse","floor":1,"turns":3},{"damage":2,"enemies":"Jaw Worm","floor":2,"turns":5},{"damage":10,"enemies":"Small Slimes","floor":4,"turns":4},{"damage":5,"enemies":"Blue Slaver","floor":5,"turns":5},{"damage":3,"enemies":"Looter","floor":7,"turns":3},{"damage":0,"enemies":"Exordium Thugs","floor":8,"turns":7},{"damage":1,"enemies":"Large Slime","floor":12,"turns":8},{"damage":5,"enemies":"Exordium Wildlife","floor":14,"turns":4},{"damage":0,"enemies":"Slime Boss","floor":16,"turns":9},{"damage":14,"enemies":"Spheric Guardian","floor":18,"turns":8},{"damage":17,"enemies":"Shell Parasite","floor":19,"turns":6},{"damage":51,"enemies":"3 Cultists","floor":21,"turns":5}],"seed_played":"1684463287136239690","potions_obtained":[{"floor":5,"key":"PowerPotion"},{"floor":12,"key":"EntropicBrew"},{"floor":14,"key":"DistilledChaos"}],"is_trial":false,"path_per_floor":["M","M","$","M","M","R","M","M","T","?","?","M","?","M","R","B",null,"M","M","?","M"],"character_chosen":"THE_SILENT","items_purchased":["Footwork","Backflip"],"campfire_rested":2,"item_purchase_floors":[3,3],"current_hp_per_floor":[37,35,35,25,20,39,36,36,36,18,18,17,39,34,53,53,63,49,32,32,0,0],"gold":212,"neow_bonus":"RANDOM_COLORLESS_2","is_daily":false,"chose_seed":false,"campfire_upgraded":0,"win_rate":0.0,"timestamp":1608943743,"path_taken":["M","M","$","M","M","R","M","M","T","?","?","M","?","M","R","BOSS","M","M","?","M"],"items_purchased_type":["Card","Card"],"build_version":"2020-12-22","purchased_purges":0,"victory":false,"max_hp_per_floor":[66,66,66,66,66,66,66,66,66,66,66,66,66,66,66,66,66,66,66,66,66,66],"card_choices":[{"not_picked":["Metamorphosis","Transmutation"],"picked":"Apotheosis","floor":0},{"not_picked":["Deflect","Backflip"],"picked":"Poisoned Stab","floor":1},{"not_picked":["Unload","Predator"],"picked":"Poisoned Stab","floor":2},{"not_picked":["Quick Slash","Blade Dance"],"picked":"Blur","floor":4},{"not_picked":["Flying Knee","Well Laid Plans"],"picked":"Tactician","floor":5},{"not_picked":["Sucker Punch","Dodge and Roll"],"picked":"Backstab","floor":7},{"not_picked":["PiercingWail","Cloak And Dagger"],"picked":"Finisher","floor":8},{"not_picked":["Leg Sweep","Dodge and Roll"],"picked":"Acrobatics","floor":12},{"not_picked":["Storm of Steel","PiercingWail","Quick Slash"],"picked":"SKIP","floor":14},{"not_picked":["Storm of Steel","Venomology"],"picked":"Bullet Time","floor":16},{"not_picked":["Endless Agony+1","Dodge and Roll","Deflect"],"picked":"SKIP","floor":18},{"not_picked":["Slice","Bouncing Flask"],"picked":"Dagger Spray","floor":19}],"player_experience":59069,"relics_obtained":[{"floor":9,"key":"Bottled Flame"}],"event_choices":[{"damage_healed":0,"gold_gain":0,"player_choice":"Success","damage_taken":18,"relics_obtained":["The Specimen"],"max_hp_gain":0,"max_hp_loss":0,"event_name":"Scrap Ooze","floor":10,"gold_loss":0},{"damage_healed":0,"gold_gain":77,"player_choice":"Gained Gold","damage_taken":0,"max_hp_gain":0,"max_hp_loss":0,"event_name":"Golden Wing","floor":11,"gold_loss":0},{"damage_healed":22,"gold_gain":0,"player_choice":"Banana","damage_taken":0,"max_hp_gain":0,"max_hp_loss":0,"event_name":"Big Fish","floor":13,"gold_loss":0},{"cards_removed":["Strike_G"],"damage_healed":0,"gold_gain":0,"player_choice":"Gave Gold","damage_taken":0,"max_hp_gain":0,"max_hp_loss":0,"event_name":"Beggar","floor":20,"gold_loss":75}],"is_beta":false,"boss_relics":[{"not_picked":["Ectoplasm","Snecko Eye"],"picked":"HoveringKite"}],"items_purged_floors":[],"is_endless":false,"potions_floor_spawned":[5,12,14],"killed_by":"3 Cultists","ascension_level":20}}