{"host":"6yklbc9za0aylqsj","time":1608983813,"event":{"mods":["AchievementEnabler","BaseMod","Bestiary","Colored Map","Colored Powertips","Minty Spire (QoL Compilation)","Rare Cards Sparkle","Relic Stats","Slay-I","StSLib"],"gold_per_floor":[119,44,44,61,75,75,110,110,137,165,3,3,23,56,56,133,133,152,168,218,3,18,18,18,18],"floor_reached":24,"playtime":805,"items_purged":[],"score":428,"play_id":"c972bc6a-eb27-4bd7-986d-e2c111dcd69d","local_time":"20201226125653","is_ascension_mode":true,"campfire_choices":[{"data":"Noxious Fumes","floor":6.0,"key":"SMITH"},{"floor":8.0,"key":"REST"},{"floor":12.0,"key":"REST"},{"data":"Blade Dance","floor":15.0,"key":"SMITH"}],"circlet_count":0,"master_deck":["AscendersBane","Strike_G","Strike_G","Defend_G","Defend_G","Defend_G","Defend_G","Defend_G","Survivor","Neutralize+1","Noxious Fumes+1","Blade Dance+1","Unload","Backstab","Terror","Bullet Time","Cloak And Dagger","All Out Attack","Accuracy","Prepared+1"],"relics":["Ring of the Snake","Strawberry","Regal Pillow","Dream Catcher","Lantern","Paper Crane","Empty Cage"],"acts_visited":["Exordium","TheCity"],"potions_floor_usage":[24,24],"damage_taken":[{"damage":2.0,"enemies":"Jaw Worm","floor":1.0,"turns":5.0},{"damage":4.0,"enemies":"Small Slimes","floor":4.0,"turns":5.0},{"damage":3.0,"enemies":"Cultist","floor":5.0,"turns":5.0},{"damage":42.0,"enemies":"Lagavulin","floor":7.0,"turns":9.0},{"damage":17.0,"enemies":"3 Sentries","floor":10.0,"turns":7.0},{"damage":0.0,"enemies":"3 Louse","floor":13.0,"turns":2.0},{"damage":9.0,"enemies":"Lagavulin","floor":14.0,"turns":4.0},{"damage":20.0,"enemies":"The Guardian","floor":16.0,"turns":9.0},{"damage":20.0,"enemies":"Shell Parasite","floor":18.0,"turns":4.0},{"damage":10.0,"enemies":"3 Byrds","floor":19.0,"turns":6.0},{"damage":21.0,"enemies":"Snecko","floor":22.0,"turns":6.0},{"damage":39,"enemies":"Shelled Parasite and Fungi","floor":24,"turns":3}],"seed_played":"9084358133584722160","potions_obtained":[{"floor":10.0,"key":"SkillPotion"},{"floor":13.0,"key":"Explosive Potion"},{"floor":14.0,"key":"ColorlessPotion"},{"floor":16.0,"key":"LiquidMemories"},{"floor":19.0,"key":"Weak Potion"},{"floor":22.0,"key":"AttackPotion"}],"is_trial":false,"path_per_floor":["M","?","?","M","M","R","E","R","T","E","$","R","M","E","R","B",null,"M","M","?","$","M","$","M"],"character_chosen":"THE_SILENT","items_purchased":["Lantern","All Out Attack","Accuracy","Regen Potion"],"campfire_rested":2,"item_purchase_floors":[11,21,21,21],"current_hp_per_floor":[63,63,63,59,56,56,21,44,44,27,27,65,65,56,56,36,68,48,38,38,38,32,32,0,0],"gold":18,"neow_bonus":"TEN_PERCENT_HP_BONUS","is_daily":false,"chose_seed":false,"campfire_upgraded":2,"win_rate":0.0,"timestamp":1608983813,"path_taken":["M","?","?","M","M","R","E","R","T","E","$","R","M","E","R","BOSS","M","M","?","$","M","?","M"],"items_purchased_type":["Relic","Card","Card","Potion"],"build_version":"2020-12-22","purchased_purges":0,"victory":false,"max_hp_per_floor":[72,72,72,72,72,72,79,79,79,79,79,79,79,79,79,79,79,79,79,79,79,79,79,79,79],"relic_stats":{"Regal Pillow":15,"Dream Catcher":1,"counters":[12,65],"obtain_stats":[{"Regal Pillow":9,"Dream Catcher":10,"Lantern":11,"Strawberry":7,"Paper Crane":14,"Empty Cage":17,"Ring of the Snake":0},{"Regal Pillow":4,"Dream Catcher":5,"Lantern":5,"Strawberry":4,"Paper Crane":7,"Empty Cage":8,"Ring of the Snake":0},{"Regal Pillow":24,"Dream Catcher":31,"Lantern":31,"Strawberry":24,"Paper Crane":37,"Empty Cage":46,"Ring of the Snake":0}],"Ring of the Snake":[24]},"card_choices":[{"not_picked":["Deadly Poison","Deflect"],"picked":"Noxious Fumes","floor":1.0},{"not_picked":["Acrobatics","Choke","PiercingWail"],"picked":"SKIP","floor":4.0},{"not_picked":["Well Laid Plans","Expertise"],"picked":"Blade Dance","floor":5.0},{"not_picked":["Crippling Poison","Riddle With Holes"],"picked":"Unload","floor":7.0},{"not_picked":["Backflip","Blur"],"picked":"Backstab","floor":10.0},{"not_picked":["Skewer","Sucker Punch"],"picked":"Terror","floor":12.0},{"not_picked":["PiercingWail","Heel Hook","Calculated Gamble"],"picked":"SKIP","floor":13.0},{"not_picked":["Accuracy","Terror","Endless Agony"],"picked":"SKIP","floor":14.0},{"not_picked":["Doppelganger","Tools of the Trade"],"picked":"Bullet Time","floor":16.0},{"not_picked":["Expertise","Bane"],"picked":"Cloak And Dagger","floor":18.0},{"not_picked":["Dodge and Roll","Acrobatics","Outmaneuver"],"picked":"SKIP","floor":19.0},{"not_picked":["Backflip+1","Setup"],"picked":"Prepared+1","floor":22.0}],"player_experience":682358,"relics_obtained":[{"floor":7.0,"key":"Strawberry"},{"floor":9.0,"key":"Regal Pillow"},{"floor":10.0,"key":"Dream Catcher"},{"floor":14.0,"key":"Paper Crane"}],"event_choices":[{"cards_removed":["Strike_G"],"damage_healed":0.0,"max_hp_gain":0.0,"max_hp_loss":0.0,"gold_gain":0.0,"event_name":"The Cleric","player_choice":"Card Removal","floor":2.0,"gold_loss":75.0,"damage_taken":0.0},{"damage_healed":0.0,"max_hp_gain":0.0,"max_hp_loss":0.0,"gold_gain":0.0,"event_name":"Living Wall","player_choice":"Grow","floor":3.0,"gold_loss":0.0,"damage_taken":0.0,"cards_upgraded":["Neutralize"]},{"damage_healed":0.0,"max_hp_gain":0.0,"max_hp_loss":0.0,"gold_gain":100.0,"event_name":"The Joust","player_choice":"Bet on Murderer","floor":20.0,"gold_loss":50.0,"damage_taken":0.0}],"is_beta":false,"boss_relics":[{"not_picked":["Velvet Choker","Black Star"],"picked":"Empty Cage"}],"items_purged_floors":[],"is_endless":false,"potions_floor_spawned":[10,13,14,16,19,22],"killed_by":"Shelled Parasite and Fungi","ascension_level":20}}