{"host":"¿à÷økuyou","time":1608960786,"event":{"mods":["ATMod(°¢èªMod)","Act Like it!","BaseMod","Minty Spire (QoL Compilation)","Quick Restart","StSLib"],"gold_per_floor":[114,129,144,77,77,107,122,44,44,44,59,59,74,89,89,189,189,204,303,53,53,68,98,98,128,153,168,168,183,183,198,198,298,298,313,328,343,343,358,388,163,178,203,203,203,203,203,24,24,24],"floor_reached":51,"playtime":1231,"items_purged":["Reflex"],"score":896,"play_id":"84b346ec-62ef-4be0-9f4a-79f94d8a288c","local_time":"20201226133306","daily_mods":["SealedDeck","Diverse","Binary"],"is_ascension_mode":false,"campfire_choices":[{"data":"AT_ChampionStep","floor":10.0,"key":"SMITH"},{"data":"Blade Dance","floor":12.0,"key":"SMITH"},{"data":"Burning Pact","floor":15.0,"key":"SMITH"},{"floor":24.0,"key":"DIG"},{"floor":28.0,"key":"DIG"},{"floor":32.0,"key":"DIG"},{"floor":45,"key":"DIG"},{"floor":49,"key":"DIG"}],"circlet_count":0,"master_deck":["Blade Dance+1","Deflect","Sentinel","WheelKick","PathToVictory","PathToVictory","Glacier","Conserve Battery","Burning Pact+1","Power Through","Evolve","Tantrum","AT_ChampionStep+1","Battle Trance","Backflip","SignatureMove+1","Coolheaded","AT_ChampionStep","Purity","AT_KneejerkReflex+1","AT_MachinaRedman+1","Tantrum","AT_DarkMatter+1","Apotheosis"],"relics":["Burning Blood","AT_ATBox","AT_ArcaneBoots","Happy Flower","Mercury Hourglass","AT_TrinityForce","Sundial","MutagenicStrength","Shovel","Unceasing Top","Bronze Scales","Centennial Puzzle","AT_ArchangelStaff","MealTicket","Sozu","War Paint","TheAbacus","PreservedInsect","Smiling Mask","StrikeDummy","Strawberry"],"acts_visited":["Exordium","TheCity","TheBeyond"],"potions_floor_usage":[50,50],"damage_taken":[{"damage":0.0,"enemies":"Cultist","floor":1.0,"turns":2.0},{"damage":0.0,"enemies":"Small Slimes","floor":2.0,"turns":2.0},{"damage":0.0,"enemies":"2 Louse","floor":3.0,"turns":2.0},{"damage":12.0,"enemies":"Lagavulin","floor":6.0,"turns":5.0},{"damage":7.0,"enemies":"Large Slime","floor":7.0,"turns":3.0},{"damage":8.0,"enemies":"Gremlin Gang","floor":11.0,"turns":3.0},{"damage":0.0,"enemies":"2 Fungi Beasts","floor":13.0,"turns":2.0},{"damage":3.0,"enemies":"Exordium Thugs","floor":14.0,"turns":2.0},{"damage":0.0,"enemies":"Slime Boss","floor":16.0,"turns":3.0},{"damage":0.0,"enemies":"Chosen","floor":18.0,"turns":2.0},{"damage":0.0,"enemies":"Shell Parasite","floor":22.0,"turns":1.0},{"damage":0.0,"enemies":"Book of Stabbing","floor":23.0,"turns":3.0},{"damage":4.0,"enemies":"Slavers","floor":25.0,"turns":3.0},{"damage":0.0,"enemies":"Chosen and Byrds","floor":27.0,"turns":1.0},{"damage":0.0,"enemies":"Centurion and Healer","floor":29.0,"turns":1.0},{"damage":0.0,"enemies":"Shelled Parasite and Fungi","floor":31.0,"turns":1.0},{"damage":0.0,"enemies":"Collector","floor":33.0,"turns":2.0},{"damage":0.0,"enemies":"3 Darklings","floor":35.0,"turns":1.0},{"damage":0.0,"enemies":"Orb Walker","floor":36.0,"turns":2.0},{"damage":7.0,"enemies":"Maw","floor":37.0,"turns":2.0},{"damage":4,"enemies":"Sphere and 2 Shapes","floor":39,"turns":1},{"damage":0,"enemies":"Giant Head","floor":40,"turns":2},{"damage":0,"enemies":"Writhing Mass","floor":42,"turns":3},{"damage":0,"enemies":"Transient","floor":44,"turns":1},{"damage":14,"enemies":"Time Eater","floor":50,"turns":3}],"seed_played":"5451747836825439005","potions_obtained":[{"floor":3.0,"key":"Energy Potion"},{"floor":6.0,"key":"SneckoOil"},{"floor":7.0,"key":"Energy Potion"},{"floor":13.0,"key":"CultistPotion"},{"floor":23.0,"key":"Dexterity Potion"}],"is_trial":false,"path_per_floor":["M","M","M","$","?","E","M","$","T","R","M","R","M","M","R","B",null,"M","?","$","?","M","E","R","E","T","M","R","M","?","M","R","B",null,"M","M","M","?","M","E","$","M","T","M","R","T","?","$","R","B",null],"character_chosen":"IRONCLAD","items_purchased":["Tantrum","AT_ChampionStep","Sundial","TheAbacus","Apotheosis"],"campfire_rested":0,"item_purchase_floors":[4,8,20,41,48],"current_hp_per_floor":[80,80,80,80,80,74,73,73,73,73,71,71,77,80,80,80,80,80,80,80,80,80,80,80,80,80,80,80,80,80,80,80,80,80,80,80,79,79,80,80,80,80,80,80,80,80,80,80,87,79],"gold":24,"neow_bonus":"","is_daily":true,"chose_seed":false,"campfire_upgraded":3,"win_rate":0.0,"timestamp":1608960786,"path_taken":["M","?","M","$","?","E","M","?","T","R","M","R","M","M","R","BOSS","M","?","$","?","M","E","R","E","T","M","R","M","?","M","R","BOSS","M","M","?","?","M","E","?","M","T","M","M","?","?","$","R","BOSS"],"items_purchased_type":["Card","Card","Relic","Relic","Card"],"build_version":"2020-12-18","purchased_purges":1,"victory":true,"max_hp_per_floor":[80,80,80,80,80,80,80,80,80,80,80,80,80,80,80,80,80,80,80,80,80,80,80,80,80,80,80,80,80,80,80,80,80,80,80,80,80,80,80,80,80,80,80,80,80,80,80,80,87,87],"card_choices":[{"not_picked":["BowlingBash"],"picked":"Evolve","floor":1.0},{"not_picked":["Distraction","Bane"],"picked":"SKIP","floor":2.0},{"not_picked":["Armaments"],"picked":"Reflex","floor":3.0},{"not_picked":["BowlingBash","Sucker Punch"],"picked":"SKIP","floor":6.0},{"not_picked":["Storm","Blizzard"],"picked":"SKIP","floor":7.0},{"not_picked":["Prostrate"],"picked":"Battle Trance","floor":11.0},{"not_picked":["Hologram","Deadly Poison"],"picked":"SKIP","floor":13.0},{"not_picked":["Steam"],"picked":"Backflip","floor":14.0},{"not_picked":["FlurryOfBlows"],"picked":"SignatureMove+1","floor":18.0},{"not_picked":["BootSequence"],"picked":"Coolheaded","floor":22.0},{"not_picked":["Capacitor","Whirlwind"],"picked":"SKIP","floor":23.0},{"not_picked":["Poisoned Stab","Vengeance"],"picked":"SKIP","floor":25.0},{"not_picked":["Cold Snap","Go for the Eyes"],"picked":"SKIP","floor":27.0},{"not_picked":["Aggregate"],"picked":"AT_ChampionStep","floor":29.0},{"not_picked":["Stack"],"picked":"AT_KneejerkReflex+1","floor":31.0},{"not_picked":["A Thousand Cuts"],"picked":"AT_MachinaRedman","floor":33.0},{"not_picked":["AT_IchimonjiDouble+1","Consume"],"picked":"SKIP","floor":35.0},{"not_picked":["ThirdEye+1","Crescendo+1"],"picked":"SKIP","floor":36.0},{"not_picked":["MentalFortress+1"],"picked":"Tantrum","floor":37.0},{"not_picked":["WheelKick"],"picked":"AT_DarkMatter+1","floor":39},{"not_picked":["Clothesline+1","Self Repair+1"],"picked":"SKIP","floor":40},{"not_picked":["PiercingWail","Barrage+1"],"picked":"SKIP","floor":42}],"player_experience":146842,"relics_obtained":[{"floor":6.0,"key":"Happy Flower"},{"floor":9.0,"key":"Mercury Hourglass"},{"floor":23.0,"key":"Shovel"},{"floor":24.0,"key":"Unceasing Top"},{"floor":25.0,"key":"Bronze Scales"},{"floor":26.0,"key":"Centennial Puzzle"},{"floor":28.0,"key":"AT_ArchangelStaff"},{"floor":32.0,"key":"MealTicket"},{"floor":40,"key":"War Paint"},{"floor":43,"key":"PreservedInsect"},{"floor":45,"key":"Smiling Mask"},{"floor":46,"key":"StrikeDummy"},{"floor":49,"key":"Strawberry"}],"event_choices":[{"damage_healed":0.0,"max_hp_gain":0.0,"max_hp_loss":0.0,"gold_gain":0.0,"event_name":"WeMeetAgain","player_choice":"Gave Potion","floor":5.0,"gold_loss":0.0,"damage_taken":0.0,"relics_obtained":["AT_SpeedBoots"]},{"damage_healed":0.0,"max_hp_gain":0.0,"max_hp_loss":0.0,"gold_gain":99.0,"event_name":"Nest","player_choice":"Stole From Cult","floor":19.0,"gold_loss":0.0,"damage_taken":0.0},{"damage_healed":0.0,"max_hp_gain":0.0,"max_hp_loss":0.0,"gold_gain":0.0,"event_name":"Drug Dealer","player_choice":"Inject Mutagens","floor":21.0,"gold_loss":0.0,"damage_taken":0.0,"relics_obtained":["MutagenicStrength"]},{"damage_healed":0.0,"max_hp_gain":0.0,"max_hp_loss":0.0,"gold_gain":0.0,"event_name":"Match and Keep!","player_choice":"1 cards matched","floor":30.0,"gold_loss":0.0,"damage_taken":0.0,"cards_obtained":["Purity"]},{"damage_healed":0,"gold_gain":0,"player_choice":"1 cards matched","damage_taken":0,"max_hp_gain":0,"max_hp_loss":0,"event_name":"Match and Keep!","floor":38,"gold_loss":0,"cards_obtained":["AT_Homeward"]},{"damage_healed":0,"gold_gain":0,"player_choice":"Ignored","damage_taken":0,"max_hp_gain":0,"max_hp_loss":0,"event_name":"Tomb of Lord Red Mask","floor":47,"gold_loss":0}],"is_beta":true,"boss_relics":[{"not_picked":["Busted Crown","Runic Dome"],"picked":"AT_TrinityForce"},{"not_picked":["SacredBark","Snecko Eye"],"picked":"Sozu"}],"items_purged_floors":[41],"is_endless":false,"potions_floor_spawned":[3,6,7,13,14,23,25,27,31,35,37,42],"ascension_level":0}}