{"host":"w31as9kcl9qjbzmo","time":1608979994,"event":{"mods":["BaseMod","Friendly Minions","Lobotomy","Minty Spire (QoL Compilation)","StSLib"],"gold_per_floor":[120,131,131,131,155,155,169,169,169,192,70,70,95,95,95,220,220,234,144,0,13,26,26,60,60,60,80,80,5,5,26,26,154,154,178,203,203,203],"floor_reached":37,"playtime":2594,"items_purged":[],"score":406,"play_id":"11521b1c-89d0-4b5d-9e09-efe8f0450c87","local_time":"20201226195314","is_ascension_mode":false,"campfire_choices":[],"circlet_count":0,"master_deck":["SpecialBullet","SpecialBullet","SpecialBullet","SpecialBullet","SpecialBullet","SpecialBullet","SpecialBullet","WelfareCode","InformationCode","SecurityCode","GoldRush","UniverseFragment","CrimsonScar","Wellcheers","Horn","PunishingBird","WristCuter","OSAHOGD","ShyLook","Wingbeat+1","RedEyes","Justitia","SpecialBullet","BeautyBeast","Soda","CentralCode","CherryBlossoms","TheSmile","VoidDream","FourthMatchFlame","DespairKnight","Soda","Porccubus","RedEyes","LifeForTheDareDevil+1","QueenOfHatred","BearPaw","LaLuna","SomewhereSpear","SilentOrchestra","WallGazer","Penitence","BigBadWolf","Tough+1"],"relics":["CogitoBucket","Golden Idol","InkBottle","BackwardClock","Sozu","ClockworkSouvenir","Pantograph","Shuriken","BehaviorAdjustment","Fusion Hammer"],"acts_visited":["Exordium","TheCity","TheBeyond"],"potions_floor_usage":[16,16],"damage_taken":[{"damage":5,"enemies":"2 Louse","floor":1,"turns":2},{"damage":0,"enemies":"Small Slimes","floor":2,"turns":2},{"damage":0,"enemies":"Cultist","floor":5,"turns":2},{"damage":23,"enemies":"Red Slaver","floor":7,"turns":3},{"damage":13,"enemies":"Blue Slaver","floor":10,"turns":2},{"damage":21,"enemies":"Looter","floor":13,"turns":4},{"damage":52,"enemies":"Hexaghost","floor":16,"turns":7},{"damage":28,"enemies":"2 Thieves","floor":18,"turns":4},{"damage":5,"enemies":"Chosen","floor":21,"turns":4},{"damage":39,"enemies":"Snake Plant","floor":22,"turns":4},{"damage":33,"enemies":"Slavers","floor":24,"turns":4},{"damage":25,"enemies":"Centurion and Healer","floor":27,"turns":5},{"damage":35,"enemies":"Cultist and Chosen","floor":31,"turns":5},{"damage":58,"enemies":"Collector","floor":33,"turns":11},{"damage":33,"enemies":"3 Darklings","floor":35,"turns":3},{"damage":5,"enemies":"Orb Walker","floor":36,"turns":3},{"damage":85,"enemies":"Jaw Worm Horde","floor":37,"turns":3}],"seed_played":"4708016525240655196","potions_obtained":[{"floor":1,"key":"Block Potion"},{"floor":4,"key":"GamblersBrew"},{"floor":4,"key":"DistilledChaos"},{"floor":4,"key":"Strength Potion"},{"floor":16,"key":"Energy Potion"}],"is_trial":false,"path_per_floor":["M","M","?","?","M","R","M","R","T","M","$","R","M","?","R","B",null,"M","?","$","M","M","R","E","?","T","M","R","?","$","M","R","B",null,"M","M","M"],"character_chosen":"Angela","items_purchased":["RedEyes","Justitia","ClockworkSouvenir"],"campfire_rested":0,"item_purchase_floors":[11,11,20],"current_hp_per_floor":[70,70,70,70,70,70,61,61,61,62,62,62,63,63,63,38,70,59,59,59,68,48,48,44,44,44,27,27,27,27,51,51,53,70,67,70,0,0],"gold":203,"neow_bonus":"ONE_RANDOM_RARE_CARD","is_daily":false,"chose_seed":false,"campfire_upgraded":0,"win_rate":0.0,"timestamp":1608979994,"path_taken":["M","M","?","?","?","R","M","R","T","M","?","R","M","?","R","BOSS","M","?","$","M","?","R","E","?","T","M","R","?","?","M","R","BOSS","M","M","M"],"items_purchased_type":["Card","Card","Relic"],"build_version":"2020-12-22","purchased_purges":0,"victory":false,"max_hp_per_floor":[70,70,70,70,70,70,70,70,70,70,70,70,70,70,70,70,70,70,70,70,70,70,70,70,70,70,70,70,70,70,70,70,70,70,70,70,70,70],"card_choices":[{"not_picked":["SpiderBud","BeautyBeast"],"picked":"UniverseFragment","floor":1},{"not_picked":["Noise"],"picked":"CrimsonScar","floor":1},{"not_picked":["OldLady","MeatLantern"],"picked":"Wellcheers","floor":2},{"not_picked":["Galaxy"],"picked":"Horn","floor":2},{"not_picked":["MeatLantern","OSAHOGD"],"picked":"PunishingBird","floor":5},{"not_picked":["CUTE"],"picked":"WristCuter","floor":5},{"not_picked":["MHz","CrumblingArmor"],"picked":"OSAHOGD","floor":7},{"not_picked":["Loneliness","SwordSharpenedByTears"],"picked":"SKIP","floor":7},{"not_picked":["HeroicMonk","DreamingCurrent"],"picked":"ShyLook","floor":10},{"not_picked":["Horn"],"picked":"Wingbeat","floor":10},{"not_picked":["FairyFestival","Yin"],"picked":"BeautyBeast","floor":13},{"not_picked":["Ecstasy"],"picked":"Soda","floor":13},{"not_picked":["BigBadWolf","WallGazer"],"picked":"CherryBlossoms","floor":16},{"not_picked":["Justitia"],"picked":"TheSmile","floor":16},{"not_picked":["FieryBird","Variant"],"picked":"VoidDream","floor":18},{"not_picked":["Diffraction"],"picked":"FourthMatchFlame","floor":18},{"not_picked":["DreamingCurrent","FairyFestival"],"picked":"DespairKnight","floor":21},{"not_picked":["Loneliness"],"picked":"Soda","floor":21},{"not_picked":["WallGazer","Murderer"],"picked":"Porccubus","floor":22},{"not_picked":["Noise+1"],"picked":"RedEyes","floor":22},{"not_picked":["OldLady","BigBadWolf"],"picked":"HappyTeddy","floor":24},{"not_picked":["TodaysExpression"],"picked":"LifeForTheDareDevil+1","floor":24},{"not_picked":["NothingThere","QueenBee"],"picked":"QueenOfHatred","floor":27},{"not_picked":["CUTE+1"],"picked":"BearPaw","floor":27},{"not_picked":["MeatLantern","WallGazer"],"picked":"LaLuna","floor":31},{"not_picked":["RapturousDream"],"picked":"SomewhereSpear","floor":31},{"not_picked":["CENSORED","BigBadWolf"],"picked":"SilentOrchestra","floor":33},{"not_picked":["SingingMachine","Bloodbath"],"picked":"WallGazer","floor":35},{"not_picked":["Tough+1"],"picked":"Penitence","floor":35},{"not_picked":["GalaxyChild","HappyTeddy"],"picked":"BigBadWolf","floor":36},{"not_picked":["FrostShard"],"picked":"Tough+1","floor":36}],"player_experience":339481,"relics_obtained":[{"floor":9,"key":"InkBottle"},{"floor":24,"key":"Pantograph"},{"floor":26,"key":"Shuriken"}],"event_choices":[{"damage_healed":0,"gold_gain":0,"player_choice":"Take Wound","damage_taken":0,"relics_obtained":["Golden Idol"],"max_hp_gain":0,"max_hp_loss":0,"event_name":"Golden Idol","floor":3,"gold_loss":0,"cards_obtained":["Injury"]},{"damage_healed":0,"gold_gain":0,"player_choice":"Got Potions","damage_taken":0,"max_hp_gain":0,"max_hp_loss":0,"event_name":"Lab","floor":4,"gold_loss":0},{"damage_healed":0,"gold_gain":0,"player_choice":"Ignored","damage_taken":0,"max_hp_gain":0,"max_hp_loss":0,"event_name":"Liars Game","floor":14,"gold_loss":0},{"cards_removed":["SpecialBullet"],"damage_healed":0,"gold_gain":0,"player_choice":"Upgrade and Remove","damage_taken":0,"max_hp_gain":0,"max_hp_loss":0,"event_name":"Designer","floor":19,"gold_loss":90,"cards_upgraded":["Wingbeat"]},{"cards_removed":["HappyTeddy"],"damage_healed":0,"gold_gain":0,"player_choice":"Gave Gold","damage_taken":0,"max_hp_gain":0,"max_hp_loss":0,"event_name":"Beggar","floor":29,"gold_loss":75}],"is_beta":false,"boss_relics":[{"not_picked":["Empty Cage","Runic Dome"],"picked":"Sozu"},{"not_picked":["Velvet Choker","Busted Crown"],"picked":"Fusion Hammer"}],"items_purged_floors":[],"is_endless":false,"potions_floor_spawned":[1,10,16,21,33,35],"killed_by":"Jaw Worm Horde","ascension_level":0}}