{"host":"i838i4v0j45fzwgz","time":1608954687,"event":{"mods":["Ascension Reborn","BaseMod","Better Third Choice","BetterRewards","Card Forge","Hubris","Infinite Spire","Minty Spire (QoL Compilation)","Replay The Spire","Shop Mod","Spicy Shops","StSLib","vexMod"],"gold_per_floor":[99,138,118,151,39,90,124,124,124,162,215,244,244,259,259,362,362,377,88,88,63,87,87,138,167,167,167,167,167,167,204,204,303,303,323,323,303,303,303,332,402,402,402,417,417,417,417,502,502,605,605,608,608,608,608,608,608,608,608,608,608,608,608,608,647,647,749,1415,1423,1423,1351,1357,1357,1373,1373,1398,1479,1479,1479,1479,1492,1510,1510,1599,1599,1600,1600,1608,1614,1614,1614,1625,1643,1643,1661,1661,1643,1643,1643,1643,1703,1703,1728,1728,1806,1806,1806,1823,1823,1823,1877,1877,1877,1881,1881,1892,1892,1976,1976,1976],"floor_reached":119,"playtime":9377,"items_purged":["Anger"],"score":3068,"play_id":"65c619ad-2cf6-42a1-b8bf-30b0723aebc0","local_time":"20201225215127","daily_mods":["Specialized","Allstar","Red Cards","Colorless Cards","Heirloom","Time Dilation","Flight"],"is_ascension_mode":true,"campfire_choices":[{"floor":15,"key":"DIG"},{"data":"Crow Ritual","floor":23,"key":"SMITH"},{"data":"Replay:Fractal Strike","floor":30,"key":"SMITH"},{"data":"ReplayTheSpireMod:Black Plague","floor":32,"key":"SMITH"},{"data":"Replay:Dark Deal","floor":42,"key":"SMITH"},{"data":"Dark Embrace","floor":49,"key":"SMITH"},{"data":"Pommel Strike","floor":61,"key":"SMITH"},{"data":"Master of Strategy","floor":63,"key":"SMITH"},{"data":"Jack Of All Trades","floor":64,"key":"SMITH"},{"floor":66,"key":"DIG"},{"data":"ReplayTheSpireMod:Echoes of Time","floor":78,"key":"SMITH"},{"data":"Warcry","floor":80,"key":"SMITH"},{"data":"Pommel Strike","floor":83,"key":"SMITH"},{"data":"Exhume","floor":91,"key":"SMITH"},{"data":"hubris:Fate","floor":96,"key":"SMITH"},{"data":"Pommel Strike","floor":98,"key":"SMITH"},{"data":"Replay:Fractal Strike","floor":100,"key":"SMITH"},{"data":"infinitespire:OneForAll","floor":109,"key":"SMITH"},{"data":"Feed","floor":109,"key":"SMITH"},{"data":"Master of Strategy","floor":110,"key":"SMITH"},{"data":"Replay:Undeath\u0027s Touch","floor":110,"key":"SMITH"},{"data":"Inflame","floor":113,"key":"SMITH"},{"data":"Pommel Strike","floor":113,"key":"SMITH"},{"data":"Feed","floor":115,"key":"SMITH"},{"data":"Pot Of Greed","floor":115,"key":"SMITH"},{"data":"Sever Soul","floor":117,"key":"SMITH"},{"data":"Pot Of Greed","floor":117,"key":"SMITH"}],"circlet_count":0,"master_deck":["Strike_R+1","Strike_R+1","Strike_R+1","Strike_R+1","Strike_R+1","Defend_R+1","Defend_R+1","Defend_R+1","Defend_R+1","Bandage Up","Bandage Up","Bandage Up","Bandage Up","Bandage Up","Secret Weapon","HandOfGreed","Poisoned Strike+1","Magnetism","Sadistic Nature","Neutralize+1","Replay:Sssssssssstrike+1","Pommel Strike+1","Thunderclap","Thunderclap","Cleave","Replay:Sssssssssshield","Whirlwind","Inflame+1","Thunderclap","hubris:ReadiedAction","Crow Ritual+1","Master of Strategy+1","Pommel Strike+1","Headbutt","Apotheosis","Pommel Strike+1","ReplayTheSpireMod:Black Plague+1","Replay:Fractal Strike+1","Sword Boomerang","Magnetism+1","Perfected Strike+1","Replay:Dark Deal+1","Cleave","Battle Trance","ReplayTheSpireMod:Black Plague+1","Thunderclap","Impervious","Dark Embrace+1","Enlightenment","Crow Ritual+1","infinitespire:OneForAll+1","Jack Of All Trades+1","infinitespire:Punishment","Pommel Strike+1","Anger+1","Shockwave","Master of Strategy+1","Armaments","Shockwave","Replay:Undeath\u0027s Touch","Brutality","Secret Technique","ReplayTheSpireMod:Corrosion Curse+1","Pommel Strike+1","ReplayTheSpireMod:Echoes of Time+1","Dramatic Entrance","infinitespire:SealOfDarkness+","infinitespire:TheBestDefense","Warcry+1","Replay:Undeath\u0027s Touch+1","Shrug It Off","Pummel","Anger","Dramatic Entrance","Exhume+1","hubris:Ssssneak+1","Replay:Undeath\u0027s Touch","Replay:Undeath\u0027s Touch","Wild Strike","Feed+1","Searing Blow","Shockwave+1","hubris:Fate+1","Perfected Strike","Perfected Strike+1","infinitespire:SealOfDarkness+","Replay:Fractal Strike+1","ReplayTheSpireMod:Necrogeddon+1","Flash of Steel","infinitespire:OneForAll+1","Trip","Pot Of Greed+1","Pot Of Greed","Pot Of Greed","Pot Of Greed","Pot Of Greed","Pot Of Greed+1","Pot Of Greed","Pot Of Greed","Feed+1","Sever Soul+1","Thinking Ahead"],"relics":["Burning Blood","Hammer of Thor","Seething Fire","Anvil of the Gods","replay:Trail_Library","hubris:GlazedTorus","OrangePellets","Potion Belt","Gambling Chip","Lantern","hubris:BottledRain","Happy Flower","Omamori","vexMod:NewClearReactor","Toy Ornithopter","hubris:ToyBattleship","Replay:Bottled Eggs","Gremlin Horn","Eternal Feather","Honey Jar","hubris:NiceRug","Replay:Multitool","DollysMirror","Centennial Puzzle","Whetstone","Art of War","BargainBundle","Smiling Mask","Champion Belt","Bag of Preparation","hubris:HerbalPaste","hubris:ScarierMask","hubris:Metronome","Pocketwatch","hubris:Icosahedron","ReplayTheSpireMod:Lightbulb","vexMod:MemoryStick","vexMod:RockOfEvil","Darkstone Periapt","hubris:BottledHeart","infinitespire:Midas Blood","Replay:PocketPolymizer","infinitespire:Eraser","hubris:IronBody","Bag of Marbles","Runic Pyramid","infinitespire:CursedDice","Red Skull","Peace Pipe","Replay:Grab Bag","hubris:GrandSneckoEye","Sozu","hubris:Backtick","PureWater","Black Star","hubris:Potato","hubris:CrystalStatue","Replay:Arrowhead","Juzu Bracelet","Grinning Jar","Replay:WaspNest","Runic Cube"],"acts_visited":["Exordium","TheCity","TheBeyond","Exordium","TheCity","TheBeyond","Exordium","TheCity"],"potions_floor_usage":[],"damage_taken":[{"damage":0.0,"enemies":"2 Louse","floor":2.0,"turns":1.0},{"damage":0.0,"enemies":"Cultist","floor":4.0,"turns":2.0},{"damage":14.0,"enemies":"Gremlin Nob","floor":6.0,"turns":4.0},{"damage":18.0,"enemies":"Lagavulin","floor":7.0,"turns":3.0},{"damage":2.0,"enemies":"Small Slimes","floor":10.0,"turns":2.0},{"damage":9.0,"enemies":"3 Sentries","floor":11.0,"turns":2.0},{"damage":22,"enemies":"Lagavulin","floor":12,"turns":4},{"damage":0,"enemies":"3 Louse","floor":14,"turns":1},{"damage":0,"enemies":"Slime Boss","floor":16,"turns":8},{"damage":15,"enemies":"2 Thieves","floor":18,"turns":4},{"damage":4,"enemies":"Book of Stabbing","floor":24,"turns":2},{"damage":50,"enemies":"Slavers","floor":25,"turns":6},{"damage":0,"enemies":"Spheric Guardian","floor":31,"turns":1},{"damage":0,"enemies":"Automaton","floor":33,"turns":1},{"damage":20,"enemies":"3 Shapes","floor":35,"turns":2},{"damage":0,"enemies":"hubris:Merchant","floor":37,"turns":3},{"damage":0,"enemies":"Nightmare","floor":40,"turns":3},{"damage":0,"enemies":"Mind Bloom Boss Battle","floor":41,"turns":2},{"damage":0,"enemies":"3 Darklings","floor":44,"turns":1},{"damage":0,"enemies":"Awakened One","floor":50,"turns":2},{"damage":0,"enemies":"Jaw Worm","floor":52,"turns":1},{"damage":0,"enemies":"Nightmare","floor":65,"turns":1},{"damage":0,"enemies":"The Guardian","floor":67,"turns":1},{"damage":0,"enemies":"2 Thieves","floor":69,"turns":1},{"damage":0,"enemies":"Spheric Guardian","floor":72,"turns":1},{"damage":0,"enemies":"Nightmare","floor":74,"turns":1},{"damage":0,"enemies":"Gremlin Leader","floor":76,"turns":1},{"damage":0,"enemies":"Book of Stabbing","floor":81,"turns":1},{"damage":0,"enemies":"Centurion and Healer","floor":82,"turns":1},{"damage":0,"enemies":"Collector","floor":84,"turns":1},{"damage":0,"enemies":"3 Shapes","floor":86,"turns":1},{"damage":0,"enemies":"Orb Walker","floor":88,"turns":1},{"damage":0,"enemies":"Sphere and 2 Shapes","floor":89,"turns":1},{"damage":0,"enemies":"Giant Head","floor":92,"turns":1},{"damage":0,"enemies":"4 Shapes","floor":93,"turns":1},{"damage":0,"enemies":"R_Hoarder","floor":95,"turns":2},{"damage":0,"enemies":"Transient","floor":97,"turns":2},{"damage":0,"enemies":"infinitespire:MassOfShapes","floor":101,"turns":1},{"damage":0,"enemies":"Small Slimes","floor":103,"turns":1},{"damage":0,"enemies":"Gremlin Nob","floor":108,"turns":1},{"damage":11,"enemies":"Nightmare_Alpha","floor":114,"turns":4},{"damage":0,"enemies":"2 Louse","floor":116,"turns":1},{"damage":0,"enemies":"Hexaghost","floor":118,"turns":1}],"seed_played":"7840017608992032134","potions_obtained":[{"floor":3.0,"key":"LiquidMemories"},{"floor":4.0,"key":"FearPotion"},{"floor":7.0,"key":"Energy Potion"},{"floor":11.0,"key":"CultistPotion"},{"floor":13,"key":"Ancient Potion"},{"floor":18,"key":"DistilledChaos"},{"floor":31,"key":"Explosive Potion"},{"floor":37,"key":"ColorlessPotion"},{"floor":37,"key":"Adrenaline Potion"},{"floor":37,"key":"Weak Potion"},{"floor":37,"key":"Adrenaline Potion"},{"floor":44,"key":"Fruit Juice"},{"floor":50,"key":"Weak Potion"},{"floor":52,"key":"SkillPotion"},{"floor":69,"key":"FearPotion"},{"floor":76,"key":"Toxic Potion"},{"floor":81,"key":"Energy Potion"},{"floor":88,"key":"Fire Potion"},{"floor":89,"key":"BlessingOfTheForge"},{"floor":97,"key":"AttackPotion"}],"is_trial":true,"path_per_floor":["?","M","?","M","$","E","E","?","T","M","E","E","?","M","R","B",null,"M","$","?","?","T","R","E","E","T","?","$","AVR","R","M","R","B",null,"M","?","$","$","?","NM","?","R","T","M","AVR","?","?","?","R","B",null,"M","?","?","T","?","?","$","?","T","R","?","R","R","NM","R","B",null,"M","?","?","M","?","NM","AVR","E","T","R","T","R","E","M","R","B",null,"M","?","M","M","?","R","E","M","T","E","R","M","R","AVR","R","B",null,"M","$","?","?","?","E","R","R","T","?","R","NM","R","M","R","B",null],"character_chosen":"IRONCLAD","items_purchased":["Thunderclap","OrangePellets","Master of Strategy","Replay:Dark Deal","Cleave","Battle Trance"],"campfire_rested":0,"item_purchase_floors":[5,5,19,37,37,37],"current_hp_per_floor":[80,80,80,80,80,72,76,76,76,80,80,68,68,74,74,80,80,78,78,78,78,78,78,80,48,48,74,74,74,80,80,80,80,80,74,74,80,80,76,76,76,76,76,76,76,76,56,56,76,76,76,76,76,76,76,76,76,76,76,76,76,76,76,76,76,76,76,38,38,38,38,38,1,1,1,1,1,1,1,1,1,1,1,1,1,1,1,1,1,1,1,1,1,1,1,1,1,1,1,1,1,1,1,1,1,1,1,1,1,1,1,1,1,1,1,1,1,1,1,1],"gold":1976,"neow_bonus":"","is_daily":false,"chose_seed":false,"campfire_upgraded":25,"win_rate":0.0,"timestamp":1608954687,"path_taken":["?","M","?","?","$","E","E","?","T","M","E","E","?","M","R","BOSS","M","?","?","?","?","R","E","E","T","?","?","AVR","R","M","R","BOSS","M","?","$","$","?","NM","?","R","T","?","AVR","?","?","?","R","BOSS","M","?","?","?","?","?","$","?","T","R","?","R","R","NM","R","BOSS","M","?","?","?","?","NM","AVR","E","T","R","?","R","E","M","R","BOSS","M","?","M","?","?","R","E","M","T","E","R","M","R","AVR","R","BOSS","M","$","?","?","?","E","R","R","T","?","R","NM","R","M","R","BOSS"],"items_purchased_type":["Card","Relic","Card","Card","Card","Card"],"build_version":"2020-12-22","purchased_purges":1,"victory":false,"max_hp_per_floor":[80,80,80,80,80,80,80,80,80,80,80,80,80,80,80,80,80,80,80,80,80,80,80,80,80,80,80,80,80,80,80,80,80,80,80,80,80,80,76,76,76,76,76,76,76,76,76,76,76,76,76,76,76,76,76,76,76,76,76,76,76,76,76,76,76,76,76,38,38,38,38,38,1,1,1,1,1,1,1,1,1,1,1,1,1,1,1,1,1,1,1,1,1,1,1,1,1,1,1,1,1,1,1,1,1,1,1,1,1,1,1,1,1,1,1,1,1,1,1,1],"card_choices":[{"not_picked":["hubris:CleavingFinish","hubris:SharpeningStone"],"picked":"Replay:Sssssssssstrike","floor":2.0},{"not_picked":["Replay:Undeath\u0027s Touch","Swift Strike"],"picked":"Pommel Strike","floor":4.0},{"not_picked":["Dark Shackles","ReplayTheSpireMod:Limb From Limb"],"picked":"Cleave","floor":6.0},{"not_picked":["Heavy Blade","Rupture"],"picked":"Replay:Sssssssssshield","floor":7.0},{"not_picked":["Shrug It Off","hubris:ReadiedAction"],"picked":"Whirlwind","floor":10.0},{"not_picked":["Cleave","Hemogenesis"],"picked":"Inflame","floor":11.0},{"not_picked":["Rupture","Havoc"],"picked":"Thunderclap","floor":12},{"not_picked":["Body Slam","Run Through"],"picked":"hubris:ReadiedAction","floor":14},{"not_picked":["Demonic Infusion","Sadistic Nature"],"picked":"Crow Ritual","floor":16},{"not_picked":["Perfected Strike","Havoc"],"picked":"Shrug It Off","floor":18},{"not_picked":["Good Instincts","Midas Touch"],"picked":"Headbutt","floor":24},{"not_picked":["Clothesline","Immolate"],"picked":"Apotheosis","floor":25},{"not_picked":["Madness","ReplayTheSpireMod:Strike From Hell"],"picked":"Sword Boomerang","floor":31},{"not_picked":["Thinking Ahead","Sadistic Nature"],"picked":"Magnetism","floor":33},{"not_picked":["Clothesline+1","ReplayTheSpireMod:Strike From Hell","Rage"],"picked":"Perfected Strike","floor":35},{"not_picked":[],"picked":"Thunderclap","floor":37},{"not_picked":[],"picked":"Impervious","floor":37},{"not_picked":[],"picked":"Dark Embrace","floor":37},{"not_picked":[],"picked":"Enlightenment","floor":37},{"not_picked":["Rampage","Run Through+1","Wild Strike"],"picked":"Crow Ritual","floor":40},{"not_picked":["Rupture","ReplayTheSpireMod:Strike From Hell","Thunderclap"],"picked":"infinitespire:OneForAll+1","floor":41},{"not_picked":["True Grit","Replay:Sssssssssshield+1","Flex+1"],"picked":"Jack Of All Trades","floor":44},{"not_picked":["infinitespire:TheBestDefense","hubris:Fate"],"picked":"infinitespire:Punishment","floor":47},{"not_picked":["Dual Wield","Life Link","Flex"],"picked":"Pommel Strike+1","floor":48},{"not_picked":["Havoc","Replay:Sssssssssshield+1","Clothesline+1"],"picked":"Anger+1","floor":48},{"not_picked":["Heavy Blade","Sword Boomerang","Reckless Charge+1"],"picked":"Shockwave","floor":48},{"not_picked":["ReplayTheSpireMod:Necrogeddon","ReplayUltimateDefense","Thinking Ahead"],"picked":"Master of Strategy","floor":50},{"not_picked":["Good Instincts","Evolve","Rage"],"picked":"Armaments","floor":52},{"not_picked":["Wild Strike","Thunderclap","Clash"],"picked":"Brutality","floor":65},{"not_picked":["ReplayTheSpireMod:Necrogeddon","Demonic Infusion","Bludgeon"],"picked":"Secret Technique","floor":67},{"not_picked":["Headbutt","Replay:Bootleg Shield Generator","Rampage+1"],"picked":"ReplayTheSpireMod:Corrosion Curse+1","floor":69},{"not_picked":["Twin Strike+1","Headbutt+1","Sword Boomerang"],"picked":"Pommel Strike","floor":72},{"not_picked":["infinitespire:Gouge","infinitespire:SealOfDarkness+"],"picked":"ReplayTheSpireMod:Echoes of Time","floor":74},{"not_picked":["Armaments","Ghostly Armor","Iron Wave"],"picked":"Dramatic Entrance","floor":74},{"not_picked":["hubris:StunningStrike","Metallicize+1","Flex"],"picked":"Warcry","floor":76},{"not_picked":["Perfected Strike","Fire Breathing","Iron Wave"],"picked":"Anger","floor":81},{"not_picked":["Headbutt","Cleave","Flex"],"picked":"Dramatic Entrance","floor":82},{"not_picked":["Secret Technique","Double Tap","Feed"],"picked":"Exhume","floor":84},{"not_picked":["Finesse","Pommel Strike","Anger+1"],"picked":"hubris:Ssssneak+1","floor":86},{"not_picked":["Armaments","Disarm+1","Anger+1"],"picked":"Replay:Undeath\u0027s Touch","floor":88},{"not_picked":["Jack Of All Trades","Panacea","True Grit"],"picked":"Replay:Undeath\u0027s Touch","floor":89},{"not_picked":["Good Instincts+1","Enlightenment+1","Cleave"],"picked":"Feed","floor":92},{"not_picked":["hubris:SharpeningStone","Armaments+1","Survey Options"],"picked":"Searing Blow","floor":93},{"not_picked":["Run Through+1","Cleave+1","Power Through+1"],"picked":"Shockwave+1","floor":95},{"not_picked":["infinitespire:Punishment","infinitespire:DeathsTouch"],"picked":"hubris:Fate","floor":95},{"not_picked":["Feel No Pain","Clothesline+1","Anger"],"picked":"Perfected Strike+1","floor":97},{"not_picked":["Demon Form","hubris:StunningStrike","Feed"],"picked":"ReplayTheSpireMod:Necrogeddon","floor":101},{"not_picked":["Cleave","Clothesline","Hemokinesis"],"picked":"Flash of Steel","floor":103},{"not_picked":["Cleave","Clothesline","Heavy Blade"],"picked":"infinitespire:OneForAll","floor":108},{"not_picked":["Headbutt","Warcry","Flex"],"picked":"Feed","floor":114},{"not_picked":["Headbutt","Anger","Clothesline"],"picked":"Sever Soul","floor":116},{"not_picked":["Chrysalis","Reaper","Berserk"],"picked":"Thinking Ahead","floor":118}],"player_experience":11325,"relics_obtained":[{"floor":6.0,"key":"Potion Belt"},{"floor":7.0,"key":"Gambling Chip"},{"floor":9.0,"key":"Lantern"},{"floor":11.0,"key":"hubris:BottledRain"},{"floor":12,"key":"Happy Flower"},{"floor":15,"key":"Omamori"},{"floor":22,"key":"hubris:ToyBattleship"},{"floor":24,"key":"Replay:Bottled Eggs"},{"floor":25,"key":"Gremlin Horn"},{"floor":26,"key":"Eternal Feather"},{"floor":37,"key":"Replay:Multitool"},{"floor":37,"key":"DollysMirror"},{"floor":37,"key":"Centennial Puzzle"},{"floor":37,"key":"Whetstone"},{"floor":37,"key":"Art of War"},{"floor":37,"key":"BargainBundle"},{"floor":40,"key":"Smiling Mask"},{"floor":41,"key":"Champion Belt"},{"floor":43,"key":"Bag of Preparation"},{"floor":55,"key":"hubris:Metronome"},{"floor":60,"key":"Pocketwatch"},{"floor":65,"key":"ReplayTheSpireMod:Lightbulb"},{"floor":66,"key":"vexMod:MemoryStick"},{"floor":74,"key":"infinitespire:Midas Blood"},{"floor":76,"key":"Replay:PocketPolymizer"},{"floor":77,"key":"infinitespire:Eraser"},{"floor":79,"key":"hubris:IronBody"},{"floor":81,"key":"Bag of Marbles"},{"floor":92,"key":"infinitespire:CursedDice"},{"floor":94,"key":"Red Skull"},{"floor":95,"key":"Peace Pipe"},{"floor":106,"key":"hubris:Potato"},{"floor":108,"key":"hubris:CrystalStatue"},{"floor":108,"key":"Replay:Arrowhead"},{"floor":111,"key":"Juzu Bracelet"},{"floor":114,"key":"Grinning Jar"},{"floor":114,"key":"Replay:WaspNest"}],"event_choices":[{"damage_healed":0.0,"max_hp_gain":0.0,"max_hp_loss":0.0,"gold_gain":0.0,"event_name":"The Woman in Blue","player_choice":"Bought 1 Potion","floor":3.0,"gold_loss":0.0,"damage_taken":0.0},{"damage_healed":0.0,"max_hp_gain":0.0,"max_hp_loss":0.0,"gold_gain":0.0,"event_name":"The Cleric","player_choice":"Leave","floor":8.0,"gold_loss":0.0,"damage_taken":0.0},{"damage_healed":0,"gold_gain":0,"player_choice":"Got Potions","damage_taken":0,"max_hp_gain":0,"max_hp_loss":0,"event_name":"Lab","floor":13,"gold_loss":0},{"damage_healed":26,"gold_gain":0,"player_choice":"Heal","damage_taken":0,"max_hp_gain":0,"max_hp_loss":0,"event_name":"The Library","floor":27,"gold_loss":0},{"damage_healed":0,"gold_gain":0,"player_choice":"Max HP","damage_taken":0,"max_hp_gain":0,"max_hp_loss":4,"event_name":"Winding Halls","floor":39,"gold_loss":0},{"damage_healed":0,"gold_gain":0,"player_choice":"Fight","damage_taken":0,"max_hp_gain":0,"max_hp_loss":0,"event_name":"MindBloom","floor":41,"gold_loss":0},{"cards_removed":["Shrug It Off"],"damage_healed":0,"gold_gain":0,"player_choice":"Removed Skill","damage_taken":0,"max_hp_gain":0,"max_hp_loss":0,"event_name":"Falling","floor":46,"gold_loss":0},{"cards_removed":["infinitespire:OneForAll"],"damage_healed":0,"gold_gain":0,"player_choice":"Card Removal","damage_taken":0,"max_hp_gain":0,"max_hp_loss":0,"event_name":"The Cleric","floor":56,"gold_loss":50},{"damage_healed":0,"gold_gain":0,"player_choice":"Leave","damage_taken":0,"max_hp_gain":0,"max_hp_loss":0,"event_name":"The Cleric","floor":56,"gold_loss":0},{"damage_healed":0,"gold_gain":0,"player_choice":"Ignored","damage_taken":0,"max_hp_gain":0,"max_hp_loss":0,"event_name":"Golden Idol","floor":59,"gold_loss":0},{"damage_healed":0,"gold_gain":0,"player_choice":"Ignored","damage_taken":0,"max_hp_gain":0,"max_hp_loss":0,"event_name":"Vampires","floor":70,"gold_loss":0},{"damage_healed":0,"gold_gain":0,"player_choice":"Paid Gold","damage_taken":0,"relics_obtained":["Darkstone Periapt"],"max_hp_gain":0,"max_hp_loss":0,"event_name":"WeMeetAgain","floor":71,"gold_loss":72},{"damage_healed":0,"gold_gain":0,"player_choice":"Bought 0 Potions","damage_taken":0,"max_hp_gain":0,"max_hp_loss":0,"event_name":"The Woman in Blue","floor":87,"gold_loss":0},{"damage_healed":0,"gold_gain":0,"player_choice":"2 cards matched","damage_taken":0,"max_hp_gain":0,"max_hp_loss":0,"event_name":"Match and Keep!","floor":90,"gold_loss":0,"cards_obtained":["Wild Strike","hubris:Lust"]},{"damage_healed":0,"gold_gain":78,"player_choice":"Gained Gold","damage_taken":0,"max_hp_gain":0,"max_hp_loss":0,"event_name":"Golden Wing","floor":105,"gold_loss":0},{"damage_healed":0,"gold_gain":0,"player_choice":"Grow","damage_taken":0,"max_hp_gain":0,"max_hp_loss":0,"event_name":"Living Wall","floor":107,"gold_loss":0,"cards_upgraded":["ReplayTheSpireMod:Necrogeddon"]},{"damage_healed":0,"gold_gain":0,"player_choice":"Left","damage_taken":0,"max_hp_gain":1,"max_hp_loss":0,"event_name":"betterThird:BetterGoop","floor":112,"gold_loss":0}],"is_beta":false,"boss_relics":[{"not_picked":["ReplayTheSpireMod:DimensionalGlitch","Empty Cage"],"picked":"vexMod:NewClearReactor"},{"not_picked":["Philosopher\u0027s Stone","vexMod:DeviousBotling"],"picked":"Honey Jar"},{"not_picked":["Coffee Dripper","infinitespire:Burning Sword"],"picked":"hubris:ScarierMask"},{"not_picked":["Busted Crown","Abe\u0027s Treasure"],"picked":"vexMod:RockOfEvil"},{"not_picked":["infinitespire:Burning Sword","Replay:Ancient Bell"],"picked":"Runic Pyramid"},{"not_picked":["Tiny House","ChewingGum"],"picked":"Replay:Grab Bag"},{"not_picked":["Cursed Key","Coffee Dripper"],"picked":"hubris:GrandSneckoEye"},{"not_picked":["hubris:CrackedHourglass","vexMod:DeviousBotling"],"picked":"Sozu"},{"not_picked":["Runic Cube","SacredBark"],"picked":"hubris:Backtick"},{"not_picked":["Calling Bell","ReplayTheSpireMod:SealedPack"],"picked":"Black Star"},{"not_picked":["Mark of Pain","Painkiller Herb"],"picked":"Runic Cube"}],"items_purged_floors":[45],"is_endless":true,"potions_floor_spawned":[4,7,11,14,18,31,33,44,50,52,69,76,81,88,89,97,108],"ascension_level":0}}