{"host":"u9xtr94typ21duox","time":1608969726,"event":{"mods":["BaseMod","Key Reminder","KinomotoSakuraMod(木之本樱)","LagranYue(拉格朗・月)","Marisa（F雨　魔理沙）","Minty Spire (QoL Compilation)","Reimu（博丽灵梦）","Remilia（蕾米莉亚）","Replay The Spire","StSLib","Td1madao Mod","The Administrix","The Bladedancer","The Bug Knight","The Construct","The Cursed","The Gatherer","The Runesmith","The Servant 0.9.4","WarShipGirlsR/战舰少女R mod","Youmu（魂魄妖梦）","vexMod"],"gold_per_floor":[11,11,29,46,64,64,93,93,93,93,126,201,211,211,211,211,211],"floor_reached":16,"playtime":277,"items_purged":["Pain"],"score":167,"play_id":"f559f7c6-7a43-41cb-853c-a39e57fd6d77","local_time":"20201226160206","is_ascension_mode":true,"campfire_choices":[{"data":"Bash","floor":6,"key":"SMITH"},{"data":"Pommel Strike","floor":8,"key":"SMITH"},{"data":"Run Through","floor":10,"key":"SMITH"},{"data":"Shrug It Off","floor":15,"key":"SMITH"}],"circlet_count":0,"master_deck":["Strike_R","Strike_R","Strike_R","Strike_R","Defend_R","Defend_R","Defend_R","Defend_R","Bash+1","Run Through+1","Pommel Strike+1","Shrug It Off+1"],"relics":["Burning Blood","LagranYue:RandomDrawCardRelic","Pen Nib","RuthlessExorcism:ReiMu","Mirror","ReplayTheSpireMod:CursedCoin"],"acts_visited":["Exordium"],"potions_floor_usage":[],"damage_taken":[{"damage":3,"enemies":"Jaw Worm","floor":1,"turns":4},{"damage":6,"enemies":"Cultist","floor":3,"turns":3},{"damage":3,"enemies":"Small Slimes","floor":4,"turns":3},{"damage":21,"enemies":"3 Louse","floor":5,"turns":4},{"damage":36,"enemies":"Lagavulin","floor":7,"turns":6},{"damage":0,"enemies":"HollowMod:MossKnight","floor":11,"turns":3},{"damage":3,"enemies":"Lots of Slimes","floor":13,"turns":2},{"damage":0,"enemies":"Hexaghost","floor":16,"turns":1}],"seed_played":"4169931680622008580","potions_obtained":[{"floor":3,"key":"Doom Potion"},{"floor":4,"key":"DuplicationPotion"},{"floor":7,"key":"Swift Potion"}],"is_trial":false,"path_per_floor":["M","?","M","M","M","R","E","R","T","R","E","$","M","$","R","B"],"character_chosen":"IRONCLAD","items_purchased":["ReplayTheSpireMod:CursedCoin"],"campfire_rested":0,"item_purchase_floors":[12],"current_hp_per_floor":[96,96,96,96,81,81,51,51,51,51,57,57,60,60,60,60,60],"gold":211,"neow_bonus":"TWENTY_PERCENT_HP_BONUS","is_daily":false,"chose_seed":false,"campfire_upgraded":4,"win_rate":0.0,"timestamp":1608969726,"path_taken":["M","?","M","M","M","R","E","R","T","R","E","$","?","$","R","BOSS"],"items_purchased_type":["Relic"],"build_version":"2020-12-22","purchased_purges":1,"victory":false,"max_hp_per_floor":[96,96,96,96,96,96,96,96,96,96,96,96,96,96,96,96,96],"card_choices":[{"not_picked":["Pommel Strike","Clothesline"],"picked":"Run Through","floor":1},{"not_picked":["True Grit","Replay:Undeath\u0027s Touch","Clothesline"],"picked":"SKIP","floor":3},{"not_picked":["Spot Weakness","Shrug It Off"],"picked":"Pommel Strike","floor":4},{"not_picked":["Defy Death","Searing Blow"],"picked":"Shrug It Off","floor":5},{"not_picked":["Disarm","Feel No Pain","Spot Weakness"],"picked":"SKIP","floor":7},{"not_picked":["Shockwave","Abandon","Pommel Strike"],"picked":"SKIP","floor":11},{"not_picked":["True Grit","Reckless Charge","ReplayTheSpireMod:LeadingStrike"],"picked":"SKIP","floor":13}],"player_experience":247402,"relics_obtained":[{"floor":7,"key":"Pen Nib"},{"floor":9,"key":"RuthlessExorcism:ReiMu"},{"floor":11,"key":"Mirror"}],"event_choices":[{"cards_removed":["Strike_R"],"damage_healed":0,"gold_gain":0,"player_choice":"Offered Basic","damage_taken":0,"max_hp_gain":0,"max_hp_loss":0,"event_name":"Bonfire Elementals","floor":2,"gold_loss":0}],"is_beta":false,"boss_relics":[],"items_purged_floors":[12],"is_endless":false,"potions_floor_spawned":[3,4,7,13],"killed_by":"Hexaghost","ascension_level":1}}