{"host":"Jinnai","time":1608947655,"event":{"mods":["BaseMod","Bestiary","Block Reminder","Colored Map","Colored Powertips","Highlight Path","Keyboard Shortcuts","Minty Spire (QoL Compilation)","Quick Restart","Relic Stats"],"gold_per_floor":[211,181,20,32,45,71,82,82,82,116,133,133,208,219,219,292,292,302,330,342,23,43,43,43],"floor_reached":23,"playtime":1211,"items_purged":["Strike_P"],"score":396,"play_id":"95636f43-666b-4c48-bfd5-c12eb12e34bd","local_time":"20201225205415","is_ascension_mode":true,"campfire_choices":[{"floor":12,"key":"REST"},{"data":"EmptyFist","floor":15,"key":"SMITH"}],"circlet_count":0,"master_deck":["AscendersBane","Strike_P","Strike_P","Strike_P","Defend_P","Defend_P","Defend_P","Defend_P","Eruption","Vigilance","BowlingBash","EmptyFist+1","Wireheading","Adaptation+1","Adaptation+1","FlurryOfBlows","WheelKick","EmptyFist","Vault","Weave","Adaptation+1","Master of Strategy"],"relics":["PureWater","Centennial Puzzle","Frozen Egg 2","Bird Faced Urn","Mummified Hand","CaptainsWheel","VioletLotus","Red Mask"],"acts_visited":["Exordium","TheCity"],"potions_floor_usage":[10,16,23],"damage_taken":[{"damage":5,"enemies":"Small Slimes","floor":1,"turns":5},{"damage":6,"enemies":"Cultist","floor":4,"turns":3},{"damage":2,"enemies":"2 Louse","floor":5,"turns":2},{"damage":8,"enemies":"Gremlin Nob","floor":6,"turns":3},{"damage":12,"enemies":"Looter","floor":7,"turns":3},{"damage":29,"enemies":"3 Sentries","floor":10,"turns":7},{"damage":0,"enemies":"Large Slime","floor":11,"turns":4},{"damage":0,"enemies":"2 Fungi Beasts","floor":14,"turns":1},{"damage":48,"enemies":"Hexaghost","floor":16,"turns":10},{"damage":1,"enemies":"Spheric Guardian","floor":18,"turns":4},{"damage":24,"enemies":"Masked Bandits","floor":19,"turns":5},{"damage":0,"enemies":"Chosen","floor":20,"turns":4},{"damage":16,"enemies":"Centurion and Healer","floor":22,"turns":5},{"damage":53,"enemies":"Slavers","floor":23,"turns":7}],"seed_played":"-4573556174812827504","potions_obtained":[{"floor":2,"key":"SkillPotion"},{"floor":2,"key":"PowerPotion"},{"floor":7,"key":"FairyPotion"},{"floor":11,"key":"SmokeBomb"},{"floor":14,"key":"DistilledChaos"},{"floor":18,"key":"DuplicationPotion"},{"floor":22,"key":"DistilledChaos"}],"is_trial":false,"path_per_floor":["M","?","$","M","M","E","M","T","T","E","M","R","?","M","R","B",null,"M","?","M","$","M","E"],"character_chosen":"WATCHER","items_purchased":["Centennial Puzzle","Adaptation+1","Master of Strategy"],"campfire_rested":1,"item_purchase_floors":[3,21,21],"current_hp_per_floor":[56,56,56,50,48,40,28,28,28,7,13,33,22,26,26,8,53,58,40,46,46,38,0,0],"gold":43,"neow_bonus":"HUNDRED_GOLD","is_daily":false,"chose_seed":false,"campfire_upgraded":1,"win_rate":0.0,"timestamp":1608947655,"path_taken":["M","?","$","M","?","E","M","?","T","E","M","R","?","M","R","BOSS","M","?","M","$","M","E"],"items_purchased_type":["Relic","Card","Card"],"build_version":"2020-12-18","purchased_purges":1,"victory":false,"max_hp_per_floor":[68,68,68,68,68,68,68,68,68,68,68,68,68,68,68,68,68,68,68,68,68,68,68,68],"relic_stats":{"Centennial Puzzle":[30],"counters":[14,63],"Mummified Hand":[36],"Bird Faced Urn":[58],"VioletLotus":[3],"obtain_stats":[{"Centennial Puzzle":3,"CaptainsWheel":10,"Mummified Hand":9,"Bird Faced Urn":8,"VioletLotus":17,"Red Mask":19,"PureWater":0,"Frozen Egg 2":6},{"Centennial Puzzle":1,"CaptainsWheel":6,"Mummified Hand":5,"Bird Faced Urn":5,"VioletLotus":9,"Red Mask":11,"PureWater":0,"Frozen Egg 2":4},{"Centennial Puzzle":5,"CaptainsWheel":23,"Mummified Hand":16,"Bird Faced Urn":16,"VioletLotus":38,"Red Mask":47,"PureWater":0,"Frozen Egg 2":13}]},"card_choices":[{"not_picked":["Consecrate","ThirdEye"],"picked":"BowlingBash","floor":1},{"not_picked":["Study","Halt"],"picked":"EmptyFist","floor":4},{"not_picked":["Halt","EmptyFist"],"picked":"Wireheading","floor":5},{"not_picked":["WheelKick","Indignation"],"picked":"Adaptation+1","floor":6},{"not_picked":["Halt","MentalFortress+1"],"picked":"Adaptation+1","floor":7},{"not_picked":["PathToVictory","Consecrate"],"picked":"FlurryOfBlows","floor":10},{"not_picked":["Crescendo","ClearTheMind"],"picked":"WheelKick","floor":11},{"not_picked":["WheelKick","Consecrate"],"picked":"EmptyFist","floor":14},{"not_picked":["Judgement","ConjureBlade"],"picked":"Vault","floor":16},{"not_picked":["CrushJoints","ClearTheMind","BowlingBash"],"picked":"SKIP","floor":18},{"not_picked":["WaveOfTheHand","BowlingBash"],"picked":"Weave","floor":20},{"not_picked":["Prostrate","Collect+1","Halt"],"picked":"SKIP","floor":22}],"player_experience":1488022,"relics_obtained":[{"floor":6,"key":"Frozen Egg 2"},{"floor":8,"key":"Bird Faced Urn"},{"floor":9,"key":"Mummified Hand"},{"floor":10,"key":"CaptainsWheel"},{"floor":19,"key":"Red Mask"}],"event_choices":[{"damage_healed":0,"gold_gain":0,"player_choice":"Bought 2 Potions","damage_taken":0,"max_hp_gain":0,"max_hp_loss":0,"event_name":"The Woman in Blue","floor":2,"gold_loss":0},{"damage_healed":0,"gold_gain":75,"player_choice":"Gather Gold","damage_taken":11,"max_hp_gain":0,"max_hp_loss":0,"event_name":"World of Goop","floor":13,"gold_loss":0},{"damage_healed":0,"gold_gain":0,"player_choice":"Fought Bandits","damage_taken":0,"max_hp_gain":0,"max_hp_loss":0,"event_name":"Masked Bandits","floor":19,"gold_loss":0}],"is_beta":true,"boss_relics":[{"not_picked":["Coffee Dripper","Tiny House"],"picked":"VioletLotus"}],"items_purged_floors":[21],"is_endless":false,"potions_floor_spawned":[5,7,11,14,18,22],"killed_by":"Slavers","ascension_level":19}}