{"host":"x5nedmcg1ruvdks4","time":1608980308,"event":{"mods":["AchievementEnabler","BaseMod","Block Reminder","DeckTracker","Minty Spire (QoL Compilation)","Permanent Neow"],"gold_per_floor":[112,112,127,302,319,347,363,396,423,423,435,447,447,461,461,556,556,575,575,575],"floor_reached":19,"playtime":917,"items_purged":[],"score":289,"play_id":"8524eb98-6768-4eb6-b32b-ae974d4158b4","local_time":"20201226115828","is_ascension_mode":true,"campfire_choices":[{"data":"Berserk","floor":10.0,"key":"SMITH"},{"data":"Combust","floor":15,"key":"SMITH"}],"circlet_count":0,"master_deck":["Strike_R","Strike_R","Strike_R","Strike_R","Strike_R","Defend_R","Defend_R","Defend_R","Defend_R","Bash","Berserk+1","Spot Weakness","Doubt","Battle Trance","Sever Soul","Rupture","Combust+1","Battle Trance","Combust","Demon Form","Seeing Red"],"relics":["Black Blood","TungstenRod","Lantern","Bag of Marbles","Ancient Tea Set"],"acts_visited":["Exordium","TheCity"],"potions_floor_usage":[],"damage_taken":[{"damage":8.0,"enemies":"Jaw Worm","floor":1.0,"turns":4.0},{"damage":0.0,"enemies":"Small Slimes","floor":3.0,"turns":3.0},{"damage":3.0,"enemies":"Cultist","floor":5.0,"turns":3.0},{"damage":35.0,"enemies":"3 Sentries","floor":6.0,"turns":8.0},{"damage":4.0,"enemies":"2 Fungi Beasts","floor":7.0,"turns":4.0},{"damage":43.0,"enemies":"Gremlin Nob","floor":8.0,"turns":5.0},{"damage":7.0,"enemies":"Blue Slaver","floor":11.0,"turns":2.0},{"damage":5.0,"enemies":"Exordium Wildlife","floor":12.0,"turns":3.0},{"damage":19.0,"enemies":"Lagavulin","floor":13.0,"turns":5.0},{"damage":5,"enemies":"Looter","floor":14,"turns":2},{"damage":4,"enemies":"Slime Boss","floor":16,"turns":5},{"damage":44,"enemies":"Chosen","floor":18,"turns":5},{"damage":53,"enemies":"Shell Parasite","floor":19,"turns":6}],"seed_played":"6285914010651559073","potions_obtained":[{"floor":1.0,"key":"Regen Potion"},{"floor":5.0,"key":"SkillPotion"},{"floor":8.0,"key":"AttackPotion"},{"floor":12.0,"key":"SmokeBomb"}],"is_trial":false,"path_per_floor":["M","?","M","?","M","E","M","E","T","R","M","M","E","M","R","B",null,"M","M"],"character_chosen":"IRONCLAD","items_purchased":[],"campfire_rested":0,"item_purchase_floors":[],"current_hp_per_floor":[78,75,80,80,80,51,53,30,30,30,29,30,17,18,18,20,80,48,0,0],"gold":575,"neow_bonus":"ONE_RANDOM_RARE_CARD","is_daily":false,"chose_seed":false,"campfire_upgraded":2,"win_rate":0.0,"timestamp":1608980308,"path_taken":["M","?","M","?","M","E","M","E","T","R","M","M","E","M","R","BOSS","M","M"],"items_purchased_type":[],"build_version":"2020-12-22","purchased_purges":0,"victory":false,"max_hp_per_floor":[80,80,80,80,80,80,80,80,80,80,80,80,80,80,80,80,80,80,80,80],"card_choices":[{"not_picked":["Searing Blow","Thunderclap","Twin Strike"],"picked":"SKIP","floor":1.0},{"not_picked":["Thunderclap","Cleave"],"picked":"Spot Weakness","floor":3.0},{"not_picked":["Flex","Havoc"],"picked":"Battle Trance","floor":5.0},{"not_picked":["Iron Wave","Perfected Strike"],"picked":"Sever Soul","floor":6.0},{"not_picked":["Carnage","Pummel"],"picked":"Rupture","floor":7.0},{"not_picked":["Clash","Reckless Charge","Havoc"],"picked":"SKIP","floor":8.0},{"not_picked":["Berserk","Spot Weakness"],"picked":"Combust","floor":11.0},{"not_picked":["Havoc","Entrench"],"picked":"Battle Trance","floor":12.0},{"not_picked":["Clash","Second Wind"],"picked":"Combust","floor":14},{"not_picked":["Bludgeon","Offering"],"picked":"Demon Form","floor":16},{"not_picked":["Searing Blow","Iron Wave"],"picked":"Seeing Red","floor":18}],"player_experience":75447,"relics_obtained":[{"floor":6.0,"key":"Lantern"},{"floor":8.0,"key":"Bag of Marbles"},{"floor":9.0,"key":"Ancient Tea Set"}],"event_choices":[{"damage_healed":0.0,"max_hp_gain":0.0,"max_hp_loss":0.0,"gold_gain":0.0,"event_name":"Scrap Ooze","player_choice":"Success","floor":2.0,"gold_loss":0.0,"damage_taken":3.0,"relics_obtained":["TungstenRod"]},{"damage_healed":0.0,"max_hp_gain":0.0,"max_hp_loss":0.0,"gold_gain":175.0,"event_name":"Liars Game","player_choice":"AGREE","floor":4.0,"gold_loss":0.0,"damage_taken":0.0,"cards_obtained":["Doubt"]}],"is_beta":false,"boss_relics":[{"not_picked":["Sozu","Runic Dome"],"picked":"Black Blood"}],"items_purged_floors":[],"is_endless":false,"potions_floor_spawned":[1,5,8,12,13],"killed_by":"Shell Parasite","ascension_level":4}}