{"host":"y7sd46uq4xlni546","time":1608980335,"event":{"mods":["AchievementEnabler","BaseMod","Colored Map","Colored Powertips","Curses Come First","Minty Spire (QoL Compilation)","Random Character Button","Rare Cards Sparkle","StSLib"],"gold_per_floor":[116,116,191,191,207,239,266,266,315,347,347,47,76,90,90,186,186,197,197,197,197,197,232,232,264,290,316,316,330,330,330,330,426,426,436,436,1435,1435,1435,1435,1435,1484,1484,1484,1515,1515,391,423,423,423],"floor_reached":51,"playtime":2796,"items_purged":[],"score":1227,"play_id":"bfb0423e-eeb3-4372-be42-f6987dc09198","local_time":"20201226115855","daily_mods":["SealedDeck","Heirloom","Time Dilation","Flight"],"is_ascension_mode":false,"campfire_choices":[{"data":"DevaForm","floor":8.0,"key":"SMITH"},{"data":"Echo Form","floor":15.0,"key":"SMITH"},{"data":"Wraith Form v2","floor":24,"key":"SMITH"},{"data":"Scrape","floor":32,"key":"PURGE"},{"data":"Meteor Strike","floor":40,"key":"SMITH"},{"data":"Streamline","floor":46,"key":"PURGE"},{"floor":49,"key":"RECALL"}],"circlet_count":0,"master_deck":["Demon Form","Wraith Form v2+1","Echo Form+1","DevaForm+1","Leap+1","Defragment","Double Energy","Capacitor","Echo Form","Hologram+1","Creative AI","Doom and Gloom","Echo Form","Sunder+1","Sunder+1","Buffer","Meteor Strike+1","Glacier"],"relics":["Snecko Eye","Unceasing Top","Prayer Wheel","Dream Catcher","White Beast Statue","Art of War","Lantern","Anchor","Peace Pipe","Eternal Feather","Black Star","CaptainsWheel","War Paint","Akabeko","Orichalcum","Juzu Bracelet","Strawberry","Mummified Hand","Omamori","Singing Bowl","Empty Cage","Dead Branch","The Courier","StrikeDummy","Shuriken","Runic Capacitor","Ancient Tea Set","Bottled Lightning","Bag of Marbles","Pen Nib","Bird Faced Urn","Pear","HornCleat","Letter Opener"],"acts_visited":["Exordium","TheCity","TheBeyond"],"potions_floor_usage":[16,16,23,25,25,27],"damage_taken":[{"damage":0.0,"enemies":"Cultist","floor":1.0,"turns":3.0},{"damage":1.0,"enemies":"2 Louse","floor":5.0,"turns":3.0},{"damage":0.0,"enemies":"Gremlin Nob","floor":6.0,"turns":4.0},{"damage":4.0,"enemies":"3 Sentries","floor":7.0,"turns":6.0},{"damage":0.0,"enemies":"Gremlin Nob","floor":10.0,"turns":3.0},{"damage":0.0,"enemies":"Lagavulin","floor":13.0,"turns":2.0},{"damage":0.0,"enemies":"Small Slimes","floor":14.0,"turns":2.0},{"damage":10,"enemies":"The Guardian","floor":16,"turns":4},{"damage":2,"enemies":"Shell Parasite","floor":18,"turns":4},{"damage":0,"enemies":"Gremlin Leader","floor":23,"turns":3},{"damage":0,"enemies":"Book of Stabbing","floor":25,"turns":3},{"damage":0,"enemies":"Gremlin Leader","floor":27,"turns":3},{"damage":0,"enemies":"Chosen","floor":29,"turns":2},{"damage":0,"enemies":"Automaton","floor":33,"turns":3},{"damage":0,"enemies":"3 Darklings","floor":35,"turns":1},{"damage":0,"enemies":"2 Orb Walkers","floor":42,"turns":1},{"damage":0,"enemies":"Nemesis","floor":45,"turns":3},{"damage":0,"enemies":"Reptomancer","floor":48,"turns":2},{"damage":0,"enemies":"Awakened One","floor":50,"turns":3}],"seed_played":"7121376155932714372","potions_obtained":[{"floor":1.0,"key":"Fire Potion"},{"floor":5.0,"key":"LiquidMemories"},{"floor":7.0,"key":"Energy Potion"},{"floor":10.0,"key":"PotionOfCapacity"},{"floor":14.0,"key":"Energy Potion"},{"floor":16,"key":"SpeedPotion"},{"floor":18,"key":"SkillPotion"},{"floor":23,"key":"Strength Potion"},{"floor":25,"key":"SteroidPotion"},{"floor":27,"key":"GamblersBrew"},{"floor":33,"key":"AttackPotion"},{"floor":35,"key":"SteroidPotion"},{"floor":42,"key":"DuplicationPotion"},{"floor":48,"key":"DuplicationPotion"}],"is_trial":true,"path_per_floor":["M","?","?","?","M","E","E","R","T","E","?","$","E","M","R","B",null,"M","?","?","?","?","E","R","E","T","E","?","M","?","?","R","B",null,"M","?","?","?","?","R","?","?","T","?","E","R","$","E","R","B",null],"character_chosen":"DEFECT","items_purchased":["Peace Pipe","Runic Capacitor","Ancient Tea Set","Bottled Lightning","Bag of Marbles","Pen Nib","Bird Faced Urn","Pear"],"campfire_rested":0,"item_purchase_floors":[12,47,47,47,47,47,47,47],"current_hp_per_floor":[75,68,57,57,56,56,52,52,52,52,52,52,52,52,61,51,75,73,73,59,59,59,59,71,71,78,78,78,78,78,78,87,87,87,91,91,91,91,86,86,86,88,88,88,90,90,100,102,102,102],"gold":423,"neow_bonus":"","is_daily":false,"chose_seed":false,"campfire_upgraded":4,"win_rate":0.0,"timestamp":1608980335,"path_taken":["M","?","?","?","?","E","E","R","T","E","?","$","E","?","R","BOSS","M","?","?","?","?","E","R","E","T","E","?","M","?","?","R","BOSS","M","?","?","?","?","R","?","?","T","?","E","R","$","E","R","BOSS"],"items_purchased_type":["Relic","Relic","Relic","Relic","Relic","Relic","Relic","Relic"],"build_version":"2020-12-22","purchased_purges":0,"victory":true,"max_hp_per_floor":[75,75,75,75,75,75,75,75,75,75,75,75,75,75,75,75,75,75,75,80,80,80,80,80,80,87,87,87,87,87,87,87,87,87,91,91,91,91,86,86,86,88,88,88,90,90,100,102,102,102],"card_choices":[{"not_picked":["Coolheaded","Conserve Battery"],"picked":"Capacitor","floor":1.0},{"not_picked":["Compile Driver","Self Repair","Cold Snap"],"picked":"SKIP","floor":1.0},{"not_picked":["Leap","Cold Snap"],"picked":"Hologram","floor":5.0},{"not_picked":["Sweeping Beam","Ball Lightning","Beam Cell"],"picked":"SKIP","floor":5.0},{"not_picked":["Blizzard","White Noise","Streamline"],"picked":"SKIP","floor":6.0},{"not_picked":["Thunder Strike","Turbo"],"picked":"Creative AI","floor":7.0},{"not_picked":["Ball Lightning","Redo"],"picked":"Doom and Gloom","floor":10.0},{"not_picked":["Stack","Lockon","Compile Driver"],"picked":"SKIP","floor":13.0},{"not_picked":["Compile Driver","Rebound","Conserve Battery"],"picked":"SKIP","floor":14.0},{"not_picked":["Rip and Tear","Ball Lightning","Glacier"],"picked":"SKIP","floor":14.0},{"not_picked":["Machine Learning","Amplify"],"picked":"Echo Form","floor":16},{"not_picked":["Cold Snap","Sweeping Beam"],"picked":"Sunder+1","floor":18},{"not_picked":["Compile Driver+1","Cold Snap+1","Sweeping Beam"],"picked":"SKIP","floor":18},{"not_picked":["Compile Driver+1","Cold Snap+1","Sweeping Beam"],"picked":"SKIP","floor":18},{"not_picked":["Storm+1","Cold Snap+1"],"picked":"Sunder+1","floor":23},{"not_picked":["Leap","Electrodynamics"],"picked":"Buffer","floor":25},{"not_picked":["Compile Driver+1","Stack","Aggregate+1"],"picked":"SKIP","floor":27},{"not_picked":["Scrape","Hologram","Stack+1"],"picked":"SKIP","floor":29},{"not_picked":["Redo","Stack","Steam"],"picked":"SKIP","floor":29},{"not_picked":["Rainbow","All For One"],"picked":"Meteor Strike","floor":33},{"not_picked":["Reprogram+1","White Noise+1","Loop+1"],"picked":"Singing Bowl","floor":35},{"not_picked":["Steam Power","Capacitor","Static Discharge+1"],"picked":"Singing Bowl","floor":35},{"not_picked":["Conserve Battery","Leap+1","FTL"],"picked":"Singing Bowl","floor":42},{"not_picked":["Beam Cell","Hologram","Ball Lightning+1"],"picked":"Singing Bowl","floor":45},{"not_picked":["Lockon+1","Consume","Turbo"],"picked":"Singing Bowl","floor":48}],"player_experience":504869,"relics_obtained":[{"floor":6.0,"key":"White Beast Statue"},{"floor":7.0,"key":"Art of War"},{"floor":9.0,"key":"Lantern"},{"floor":10.0,"key":"Anchor"},{"floor":13.0,"key":"Eternal Feather"},{"floor":23,"key":"War Paint"},{"floor":23,"key":"Akabeko"},{"floor":25,"key":"Orichalcum"},{"floor":25,"key":"Juzu Bracelet"},{"floor":26,"key":"Strawberry"},{"floor":27,"key":"Mummified Hand"},{"floor":27,"key":"Omamori"},{"floor":42,"key":"Dead Branch"},{"floor":43,"key":"The Courier"},{"floor":45,"key":"StrikeDummy"},{"floor":45,"key":"Shuriken"},{"floor":48,"key":"HornCleat"},{"floor":48,"key":"Letter Opener"}],"event_choices":[{"damage_healed":0.0,"max_hp_gain":0.0,"max_hp_loss":0.0,"gold_gain":0.0,"event_name":"Scrap Ooze","player_choice":"Success","floor":2.0,"gold_loss":0.0,"damage_taken":7.0,"relics_obtained":["Dream Catcher"]},{"damage_healed":0.0,"max_hp_gain":0.0,"max_hp_loss":0.0,"gold_gain":75.0,"event_name":"World of Goop","player_choice":"Gather Gold","floor":3.0,"gold_loss":0.0,"damage_taken":11.0},{"damage_healed":0.0,"max_hp_gain":0.0,"max_hp_loss":0.0,"gold_gain":0.0,"cards_transformed":["Chill"],"event_name":"Transmorgrifier","player_choice":"Transformed","floor":4.0,"gold_loss":0.0,"damage_taken":0.0,"cards_obtained":["Echo Form"]},{"damage_healed":0.0,"max_hp_gain":0.0,"max_hp_loss":0.0,"gold_gain":0.0,"event_name":"The Woman in Blue","player_choice":"Bought 0 Potions","floor":11.0,"gold_loss":0.0,"damage_taken":0.0},{"damage_healed":0,"gold_gain":0,"player_choice":"Stole Relic","damage_taken":0,"relics_obtained":["CaptainsWheel"],"max_hp_gain":0,"max_hp_loss":0,"event_name":"Addict","floor":19,"gold_loss":0,"cards_obtained":["Shame"]},{"damage_healed":0,"gold_gain":0,"player_choice":"Shed Blood","damage_taken":19,"max_hp_gain":5,"max_hp_loss":0,"event_name":"Forgotten Altar","floor":20,"gold_loss":0},{"damage_healed":0,"gold_gain":0,"player_choice":"Ignored","damage_taken":0,"max_hp_gain":0,"max_hp_loss":0,"event_name":"Vampires","floor":21,"gold_loss":0},{"damage_healed":0,"gold_gain":0,"player_choice":"Ignored","damage_taken":0,"max_hp_gain":0,"max_hp_loss":0,"event_name":"Ghosts","floor":22,"gold_loss":0},{"damage_healed":0,"gold_gain":0,"player_choice":"Ignored","damage_taken":0,"max_hp_gain":0,"max_hp_loss":0,"event_name":"Beggar","floor":28,"gold_loss":0},{"cards_removed":["Shame"],"damage_healed":0,"gold_gain":0,"player_choice":"Removed Curses","damage_taken":0,"max_hp_gain":0,"max_hp_loss":0,"event_name":"Fountain of Cleansing","floor":30,"gold_loss":0},{"damage_healed":0,"gold_gain":0,"player_choice":"Opened","damage_taken":0,"relics_obtained":["Singing Bowl"],"max_hp_gain":0,"max_hp_loss":0,"event_name":"The Mausoleum","floor":31,"gold_loss":0},{"cards_removed":["Conserve Battery"],"damage_healed":0,"gold_gain":0,"player_choice":"Removed Skill","damage_taken":0,"max_hp_gain":0,"max_hp_loss":0,"event_name":"Falling","floor":36,"gold_loss":0},{"damage_healed":0,"gold_gain":999,"player_choice":"Gold","damage_taken":0,"max_hp_gain":0,"max_hp_loss":0,"event_name":"MindBloom","floor":37,"gold_loss":0,"cards_obtained":["Normality","Normality"]},{"damage_healed":0,"gold_gain":0,"player_choice":"Ignored","damage_taken":0,"max_hp_gain":0,"max_hp_loss":0,"event_name":"SecretPortal","floor":38,"gold_loss":0},{"damage_healed":0,"gold_gain":0,"player_choice":"Max HP","damage_taken":0,"max_hp_gain":0,"max_hp_loss":5,"event_name":"Winding Halls","floor":39,"gold_loss":0},{"damage_healed":0,"gold_gain":0,"player_choice":"Ignored","damage_taken":0,"max_hp_gain":0,"max_hp_loss":0,"event_name":"Tomb of Lord Red Mask","floor":41,"gold_loss":0},{"damage_healed":0,"gold_gain":0,"player_choice":"Fight","damage_taken":0,"max_hp_gain":0,"max_hp_loss":0,"event_name":"Mysterious Sphere","floor":42,"gold_loss":0},{"damage_healed":0,"gold_gain":0,"cards_transformed":["Compile Driver"],"player_choice":"Transformed","damage_taken":0,"max_hp_gain":0,"max_hp_loss":0,"event_name":"Transmorgrifier","floor":44,"gold_loss":0,"cards_obtained":["Glacier"]}],"is_beta":false,"boss_relics":[{"not_picked":["Calling Bell","Runic Pyramid"],"picked":"Black Star"},{"not_picked":["Philosopher\u0027s Stone","SacredBark"],"picked":"Empty Cage"}],"items_purged_floors":[],"is_endless":false,"potions_floor_spawned":[1,5,7,10,13,14,16,18,23,25,27,29,33,35,42,45,48],"ascension_level":0}}