{"host":"aq6j0shg22k0vr7s","time":1608977496,"event":{"mods":["2.2 Compatiblity","AchievementEnabler","BaseMod","Better Note","Colored Map","Downfall","Duelist Mod","GifTheSpireLib","Hermit","Marisa????????","Minty Spire (QoL Compilation)","Quick Restart","StSLib","Td1madao Mod","The Bug Knight","The Cursed"],"gold_per_floor":[99,119,131,147,147,9,82,95,108,108,108,108],"floor_reached":10,"playtime":555,"items_purged":[],"score":60,"play_id":"d927dac8-c448-492b-864c-21acc9b22e4a","local_time":"20201226021136","is_ascension_mode":false,"campfire_choices":[{"floor":1,"key":"RECALL"}],"circlet_count":0,"master_deck":["Slimebound:Strike_Slimebound","Slimebound:Strike_Slimebound","Slimebound:Strike_Slimebound","Slimebound:Tackle","Slimebound:Defend_Slimebound","Slimebound:Defend_Slimebound","Slimebound:Defend_Slimebound","Slimebound:Defend_Slimebound","Slimebound:Split","Slimebound:CorrosiveSpit","theDuelist:PsiCurse","Apotheosis","Slimebound:LeechingTouch","Slimebound:SamplingLick","Slimebound:SlimeSpikes","Slimebound:FirmFortitude","Slimebound:AcidTongue","Slimebound:GoopSpray","Slimebound:SpikyOuterGoop","Slimebound:Equalize"],"relics":["Slimebound:AbsorbEndCombat","Gremlin Horn"],"acts_visited":["Exordium"],"potions_floor_usage":[3],"damage_taken":[{"damage":14,"enemies":"Small Slimes","floor":2,"turns":3},{"damage":18,"enemies":"Cultist","floor":3,"turns":4},{"damage":19,"enemies":"Jaw Worm","floor":4,"turns":3},{"damage":12,"enemies":"downfall:FleeingMerchant","floor":6,"turns":4},{"damage":19,"enemies":"2 Fungi Beasts","floor":8,"turns":5},{"damage":27,"enemies":"Blue Slaver","floor":9,"turns":5},{"damage":18,"enemies":"3 Sentries","floor":10,"turns":4}],"seed_played":"2878940362880678973","potions_obtained":[{"floor":2,"key":"LiquidBronze"}],"is_trial":false,"path_per_floor":["R","M","M","M","?","$","T","M","M","E"],"character_chosen":"SLIMEBOUND","items_purchased":["Slimebound:AcidTongue","Slimebound:GoopSpray"],"campfire_rested":0,"item_purchase_floors":[6,6],"current_hp_per_floor":[60,52,46,39,39,37,37,30,11,0,0,0],"gold":108,"neow_bonus":"RANDOM_COLORLESS_2","is_daily":false,"chose_seed":false,"campfire_upgraded":0,"win_rate":0.0,"timestamp":1608977496,"path_taken":["R","M","M","M","?","$","T","M","M","E"],"items_purchased_type":["Card","Card"],"build_version":"2020-12-22","purchased_purges":0,"victory":false,"max_hp_per_floor":[60,60,60,60,60,60,60,60,60,60,60,60],"card_choices":[{"not_picked":["theDuelist:OrbMetronome","HandOfGreed"],"picked":"Apotheosis","floor":0},{"not_picked":["Slimebound:ComboTackle","Slimebound:GoopSpray"],"picked":"Slimebound:LeechingTouch","floor":2},{"not_picked":["Slimebound:LeechingTouch","Slimebound:ForwardTackle"],"picked":"Slimebound:SamplingLick","floor":3},{"not_picked":["Slimebound:SplitLeeching","Slimebound:GrowthPunch"],"picked":"Slimebound:SlimeSpikes","floor":4},{"not_picked":["Slimebound:FinishingTackle","Slimebound:MegaLick"],"picked":"Slimebound:FirmFortitude","floor":6},{"not_picked":["Slimebound:RollThrough","Slimebound:SplitMire"],"picked":"Slimebound:SpikyOuterGoop","floor":8},{"not_picked":["Slimebound:SamplingLick","Slimebound:SlimeBarrage"],"picked":"Slimebound:Equalize","floor":9}],"player_experience":73621,"relics_obtained":[],"event_choices":[],"is_beta":false,"boss_relics":[],"items_purged_floors":[],"is_endless":false,"potions_floor_spawned":[2],"killed_by":"3 Sentries","ascension_level":0}}