{"host":"h6r7r6c3xsnc1kic","time":1608949753,"event":{"mods":["BaseMod","Hermit","Koishi","Minty Spire (QoL Compilation)","Replay The Spire","StSLib","The Bug Knight","The Cursed","The Dragon Tamer","The Hierophant","The Jungle","The Poker Player","The Runesmith"],"gold_per_floor":[115,132,71,81,81,107,107,142,142,161,180,180,191,203,203,203,203],"floor_reached":16,"playtime":896,"items_purged":[],"score":139,"play_id":"004dc534-3790-44fc-a83a-835b0be8ee88","local_time":"20201226112913","daily_mods":["Heirloom"],"is_ascension_mode":false,"campfire_choices":[{"data":"Runesmith:Reinforce","floor":7,"key":"SMITH"},{"floor":12,"key":"REST"},{"floor":15,"key":"REST"}],"circlet_count":0,"master_deck":["Runesmith:Strike_RS","Runesmith:Strike_RS","Runesmith:Strike_RS","Runesmith:Strike_RS","Runesmith:Defend_RS","Runesmith:Defend_RS","Runesmith:Defend_RS","Runesmith:Defend_RS","Runesmith:CraftFirestone","Runesmith:Fortify","Runesmith:GoWithTheFlow","Runesmith:Grindstone","Runesmith:Reinforce","Runesmith:Reinforce+1","Runesmith:Duplicate","CommonCold","Runesmith:DuctTape","Runesmith:RunicBlueprint","Runesmith:Firewall","Runesmith:Attraction","Runesmith:RunicBlueprint","Runesmith:RuneHurl"],"relics":["Runesmith:BrokenRuby","CaptainsWheel","Ring of Fury","Bird Faced Urn","Replay:Wax Seal","Mango"],"acts_visited":["Exordium"],"potions_floor_usage":[16],"damage_taken":[{"damage":0,"enemies":"Cultist","floor":1,"turns":4},{"damage":9,"enemies":"Small Slimes","floor":2,"turns":3},{"damage":1,"enemies":"Jaw Worm","floor":4,"turns":3},{"damage":18,"enemies":"HollowMod:MossKnight","floor":6,"turns":8},{"damage":0,"enemies":"Replay:BlueRogue","floor":8,"turns":4},{"damage":2,"enemies":"2 Fungi Beasts","floor":10,"turns":4},{"damage":14,"enemies":"Exordium Wildlife","floor":11,"turns":5},{"damage":10,"enemies":"Lots of Slimes","floor":13,"turns":3},{"damage":14,"enemies":"3 Louse","floor":14,"turns":4},{"damage":98,"enemies":"Fading Forest","floor":16,"turns":8}],"seed_played":"-4696922928132429774","potions_obtained":[{"floor":1,"key":"Explosive Potion"},{"floor":10,"key":"Milkshake"},{"floor":11,"key":"FearPotion"},{"floor":14,"key":"Regen Potion"}],"is_trial":true,"path_per_floor":["M","M","$","M","?","E","R","E","T","M","M","R","M","M","R","B"],"character_chosen":"RUNESMITH_CLASS","items_purchased":["Runesmith:Reinforce"],"campfire_rested":2,"item_purchase_floors":[3],"current_hp_per_floor":[70,61,61,60,60,42,42,44,58,56,42,67,57,43,68,0,0],"gold":203,"neow_bonus":"","is_daily":false,"chose_seed":false,"campfire_upgraded":1,"win_rate":0.0,"timestamp":1608949753,"path_taken":["M","M","$","M","?","E","R","E","T","M","M","R","M","M","R","BOSS"],"items_purchased_type":["Card"],"build_version":"2020-12-22","purchased_purges":0,"victory":false,"max_hp_per_floor":[70,70,70,70,70,70,70,70,84,84,84,84,84,84,84,84,84],"card_choices":[{"not_picked":["Runesmith:Terraform","Runesmith:Grindstone"],"picked":"Runesmith:GoWithTheFlow","floor":1},{"not_picked":["Runesmith:Electrocute","Runesmith:Repurpose"],"picked":"Runesmith:Grindstone","floor":2},{"not_picked":["Runesmith:HeatExchange","Runesmith:StaticCage"],"picked":"Runesmith:Duplicate","floor":4},{"not_picked":["Runesmith:StaticCage","Runesmith:HammerThrow"],"picked":"Runesmith:DuctTape","floor":6},{"not_picked":["Runesmith:UnstableHammer","Runesmith:DoubleUp"],"picked":"Runesmith:RunicBlueprint","floor":8},{"not_picked":["Runesmith:HeatedChisel","Runesmith:CraftMagma"],"picked":"Runesmith:Firewall","floor":10},{"not_picked":["Runesmith:UnstableHammer","Runesmith:Empowerment"],"picked":"Runesmith:Attraction","floor":11},{"not_picked":["Runesmith:BackupBattery","Runesmith:Permafrost"],"picked":"Runesmith:RunicBlueprint","floor":13},{"not_picked":["Runesmith:UnstableHammer","Runesmith:Grindstone"],"picked":"Runesmith:RuneHurl","floor":14}],"player_experience":164445,"relics_obtained":[{"floor":5,"key":"Ring of Fury"},{"floor":6,"key":"Bird Faced Urn"},{"floor":8,"key":"Replay:Wax Seal"},{"floor":9,"key":"Mango"}],"event_choices":[],"is_beta":false,"boss_relics":[],"items_purged_floors":[],"is_endless":false,"potions_floor_spawned":[1,10,11,14],"killed_by":"Fading Forest","ascension_level":0}}