{"host":"v711dtdb46xe9u7l","time":1608984146,"event":{"mods":["BaseMod","Minty Spire (QoL Compilation)","StSLib"],"gold_per_floor":[117,64,83,83,97,97,125,125,125,141,166,166,231,247,247,343,343,357,357,372,372,7,42,42,74,74,74,74],"floor_reached":27,"playtime":2124,"items_purged":["Writhe"],"score":443,"play_id":"c82e19b3-8164-4acc-81ba-330f0f35d9c8","local_time":"20201226120226","is_ascension_mode":true,"campfire_choices":[{"data":"Prostrate","floor":6,"key":"SMITH"},{"data":"LikeWater","floor":8,"key":"SMITH"},{"floor":15,"key":"REST"},{"floor":24,"key":"REST"}],"circlet_count":0,"master_deck":["Strike_P","Strike_P+1","Strike_P+1","Strike_P","Defend_P","Defend_P","Defend_P","Defend_P","Eruption+1","Vigilance","Worship+1","Prostrate+1","ClearTheMind","LikeWater+1","Evaluate","Protect","CarveReality","Scrawl","Wireheading","Establishment+1","EmptyBody","EmptyFist+1","BattleHymn+1","Protect"],"relics":["PureWater","Darkstone Periapt","Mummified Hand","Centennial Puzzle","Oddly Smooth Stone","Black Star","Tiny Chest","Frozen Egg 2","Ancient Tea Set","Pear","Whetstone","FossilizedHelix","Shuriken"],"acts_visited":["Exordium","TheCity"],"potions_floor_usage":[10,18,18,23],"damage_taken":[{"damage":0,"enemies":"2 Louse","floor":1,"turns":2},{"damage":1,"enemies":"Small Slimes","floor":3,"turns":3},{"damage":4,"enemies":"Jaw Worm","floor":5,"turns":4},{"damage":11,"enemies":"3 Sentries","floor":7,"turns":18},{"damage":2,"enemies":"Red Slaver","floor":10,"turns":4},{"damage":0,"enemies":"Lagavulin","floor":11,"turns":9},{"damage":13,"enemies":"3 Sentries","floor":13,"turns":11},{"damage":4,"enemies":"Blue Slaver","floor":14,"turns":3},{"damage":0,"enemies":"The Guardian","floor":16,"turns":10},{"damage":20,"enemies":"Chosen","floor":18,"turns":9},{"damage":3,"enemies":"Spheric Guardian","floor":20,"turns":5},{"damage":43,"enemies":"Gremlin Leader","floor":23,"turns":6},{"damage":41,"enemies":"Book of Stabbing","floor":25,"turns":6},{"damage":5,"enemies":"3 Cultists","floor":27,"turns":3}],"seed_played":"7410453932420440423","potions_obtained":[{"floor":3,"key":"GamblersBrew"},{"floor":5,"key":"StancePotion"},{"floor":14,"key":"Block Potion"},{"floor":18,"key":"PowerPotion"}],"is_trial":false,"path_per_floor":["M","$","M","?","M","R","E","R","T","M","E","?","?","M","R","B",null,"M","?","M","?","$","E","R","E","T","M"],"character_chosen":"WATCHER","items_purchased":["Prostrate","Frozen Egg 2","BattleHymn+1"],"campfire_rested":2,"item_purchase_floors":[2,22,22],"current_hp_per_floor":[72,72,71,71,67,67,56,56,56,54,54,54,41,37,58,58,69,49,55,52,52,52,19,45,4,4,0,0],"gold":74,"neow_bonus":"UPGRADE_CARD","is_daily":false,"chose_seed":false,"campfire_upgraded":2,"win_rate":0.0,"timestamp":1608984146,"path_taken":["M","$","M","?","M","R","E","R","T","M","E","?","?","M","R","BOSS","M","?","M","?","$","E","R","E","T","?"],"items_purchased_type":["Card","Relic","Card"],"build_version":"2020-12-22","purchased_purges":1,"victory":false,"max_hp_per_floor":[72,72,72,72,72,72,72,72,72,72,72,72,72,72,72,72,72,72,78,78,78,78,88,88,88,88,88,88],"card_choices":[{"not_picked":["FlyingSleeves","BowlingBash"],"picked":"Worship","floor":1},{"not_picked":["WindmillStrike","EmptyFist"],"picked":"ClearTheMind","floor":3},{"not_picked":["FollowUp","Conclude"],"picked":"LikeWater","floor":5},{"not_picked":["Crescendo","PathToVictory"],"picked":"Evaluate","floor":7},{"not_picked":["Sanctity","Worship"],"picked":"Protect","floor":10},{"not_picked":["SignatureMove","ThirdEye"],"picked":"CarveReality","floor":11},{"not_picked":["FollowUp","Prostrate"],"picked":"Scrawl","floor":13},{"not_picked":["ThirdEye","WaveOfTheHand"],"picked":"Wireheading","floor":14},{"not_picked":["Judgement","Ragnarok"],"picked":"Establishment","floor":16},{"not_picked":["Collect","ClearTheMind"],"picked":"EmptyBody","floor":18},{"not_picked":["Wireheading","CutThroughFate"],"picked":"EmptyFist+1","floor":20},{"not_picked":["BowlingBash","CarveReality","Collect+1"],"picked":"SKIP","floor":23},{"not_picked":["BowlingBash+1","SashWhip"],"picked":"Protect","floor":25}],"player_experience":234939,"relics_obtained":[{"floor":7,"key":"Darkstone Periapt"},{"floor":9,"key":"Mummified Hand"},{"floor":11,"key":"Centennial Puzzle"},{"floor":13,"key":"Oddly Smooth Stone"},{"floor":23,"key":"Ancient Tea Set"},{"floor":23,"key":"Pear"},{"floor":25,"key":"Whetstone"},{"floor":25,"key":"FossilizedHelix"},{"floor":26,"key":"Shuriken"}],"event_choices":[{"damage_healed":0,"gold_gain":0,"player_choice":"Grow","damage_taken":0,"max_hp_gain":0,"max_hp_loss":0,"event_name":"Living Wall","floor":4,"gold_loss":0,"cards_upgraded":["Worship"]},{"damage_healed":0,"gold_gain":0,"player_choice":"Ignored","damage_taken":0,"max_hp_gain":0,"max_hp_loss":0,"event_name":"Liars Game","floor":12,"gold_loss":0},{"damage_healed":0,"gold_gain":30,"player_choice":"Searched \u00272\u0027 times","damage_taken":0,"max_hp_gain":0,"max_hp_loss":0,"event_name":"Dead Adventurer","floor":13,"gold_loss":0},{"damage_healed":0,"gold_gain":0,"player_choice":"Opened","damage_taken":0,"relics_obtained":["Tiny Chest"],"max_hp_gain":0,"max_hp_loss":0,"event_name":"The Mausoleum","floor":19,"gold_loss":0,"cards_obtained":["Writhe"]},{"damage_healed":0,"gold_gain":0,"player_choice":"Upgraded","damage_taken":0,"max_hp_gain":0,"max_hp_loss":0,"event_name":"Upgrade Shrine","floor":21,"gold_loss":0,"cards_upgraded":["Establishment"]}],"is_beta":false,"boss_relics":[{"not_picked":["Cursed Key","Astrolabe"],"picked":"Black Star"}],"items_purged_floors":[22],"is_endless":false,"potions_floor_spawned":[3,5,14,18],"killed_by":"3 Cultists","ascension_level":5}}