{"host":"4ag909k4xupnj24b","time":1608990525,"event":{"mods":["BaseMod","Minty Spire (QoL Compilation)","StSLib"],"gold_per_floor":[109,59,59,80,5,5,45,45,68,68,100,130,142,174,186,297,309,337,97,116,16,35,35,35,35,35,59,59,75,96,96,96],"floor_reached":31,"playtime":1148,"items_purged":["Strike_B","Strike_B"],"score":432,"play_id":"09702743-c97b-4168-b63f-83d619815f85","local_time":"20201226054845","is_ascension_mode":true,"campfire_choices":[{"data":"Zap","floor":6,"key":"SMITH"},{"data":"Creative AI","floor":8,"key":"SMITH"},{"data":"Doom and Gloom","floor":13,"key":"SMITH"},{"data":"Dualcast","floor":15,"key":"SMITH"},{"floor":23,"key":"REST"},{"data":"Defragment","floor":25,"key":"SMITH"}],"circlet_count":0,"master_deck":["AscendersBane","Strike_B","Defend_B","Defend_B","Defend_B","Defend_B","Zap+1","Dualcast+1","Doom and Gloom+1","Melter","Creative AI+1","Coolheaded","BootSequence","Coolheaded","Core Surge","CurseOfTheBell","Ball Lightning","Glacier","Ball Lightning","Defragment+1","Loop+1"],"relics":["Cracked Core","NeowsBlessing","Golden Idol","PreservedInsect","Regal Pillow","MawBank","Calling Bell","Art of War","Symbiotic Virus","Ginger","ClockworkSouvenir","Nilry\u0027s Codex","Omamori","NlothsMask"],"acts_visited":["Exordium","TheCity"],"potions_floor_usage":[22,31],"damage_taken":[{"damage":0,"enemies":"2 Louse","floor":1,"turns":1},{"damage":0,"enemies":"Small Slimes","floor":4,"turns":1},{"damage":0,"enemies":"Gremlin Nob","floor":7,"turns":1},{"damage":1,"enemies":"Cultist","floor":11,"turns":3},{"damage":4,"enemies":"3 Louse","floor":12,"turns":2},{"damage":10,"enemies":"Blue Slaver","floor":14,"turns":4},{"damage":10,"enemies":"The Guardian","floor":16,"turns":13},{"damage":11,"enemies":"2 Thieves","floor":18,"turns":4},{"damage":14,"enemies":"3 Byrds","floor":20,"turns":4},{"damage":8,"enemies":"Shelled Parasite and Fungi","floor":22,"turns":6},{"damage":24,"enemies":"Snecko","floor":27,"turns":6},{"damage":10,"enemies":"Centurion and Healer","floor":29,"turns":10},{"damage":6,"enemies":"Shelled Parasite and Fungi","floor":30,"turns":9},{"damage":9,"enemies":"Cultist and Chosen","floor":31,"turns":4}],"seed_played":"5703207547639831774","potions_obtained":[{"floor":1,"key":"Fire Potion"},{"floor":4,"key":"SpeedPotion"},{"floor":14,"key":"ColorlessPotion"},{"floor":18,"key":"FocusPotion"},{"floor":29,"key":"Explosive Potion"}],"is_trial":false,"path_per_floor":["M","?","?","M","$","R","E","R","T","?","M","M","R","M","R","B",null,"M","$","M","$","M","R","?","R","T","M","?","M","M","M"],"character_chosen":"DEFECT","items_purchased":["Glacier","Ball Lightning","ClockworkSouvenir"],"campfire_rested":1,"item_purchase_floors":[19,19,19],"current_hp_per_floor":[68,68,68,68,68,68,68,68,68,61,60,56,56,46,46,36,61,50,50,36,36,28,63,47,47,47,23,23,13,7,0,0],"gold":96,"neow_bonus":"THREE_ENEMY_KILL","is_daily":false,"chose_seed":false,"campfire_upgraded":5,"win_rate":0.0,"timestamp":1608990525,"path_taken":["M","?","?","M","$","R","E","R","T","?","M","M","R","M","R","BOSS","M","$","M","$","M","R","?","R","T","M","?","?","M","M"],"items_purchased_type":["Card","Card","Relic"],"build_version":"2020-12-22","purchased_purges":2,"victory":false,"max_hp_per_floor":[75,75,69,69,69,69,69,69,69,69,69,69,69,69,69,69,69,69,69,69,69,69,69,69,69,69,69,69,69,69,69,69],"card_choices":[{"not_picked":["Rebound","Blizzard"],"picked":"Doom and Gloom","floor":1},{"not_picked":["Gash","Beam Cell"],"picked":"Melter","floor":4},{"not_picked":["Gash","Beam Cell"],"picked":"Creative AI","floor":7},{"not_picked":["Cold Snap","Double Energy"],"picked":"Coolheaded","floor":11},{"not_picked":["Beam Cell","Barrage"],"picked":"BootSequence","floor":12},{"not_picked":["Conserve Battery","Gash"],"picked":"Coolheaded","floor":14},{"not_picked":["Machine Learning","Seek"],"picked":"Core Surge","floor":16},{"not_picked":["Aggregate","Auto Shields"],"picked":"Ball Lightning","floor":18},{"not_picked":["Chill+1","Leap"],"picked":"Defragment","floor":20},{"not_picked":["Conserve Battery","Scrape","Turbo"],"picked":"SKIP","floor":22},{"not_picked":["Ball Lightning","Redo+1"],"picked":"Loop+1","floor":27},{"not_picked":["Barrage+1","Fission","Rebound"],"picked":"SKIP","floor":29},{"not_picked":["Sweeping Beam","Turbo","Tempest"],"picked":"SKIP","floor":30}],"player_experience":816423,"relics_obtained":[{"floor":7,"key":"PreservedInsect"},{"floor":9,"key":"Regal Pillow"},{"floor":17,"key":"Art of War"},{"floor":17,"key":"Symbiotic Virus"},{"floor":17,"key":"Ginger"},{"floor":24,"key":"Nilry\u0027s Codex"},{"floor":26,"key":"Omamori"}],"event_choices":[{"cards_removed":["Strike_B"],"damage_healed":0,"gold_gain":0,"player_choice":"Card Removal","damage_taken":0,"max_hp_gain":0,"max_hp_loss":0,"event_name":"The Cleric","floor":2,"gold_loss":50},{"damage_healed":0,"gold_gain":0,"player_choice":"Lose Max HP","damage_taken":0,"relics_obtained":["Golden Idol"],"max_hp_gain":0,"max_hp_loss":6,"event_name":"Golden Idol","floor":3,"gold_loss":0},{"damage_healed":0,"gold_gain":0,"player_choice":"Success","damage_taken":7,"relics_obtained":["MawBank"],"max_hp_gain":0,"max_hp_loss":0,"event_name":"Scrap Ooze","floor":10,"gold_loss":0},{"damage_healed":0,"gold_gain":0,"player_choice":"Obtained Book","damage_taken":16,"max_hp_gain":0,"max_hp_loss":0,"event_name":"Cursed Tome","floor":24,"gold_loss":0},{"damage_healed":0,"gold_gain":0,"player_choice":"Trade","damage_taken":0,"relics_obtained":["NlothsMask"],"max_hp_gain":0,"max_hp_loss":0,"event_name":"FaceTrader","floor":28,"gold_loss":0}],"is_beta":false,"boss_relics":[{"not_picked":["Philosopher\u0027s Stone","FrozenCore"],"picked":"Calling Bell"}],"items_purged_floors":[5,21],"is_endless":false,"potions_floor_spawned":[1,4,14,16,18,29],"killed_by":"Cultist and Chosen","ascension_level":13}}