{"host":"43pogpu2c981a0zh","time":1608995671,"event":{"mods":["ATMod(°¢èªMod)","AchievementEnabler","Act Like it!","Ascension Reborn","Aspiration","Astrologer","BaseMod","Better Altar","Better Match","Better Sensory Stone","CapriCore","Chen","Colored Powertips","Conspire","Custom Start","Downfall","Friendly Minions","Gensokyo","Hallownest","Highlight Path","HololiveMod","Hubris","KinomotoSakuraMod(Ä¾Ö®±¾Ó£)","Kiyohime£¨Çå¼§£©","Koishi","KomeijiMod","Lobotomy","LobotomyExtend","Marisa£¨ìFÓê¡¡Ä§ÀíÉ³£©","Marked Mod","Minty Spire (QoL Compilation)","Pale of the Ancients","Permanent Neow","Prisma Mod","Quarter Circle Forward PUNCH!","Quick Restart","Reimu£¨²©ÀöÁéÃÎ£©","Replay The Spire","RumiaBox-Â¶Ã×æ«µÄÉñÃØºÐ×Ó","RyuuouÁúÍõ","Shop Mod","Spicy Shops","StSLib","TestMod","The Administrix","The Animator","The Cursed","The Gatherer","The Immortal","UnlockEverythingMod","Waifu the Spire","WarShipGirlsR/Õ½½¢ÉÙÅ®R mod","Yakumo Yukari mod","Youmu£¨»êÆÇÑýÃÎ£©","Yuyuko","¡¾ÒÅÎï¿¨ÅÆ¡¿REMEMod","óô»ðÖ¸ÄÏ"],"gold_per_floor":[117,128,2,2,2,2,2,35,86,100,100,103,119,119,119,219,219,232,332,81,81,13,13,45,45,72,72,129,4,171,171,171],"floor_reached":31,"playtime":1855,"items_purged":["animator:Curse_GriefSeed","MokouMod:Strike","MokouMod:Strike"],"score":267,"play_id":"ad3b53d2-690a-4f7c-a014-9cc0b6ea4172","local_time":"20201226231431","is_ascension_mode":true,"campfire_choices":[{"data":"MokouMod:Meltdown","floor":6.0,"key":"SMITH"},{"data":"Gensokyo:UnlikelyAid","floor":15,"key":"SMITH"},{"data":"AT_FamilyPortrait","floor":15,"key":"SMITH"},{"data":"MokouMod:ScorchedEarth","floor":23,"key":"SMITH"},{"data":"MokouMod:Rebirth","floor":23,"key":"SMITH"},{"data":"MokouMod:HeartofFire","floor":25,"key":"SMITH"},{"data":"Replay:BasicMightCard","floor":25,"key":"SMITH"}],"circlet_count":0,"master_deck":["MokouMod:Strike+1","MokouMod:Strike","MokouMod:Strike","MokouMod:Defend","MokouMod:Defend","MokouMod:Defend+1","MokouMod:Defend","MokouMod:HeatSpark","Gensokyo:UnlikelyAid+1","AT_FamilyPortrait+1","Replay:BasicMightCard+1","MokouMod:IllusoryBattlefield","MokouMod:InfernalWave","MokouMod:Meltdown+1","MokouMod:RoaringFlare","Koishi:UnconsciousUrges","MokouMod:Rebirth+1","MokouMod:FlickeringFlame","MokouMod:CrimsonFlare","MokouMod:CrimsonArmoury","MokouMod:HeartofFire+1","MokouMod:DanceofFlames","MokouMod:ResonatingAura","MokouMod:ScorchedEarth+1","Fantasy_PerpetualMotionMachine_purple","MokouMod:FlareStarter","HagoromoKu","MokouMod:Refresh","MokouMod:RisingSunBarrier"],"relics":["MokouMod:PhoenixFeather","testmod-TestBox","REME_ComplimentaryCards","AT_ATBox","testmod-HeartOfDaVinci","LetterFromLob","Gensokyo:NagashiBinaDoll","Koishi:ImperfectMetamorphosis","Strawberry","ReplayTheSpireMod:CursedCoin","Replay:Arrowhead","Painkiller Herb","testmod-IntensifyImprint","sneckomod:SneckoSoul","TheEssenceOfRealm","AdministrixMod:CrackedTaijitu","SpellExtend","Simple Rune","Replay:Bottled Snecko"],"acts_visited":["Gensokyo:Gensokyo","Gensokyo:Gensokyoer"],"potions_floor_usage":[28,28],"damage_taken":[{"damage":0.0,"enemies":"Gensokyo:3_Fairies","floor":1.0,"turns":3.0},{"damage":3.0,"enemies":"Gensokyo:2_Kodama","floor":2.0,"turns":2.0},{"damage":35,"enemies":"Gensokyo:Aya","floor":8,"turns":7},{"damage":11,"enemies":"Gensokyo:Gryphon","floor":10,"turns":4},{"damage":21,"enemies":"Gensokyo:Kitsune","floor":13,"turns":4},{"damage":87,"enemies":"Gensokyo:Kokoro","floor":16,"turns":14},{"damage":15,"enemies":"Gensokyo:AngelMirror","floor":18,"turns":3},{"damage":65,"enemies":"Gensokyo:AngelMirror","floor":19,"turns":13},{"damage":64,"enemies":"Gensokyo:Koishi","floor":24,"turns":10},{"damage":80,"enemies":"Gensokyo:Tenshi","floor":28,"turns":5},{"damage":43,"enemies":"Gensokyo:3_Dogs","floor":30,"turns":9},{"damage":9,"enemies":"Gensokyo:Wraith","floor":31,"turns":3}],"seed_played":"-4252642947685801803","potions_obtained":[{"floor":1.0,"key":"SteroidPotion"},{"floor":2.0,"key":"Adrenaline Potion"},{"floor":24,"key":"REME_GoldPotion"}],"is_trial":false,"path_per_floor":["M","M","$","?","?","R","COS","E","T","M","?","$","M","T","R","B",null,"?","?","T","?","COS","T","E","T","T","?","E","T","?","?"],"character_chosen":"MKU","items_purchased":["MokouMod:Meltdown","MokouMod:RoaringFlare","ReplayTheSpireMod:CursedCoin","MokouMod:HeartofFire","MokouMod:ScorchedEarth","TheEssenceOfRealm"],"campfire_rested":0,"item_purchase_floors":[3,3,12,12,20,20],"current_hp_per_floor":[75,72,72,72,72,72,72,37,44,33,33,33,12,12,12,20,82,67,2,2,2,2,2,2,2,2,2,6,6,8,0,0,0],"gold":171,"neow_bonus":"RANDOM_COLORLESS","is_daily":false,"chose_seed":false,"campfire_upgraded":7,"win_rate":0.0,"timestamp":1608995671,"path_taken":["M","M","$","?","?","R","COS","E","T","M","?","?","M","?","R","BOSS","?","?","T","?","COS","T","E","T","T","?","E","?","?","?"],"items_purchased_type":["Card","Card","Relic","Card","Card","Relic"],"build_version":"2020-12-22","purchased_purges":3,"victory":false,"max_hp_per_floor":[75,75,75,75,75,75,75,75,82,82,82,82,82,82,82,82,82,82,82,82,82,82,82,82,82,82,82,82,82,82,82,82,82],"card_choices":[{"not_picked":["expansioncontent:BronzeBeam","testmod-TemporaryDeletion"],"picked":"Replay:BasicMightCard","floor":0.0},{"not_picked":["MokouMod:Wildfire","MokouMod:Firecracker"],"picked":"MokouMod:IllusoryBattlefield","floor":1.0},{"not_picked":["MokouMod:HeatTransfer","MokouMod:FlareStarter"],"picked":"MokouMod:InfernalWave","floor":2.0},{"not_picked":["MokouMod:Burn","MokouMod:IndiscriminateIgnition"],"picked":"MokouMod:Rebirth","floor":8},{"not_picked":["MokouMod:EternalBurstReactor","MokouMod:IcarusDive"],"picked":"MokouMod:FlickeringFlame","floor":10},{"not_picked":["MokouMod:Overheat","MokouMod:InfernalWave"],"picked":"MokouMod:CrimsonFlare","floor":11},{"not_picked":["MokouMod:IndiscriminateIgnition","MokouMod:AdaptivePyromancy"],"picked":"MokouMod:CrimsonArmoury","floor":11},{"not_picked":["MokouMod:UncontrollableSolarReaction","MokouMod:IgnitionBarrier"],"picked":"MokouMod:DanceofFlames","floor":13},{"not_picked":["MokouMod:Extinguish","MokouMod:EnchantingBambooForest"],"picked":"MokouMod:ResonatingAura","floor":16},{"not_picked":["MokouMod:FusionFlare","MokouMod:Ember","MokouMod:Firecracker"],"picked":"SKIP","floor":18},{"not_picked":["MokouMod:Ember","MokouMod:EternalBurstReactor+1"],"picked":"MokouMod:FlareStarter","floor":24},{"not_picked":["MokouMod:RadiantBlade","MokouMod:BurningDraft+1"],"picked":"MokouMod:Refresh","floor":28},{"not_picked":["MokouMod:Sear","MokouMod:Singe"],"picked":"MokouMod:RisingSunBarrier","floor":30}],"player_experience":320073,"relics_obtained":[{"floor":2.0,"key":"LetterFromLob"},{"floor":8,"key":"Koishi:ImperfectMetamorphosis"},{"floor":9,"key":"Strawberry"},{"floor":14,"key":"Replay:Arrowhead"},{"floor":19,"key":"testmod-IntensifyImprint"},{"floor":19,"key":"sneckomod:SneckoSoul"},{"floor":24,"key":"AdministrixMod:CrackedTaijitu"},{"floor":26,"key":"SpellExtend"},{"floor":28,"key":"Replay:Bottled Snecko"}],"event_choices":[{"damage_healed":0.0,"max_hp_gain":0.0,"max_hp_loss":0.0,"gold_gain":0.0,"event_name":"conspire:Investor","player_choice":"Leave","floor":4.0,"gold_loss":0.0,"damage_taken":0.0}],"is_beta":false,"boss_relics":[{"not_picked":["Tiny House","ExperimentalFamiliar"],"picked":"Painkiller Herb"}],"items_purged_floors":[12,20,29],"is_endless":false,"potions_floor_spawned":[1,2,16,19,24],"killed_by":"Gensokyo:Wraith","ascension_level":0}}