{"host":"m6h67kf6cz80m3yv","time":1608967551,"event":{"mods":["BaseMod","Better Third Choice","BetterRewards","CatGirl Mod","Colored Powertips","Downfall","Duelist Mod","Hermit","Luminous","Marisa????????","Minty Spire (QoL Compilation)","Quick Restart","Shade Mod","Shop Mod","StSLib","SuperFastMode","The Alterego","The Marked","The Servant 0.9.4"],"gold_per_floor":[117,132,132,152,152,183,183,13,13,13,31,31,31,57,57,159,159,174,192,192,207,207,207,237,237,290,317,329,100,100,116,116,219,219,230,250,250,11,25,57,57,38,63,63,63,80,80,110,110,110],"floor_reached":51,"playtime":2061,"items_purged":[],"score":803,"play_id":"2190e7ee-e67b-415f-8128-11a4f926c05a","local_time":"20201226052551","is_ascension_mode":false,"campfire_choices":[{"data":"theMarked:BanishingStrike","floor":7.0,"key":"SMITH"},{"data":"theMarked:BanishingStrike","floor":10.0,"key":"SMITH"},{"floor":12.0,"key":"REST"},{"floor":15.0,"key":"REST"},{"floor":23.0,"key":"REST"},{"floor":25.0,"key":"REST"},{"floor":32.0,"key":"REST"},{"data":"1","floor":41.0,"key":"LIFT"},{"data":"theMarked:SoldierOfQuellstein","floor":44.0,"key":"SMITH"},{"data":"2","floor":47.0,"key":"LIFT"},{"floor":49.0,"key":"REST"}],"circlet_count":0,"master_deck":["theMarked:SoldierOfQuellstein+1","theMarked:BanishingStrike+1","theMarked:Aftermath+1","theMarked:EmpowerWeapon","theMarked:EnhancedHearing","theMarked:BanishingStrike+1","theMarked:Static","theMarked:Frustration","theMarked:BindingBlade","theMarked:EmpowerWeapon","theMarked:StartUp","theMarked:Aftermath+1","theMarked:PowerFlow","theMarked:StartUp+1","theMarked:EnhancedHearing","theMarked:Defy","theMarked:Panic","theMarked:TakeOffHeels","theMarked:KeepCalmAndFightOn","theMarked:EnhancedHearing","theMarked:BanishingWave","theMarked:SoldierForm","theMarked:Overcharge","theMarked:StartUp","theMarked:Aftermath+1","theMarked:SwordAndMagic+1","theMarked:SoldierForm","theMarked:RepellingDischarge","theMarked:DeterminationOfTheMarked","theMarked:MagicAdept","theMarked:Panic+1"],"relics":["theMarked:ArtifactOfAir","White Beast Statue","theMarked:NailFile","Strawberry","Membership Card","Pantograph","Girya","theMarked:SpiritSword","Matryoshka","War Paint","Dream Catcher","theMarked:Gun","FossilizedHelix","Bag of Preparation","Pandora\u0027s Box","Mummified Hand","Meat on the Bone","Question Card","PreservedInsect","Art of War","Mango","Mercury Hourglass"],"acts_visited":["Exordium","TheCity","TheBeyond"],"potions_floor_usage":[50,50,50,50,50],"damage_taken":[{"damage":5.0,"enemies":"Jaw Worm","floor":1.0,"turns":4.0},{"damage":1.0,"enemies":"Cultist","floor":2.0,"turns":3.0},{"damage":0.0,"enemies":"2 Louse","floor":4.0,"turns":2.0},{"damage":20.0,"enemies":"3 Sentries","floor":6.0,"turns":7.0},{"damage":3.0,"enemies":"Large Slime","floor":11.0,"turns":4.0},{"damage":28.0,"enemies":"Gremlin Nob","floor":14.0,"turns":4.0},{"damage":69.0,"enemies":"The Guardian","floor":16.0,"turns":9.0},{"damage":32.0,"enemies":"2 Thieves","floor":18.0,"turns":5.0},{"damage":21.0,"enemies":"Shell Parasite","floor":19.0,"turns":4.0},{"damage":16.0,"enemies":"Snecko","floor":21.0,"turns":5.0},{"damage":40.0,"enemies":"Slavers","floor":24.0,"turns":5.0},{"damage":19.0,"enemies":"Gremlin Leader","floor":27.0,"turns":7.0},{"damage":36.0,"enemies":"Snake Plant","floor":28.0,"turns":3.0},{"damage":0.0,"enemies":"Centurion and Healer","floor":30.0,"turns":1.0},{"damage":0.0,"enemies":"Snecko","floor":31.0,"turns":3.0},{"damage":56.0,"enemies":"Automaton","floor":33.0,"turns":8.0},{"damage":32.0,"enemies":"3 Shapes","floor":35.0,"turns":4.0},{"damage":0.0,"enemies":"Orb Walker","floor":36.0,"turns":2.0},{"damage":16.0,"enemies":"Sphere and 2 Shapes","floor":39.0,"turns":4.0},{"damage":9.0,"enemies":"Giant Head","floor":40.0,"turns":5.0},{"damage":22.0,"enemies":"Jaw Worm Horde","floor":46.0,"turns":4.0},{"damage":28.0,"enemies":"Nemesis","floor":48.0,"turns":3.0},{"damage":108,"enemies":"Time Eater","floor":50,"turns":6}],"seed_played":"-1348980332434666745","potions_obtained":[{"floor":2.0,"key":"EssenceOfSteel"},{"floor":4.0,"key":"hexamod:EctoCoolerPotion"},{"floor":6.0,"key":"LiquidBronze"},{"floor":16.0,"key":"Dexterity Potion"},{"floor":19.0,"key":"DuplicationPotion"},{"floor":21.0,"key":"Swift Potion"},{"floor":24.0,"key":"EntropicBrew"},{"floor":27.0,"key":"SmokeBomb"},{"floor":31.0,"key":"PowerPotion"},{"floor":33.0,"key":"Strength Potion"},{"floor":36.0,"key":"BlessingOfTheForge"},{"floor":46.0,"key":"SpeedPotion"}],"is_trial":false,"path_per_floor":["M","M","?","M","T","E","R","$","T","R","M","R","$","E","R","B",null,"M","M","?","M","?","R","E","R","T","E","M","$","M","M","R","B",null,"M","M","?","$","M","E","R","$","T","R","?","M","R","E","R","B",null],"character_chosen":"THE_DEFAULT","items_purchased":["Membership Card","theMarked:BanishingStrike","FossilizedHelix","Bag of Preparation","Mummified Hand","Meat on the Bone","theMarked:MagicAdept"],"campfire_rested":6,"item_purchase_floors":[8,8,29,29,38,38,42],"current_hp_per_floor":[72,71,68,68,68,55,55,55,55,55,52,77,77,49,74,29,84,52,38,22,13,42,68,28,54,54,42,6,6,6,6,32,1,89,57,57,57,57,53,58,58,58,58,58,72,62,62,53,83,14],"gold":110,"neow_bonus":"TEN_PERCENT_HP_BONUS","is_daily":false,"chose_seed":false,"campfire_upgraded":3,"win_rate":0.0,"timestamp":1608967551,"path_taken":["M","M","?","M","?","E","R","$","T","R","M","R","?","E","R","BOSS","M","M","?","M","?","R","E","R","T","E","M","$","M","M","R","BOSS","M","M","?","?","M","E","R","$","T","R","?","M","R","E","R","BOSS"],"items_purchased_type":["Relic","Card","Relic","Relic","Relic","Relic","Card"],"build_version":"2020-12-22","purchased_purges":0,"victory":true,"max_hp_per_floor":[77,77,77,77,77,84,84,84,84,84,84,84,84,84,84,84,84,84,84,89,89,89,89,89,89,89,89,89,89,89,89,89,89,89,89,89,89,89,89,89,89,89,89,89,103,103,103,103,103,103],"card_choices":[{"not_picked":["theMarked:Parkour","theMarked:WastefulAttack"],"picked":"theMarked:BanishingStrike","floor":1.0},{"not_picked":["theMarked:ResourceFulStrike","theMarked:ElectricStrings"],"picked":"theMarked:Aftermath","floor":2.0},{"not_picked":["theMarked:Indomitable","theMarked:ThrowWeapon"],"picked":"theMarked:EmpowerWeapon","floor":4.0},{"not_picked":["theMarked:Indomitable","theMarked:HeightenedSenses"],"picked":"theMarked:EnhancedHearing","floor":6.0},{"not_picked":["theMarked:ResourceFulStrike","theMarked:WardOff"],"picked":"theMarked:Static","floor":11.0},{"not_picked":["theMarked:Overthink","theMarked:EmpowerWeapon"],"picked":"theMarked:Frustration","floor":14.0},{"not_picked":["theMarked:ThrowWeapon","theMarked:Snap"],"picked":"theMarked:BindingBlade","floor":16.0},{"not_picked":["theMarked:WastefulAttack+1","theMarked:TwofoldDefense"],"picked":"theMarked:EmpowerWeapon","floor":18.0},{"not_picked":["theMarked:WardOff","theMarked:Electrocute"],"picked":"theMarked:StartUp","floor":19.0},{"not_picked":["theMarked:Frustration","theMarked:DispelDoubt"],"picked":"theMarked:Aftermath","floor":21.0},{"not_picked":["theMarked:Frustration","theMarked:WastefulAttack+1","theMarked:KeepCalmAndFightOn"],"picked":"SKIP","floor":24.0},{"not_picked":["theMarked:EmpowerWeapon","theMarked:HeightenedSenses"],"picked":"theMarked:PowerFlow","floor":27.0},{"not_picked":["theMarked:EnhancedHearing","theMarked:PowerFlow+1"],"picked":"theMarked:StartUp+1","floor":28.0},{"not_picked":["theMarked:Electrocute+1","theMarked:Aftermath","theMarked:Convert"],"picked":"SKIP","floor":31.0},{"not_picked":["theMarked:HeightenedSenses","theMarked:ResourceFulStrike"],"picked":"theMarked:EnhancedHearing","floor":32.0},{"not_picked":["theMarked:TurnInvisible","theMarked:UnarmedFury"],"picked":"theMarked:Defy","floor":33.0},{"not_picked":["theMarked:Static","theMarked:Overthink+1"],"picked":"theMarked:Aftermath+1","floor":35.0},{"not_picked":["theMarked:Seal+1","theMarked:Frustration+1"],"picked":"theMarked:SwordAndMagic+1","floor":36.0},{"not_picked":["theMarked:Improvise+1","theMarked:HeightenedSenses"],"picked":"theMarked:RepellingDischarge","floor":39.0},{"not_picked":["theMarked:BanishingWave","theMarked:Frustration+1"],"picked":"theMarked:DeterminationOfTheMarked","floor":40.0},{"not_picked":["theMarked:WardOff+1","theMarked:SwordAndMagic","theMarked:Aftermath","theMarked:Electrocute"],"picked":"SKIP","floor":46.0},{"not_picked":["theMarked:Snap","theMarked:Static","theMarked:BanishingWave"],"picked":"theMarked:Panic+1","floor":48.0}],"player_experience":300882,"relics_obtained":[{"floor":5.0,"key":"theMarked:NailFile"},{"floor":6.0,"key":"Strawberry"},{"floor":9.0,"key":"Pantograph"},{"floor":14.0,"key":"Girya"},{"floor":24.0,"key":"Matryoshka"},{"floor":26.0,"key":"War Paint"},{"floor":26.0,"key":"Dream Catcher"},{"floor":27.0,"key":"theMarked:Gun"},{"floor":40.0,"key":"Question Card"},{"floor":43.0,"key":"PreservedInsect"},{"floor":43.0,"key":"Art of War"},{"floor":48.0,"key":"Mercury Hourglass"}],"event_choices":[{"damage_healed":0.0,"max_hp_gain":0.0,"max_hp_loss":0.0,"gold_gain":0.0,"event_name":"betterThird:BetterScrap","player_choice":"Relic ","floor":3.0,"gold_loss":0.0,"damage_taken":3.0,"cards_obtained":["Rampage"]},{"damage_healed":0.0,"max_hp_gain":5.0,"max_hp_loss":0.0,"gold_gain":0.0,"event_name":"Forgotten Altar","player_choice":"Shed Blood","floor":20.0,"gold_loss":0.0,"damage_taken":21.0},{"damage_healed":29.0,"max_hp_gain":0.0,"max_hp_loss":0.0,"gold_gain":0.0,"event_name":"The Library","player_choice":"Heal","floor":22.0,"gold_loss":0.0,"damage_taken":0.0},{"damage_healed":0.0,"max_hp_gain":0.0,"max_hp_loss":0.0,"gold_gain":0.0,"cards_transformed":["theMarked:CreepingChasm"],"event_name":"Transmorgrifier","player_choice":"Transformed","floor":37.0,"gold_loss":0.0,"damage_taken":0.0,"cards_obtained":["theMarked:SoldierForm"]},{"damage_healed":0.0,"max_hp_gain":0.0,"max_hp_loss":0.0,"gold_gain":0.0,"event_name":"WeMeetAgain","player_choice":"Gave Potion","floor":45.0,"gold_loss":0.0,"damage_taken":0.0,"relics_obtained":["Mango"]}],"is_beta":false,"boss_relics":[{"not_picked":["Astrolabe","Fusion Hammer"],"picked":"theMarked:SpiritSword"},{"not_picked":["Black Star","Coffee Dripper"],"picked":"Pandora\u0027s Box"}],"items_purged_floors":[],"is_endless":false,"potions_floor_spawned":[2,4,6,11,14,16,18,19,21,24,27,28,30,31,33,35,36,39,40,46,48],"ascension_level":0}}