{"host":"wg33yb1rgt3nbe17","time":1608971699,"event":{"mods":["AchievementEnabler","BaseMod","Colored Map","Minty Spire (QoL Compilation)","Permanent Neow","Relic Stats","StSLib"],"gold_per_floor":[115,95,106,126,140,170,190,190,244,244,69,69,88,101,101,101,101],"floor_reached":16,"playtime":498,"items_purged":[],"score":198,"play_id":"49f18bcf-ce4d-479c-8d96-c335cb211504","local_time":"20201226033459","is_ascension_mode":true,"campfire_choices":[{"data":"Clothesline","floor":8,"key":"SMITH"},{"floor":10,"key":"REST"},{"floor":15,"key":"REST"}],"circlet_count":0,"master_deck":["AscendersBane","Strike_R","Strike_R","Strike_R","Strike_R","Strike_R","Defend_R","Defend_R","Defend_R","Defend_R+1","Bash","Clothesline+1","Anger+1","Headbutt","Wild Strike","Disarm","Shrug It Off","Feed","Inflame","Infernal Blade","Feed"],"relics":["Burning Blood","Blood Vial","Tiny Chest","Lantern"],"acts_visited":["Exordium"],"potions_floor_usage":[5,6,6,13],"damage_taken":[{"damage":4,"enemies":"Small Slimes","floor":1,"turns":4},{"damage":15,"enemies":"Cultist","floor":3,"turns":4},{"damage":6,"enemies":"2 Louse","floor":4,"turns":3},{"damage":41,"enemies":"Gremlin Gang","floor":5,"turns":4},{"damage":23,"enemies":"Lagavulin","floor":6,"turns":6},{"damage":9,"enemies":"Lots of Slimes","floor":7,"turns":4},{"damage":9,"enemies":"2 Fungi Beasts","floor":13,"turns":2},{"damage":3,"enemies":"3 Louse","floor":14,"turns":6},{"damage":49,"enemies":"The Guardian","floor":16,"turns":12}],"seed_played":"5320228118710635367","potions_obtained":[{"floor":2,"key":"AttackPotion"},{"floor":3,"key":"HeartOfIron"},{"floor":5,"key":"Block Potion"},{"floor":7,"key":"Fire Potion"}],"is_trial":false,"path_per_floor":["M","?","M","M","M","E","M","R","T","R","$","?","M","M","R","B"],"character_chosen":"IRONCLAD","items_purchased":["Feed","Inflame"],"campfire_rested":2,"item_purchase_floors":[11,11],"current_hp_per_floor":[72,72,65,67,34,19,18,18,18,40,40,17,16,24,47,0,0],"gold":101,"neow_bonus":"RANDOM_COMMON_RELIC","is_daily":false,"chose_seed":false,"campfire_upgraded":1,"win_rate":0.0,"timestamp":1608971699,"path_taken":["M","?","M","?","M","E","M","R","T","R","?","?","M","M","R","BOSS"],"items_purchased_type":["Card","Card"],"build_version":"2020-12-22","purchased_purges":0,"victory":false,"max_hp_per_floor":[75,75,75,75,75,75,75,75,75,75,75,75,75,78,78,78,78],"relic_stats":{"Blood Vial":18,"counters":[9,45],"Tiny Chest":0,"obtain_stats":[{"Blood Vial":0,"Lantern":9,"Tiny Chest":6,"Burning Blood":0},{"Blood Vial":0,"Lantern":6,"Tiny Chest":5,"Burning Blood":0},{"Blood Vial":0,"Lantern":25,"Tiny Chest":21,"Burning Blood":0}],"Burning Blood":48},"card_choices":[{"not_picked":["Wild Strike","Burning Pact"],"picked":"Clothesline","floor":1},{"not_picked":["Metallicize","Perfected Strike"],"picked":"Anger","floor":3},{"not_picked":["Feel No Pain","Perfected Strike"],"picked":"Headbutt","floor":4},{"not_picked":["Rage","True Grit"],"picked":"Wild Strike","floor":5},{"not_picked":["Clash","Shrug It Off"],"picked":"Disarm","floor":6},{"not_picked":["Dual Wield","Perfected Strike"],"picked":"Shrug It Off","floor":7},{"not_picked":["Havoc","Rampage"],"picked":"Infernal Blade","floor":13},{"not_picked":["Disarm","Sword Boomerang"],"picked":"Feed","floor":14}],"player_experience":541252,"relics_obtained":[{"floor":6,"key":"Tiny Chest"},{"floor":9,"key":"Lantern"}],"event_choices":[{"damage_healed":0,"gold_gain":0,"player_choice":"Bought 1 Potion","damage_taken":0,"max_hp_gain":0,"max_hp_loss":0,"event_name":"The Woman in Blue","floor":2,"gold_loss":0},{"damage_healed":0,"gold_gain":0,"player_choice":"Entered Light","damage_taken":23,"max_hp_gain":0,"max_hp_loss":0,"event_name":"Shining Light","floor":12,"gold_loss":0,"cards_upgraded":["Defend_R","Anger"]}],"is_beta":false,"boss_relics":[],"items_purged_floors":[],"is_endless":false,"potions_floor_spawned":[3,5,7],"killed_by":"The Guardian","ascension_level":18}}