{"host":"ssbj2e5691x5ub3h","time":1608949368,"event":{"mods":["BaseMod","Duelist Mod","Minty Spire (QoL Compilation)","StSLib"],"gold_per_floor":[140,154,165,179,195,195,212,222,246,246,246,262,277,277,277,372,372,372,372,372,327,327,327,327,327,327,327,327,327,182,182,182,182,182,182,182,37,37,37,37,37,37,37,37,37,37,37,37,37,37],"floor_reached":51,"playtime":2737,"items_purged":[],"score":992,"play_id":"dbffb76a-d5a4-4fc8-8df2-53aec4ea1dec","local_time":"20201226002248","is_ascension_mode":true,"campfire_choices":[{"floor":6,"key":"REST"},{"data":"theDuelist:TwinHeadedWolf","floor":11,"key":"SMITH"},{"data":"theDuelist:SlateWarrior","floor":15,"key":"SMITH"},{"floor":24,"key":"REST"},{"floor":27,"key":"REST"},{"floor":32,"key":"REST"},{"floor":41,"key":"REST"},{"data":"theDuelist:AmbitiousGofer","floor":44,"key":"SMITH"},{"floor":49,"key":"REST"}],"circlet_count":0,"master_deck":["theDuelist:ArchfiendSoldier","theDuelist:ArchfiendSoldier","theDuelist:ArchfiendSoldier","theDuelist:CastleWalls","theDuelist:CastleWalls","theDuelist:CastleWalls","theDuelist:FairyGift","theDuelist:FiendMegacyber","theDuelist:Sparks","theDuelist:Sparks","theDuelist:SummonedSkull","theDuelist:UmbralHorrorGhost+1","theDuelist:CheerfulCoffin","theDuelist:CyberArchfiend","theDuelist:GarbageLord","theDuelist:DarklordMarie","theDuelist:KingYami","theDuelist:TwinHeadedWolf+1","theDuelist:SlateWarrior+1","theDuelist:PutridPudding","theDuelist:UmbralHorrorWilloWisp","theDuelist:Tierra+1","theDuelist:GrossGhost","theDuelist:FiendMegacyber","theDuelist:GracefulCharity+1","theDuelist:AmbitiousGofer+1","theDuelist:DarkEnergy+1","theDuelist:PutridPudding","theDuelist:Lajinn+1","theDuelist:EvilswarmNightmare","theDuelist:GoblinKing+1","theDuelist:ArchfiendInterceptor+1","theDuelist:DarkBlade","theDuelist:GiantOrc","theDuelist:DarknessNeosphere","theDuelist:SlateWarrior+1"],"relics":["theDuelist:MillenniumPuzzle","theDuelist:CardPoolRelic","theDuelist:CardPoolBasicRelic","theDuelist:BoosterPackPoolRelic","theDuelist:CardPoolAddRelic","theDuelist:CardPoolMinusRelic","theDuelist:CardPoolSaveRelic","theDuelist:CardPoolOptionsRelic","Nunchaku","Happy Flower","Ectoplasm","theDuelist:BoosterPackSpellEgg","theDuelist:NamelessWarRelicC","Pantograph","Ornamental Fan","Red Mask","Oddly Smooth Stone","HoveringKite","CaptainsWheel","theDuelist:DuelistOrichalcum","theDuelist:SummonAnchor","theDuelist:MillenniumRod","Omamori","Regal Pillow"],"acts_visited":["Exordium","TheCity","TheBeyond"],"potions_floor_usage":[4,16,28,33,33,36,45,45],"damage_taken":[{"damage":0,"enemies":"Cultist","floor":1,"turns":3},{"damage":9,"enemies":"2 Louse","floor":2,"turns":2},{"damage":2,"enemies":"Small Slimes","floor":3,"turns":3},{"damage":13,"enemies":"Blue Slaver","floor":4,"turns":3},{"damage":10,"enemies":"2 Fungi Beasts","floor":5,"turns":3},{"damage":12,"enemies":"Exordium Wildlife","floor":7,"turns":3},{"damage":13,"enemies":"Red Slaver","floor":8,"turns":3},{"damage":11,"enemies":"Exordium Thugs","floor":12,"turns":4},{"damage":13,"enemies":"Blue Slaver","floor":13,"turns":3},{"damage":18,"enemies":"Hexaghost","floor":16,"turns":5},{"damage":7,"enemies":"Shell Parasite","floor":18,"turns":2},{"damage":17,"enemies":"2 Thieves","floor":21,"turns":3},{"damage":0,"enemies":"Chosen and Byrds","floor":22,"turns":3},{"damage":21,"enemies":"Slavers","floor":23,"turns":2},{"damage":26,"enemies":"Shelled Parasite and Fungi","floor":25,"turns":3},{"damage":7,"enemies":"Masked Bandits","floor":28,"turns":2},{"damage":0,"enemies":"Snake Plant","floor":31,"turns":2},{"damage":7,"enemies":"Champ","floor":33,"turns":5},{"damage":14,"enemies":"3 Shapes","floor":35,"turns":3},{"damage":16,"enemies":"2 Orb Walkers","floor":36,"turns":2},{"damage":4,"enemies":"3 Darklings","floor":39,"turns":2},{"damage":0,"enemies":"Giant Head","floor":40,"turns":4},{"damage":0,"enemies":"4 Shapes","floor":42,"turns":3},{"damage":15,"enemies":"Nemesis","floor":45,"turns":5},{"damage":14,"enemies":"Maw","floor":47,"turns":4},{"damage":9,"enemies":"3 Darklings","floor":48,"turns":3},{"damage":27,"enemies":"Awakened One","floor":50,"turns":5}],"seed_played":"-5955950613750893366","potions_obtained":[{"floor":1,"key":"theDuelist:SummonArmorPotion"},{"floor":2,"key":"theDuelist:SteelBrew"},{"floor":4,"key":"Dexterity Potion"},{"floor":7,"key":"theDuelist:SealedPackE"},{"floor":22,"key":"SpeedPotion"},{"floor":28,"key":"Swift Potion"},{"floor":33,"key":"AttackPotion"},{"floor":35,"key":"Energy Potion"},{"floor":40,"key":"theDuelist:StunPotion"}],"is_trial":false,"path_per_floor":["M","M","M","M","M","R","M","M","T","?","R","M","M","$","R","B",null,"M","?","?","M","M","E","R","M","T","R","?","?","$","M","R","B",null,"M","?","$","?","M","E","R","M","T","R","E","T","M","M","R","B",null],"character_chosen":"THE_DUELIST","items_purchased":["Oddly Smooth Stone","theDuelist:DuelistOrichalcum"],"campfire_rested":6,"item_purchase_floors":[30,37],"current_hp_per_floor":[72,63,61,51,41,65,56,46,46,46,46,38,25,25,25,10,63,56,50,50,36,36,15,36,16,16,37,30,30,30,30,51,64,69,55,39,39,39,35,35,56,59,59,59,44,44,33,24,60,44],"gold":37,"neow_bonus":"RANDOM_COMMON_RELIC","is_daily":false,"chose_seed":false,"campfire_upgraded":3,"win_rate":0.0,"timestamp":1608949368,"path_taken":["M","M","M","M","M","R","M","M","T","?","R","M","M","$","R","BOSS","M","?","?","M","M","E","R","M","T","R","?","?","$","M","R","BOSS","M","?","$","?","M","E","R","M","T","R","E","?","M","M","R","BOSS"],"items_purchased_type":["Relic","Relic"],"build_version":"2020-12-22","purchased_purges":0,"victory":true,"max_hp_per_floor":[80,80,78,81,81,81,81,81,81,81,81,81,81,81,81,81,81,81,81,71,71,71,71,71,71,71,71,71,71,71,71,71,71,71,71,71,71,71,71,71,71,71,71,71,71,71,71,71,71,71],"card_choices":[{"not_picked":["theDuelist:TerraTerrible","theDuelist:UmbralHorrorUniform","theDuelist:FlyingSaucer","theDuelist:GoblinKing"],"picked":"theDuelist:UmbralHorrorGhost","floor":1},{"not_picked":["theDuelist:DarkTinker","theDuelist:KingYami","theDuelist:DarkFusion","theDuelist:UmbralHorrorUniform"],"picked":"theDuelist:CheerfulCoffin","floor":2},{"not_picked":["theDuelist:TwinHeadedWolf","theDuelist:Pumpking","theDuelist:KingYami","theDuelist:FabledAshenveil"],"picked":"theDuelist:CyberArchfiend","floor":3},{"not_picked":["theDuelist:CosmicHorrorGangiel","theDuelist:MsJudge","theDuelist:UmbralHorrorGhoul","theDuelist:DarkMasterZorc"],"picked":"theDuelist:GarbageLord","floor":4},{"not_picked":["theDuelist:BeastTalwar","theDuelist:DrivenDaredevil","theDuelist:TerraTerrible","theDuelist:ArchfiendSoldier"],"picked":"theDuelist:DarklordMarie","floor":5},{"not_picked":["theDuelist:TerraTerrible","theDuelist:CheerfulCoffin","theDuelist:DarkFusion","theDuelist:TwinHeadedWolf"],"picked":"theDuelist:KingYami","floor":7},{"not_picked":["theDuelist:FlyingSaucer","theDuelist:DarkTinker","theDuelist:GiantOrc","theDuelist:RedMirror"],"picked":"theDuelist:TwinHeadedWolf","floor":8},{"not_picked":["theDuelist:Pumpking","theDuelist:CheerfulCoffin","theDuelist:DarklordMarie","theDuelist:UmbralHorrorGhost"],"picked":"theDuelist:SlateWarrior","floor":12},{"not_picked":["Discovery","Jack Of All Trades","Mind Blast","Swift Strike"],"picked":"SKIP","floor":13},{"not_picked":["theDuelist:FeatherShot","theDuelist:ArchfiendGeneral","theDuelist:FabledGallabas","theDuelist:DarkMasterZorc"],"picked":"theDuelist:PutridPudding","floor":16},{"not_picked":["theDuelist:BottomlessTrapHole+1","theDuelist:VanityFiend","theDuelist:CheerfulCoffin","theDuelist:Pumprincess+1"],"picked":"theDuelist:UmbralHorrorWilloWisp","floor":18},{"not_picked":["theDuelist:FeatherShot+1","theDuelist:FabledGallabas"],"picked":"theDuelist:Tierra+1","floor":21},{"not_picked":["theDuelist:CosmicHorrorGangiel","theDuelist:SkullArchfiend+1","theDuelist:FlyingSaucer","theDuelist:FiendishChain+1"],"picked":"theDuelist:GrossGhost","floor":22},{"not_picked":["theDuelist:DarklordMarie","theDuelist:KingYami","theDuelist:TwinHeadedWolf","theDuelist:WanderingKing"],"picked":"theDuelist:FiendMegacyber","floor":23},{"not_picked":["theDuelist:BerserkerCrush+1","theDuelist:DarkEnergy+1","theDuelist:CheerfulCoffin+1","theDuelist:PotDuality+1"],"picked":"theDuelist:GracefulCharity+1","floor":25},{"not_picked":["theDuelist:GiantOrc+1","theDuelist:PortraitSecret","theDuelist:CheerfulCoffin+1","theDuelist:ArchfiendSoldier+1"],"picked":"theDuelist:AmbitiousGofer","floor":28},{"not_picked":["theDuelist:WanderingKing","theDuelist:Tierra"],"picked":"theDuelist:DarkEnergy+1","floor":31},{"not_picked":["theDuelist:FeatherShot+1","theDuelist:Wildfire+1","theDuelist:ArchfiendCommander","theDuelist:Tierra"],"picked":"theDuelist:PutridPudding","floor":33},{"not_picked":["theDuelist:Zombyra+1","theDuelist:MsJudge","theDuelist:DoomDonuts+1","theDuelist:SkullArchfiend+1"],"picked":"theDuelist:Lajinn+1","floor":35},{"not_picked":["theDuelist:DrivenDaredevil+1","theDuelist:FlyingSaucer","theDuelist:ArchfiendSoldier","theDuelist:SummonedSkull"],"picked":"theDuelist:EvilswarmNightmare","floor":36},{"not_picked":["theDuelist:Tierra+1","theDuelist:RedSprinter","theDuelist:SkullArchfiend","theDuelist:ArchfiendCommander+1"],"picked":"theDuelist:GoblinKing+1","floor":39},{"not_picked":["theDuelist:CosmicHorrorGangiel","theDuelist:FeatherShot+3"],"picked":"theDuelist:ArchfiendInterceptor+1","floor":40},{"not_picked":["theDuelist:EvilswarmNightmare","theDuelist:ArchfiendInterceptor+1","theDuelist:SkullArchfiend","theDuelist:Wildfire+1"],"picked":"theDuelist:DarkBlade","floor":42},{"not_picked":["theDuelist:FiendMegacyber+1","theDuelist:ArchfiendSoldier+1","theDuelist:VanityFiend","theDuelist:BlastAsmodian+1"],"picked":"theDuelist:GiantOrc","floor":45},{"not_picked":["theDuelist:DoomDonuts","theDuelist:RedMirror","theDuelist:Doomdog","theDuelist:CallGrave"],"picked":"theDuelist:DarknessNeosphere","floor":47},{"not_picked":["theDuelist:CyberArchfiend+1","theDuelist:DrivenDaredevil+1","theDuelist:Relinkuriboh","theDuelist:DarkTinker"],"picked":"theDuelist:SlateWarrior+1","floor":48}],"player_experience":225105,"relics_obtained":[{"floor":9,"key":"Happy Flower"},{"floor":23,"key":"Pantograph"},{"floor":26,"key":"Ornamental Fan"},{"floor":28,"key":"Red Mask"},{"floor":36,"key":"CaptainsWheel"},{"floor":40,"key":"theDuelist:SummonAnchor"},{"floor":43,"key":"theDuelist:MillenniumRod"},{"floor":45,"key":"Omamori"},{"floor":46,"key":"Regal Pillow"}],"event_choices":[{"damage_healed":0,"gold_gain":0,"player_choice":"Grow","damage_taken":0,"max_hp_gain":0,"max_hp_loss":0,"event_name":"Living Wall","floor":10,"gold_loss":0,"cards_upgraded":["theDuelist:UmbralHorrorGhost"]},{"damage_healed":0,"gold_gain":0,"player_choice":"Dig - random Duelist relic","duelist":true,"damage_taken":0,"max_hp_gain":0,"max_hp_loss":0,"event_name":"Aknamkanon\u0027s Tomb","floor":19,"gold_loss":0},{"total_magic_score":45,"gold_gain":0,"duelist":true,"damage_taken":0,"relics_obtained":["theDuelist:NamelessWarRelicC"],"points":6,"war_reward":3,"max_hp_gain":0,"max_hp_loss":10,"spent_points":{"magic":0,"greed":0,"war":3,"power":0,"hunger":0},"event_name":"Nameless Tomb","floor":20,"gold_loss":0,"cards_obtained":[]},{"damage_healed":0,"gold_gain":0,"player_choice":"Fought Bandits","damage_taken":0,"max_hp_gain":0,"max_hp_loss":0,"event_name":"Masked Bandits","floor":28,"gold_loss":0},{"damage_healed":0,"gold_gain":0,"player_choice":"Ignored","damage_taken":0,"max_hp_gain":0,"max_hp_loss":0,"event_name":"Ghosts","floor":29,"gold_loss":0},{"damage_healed":0,"gold_gain":0,"player_choice":"Fight","damage_taken":0,"max_hp_gain":0,"max_hp_loss":0,"event_name":"Mysterious Sphere","floor":36,"gold_loss":0},{"damage_healed":0,"gold_gain":0,"player_choice":"Ignored","damage_taken":0,"max_hp_gain":0,"max_hp_loss":0,"event_name":"Tomb of Lord Red Mask","floor":38,"gold_loss":0}],"is_beta":false,"boss_relics":[{"not_picked":["Velvet Choker","Runic Dome"],"picked":"Ectoplasm"},{"not_picked":["SlaversCollar","Tiny House"],"picked":"HoveringKite"}],"items_purged_floors":[],"is_endless":false,"potions_floor_spawned":[1,2,4,7,8,16,22,23,28,33,35,40],"ascension_level":7}}