{"host":"od099uxc49ip1k8b","time":1608986483,"event":{"mods":["AchievementEnabler","Act Like it!","BaseMod","Downfall","Friendly Minions","Gensokyo","Hermit","Highlight Path","Koishi","KomeijiMod","Marisa????????","Minty Spire (QoL Compilation)","Quick Restart","Rare Cards Sparkle","Reimu??????","Remilia??????","StSLib","Td1madao Mod","The Administrix","The Alterego","The Animator","The Cursed","The Gatherer","The Servant 0.9.4","The Wild Card","Waifu the Spire","WarShipGirlsR/????R mod","Yohane!","Yuyuko"],"gold_per_floor":[118,137,150,168,178,178,193,223,223,223,223,234,254,254,254,359,359,373,387,399,412,412,412],"floor_reached":22,"playtime":1646,"items_purged":[],"score":194,"play_id":"d153e011-890b-480a-b6e7-998e1b2a29fa","local_time":"20201226074123","is_ascension_mode":false,"campfire_choices":[{"data":"Noxious Fumes","floor":6,"key":"SMITH"},{"data":"Survivor","floor":10,"key":"SMITH"},{"floor":15,"key":"REST"}],"circlet_count":0,"master_deck":["Strike_G","Strike_G","Strike_G","Strike_G","Strike_G","Defend_G","Defend_G","Defend_G","Defend_G","Defend_G","Survivor+1","Neutralize","expansioncontent:FaceSlap+1","Quick Slash","Riddle With Holes","Backstab","Quick Slash","Noxious Fumes+1","Backstab","Calculated Gamble","Decay","Prepared","Escape Plan","Night Terror","Backstab","Bane+1","Leg Sweep"],"relics":["Ring of the Snake","ShirouKen","Nunchaku","Philosopher\u0027s Stone"],"acts_visited":["Exordium","TheCity"],"potions_floor_usage":[16,16,21],"damage_taken":[{"damage":0,"enemies":"Cultist","floor":1,"turns":3},{"damage":0,"enemies":"2 Louse","floor":2,"turns":5},{"damage":5,"enemies":"Jaw Worm","floor":3,"turns":4},{"damage":0,"enemies":"3 Louse","floor":4,"turns":2},{"damage":2,"enemies":"Large Slime","floor":5,"turns":6},{"damage":0,"enemies":"Blue Slaver","floor":7,"turns":4},{"damage":15,"enemies":"Gremlin Nob","floor":8,"turns":4},{"damage":2,"enemies":"Looter","floor":12,"turns":2},{"damage":0,"enemies":"2 Fungi Beasts","floor":13,"turns":1},{"damage":42,"enemies":"Hexaghost","floor":16,"turns":10},{"damage":4,"enemies":"Shell Parasite","floor":18,"turns":5},{"damage":8,"enemies":"2 Thieves","floor":19,"turns":4},{"damage":22,"enemies":"Shelled Parasite and Fungi","floor":20,"turns":4},{"damage":15,"enemies":"Centurion and Healer","floor":21,"turns":7},{"damage":33,"enemies":"Snake Plant","floor":22,"turns":3}],"seed_played":"-4238745067739067475","potions_obtained":[{"floor":4,"key":"ColorlessPotion"},{"floor":5,"key":"champ:CounterPotion"},{"floor":12,"key":"Dexterity Potion"},{"floor":13,"key":"MagicPotion:ReiMu"},{"floor":18,"key":"Regen Potion"},{"floor":21,"key":"Ancient Potion"}],"is_trial":false,"path_per_floor":["M","M","M","M","M","R","M","E","T","R","?","M","M","?","R","B",null,"M","M","M","M","M"],"character_chosen":"THE_SILENT","items_purchased":[],"campfire_rested":1,"item_purchase_floors":[],"current_hp_per_floor":[70,70,65,65,63,63,63,48,48,48,48,46,46,46,67,25,70,66,58,36,33,0,0],"gold":412,"neow_bonus":"RANDOM_COLORLESS","is_daily":false,"chose_seed":false,"campfire_upgraded":2,"win_rate":0.0,"timestamp":1608986483,"path_taken":["M","M","?","M","M","R","M","E","T","R","?","?","M","?","R","BOSS","M","M","M","M","M"],"items_purchased_type":[],"build_version":"2020-12-22","purchased_purges":0,"victory":false,"max_hp_per_floor":[70,70,70,70,70,70,70,70,70,70,70,70,70,70,70,70,70,70,70,70,70,70,70],"card_choices":[{"not_picked":["expansioncontent:ManipulateTime","expansioncontent:DefensiveMode"],"picked":"expansioncontent:FaceSlap","floor":0},{"not_picked":["Eviscerate","Dagger Spray"],"picked":"Quick Slash","floor":1},{"not_picked":["Underhanded Strike","Backflip"],"picked":"Riddle With Holes","floor":2},{"not_picked":["Crippling Poison","Dagger Throw"],"picked":"Backstab","floor":3},{"not_picked":["Crippling Poison","Masterful Stab"],"picked":"Quick Slash","floor":4},{"not_picked":["Poisoned Stab","Bane"],"picked":"Noxious Fumes","floor":5},{"not_picked":["Dagger Spray","Heel Hook"],"picked":"Backstab","floor":7},{"not_picked":["Glass Knife","Blade Dance"],"picked":"Calculated Gamble","floor":8},{"not_picked":["Bane","Dagger Throw"],"picked":"Prepared","floor":12},{"not_picked":["Outmaneuver","Flying Knee"],"picked":"Escape Plan","floor":13},{"not_picked":["Doppelganger","Wraith Form v2"],"picked":"Night Terror","floor":16},{"not_picked":["Quick Slash","Well Laid Plans"],"picked":"Backstab","floor":18},{"not_picked":["Dodge and Roll+1","Blade Dance+1"],"picked":"Bane+1","floor":19},{"not_picked":["Flying Knee","Crippling Poison"],"picked":"Leg Sweep","floor":20},{"not_picked":["A Thousand Cuts","Sucker Punch","Underhanded Strike"],"picked":"SKIP","floor":21}],"player_experience":120936,"relics_obtained":[{"floor":8,"key":"ShirouKen"},{"floor":9,"key":"Nunchaku"}],"event_choices":[{"damage_healed":0,"gold_gain":0,"player_choice":"Cursed","damage_taken":0,"max_hp_gain":0,"max_hp_loss":0,"event_name":"Wheel of Change","floor":11,"gold_loss":0,"cards_obtained":["Decay"]},{"damage_healed":0,"gold_gain":0,"player_choice":"Upgraded","damage_taken":0,"max_hp_gain":0,"max_hp_loss":0,"event_name":"Upgrade Shrine","floor":14,"gold_loss":0,"cards_upgraded":["expansioncontent:FaceSlap"]}],"is_beta":false,"boss_relics":[{"not_picked":["SacredBark","Busted Crown"],"picked":"Philosopher\u0027s Stone"}],"items_purged_floors":[],"is_endless":false,"potions_floor_spawned":[4,5,12,13,18,21],"killed_by":"Snake Plant","ascension_level":0}}