{"host":"sabve5zmqufxyc5o","time":1608983513,"event":{"mods":["2.2 Compatiblity","AchievementEnabler","Act Like it!","Arknights The Spire","BaseMod","Block Reminder","Colored Map","Colored Powertips","DeckTracker","KOR Keyword Fix","Keyboard Shortcuts","Minty Spire (QoL Compilation)","Quick Restart","Rare Cards Sparkle","Relic Stats","StSLib","SuperFastMode"],"gold_per_floor":[216,234,21,34,47,47,59,59,59,9,9,20,20,37,37,141,141,159,159,176,189,204,235,235,269,269,44,44,44,44,44],"floor_reached":30,"playtime":821,"items_purged":["ats:Strike G","ats:Strike V","ats:Strike C"],"score":301,"play_id":"7aeec8d1-b111-4363-809d-90f1b31dc35f","local_time":"20201226205153","is_ascension_mode":true,"campfire_choices":[{"data":"ats:Disruption Kick","floor":6.0,"key":"SMITH"},{"data":"ats:Emotion Absorption","floor":8.0,"key":"SMITH"},{"data":"ats:Armor Crushing Shot","floor":11.0,"key":"SMITH"},{"data":"ats:Neurotoxin","floor":13.0,"key":"SMITH"},{"data":"ats:Rat Pack","floor":15.0,"key":"SMITH"},{"floor":24.0,"key":"REST"},{"data":"Thinking Ahead","floor":29.0,"key":"SMITH"}],"circlet_count":0,"master_deck":["ats:Strike S","ats:Armor Crushing Shot+1","ats:Defend","ats:Defend+1","ats:Defend","ats:Defend","ats:Emotion Absorption+1","ats:Ignite","ats:Neurotoxin+1","ats:Poison Spread","ats:Shell Defense+1","ats:Disruption Kick+1","ats:Chain Hook","ats:Explosion Area Strengthen","ats:Rat Pack+1","ats:Dogmatic Field","ats:Shell Defense+1","ats:Flexible Camouflage","ats:Composite Medical Shells+1","ats:Assault Order+1","Thinking Ahead+1"],"relics":["ats:Sanity","Membership Card","War Paint","Cursed Key","ats:Originium","Lantern","ats:Originium","Kunai","ats:MaxSp2"],"acts_visited":["Exordium","TheCity"],"potions_floor_usage":[30],"damage_taken":[{"damage":8.0,"enemies":"2 Louse","floor":1.0,"turns":3.0},{"damage":4.0,"enemies":"Jaw Worm","floor":2.0,"turns":5.0},{"damage":2.0,"enemies":"Small Slimes","floor":4.0,"turns":4.0},{"damage":1.0,"enemies":"Looter","floor":5.0,"turns":4.0},{"damage":4.0,"enemies":"2 Fungi Beasts","floor":7.0,"turns":4.0},{"damage":8.0,"enemies":"Large Slime","floor":12.0,"turns":7.0},{"damage":6.0,"enemies":"Exordium Thugs","floor":14.0,"turns":4.0},{"damage":6.0,"enemies":"The Guardian","floor":16.0,"turns":11.0},{"damage":20.0,"enemies":"Chosen","floor":18.0,"turns":5.0},{"damage":0.0,"enemies":"Masked Bandits","floor":19.0,"turns":3.0},{"damage":0.0,"enemies":"3 Byrds","floor":20.0,"turns":4.0},{"damage":33.0,"enemies":"Snake Plant","floor":21.0,"turns":5.0},{"damage":33.0,"enemies":"Sentry and Sphere","floor":22.0,"turns":4.0},{"damage":109.0,"enemies":"Book of Stabbing","floor":23.0,"turns":6.0},{"damage":50.0,"enemies":"Slavers","floor":25.0,"turns":5.0},{"damage":65,"enemies":"Book of Stabbing","floor":30,"turns":6}],"seed_played":"-7384779129708101783","potions_obtained":[{"floor":5.0,"key":"EssenceOfSteel"},{"floor":7.0,"key":"SmokeBomb"},{"floor":12.0,"key":"BlessingOfTheForge"},{"floor":16.0,"key":"LiquidBronze"},{"floor":21.0,"key":"ats:Top Emergency Sanity Potion"},{"floor":25.0,"key":"Dexterity Potion"}],"is_trial":false,"path_per_floor":["M","M","$","M","M","R","M","R","T","$","R","M","R","M","R","B",null,"M","?","M","M","M","E","R","E","T","$","?","R","E"],"character_chosen":"DOCTOR_CLASS","items_purchased":["Membership Card","ats:Poison Spread","ats:MaxSp2","Thinking Ahead"],"campfire_rested":1,"item_purchase_floors":[3,3,27,27],"current_hp_per_floor":[64,60,60,58,60,60,56,56,56,56,56,53,53,49,49,46,72,66,66,69,72,72,36,57,61,61,61,61,61,0,0],"gold":44,"neow_bonus":"HUNDRED_GOLD","is_daily":false,"chose_seed":false,"campfire_upgraded":6,"win_rate":0.0,"timestamp":1608983513,"path_taken":["M","M","$","M","M","R","M","R","T","$","R","M","R","M","R","BOSS","M","?","M","M","M","E","R","E","T","$","?","R","E"],"items_purchased_type":["Relic","Card","Relic","Card"],"build_version":"2020-12-22","purchased_purges":3,"victory":false,"max_hp_per_floor":[72,72,72,72,72,72,72,72,72,72,72,72,72,72,72,72,72,72,72,72,72,72,72,72,72,72,72,72,72,72,72],"relic_stats":{"counters":[16,80],"Kunai":[2],"War Paint":["ats:Defend","ats:Shell Defense"],"Cursed Key":0,"obtain_stats":[{"ats:MaxSp2":27,"Lantern":23,"ats:Originium":23,"ats:Sanity":0,"Membership Card":3,"Kunai":25,"War Paint":9,"Cursed Key":17},{"ats:MaxSp2":15,"Lantern":14,"ats:Originium":14,"ats:Sanity":0,"Membership Card":2,"Kunai":15,"War Paint":5,"Cursed Key":8},{"ats:MaxSp2":74,"Lantern":69,"ats:Originium":69,"ats:Sanity":0,"Membership Card":8,"Kunai":74,"War Paint":20,"Cursed Key":42}]},"card_choices":[{"not_picked":["ats:Childhood Dance","ats:Curse Doll"],"picked":"ats:Ignite","floor":1.0},{"not_picked":["ats:Counter Healing Mode","ats:Powerful Strike"],"picked":"ats:Neurotoxin","floor":2.0},{"not_picked":["ats:Guardian Obelisk","ats:Ignite"],"picked":"ats:Shell Defense","floor":4.0},{"not_picked":["ats:Ignite","ats:Hook Shot"],"picked":"ats:Disruption Kick","floor":5.0},{"not_picked":["ats:Curse Doll","ats:Apocalypse"],"picked":"ats:Chain Hook","floor":7.0},{"not_picked":["ats:Flexible Camouflage","ats:Counter Healing Mode"],"picked":"ats:Explosion Area Strengthen","floor":12.0},{"not_picked":["ats:Blood Oath","ats:Shell Defense"],"picked":"ats:Rat Pack","floor":14.0},{"not_picked":["ats:Roar Of Ursus","ats:Volcano"],"picked":"ats:Dogmatic Field","floor":16.0},{"not_picked":["ats:Sword Rain","ats:Ignite"],"picked":"ats:Shell Defense+1","floor":18.0},{"not_picked":["ats:Defend Order","ats:Song Of Battle"],"picked":"ats:Flexible Camouflage","floor":20.0},{"not_picked":["ats:Soul Absorption","ats:Curse Doll","ats:Chain Hook"],"picked":"SKIP","floor":21.0},{"not_picked":["ats:Powerful Strike","ats:Closed Bolt Burst Fire"],"picked":"ats:Composite Medical Shells+1","floor":22.0},{"not_picked":["ats:Sunburst","ats:Nebulous Foxfire"],"picked":"ats:Assault Order+1","floor":23.0},{"not_picked":["ats:Poison Spread","ats:Cat Scratch+1","ats:Revitalization"],"picked":"SKIP","floor":25.0}],"player_experience":821493,"relics_obtained":[{"floor":9.0,"key":"War Paint"},{"floor":23.0,"key":"ats:Originium"},{"floor":23.0,"key":"Lantern"},{"floor":25.0,"key":"ats:Originium"},{"floor":25.0,"key":"Kunai"}],"event_choices":[{"damage_healed":0.0,"max_hp_gain":0.0,"max_hp_loss":0.0,"gold_gain":0.0,"event_name":"Masked Bandits","player_choice":"Fought Bandits","floor":19.0,"gold_loss":0.0,"damage_taken":0.0},{"damage_healed":0.0,"max_hp_gain":0.0,"max_hp_loss":0.0,"gold_gain":0.0,"event_name":"Cursed Tome","player_choice":"Ignored","floor":28.0,"gold_loss":0.0,"damage_taken":0.0}],"is_beta":false,"boss_relics":[{"not_picked":["Empty Cage","Black Star"],"picked":"Cursed Key"}],"items_purged_floors":[3,10,27],"is_endless":false,"potions_floor_spawned":[5,7,12,16,18,21,25],"killed_by":"Book of Stabbing","ascension_level":3}}