{"host":"79xwy41m4u365j0j","time":1608954832,"event":{"mods":["BaseMod","Colored Powertips","Downfall","Marisa£®ÏF”Í°°ƒß¿Ì…≥£©","Minty Spire (QoL Compilation)","Remilia£®¿Ÿ√◊¿Ú—«£©","Replay The Spire","StSLib","The Bug Knight","The Hierophant","The Servant 0.9.4","Youmu£®ªÍ∆«—˝√Œ£©","Yuyuko"],"gold_per_floor":[177,177,177,177,187,187,187,187,187,201,201,201,219,129,147,147,147,147],"floor_reached":16,"playtime":1914,"items_purged":["Slimebound:Defend_Slimebound"],"score":88,"play_id":"f5960548-f40a-40b6-b139-4da1e63ae9d4","local_time":"20201226115352","is_ascension_mode":false,"campfire_choices":[{"floor":6.0,"key":"RECALL"},{"data":"Slimebound:Overexert","floor":12.0,"key":"SMITH"}],"circlet_count":0,"master_deck":["Slimebound:Strike_Slimebound","Slimebound:Strike_Slimebound","Slimebound:Tackle","Slimebound:Defend_Slimebound","Slimebound:Defend_Slimebound","Slimebound:Split","Slimebound:CorrosiveSpit","Slimebound:SplitMire","Slimebound:Grow","Slimebound:SplitBruiser","Slimebound:SpikyOuterGoop","Slimebound:Schlurp","Slimebound:Overexert+1","Slimebound:RejuvenatingLick","Slimebound:Teamwork"],"relics":["Slimebound:AbsorbEndCombat","downfall:HeartsMalice"],"acts_visited":["Exordium"],"potions_floor_usage":[],"damage_taken":[{"damage":0.0,"enemies":"Cultist","floor":2.0,"turns":1.0},{"damage":0.0,"enemies":"Small Slimes","floor":3.0,"turns":1.0},{"damage":0.0,"enemies":"2 Louse","floor":4.0,"turns":1.0},{"damage":20.0,"enemies":"Blue Slaver","floor":5.0,"turns":4.0},{"damage":15.0,"enemies":"Large Slime","floor":10.0,"turns":3.0},{"damage":23.0,"enemies":"2 Fungi Beasts","floor":13.0,"turns":3.0},{"damage":18.0,"enemies":"downfall:FleeingMerchant","floor":14.0,"turns":4.0},{"damage":16.0,"enemies":"Large Slime","floor":15.0,"turns":4.0},{"damage":75,"enemies":"downfall:Defect","floor":16,"turns":5}],"seed_played":"-5099090113417096022","potions_obtained":[{"floor":5.0,"key":"Slimebound:ThreeZeroPotion"},{"floor":10.0,"key":"AttackPotion"},{"floor":13.0,"key":"Block Potion"}],"is_trial":false,"path_per_floor":["R","M","M","M","M","R","T","?","?","M","?","R","M","$","M","B"],"character_chosen":"SLIMEBOUND","items_purchased":[],"campfire_rested":0,"item_purchase_floors":[],"current_hp_per_floor":[60,60,60,60,56,56,56,56,56,60,60,60,49,60,60,0,0,0],"gold":147,"neow_bonus":"THREE_ENEMY_KILL","is_daily":false,"chose_seed":false,"campfire_upgraded":1,"win_rate":0.0,"timestamp":1608954832,"path_taken":["R","M","M","M","M","R","T","?","?","M","?","R","M","$","M","BOSS"],"items_purchased_type":[],"build_version":"2020-12-22","purchased_purges":1,"victory":false,"max_hp_per_floor":[60,60,60,60,60,60,60,60,60,60,60,60,60,60,60,60,60,60],"card_choices":[{"not_picked":["Slimebound:FinishingTackle","Slimebound:SplitAcid"],"picked":"Slimebound:SplitMire","floor":2.0},{"not_picked":["Slimebound:FlameTackle","Slimebound:RainOfGoop"],"picked":"Slimebound:Grow","floor":3.0},{"not_picked":["Slimebound:SplitAcid","Slimebound:LeechingTouch"],"picked":"Slimebound:SplitBruiser","floor":4.0},{"not_picked":["Slimebound:ForwardTackle","Slimebound:ComboTackle"],"picked":"Slimebound:SpikyOuterGoop","floor":5.0},{"not_picked":["Slimebound:Grow","Slimebound:BestDefense"],"picked":"Slimebound:Schlurp","floor":10.0},{"not_picked":["Slimebound:BestDefense","Slimebound:Schlurp"],"picked":"Slimebound:RejuvenatingLick","floor":13.0},{"not_picked":["Slimebound:LeechEnergy","Slimebound:SpikyOuterGoop"],"picked":"Slimebound:Teamwork","floor":14.0},{"not_picked":["Slimebound:SplitMire","Slimebound:GoopSpray","Slimebound:LeechingTouch"],"picked":"SKIP","floor":15.0}],"player_experience":105600,"relics_obtained":[],"event_choices":[{"cards_removed":["Slimebound:Defend_Slimebound"],"damage_healed":0.0,"max_hp_gain":0.0,"max_hp_loss":0.0,"gold_gain":0.0,"event_name":"The Cleric","player_choice":"Card Removal","floor":8.0,"gold_loss":0.0,"damage_taken":0.0},{"damage_healed":0.0,"max_hp_gain":0.0,"max_hp_loss":0.0,"gold_gain":0.0,"cards_transformed":["Slimebound:Strike_Slimebound"],"event_name":"Living Wall","player_choice":"Change","floor":11.0,"gold_loss":0.0,"damage_taken":0.0,"cards_obtained":["Slimebound:Overexert"]}],"is_beta":false,"boss_relics":[],"items_purged_floors":[14],"is_endless":false,"potions_floor_spawned":[5,10,13,15],"killed_by":"downfall:Defect","ascension_level":0}}