{"host":"a1eatafr7pisesky","time":1608980624,"event":{"mods":["BaseMod","Colored Map","DeckTracker","Highlight Path","Keyboard Shortcuts","Minty Spire (QoL Compilation)","Permanent Neow","Random Character Button","StSLib","SuperFastMode"],"gold_per_floor":[110,130,143,153,169,169,184,214,240,240,240,257,276,49,49,151,151,166,91,108,127,127,127],"floor_reached":22,"playtime":717,"items_purged":["Strike_B"],"score":240,"play_id":"bcf53b29-5f83-4ff5-b801-a7d64349ccab","local_time":"20201226200344","is_ascension_mode":true,"campfire_choices":[{"floor":6.0,"key":"REST"},{"floor":10.0,"key":"REST"},{"floor":15.0,"key":"REST"}],"circlet_count":0,"master_deck":["Strike_B","Strike_B","Defend_B","Defend_B","Defend_B","Defend_B","Zap","Dualcast","Ball Lightning","BootSequence","Turbo","Leap","Genetic Algorithm","Amplify","Sweeping Beam","Core Surge","Streamline","Ball Lightning","Buffer","Ball Lightning"],"relics":["Cracked Core","TungstenRod","Centennial Puzzle","Vajra","Omamori","Calling Bell","DataDisk","Kunai","Peace Pipe"],"acts_visited":["Exordium","TheCity"],"potions_floor_usage":[22,22],"damage_taken":[{"damage":13.0,"enemies":"Small Slimes","floor":1.0,"turns":3.0},{"damage":5.0,"enemies":"Cultist","floor":2.0,"turns":3.0},{"damage":6.0,"enemies":"Jaw Worm","floor":3.0,"turns":3.0},{"damage":15.0,"enemies":"Lots of Slimes","floor":4.0,"turns":3.0},{"damage":8.0,"enemies":"Gremlin Gang","floor":5.0,"turns":5.0},{"damage":1.0,"enemies":"2 Fungi Beasts","floor":7.0,"turns":3.0},{"damage":35.0,"enemies":"3 Sentries","floor":8.0,"turns":11.0},{"damage":0.0,"enemies":"Looter","floor":12.0,"turns":2.0},{"damage":10.0,"enemies":"Lots of Slimes","floor":13.0,"turns":3.0},{"damage":34.0,"enemies":"The Guardian","floor":16.0,"turns":12.0},{"damage":16.0,"enemies":"Spheric Guardian","floor":18.0,"turns":4.0},{"damage":9.0,"enemies":"Shell Parasite","floor":20.0,"turns":5.0},{"damage":20.0,"enemies":"Sentry and Sphere","floor":21.0,"turns":6.0},{"damage":6,"enemies":"Snake Plant","floor":22,"turns":2}],"seed_played":"6921435952634556689","potions_obtained":[{"floor":4.0,"key":"Ancient Potion"},{"floor":7.0,"key":"PowerPotion"},{"floor":8.0,"key":"SkillPotion"},{"floor":12.0,"key":"Block Potion"},{"floor":16.0,"key":"SteroidPotion"}],"is_trial":false,"path_per_floor":["M","M","M","M","M","R","M","E","T","R","?","M","M","$","R","B",null,"M","?","M","M","M"],"character_chosen":"DEFECT","items_purchased":["Omamori"],"campfire_rested":3,"item_purchase_floors":[14],"current_hp_per_floor":[55,50,44,29,21,41,40,5,5,25,25,25,15,15,35,1,51,35,35,26,6,0,0],"gold":127,"neow_bonus":"ONE_RARE_RELIC","is_daily":false,"chose_seed":false,"campfire_upgraded":0,"win_rate":0.0,"timestamp":1608980624,"path_taken":["M","M","M","M","M","R","M","E","T","R","?","M","M","$","R","BOSS","M","?","M","M","M"],"items_purchased_type":["Relic"],"build_version":"2020-12-22","purchased_purges":1,"victory":false,"max_hp_per_floor":[68,68,68,68,68,68,68,68,68,68,68,68,68,68,68,68,68,68,68,68,68,68,68],"card_choices":[{"not_picked":["Beam Cell","Hologram"],"picked":"Ball Lightning","floor":1.0},{"not_picked":["Storm","Ball Lightning"],"picked":"BootSequence","floor":2.0},{"not_picked":["Consume","Skim"],"picked":"Turbo","floor":3.0},{"not_picked":["Rebound","Compile Driver"],"picked":"Leap","floor":4.0},{"not_picked":["Go for the Eyes","Undo"],"picked":"Genetic Algorithm","floor":5.0},{"not_picked":["Rebound","Beam Cell"],"picked":"Amplify","floor":7.0},{"not_picked":["Streamline","Compile Driver"],"picked":"Sweeping Beam","floor":8.0},{"not_picked":["Aggregate","Blizzard"],"picked":"Streamline","floor":12.0},{"not_picked":["Chill","Turbo"],"picked":"Ball Lightning","floor":13.0},{"not_picked":["Seek","Machine Learning"],"picked":"Buffer","floor":16.0},{"not_picked":["Conserve Battery","Lockon","Go for the Eyes"],"picked":"SKIP","floor":18.0},{"not_picked":["Sweeping Beam+1","Hologram+1","Genetic Algorithm"],"picked":"SKIP","floor":20.0},{"not_picked":["Leap","Go for the Eyes"],"picked":"Ball Lightning","floor":21.0}],"player_experience":252292,"relics_obtained":[{"floor":8.0,"key":"Centennial Puzzle"},{"floor":9.0,"key":"Vajra"},{"floor":17.0,"key":"DataDisk"},{"floor":17.0,"key":"Kunai"},{"floor":17.0,"key":"Peace Pipe"}],"event_choices":[{"damage_healed":0.0,"max_hp_gain":0.0,"max_hp_loss":0.0,"gold_gain":0.0,"event_name":"Match and Keep!","player_choice":"1 cards matched","floor":11.0,"gold_loss":0.0,"damage_taken":0.0,"cards_obtained":["Core Surge"]},{"cards_removed":["Strike_B"],"damage_healed":0.0,"max_hp_gain":0.0,"max_hp_loss":0.0,"gold_gain":0.0,"event_name":"Beggar","player_choice":"Gave Gold","floor":19.0,"gold_loss":75.0,"damage_taken":0.0}],"is_beta":false,"boss_relics":[{"not_picked":["SacredBark","Runic Pyramid"],"picked":"Calling Bell"}],"items_purged_floors":[14],"is_endless":false,"potions_floor_spawned":[4,7,8,12,13,16,20],"killed_by":"Snake Plant","ascension_level":5}}