{"host":"alk2ftu785mujiir","time":1608954473,"event":{"mods":["BaseMod","Colored Map","Downfall","Minty Spire (QoL Compilation)","StSLib"],"gold_per_floor":[15,29,46,60,71,102,116,142,165,165,22,48,60,95,95,193,193,203,203,203,203,129,162,162,172,172,190,190,224,240,256,256,351,351,367,717,769,769,789,789,814,814,837,837,837,854,878,912,912,912],"floor_reached":51,"playtime":1864,"items_purged":[],"score":865,"play_id":"f54d3c4e-159b-4091-874c-465822d3628c","local_time":"20201225224753","is_ascension_mode":false,"campfire_choices":[{"floor":10.0,"key":"REST"},{"data":"Apotheosis","floor":15.0,"key":"SMITH"},{"data":"Metallicize","floor":24,"key":"SMITH"},{"data":"Searing Blow+1","floor":28,"key":"SMITH"},{"data":"Searing Blow+2","floor":32,"key":"SMITH"},{"floor":40,"key":"REST"},{"data":"Searing Blow+3","floor":42,"key":"SMITH"},{"data":"Searing Blow+4","floor":44,"key":"SMITH"},{"data":"Searing Blow+5","floor":49,"key":"SMITH"}],"circlet_count":0,"master_deck":["Strike_R","Strike_R","Strike_R","Strike_R","Strike_R","Defend_R","Defend_R","Defend_R","Defend_R","Bash","Apotheosis+1","Shockwave","Rampage","Headbutt","Clothesline","Shrug It Off","Metallicize+1","Iron Wave","Shrug It Off","J.A.X.","Flame Barrier","Spot Weakness","Searing Blow+6","Intimidate+1","Inflame+1"],"relics":["Burning Blood","Juzu Bracelet","Charon\u0027s Ashes","PreservedInsect","Strawberry","Bronze Scales","FossilizedHelix","Sozu","Centennial Puzzle","Lantern","Dream Catcher","Smiling Mask","Velvet Choker","Old Coin","Champion Belt","Guardian:PocketSentry","Bag of Marbles","Ancient Tea Set","Incense Burner"],"acts_visited":["Exordium","TheCity","TheBeyond"],"potions_floor_usage":[50],"damage_taken":[{"damage":1.0,"enemies":"Cultist","floor":1.0,"turns":4.0},{"damage":3.0,"enemies":"Small Slimes","floor":2.0,"turns":5.0},{"damage":6.0,"enemies":"Jaw Worm","floor":3.0,"turns":5.0},{"damage":7.0,"enemies":"Exordium Wildlife","floor":4.0,"turns":5.0},{"damage":19.0,"enemies":"3 Louse","floor":5.0,"turns":6.0},{"damage":24.0,"enemies":"3 Sentries","floor":6.0,"turns":8.0},{"damage":7.0,"enemies":"Looter","floor":7.0,"turns":3.0},{"damage":13.0,"enemies":"Gremlin Nob","floor":8.0,"turns":5.0},{"damage":21.0,"enemies":"Large Slime","floor":13.0,"turns":7.0},{"damage":8.0,"enemies":"3 Sentries","floor":14.0,"turns":5.0},{"damage":9.0,"enemies":"The Guardian","floor":16.0,"turns":9.0},{"damage":0.0,"enemies":"Shell Parasite","floor":18.0,"turns":5.0},{"damage":0,"enemies":"Book of Stabbing","floor":23,"turns":4},{"damage":0,"enemies":"3 Byrds","floor":25,"turns":3},{"damage":3,"enemies":"Snecko","floor":27,"turns":5},{"damage":13,"enemies":"Gremlin Leader","floor":29,"turns":5},{"damage":3,"enemies":"Centurion and Healer","floor":30,"turns":6},{"damage":0,"enemies":"Cultist and Chosen","floor":31,"turns":5},{"damage":65,"enemies":"Automaton","floor":33,"turns":10},{"damage":0,"enemies":"Orb Walker","floor":35,"turns":2},{"damage":0,"enemies":"Mind Bloom Boss Battle","floor":36,"turns":3},{"damage":54,"enemies":"2 Orb Walkers","floor":37,"turns":6},{"damage":0,"enemies":"3 Shapes","floor":39,"turns":5},{"damage":0,"enemies":"Giant Head","floor":41,"turns":7},{"damage":0,"enemies":"Sphere and 2 Shapes","floor":46,"turns":4},{"damage":0,"enemies":"Nemesis","floor":48,"turns":3},{"damage":22,"enemies":"Awakened One","floor":50,"turns":12}],"seed_played":"-8984333701379790805","potions_obtained":[{"floor":2.0,"key":"Slimebound:ThreeZeroPotion"},{"floor":5.0,"key":"SteroidPotion"},{"floor":6.0,"key":"champ:CounterPotion"},{"floor":13.0,"key":"AttackPotion"}],"is_trial":false,"path_per_floor":["M","M","M","M","M","E","M","E","T","R","$","T","M","E","R","B",null,"M","?","?","$","$","E","R","M","T","M","R","E","M","M","R","B",null,"M","?","?","?","M","R","E","R","T","R","?","M","T","E","R","B",null],"character_chosen":"IRONCLAD","items_purchased":["Strawberry","Flame Barrier"],"campfire_rested":2,"item_purchase_floors":[11,22],"current_hp_per_floor":[80,80,80,79,66,48,47,40,40,64,71,71,56,54,54,51,87,87,87,87,87,87,87,87,87,87,87,87,80,83,87,87,28,87,87,87,39,39,45,71,77,77,77,77,77,83,83,83,83,67],"gold":912,"neow_bonus":"RANDOM_COLORLESS_2","is_daily":false,"chose_seed":false,"campfire_upgraded":7,"win_rate":0.0,"timestamp":1608954473,"path_taken":["M","M","M","M","M","E","M","E","T","R","?","?","M","E","R","BOSS","M","?","?","?","$","E","R","M","T","M","R","E","M","M","R","BOSS","M","?","?","?","M","R","E","R","T","R","?","M","?","E","R","BOSS"],"items_purchased_type":["Relic","Card"],"build_version":"2020-12-22","purchased_purges":0,"victory":true,"max_hp_per_floor":[80,80,80,80,80,80,80,80,80,80,87,87,87,87,87,87,87,87,87,87,87,87,87,87,87,87,87,87,87,87,87,87,87,87,87,87,87,87,87,87,87,87,87,87,83,83,83,83,83,83],"card_choices":[{"not_picked":["The Bomb","Transmutation"],"picked":"Apotheosis","floor":0.0},{"not_picked":["Body Slam","Wild Strike"],"picked":"Shockwave","floor":1.0},{"not_picked":["Seeing Red","Pummel"],"picked":"Rampage","floor":2.0},{"not_picked":["Entrench","Heavy Blade"],"picked":"Headbutt","floor":3.0},{"not_picked":["Sword Boomerang","Warcry","Pummel"],"picked":"SKIP","floor":4.0},{"not_picked":["Perfected Strike","Hemokinesis"],"picked":"Clothesline","floor":5.0},{"not_picked":["Second Wind","Evolve"],"picked":"Shrug It Off","floor":6.0},{"not_picked":["Wild Strike","Body Slam"],"picked":"Metallicize","floor":7.0},{"not_picked":["Offering","Dark Embrace","Clash"],"picked":"SKIP","floor":8.0},{"not_picked":["Anger","Rupture"],"picked":"Iron Wave","floor":13.0},{"not_picked":["Clash","Pommel Strike"],"picked":"Shrug It Off","floor":14.0},{"not_picked":["Warcry+1","Entrench","Anger"],"picked":"SKIP","floor":18.0},{"not_picked":["Body Slam","Power Through+1"],"picked":"Spot Weakness","floor":23},{"not_picked":["Disarm","Havoc+1"],"picked":"Searing Blow+1","floor":25},{"not_picked":["Warcry","Cleave","Whirlwind+1"],"picked":"SKIP","floor":27},{"not_picked":["Headbutt+1","Wild Strike","Armaments"],"picked":"SKIP","floor":29},{"not_picked":["Sentinel","Shrug It Off","Cleave"],"picked":"SKIP","floor":30},{"not_picked":["Warcry","Bludgeon","Headbutt"],"picked":"SKIP","floor":31},{"not_picked":["Clash","Anger","Twin Strike+1"],"picked":"SKIP","floor":35},{"not_picked":["Havoc+1","Berserk"],"picked":"Intimidate+1","floor":37},{"not_picked":["Iron Wave","Combust","Entrench+1"],"picked":"SKIP","floor":39},{"not_picked":["Uppercut","Perfected Strike+1"],"picked":"Inflame+1","floor":41},{"not_picked":["Bloodletting+1","Offering","Havoc"],"picked":"SKIP","floor":46},{"not_picked":["Thunderclap","Perfected Strike+1","Battle Trance"],"picked":"SKIP","floor":48}],"player_experience":1720075,"relics_obtained":[{"floor":6.0,"key":"Juzu Bracelet"},{"floor":8.0,"key":"Charon\u0027s Ashes"},{"floor":9.0,"key":"PreservedInsect"},{"floor":12.0,"key":"Bronze Scales"},{"floor":14.0,"key":"FossilizedHelix"},{"floor":23,"key":"Lantern"},{"floor":26,"key":"Dream Catcher"},{"floor":29,"key":"Smiling Mask"},{"floor":36,"key":"Old Coin"},{"floor":37,"key":"Champion Belt"},{"floor":41,"key":"Guardian:PocketSentry"},{"floor":43,"key":"Bag of Marbles"},{"floor":47,"key":"Ancient Tea Set"},{"floor":48,"key":"Incense Burner"}],"event_choices":[{"damage_healed":0.0,"max_hp_gain":0.0,"max_hp_loss":0.0,"gold_gain":0.0,"event_name":"The Mausoleum","player_choice":"Opened","floor":19.0,"gold_loss":0.0,"damage_taken":0.0,"relics_obtained":["Centennial Puzzle"]},{"damage_healed":0.0,"max_hp_gain":0.0,"max_hp_loss":0.0,"gold_gain":0.0,"event_name":"Drug Dealer","player_choice":"Obtain J.A.X.","floor":20.0,"gold_loss":0.0,"damage_taken":0.0,"cards_obtained":["J.A.X."]},{"damage_healed":0,"gold_gain":0,"player_choice":"Fight","damage_taken":0,"max_hp_gain":0,"max_hp_loss":0,"event_name":"MindBloom","floor":36,"gold_loss":0},{"damage_healed":0,"gold_gain":0,"player_choice":"Fight","damage_taken":0,"max_hp_gain":0,"max_hp_loss":0,"event_name":"Mysterious Sphere","floor":37,"gold_loss":0},{"damage_healed":0,"gold_gain":0,"player_choice":"Ignored","damage_taken":0,"max_hp_gain":0,"max_hp_loss":0,"event_name":"Tomb of Lord Red Mask","floor":38,"gold_loss":0},{"damage_healed":0,"gold_gain":0,"player_choice":"Max HP","damage_taken":0,"max_hp_gain":0,"max_hp_loss":4,"event_name":"Winding Halls","floor":45,"gold_loss":0}],"is_beta":false,"boss_relics":[{"not_picked":["SacredBark","expansioncontent:StudyCardRelic"],"picked":"Sozu"},{"not_picked":["Cursed Key","Philosopher\u0027s Stone"],"picked":"Velvet Choker"}],"items_purged_floors":[],"is_endless":false,"potions_floor_spawned":[2,5,6,7,13,29,30,31,33,36,37,46],"ascension_level":0}}