{"host":"7tkrmasug91pv8cz","time":1608990639,"event":{"mods":["2.2 Compatiblity","Ascension Reborn","BaseMod","DeckTracker","Koishi","Minty Spire (QoL Compilation)","Permanent Neow","Prisma Mod","StSLib","SuperFastMode"],"gold_per_floor":[416,434,457,469,485,503,541,554,610,610,650,667,709,729,729,843,843,867,562,575,587,609,640,345,369,431,154,177,177,199,224,224,360,360,384,504,535,558,582,624,624,670,713,727,789,825,861,887,901,915,929,943,731,766,766],"floor_reached":56,"playtime":3861,"items_purged":["Koishi:BasicDefend+1","Koishi:BasicStrike+1","Koishi:BasicStrike+1","Koishi:BasicDefend+1"],"score":1541,"play_id":"264451b1-2997-4b07-b3c2-be626cb2c5be","local_time":"20201226225039","is_ascension_mode":true,"campfire_choices":[{"data":"Koishi:UnconsciousUrges","floor":15,"key":"SMITH"},{"data":"Koishi:TerrifyingSpectre","floor":29,"key":"SMITH"},{"data":"Koishi:BasicStrike+1","floor":32,"key":"PURGE"},{"floor":41,"key":"RECALL"},{"data":"Koishi:BasicDefend+1","floor":49,"key":"PURGE"},{"data":"Koishi:BasicStrike+1","floor":52,"key":"PURGE"}],"circlet_count":0,"master_deck":["Koishi:BasicDefend+1","Koishi:Provoke+1","Koishi:HauntingSlash+1","Koishi:BloodcurdlingScream+1","Koishi:SpiritedAway+1","Koishi:PredatoryInstincts+1","Koishi:ReleaseOfTheId+1","Koishi:SubconsciousSweep+1","Koishi:UnconsciousUrges+1","Koishi:MentalBreakdown+1","Koishi:PhantomStrike","Koishi:FreudianInstinct","Koishi:TremblingHands+1","Koishi:UnseenTerror","Koishi:TerrifyingSpectre+1","Koishi:MindNumbingTerror","Koishi:SubterraneanRose+1","Koishi:DNAsFlaw+1","Koishi:DanmakuParanoia+1","Koishi:PhantomStrike+1","Koishi:EmbryosDream+1","Koishi:RacingHeart+1","Sadistic Nature","Bandage Up+1","Koishi:Jaunt+1","Koishi:RuptureMind","Koishi:DreadfulBlow+1","Koishi:JumpScare+1","Koishi:YoukaiPolygraph+1","Koishi:UnansweredLove+1","Koishi:DreadfulBlow+1","Koishi:MindStellarRelief+1","Thinking Ahead+1","Master of Strategy+1"],"relics":["Koishi:ImaginaryFriend","Ancient Tea Set","Koishi:BloodstainedWhiteRose","Akabeko","Question Card","PreservedInsect","Potion Belt","Strawberry","Peace Pipe","Black Star","Toxic Egg 2","Whetstone","Kunai","War Paint","Bag of Marbles","Bag of Preparation","CeramicFish","Dream Catcher","Torii","Sozu","Incense Burner","Shuriken","MawBank","Koishi:AHoleWhereASisterShouldBe","Regal Pillow","Centennial Puzzle","Eternal Feather","Omamori","Nunchaku","Anchor","Boot"],"acts_visited":["Exordium","TheCity","TheBeyond","TheEnding"],"potions_floor_usage":[4],"damage_taken":[{"damage":0,"enemies":"2 Louse","floor":1,"turns":2},{"damage":0,"enemies":"Cultist","floor":2,"turns":2},{"damage":1,"enemies":"Jaw Worm","floor":3,"turns":2},{"damage":1,"enemies":"Lots of Slimes","floor":4,"turns":2},{"damage":0,"enemies":"Blue Slaver","floor":5,"turns":3},{"damage":0,"enemies":"2 Fungi Beasts","floor":6,"turns":1},{"damage":6,"enemies":"Gremlin Nob","floor":7,"turns":3},{"damage":0,"enemies":"Exordium Thugs","floor":8,"turns":3},{"damage":0,"enemies":"3 Sentries","floor":11,"turns":2},{"damage":0,"enemies":"Red Slaver","floor":12,"turns":2},{"damage":0,"enemies":"Lagavulin","floor":13,"turns":3},{"damage":0,"enemies":"Blue Slaver","floor":14,"turns":2},{"damage":0,"enemies":"Hexaghost","floor":16,"turns":6},{"damage":15,"enemies":"3 Byrds","floor":18,"turns":4},{"damage":11,"enemies":"Shell Parasite","floor":20,"turns":4},{"damage":13,"enemies":"Snake Plant","floor":21,"turns":3},{"damage":2,"enemies":"Sentry and Sphere","floor":22,"turns":4},{"damage":15,"enemies":"Slavers","floor":23,"turns":3},{"damage":11,"enemies":"Centurion and Healer","floor":25,"turns":3},{"damage":1,"enemies":"3 Cultists","floor":28,"turns":4},{"damage":0,"enemies":"Snecko","floor":30,"turns":2},{"damage":10,"enemies":"Shelled Parasite and Fungi","floor":31,"turns":3},{"damage":0,"enemies":"Collector","floor":33,"turns":6},{"damage":15,"enemies":"3 Darklings","floor":35,"turns":2},{"damage":1,"enemies":"Orb Walker","floor":37,"turns":2},{"damage":0,"enemies":"Transient","floor":38,"turns":5},{"damage":1,"enemies":"3 Darklings","floor":39,"turns":4},{"damage":14,"enemies":"Reptomancer","floor":40,"turns":3},{"damage":1,"enemies":"Giant Head","floor":42,"turns":4},{"damage":13,"enemies":"Reptomancer","floor":45,"turns":2},{"damage":2,"enemies":"Maw","floor":46,"turns":5},{"damage":2,"enemies":"4 Shapes","floor":48,"turns":1},{"damage":22,"enemies":"Donu and Deca","floor":50,"turns":5},{"damage":1,"enemies":"Shield and Spear","floor":54,"turns":5},{"damage":13,"enemies":"The Heart","floor":55,"turns":8}],"seed_played":"6827097535543585426","potions_obtained":[{"floor":1,"key":"SkillPotion"},{"floor":2,"key":"Strength Potion"},{"floor":2,"key":"SkillPotion"},{"floor":3,"key":"Energy Potion"},{"floor":4,"key":"Fruit Juice"},{"floor":5,"key":"Dexterity Potion"},{"floor":6,"key":"CultistPotion"},{"floor":7,"key":"DistilledChaos"},{"floor":11,"key":"BlessingOfTheForge"},{"floor":12,"key":"Swift Potion"},{"floor":12,"key":"Explosive Potion"},{"floor":13,"key":"EssenceOfSteel"},{"floor":14,"key":"Ancient Potion"},{"floor":16,"key":"CultistPotion"},{"floor":18,"key":"DistilledChaos"}],"is_trial":false,"path_per_floor":["M","M","M","M","M","M","E","M","T","?","E","M","E","M","R","B",null,"M","$","M","M","M","E","$","M","T","$","M","R","M","M","R","B",null,"M","?","M","M","M","E","R","E","T","?","E","M","?","M","R","B",null,"R","$","E","B",null],"character_chosen":"KOISHI","items_purchased":["Toxic Egg 2","Koishi:SubterraneanRose+1","Koishi:DNAsFlaw+1","Bag of Marbles","Bag of Preparation","Sadistic Nature","Bandage Up+1","Nunchaku"],"campfire_rested":0,"item_purchase_floors":[19,19,19,24,24,27,27,53],"current_hp_per_floor":[57,57,57,62,62,62,62,62,62,62,62,62,69,69,69,72,72,72,72,71,72,70,62,62,59,59,59,72,72,72,65,65,75,75,68,68,75,75,75,75,75,75,75,75,75,75,65,67,75,78,78,78,78,78,81],"gold":766,"neow_bonus":"TWO_FIFTY_GOLD","is_daily":false,"chose_seed":false,"campfire_upgraded":2,"win_rate":0.0,"timestamp":1608990639,"path_taken":["M","M","M","M","M","M","E","M","T","?","E","M","E","M","R","BOSS","M","$","M","M","M","E","?","M","T","$","M","R","M","M","R","BOSS","M","?","?","M","M","E","R","E","T","?","E","M","?","M","R","BOSS","R","$","E","BOSS"],"items_purchased_type":["Relic","Card","Card","Relic","Relic","Card","Card","Relic"],"build_version":"2020-12-22","purchased_purges":4,"victory":true,"max_hp_per_floor":[57,57,57,62,62,62,62,62,62,62,62,62,69,69,69,72,72,72,72,72,72,72,72,72,72,72,72,72,72,72,72,72,75,75,75,75,75,75,75,75,75,75,75,75,75,75,75,75,75,78,78,78,78,78,81],"card_choices":[{"not_picked":["Koishi:GhostParty","Koishi:CatchAndRose+1"],"picked":"Koishi:BloodcurdlingScream+1","floor":1},{"not_picked":["Koishi:StrangeCloudFist+1","Koishi:HeartfeltFancy+1"],"picked":"Koishi:SpiritedAway","floor":2},{"not_picked":["Koishi:SprinkleStarAndHeart","Koishi:FreudianInstinct"],"picked":"Koishi:PredatoryInstincts+1","floor":3},{"not_picked":["Koishi:HeartfeltFancy+1","Koishi:DreadfulBlow"],"picked":"Koishi:ReleaseOfTheId","floor":4},{"not_picked":["Koishi:DreadfulBlow","Koishi:ParalyzingFear"],"picked":"Koishi:SubconsciousSweep+1","floor":5},{"not_picked":["Koishi:FormlessExistence","Koishi:CatchAndRose","Koishi:ReflexRadar"],"picked":"SKIP","floor":6},{"not_picked":["Koishi:RacingHeart","Koishi:UnconsciousUprising"],"picked":"Koishi:UnconsciousUrges","floor":7},{"not_picked":["Koishi:ReflexRadar+1","Koishi:IdleWhim+1","Koishi:MassHysteria"],"picked":"SKIP","floor":7},{"not_picked":["Koishi:StingingMind","Koishi:HeartfeltFancy+1","Koishi:SpiritedAway+1"],"picked":"SKIP","floor":8},{"not_picked":["Koishi:SpiritedAway","Koishi:PhantomBarrier","Koishi:LastRemote"],"picked":"Koishi:MentalBreakdown","floor":11},{"not_picked":["Koishi:SpiritedAway","Koishi:Possession+1","Koishi:CatchAndRose"],"picked":"Koishi:PhantomStrike","floor":11},{"not_picked":["Koishi:GeneticsOfTheUnconscious+1","Koishi:FleetingPhantom","Koishi:StingingMind"],"picked":"Koishi:FreudianInstinct","floor":12},{"not_picked":["Koishi:HeartfeltFancy+1","Koishi:CatchAndRose","Koishi:GhostParty"],"picked":"Koishi:TremblingHands+1","floor":13},{"not_picked":["Koishi:ConditionedTeleport","Koishi:RacingHeart","Koishi:ReflexRadar+1","Koishi:GeneticsOfTheUnconscious"],"picked":"SKIP","floor":13},{"not_picked":["Koishi:UnansweredLove+1","Koishi:ParalyzingFear","Koishi:SubconsciousSweep"],"picked":"Koishi:UnseenTerror","floor":14},{"not_picked":["Koishi:FadingMemory","Koishi:PerfectMindControl","Koishi:RuptureMind"],"picked":"Koishi:TerrifyingSpectre","floor":16},{"not_picked":["Koishi:SubconsciousSweep","Koishi:SpiritedAway","Koishi:Prune"],"picked":"Koishi:MindNumbingTerror","floor":18},{"not_picked":["Koishi:StingingMind","Koishi:DreadfulBlow","Koishi:Prune"],"picked":"Koishi:DanmakuParanoia+1","floor":20},{"not_picked":["Koishi:StrangeCloudFist","Koishi:ReleaseOfTheId+1","Koishi:MassHysteria+1"],"picked":"Koishi:PhantomStrike+1","floor":21},{"not_picked":["Koishi:Vanish+1","Koishi:SubconsciousSweep+1","Koishi:DanmakuParanoia+1"],"picked":"Koishi:EmbryosDream+1","floor":22},{"not_picked":["Koishi:Whimsy+1","Koishi:MindNumbingTerror+1","Koishi:MassHysteria+1"],"picked":"Koishi:RacingHeart+1","floor":23},{"not_picked":["Koishi:Bloodlust+1","Koishi:FormlessExistence","Koishi:VengefulSpirit","Koishi:FreudianInstinct"],"picked":"SKIP","floor":25},{"not_picked":["Koishi:MassHysteria+1","Koishi:ParalyzingFear+1","Koishi:LastRemote","Koishi:BloodcurdlingScream"],"picked":"SKIP","floor":28},{"not_picked":["Koishi:VengefulSpirit","Koishi:SubconsciousSweep+1","Koishi:HeartfeltFancy+1","Koishi:GeneticsOfTheUnconscious+1"],"picked":"SKIP","floor":30},{"not_picked":["Koishi:TremblingHands+1","Koishi:FreudianInstinct","Koishi:ParalyzingFear+1"],"picked":"Koishi:Jaunt+1","floor":31},{"not_picked":["Koishi:ConfinedInnocent","Koishi:HeartStoppingHorror","Koishi:MindStellarRelief+1"],"picked":"Koishi:RuptureMind","floor":33},{"not_picked":["Koishi:UnconsciousUprising+1","Koishi:SpiritedAway","Koishi:ParalyzingFear+1"],"picked":"Koishi:DreadfulBlow+1","floor":35},{"not_picked":["Koishi:DanmakuParanoia+1","Koishi:FleetingPhantom+1","Koishi:EmbersOfLove+1"],"picked":"Koishi:JumpScare+1","floor":37},{"not_picked":["Koishi:SubconsciousSweep+1","Koishi:GhostParty+1","Koishi:IdleWhim+1","Koishi:ApparitionsStalkTheNight+1"],"picked":"SKIP","floor":38},{"not_picked":["Koishi:ReflexRadar+1","Koishi:UnansweredLove+1","Koishi:JumpScare+1"],"picked":"Koishi:YoukaiPolygraph+1","floor":39},{"not_picked":["Koishi:BloodcurdlingScream+1","Koishi:SubconsciousSweep","Koishi:StingingMind"],"picked":"Koishi:UnansweredLove+1","floor":40},{"not_picked":["Koishi:JumpScare+1","Koishi:Prune+1","Koishi:BloodcurdlingScream+1"],"picked":"Koishi:DreadfulBlow+1","floor":42},{"not_picked":["Koishi:EmbryosDream+1","Koishi:HeartAttack","Koishi:ReflexRadar+1"],"picked":"Koishi:MindStellarRelief+1","floor":45},{"not_picked":["Koishi:JumpScare+1","Koishi:GeneticsOfTheUnconscious+1","Koishi:TremblingHands+1","Koishi:ReflexRadar+1"],"picked":"SKIP","floor":46},{"not_picked":["Purity+1","Trip+1","Dark Shackles+1"],"picked":"Thinking Ahead+1","floor":47},{"not_picked":["Purity+1","Secret Weapon+1","Deep Breath+1"],"picked":"Master of Strategy+1","floor":47},{"not_picked":["Koishi:RacingHeart+1","Koishi:HeartfeltFancy+1","Koishi:FourthEye+1","Koishi:EmbryosDream+1"],"picked":"SKIP","floor":48},{"not_picked":["Koishi:StingingMind+1","Koishi:GeneticsOfTheUnconscious+1","Koishi:PhantomBarrier+1","Koishi:EmbryosDream+1"],"picked":"SKIP","floor":54}],"player_experience":112442,"relics_obtained":[{"floor":1,"key":"Ancient Tea Set"},{"floor":3,"key":"Koishi:BloodstainedWhiteRose"},{"floor":7,"key":"Akabeko"},{"floor":9,"key":"Question Card"},{"floor":11,"key":"Potion Belt"},{"floor":13,"key":"Strawberry"},{"floor":16,"key":"Peace Pipe"},{"floor":22,"key":"Whetstone"},{"floor":23,"key":"Kunai"},{"floor":23,"key":"War Paint"},{"floor":26,"key":"CeramicFish"},{"floor":26,"key":"Dream Catcher"},{"floor":33,"key":"Torii"},{"floor":40,"key":"Incense Burner"},{"floor":40,"key":"Shuriken"},{"floor":42,"key":"MawBank"},{"floor":42,"key":"Koishi:AHoleWhereASisterShouldBe"},{"floor":43,"key":"Regal Pillow"},{"floor":43,"key":"Centennial Puzzle"},{"floor":45,"key":"Eternal Feather"},{"floor":45,"key":"Omamori"},{"floor":54,"key":"Anchor"},{"floor":54,"key":"Boot"}],"event_choices":[{"damage_healed":0,"gold_gain":0,"player_choice":"Gave Potion","damage_taken":0,"relics_obtained":["PreservedInsect"],"max_hp_gain":0,"max_hp_loss":0,"event_name":"WeMeetAgain","floor":10,"gold_loss":0},{"damage_healed":0,"gold_gain":100,"player_choice":"Pray","damage_taken":0,"max_hp_gain":0,"max_hp_loss":0,"event_name":"Golden Shrine","floor":36,"gold_loss":0},{"damage_healed":0,"gold_gain":0,"player_choice":"Ignored","damage_taken":0,"max_hp_gain":0,"max_hp_loss":0,"event_name":"Tomb of Lord Red Mask","floor":44,"gold_loss":0},{"damage_healed":0,"gold_gain":0,"player_choice":"Memory 3","damage_taken":10,"max_hp_gain":0,"max_hp_loss":0,"event_name":"SensoryStone","floor":47,"gold_loss":0}],"is_beta":false,"boss_relics":[{"not_picked":["SacredBark","Coffee Dripper"],"picked":"Black Star"},{"not_picked":["Koishi:ColorfulDays","Empty Cage"],"picked":"Sozu"}],"items_purged_floors":[19,24,27,53],"is_endless":false,"potions_floor_spawned":[2,3,5,6,12,18,22,31,33,38,39],"ascension_level":0}}