{"host":"7k2a2omxz3voj5ax","time":1608965587,"event":{"mods":["BaseMod","Marisa£¨ìFÓê¡¡Ä§ÀíÉ³£©","Minty Spire (QoL Compilation)","Quick Restart","Spicy Shops","StSLib","Starting Relic: Pandora\u0027s Box","óô»ðÖ¸ÄÏ"],"gold_per_floor":[110,35,35,48,48,83,83,115,115,115,115],"floor_reached":10,"playtime":346,"items_purged":["Bane"],"score":198,"play_id":"ef41dab1-a3ba-40f9-a11a-286c8d7b89bc","local_time":"20201226155307","is_ascension_mode":true,"campfire_choices":[{"data":"Footwork","floor":7,"key":"SMITH"}],"circlet_count":0,"master_deck":["AscendersBane","Survivor","Neutralize","Poisoned Stab","Acrobatics","Deflect+1","Blade Dance","PiercingWail+1","Slice","Prepared","Acrobatics","Dagger Throw","Footwork+1"],"relics":["Pandora\u0027s Box","NeowsBlessing","CaptainsWheel","Torii"],"acts_visited":["Exordium"],"potions_floor_usage":[],"damage_taken":[{"damage":0,"enemies":"Small Slimes","floor":1,"turns":1},{"damage":0,"enemies":"Jaw Worm","floor":4,"turns":1},{"damage":0,"enemies":"Lagavulin","floor":6,"turns":1},{"damage":20,"enemies":"Gremlin Nob","floor":8,"turns":5},{"damage":28,"enemies":"3 Sentries","floor":10,"turns":7}],"seed_played":"6938677195143792637","potions_obtained":[],"is_trial":false,"path_per_floor":["M","$","?","M","?","E","R","E","T","E"],"character_chosen":"THE_SILENT","items_purchased":[],"campfire_rested":0,"item_purchase_floors":[],"current_hp_per_floor":[59,59,39,39,39,39,39,19,19,0,0],"gold":115,"neow_bonus":"THREE_ENEMY_KILL","is_daily":false,"chose_seed":false,"campfire_upgraded":1,"win_rate":0.0,"timestamp":1608965587,"path_taken":["M","$","?","M","?","E","R","E","T","E"],"items_purchased_type":[],"build_version":"2020-12-22","purchased_purges":1,"victory":false,"max_hp_per_floor":[66,66,66,66,66,66,66,66,66,66,66],"card_choices":[{"not_picked":["Acrobatics","Deadly Poison","Backflip"],"picked":"SKIP","floor":1},{"not_picked":["Bane","All Out Attack"],"picked":"Footwork","floor":4},{"not_picked":["Sucker Punch","Quick Slash","Flying Knee"],"picked":"SKIP","floor":6},{"not_picked":["Blur","Wraith Form v2","Quick Slash"],"picked":"SKIP","floor":8}],"player_experience":345856,"relics_obtained":[{"floor":6,"key":"CaptainsWheel"},{"floor":8,"key":"Torii"}],"event_choices":[{"damage_healed":0,"gold_gain":0,"player_choice":"Entered Light","damage_taken":20,"max_hp_gain":0,"max_hp_loss":0,"event_name":"Shining Light","floor":3,"gold_loss":0,"cards_upgraded":["PiercingWail","Deflect"]},{"damage_healed":0,"gold_gain":0,"player_choice":"Ignored","damage_taken":0,"max_hp_gain":0,"max_hp_loss":0,"event_name":"Liars Game","floor":5,"gold_loss":0}],"is_beta":false,"boss_relics":[],"items_purged_floors":[2],"is_endless":false,"potions_floor_spawned":[],"killed_by":"3 Sentries","ascension_level":20}}