{"host":"3yynf0dn84873kbr","time":1608961450,"event":{"mods":["Act Like it!","BaseMod","CapriCore","Minty Spire (QoL Compilation)","Pale of the Ancients","StSLib","The Alterego","The Gatherer","Yakumo Yukari mod","[IsaacMod]ÒÔÈö¼âËþ"],"gold_per_floor":[117,127,139,139,139,139,152,152,152,152,178,35,35,56,56,158,158,171,171,189,209,229,258,258,277,353,371,371,68,68,97,97,201,201,215,229,279,324,336,348,390,402,491,347,357,428,284,284,284,284,294,304,304,304,304,317,317,20,20,20],"floor_reached":61,"playtime":2968,"items_purged":[],"score":1262,"play_id":"bc081a97-447d-44f7-89a3-6c25c23cee52","local_time":"20201226134410","is_ascension_mode":false,"metric_token":661,"campfire_choices":[{"data":"Gatherer:RecoveryHerb","floor":6.0,"key":"SMITH"},{"data":"Gatherer:Centralize","floor":8.0,"key":"SMITH"},{"data":"Gatherer:TreeGrowth","floor":10.0,"key":"SMITH"},{"floor":15.0,"key":"REST"},{"data":"Gatherer:StoneFence","floor":32.0,"key":"SMITH"},{"data":"Gatherer:QuickSynthesis","floor":40.0,"key":"SMITH"},{"data":"Gatherer:MindSearch","floor":42.0,"key":"SMITH"},{"data":"Gatherer:FlowerPower","floor":49.0,"key":"SMITH"},{"data":"Gatherer:FlowerPower+1","floor":55.0,"key":"SMITH"},{"data":"Gatherer:FlowerPower+2","floor":57.0,"key":"SMITH"}],"circlet_count":0,"master_deck":["Gatherer:Strike_Gatherer","Gatherer:Strike_Gatherer+1","Gatherer:Strike_Gatherer+1","Gatherer:Strike_Gatherer","Gatherer:Strike_Gatherer","Gatherer:Defend_Gatherer+1","Gatherer:Defend_Gatherer+1","Gatherer:Defend_Gatherer","Gatherer:Defend_Gatherer","Gatherer:Centralize+1","Gatherer:FlowerWhip","Gatherer:RecoveryHerb+1","Gatherer:TreeGrowth+1","Gatherer:Snatch+1","Gatherer:FlamingBottle","Gatherer:FragileHammer","Gatherer:QuickSynthesis+1","Gatherer:GlowingPlant","Gatherer:Shadow","Gatherer:Light+1","Gatherer:EnergyBasket","Gatherer:Pollute","Gatherer:FlowerShield","Gatherer:FlowerShield","Gatherer:StoneFence+1","Gatherer:FlamingBottle","CurseOfTheBell","Gatherer:Liquidism+1","Gatherer:FlowerPower+3","Gatherer:FlowerFalling+1","Gatherer:MiningStrike+1","Gatherer:MindSearch+1","Gatherer:BalancedGrowth+1","Gatherer:FlowerBeam+1","Gatherer:CarefulStrike+1","Gatherer:Shadow","Gatherer:Light","Parasite"],"relics":["Gatherer:AlchemyBag","HushsDoor","BelialBook","Calipers","Whetstone","PreservedInsect","Odd Mushroom","MagicMushroom","GuppysTail","GuppysPaw","NineLifeCat","InkBottle","BookofShadows","GuppysHead","War Paint","Calling Bell","HornCleat","Damocles","Pen Nib","Centennial Puzzle","Mummified Hand","Unceasing Top","Ancient Tea Set","MawBank","DoctorsRemote","MagicMushroom","Bag of Preparation","Boot","Letter Opener","Sling","StoneCalendar","DeadEye","Lantern","White Beast Statue","paleoftheancients:Timepiece","paleoftheancients:KeyRelic","Ice Cream","Bronze Scales","Ornamental Fan","Pear","Dead Branch","Lizard Tail","paleoftheancients:SoulOfTheHexaghost","BookOfRevelations","NineVolt"],"acts_visited":["Exordium","TheCity","TheBeyond","TheBeyond"],"potions_floor_usage":[60],"damage_taken":[{"damage":0.0,"enemies":"Small Slimes","floor":1.0,"turns":2.0},{"damage":2.0,"enemies":"2 Louse","floor":2.0,"turns":2.0},{"damage":6.0,"enemies":"Jaw Worm","floor":3.0,"turns":3.0},{"damage":12.0,"enemies":"3 Louse","floor":7.0,"turns":3.0},{"damage":23.0,"enemies":"3 Sentries","floor":11.0,"turns":8.0},{"damage":24.0,"enemies":"The Mushroom Lair","floor":14.0,"turns":5.0},{"damage":0.0,"enemies":"Slime Boss","floor":16.0,"turns":8.0},{"damage":0.0,"enemies":"Spheric Guardian","floor":18.0,"turns":1.0},{"damage":0.0,"enemies":"3 Byrds","floor":20.0,"turns":2.0},{"damage":0.0,"enemies":"3 Cultists","floor":21.0,"turns":2.0},{"damage":0.0,"enemies":"Centurion and Healer","floor":22.0,"turns":3.0},{"damage":0.0,"enemies":"Slavers","floor":23.0,"turns":2.0},{"damage":0.0,"enemies":"Shelled Parasite and Fungi","floor":25.0,"turns":2.0},{"damage":0.0,"enemies":"Snake Plant","floor":27.0,"turns":2.0},{"damage":0.0,"enemies":"Book of Stabbing","floor":31.0,"turns":2.0},{"damage":0.0,"enemies":"Champ","floor":33.0,"turns":4.0},{"damage":0.0,"enemies":"Orb Walker","floor":35.0,"turns":2.0},{"damage":0.0,"enemies":"3 Shapes","floor":36.0,"turns":2.0},{"damage":0.0,"enemies":"Mind Bloom Boss Battle","floor":37.0,"turns":3.0},{"damage":0.0,"enemies":"2 Orb Walkers","floor":38.0,"turns":3.0},{"damage":0.0,"enemies":"Reptomancer","floor":41.0,"turns":2.0},{"damage":0.0,"enemies":"Maw","floor":45.0,"turns":3.0},{"damage":0.0,"enemies":"Time Eater","floor":50.0,"turns":3.0},{"damage":0.0,"enemies":"Time Eater","floor":51.0,"turns":3.0},{"damage":0.0,"enemies":"Time Eater","floor":52.0,"turns":5.0},{"damage":0.0,"enemies":"Time Eater","floor":56.0,"turns":7.0},{"damage":0,"enemies":"Delirium","floor":60,"turns":16}],"seed_played":"8372865708329473864","potions_obtained":[{"floor":1.0,"key":"PowerPotion"},{"floor":2.0,"key":"DistilledChaos"},{"floor":7.0,"key":"ColorlessPotion"},{"floor":11.0,"key":"Fruit Juice"},{"floor":18.0,"key":"EntropicBrew"},{"floor":22.0,"key":"GamblersBrew"},{"floor":35.0,"key":"AttackPotion"},{"floor":38.0,"key":"SkillPotion"},{"floor":41.0,"key":"PowerPotion"},{"floor":56.0,"key":"Energy Potion"}],"is_trial":false,"path_per_floor":["M","M","M","?","?","R","M","R","T","R","E","$","?","?","R","B",null,"M","?","M","M","M","E","?","M","T","M","$","$","?","E","R","B",null,"M","M","?","?","?","R","E","R","T","$","M","T","$","T","R","B","M","M","?","T","R","M","R","$","?","B",null],"character_chosen":"THE_GATHERER","items_purchased":["PreservedInsect","GuppysTail","GuppysPaw","NineLifeCat","GuppysHead","Sling","Lantern","BookOfRevelations","NineVolt"],"campfire_rested":1,"item_purchase_floors":[12,17,17,17,29,44,47,58,58],"current_hp_per_floor":[72,70,64,64,64,64,53,53,53,53,38,38,23,5,28,33,1,1,1,1,1,1,1,3,3,3,3,3,3,3,3,3,3,3,3,3,3,3,1,1,1,1,1,1,1,1,1,1,1,1,1,11,11,11,11,11,2,2,2,2],"gold":20,"neow_bonus":"RANDOM_COMMON_RELIC","is_daily":false,"chose_seed":false,"campfire_upgraded":9,"win_rate":0.0,"timestamp":1608961450,"path_taken":["M","M","M","?","?","R","M","R","T","R","E","$","?","?","R","BOSS","M","?","?","M","M","E","?","M","T","M","?","$","?","E","R","BOSS","M","M","?","?","?","R","E","R","T","?","M","?","$","?","R","BOSS","M","M","?","T","R","M","R","$","?","BOSS"],"items_purchased_type":["Relic","Relic","Relic","Relic","Relic","Relic","Relic","Relic","Relic"],"build_version":"2020-12-22","purchased_purges":0,"victory":true,"max_hp_per_floor":[72,72,72,72,72,72,72,72,72,72,77,77,77,77,77,77,1,1,1,1,1,1,1,3,3,3,3,3,3,3,3,3,3,3,3,3,3,3,1,1,1,1,1,1,1,1,1,1,1,1,1,11,11,11,11,11,2,2,2,2],"card_choices":[{"not_picked":["Gatherer:CollectorsShot","Gatherer:Misfortune","Gatherer:Convert"],"picked":"SKIP","floor":1.0},{"not_picked":["Gatherer:ScrollOfWall","Gatherer:Transmute"],"picked":"Gatherer:RecoveryHerb","floor":2.0},{"not_picked":["Gatherer:WoolGloves","Gatherer:DrugPower"],"picked":"Bomb","floor":3.0},{"not_picked":["Gatherer:Overflowing","Gatherer:VenomBarrier"],"picked":"Gatherer:TreeGrowth","floor":7.0},{"not_picked":["Gatherer:Frenzy","Gatherer:GlowingPlant"],"picked":"Gatherer:Snatch","floor":11.0},{"not_picked":["Gatherer:ScrollOfPurity","Gatherer:GrowBook"],"picked":"Gatherer:FlamingBottle","floor":16.0},{"not_picked":["Gatherer:Duplicator+1","Gatherer:RottenStipe"],"picked":"Gatherer:FragileHammer","floor":18.0},{"not_picked":["Gatherer:RecoveryHerb","Gatherer:Convert"],"picked":"Gatherer:QuickSynthesis","floor":20.0},{"not_picked":["Gatherer:WoolGloves","Gatherer:Polymorphism"],"picked":"Gatherer:GlowingPlant","floor":21.0},{"not_picked":["Gatherer:Herbalism","Gatherer:SaveValuables"],"picked":"Gatherer:EnergyBasket","floor":22.0},{"not_picked":["Gatherer:Bulldoze","Gatherer:Polymorphism","Gatherer:BambuSword"],"picked":"SKIP","floor":23.0},{"not_picked":["Gatherer:AcidicSpray","Gatherer:BambuSword+1"],"picked":"Gatherer:Pollute","floor":25.0},{"not_picked":["Gatherer:AromaProtection","Gatherer:ScherryThrow"],"picked":"Gatherer:FlowerShield","floor":27.0},{"not_picked":["Gatherer:Solidify","Gatherer:Enchant"],"picked":"Gatherer:StoneFence","floor":31.0},{"not_picked":["Gatherer:Bulldoze","Gatherer:HeartToFruit"],"picked":"Gatherer:FlamingBottle","floor":33.0},{"not_picked":["Gatherer:VenomBarrier+1","Gatherer:GatherMaterial+1"],"picked":"Gatherer:Liquidism+1","floor":35.0},{"not_picked":["Gatherer:TacticalStrike+1","Gatherer:FragileHammer+1"],"picked":"Gatherer:FlowerPower","floor":36.0},{"not_picked":["Gatherer:AcidicSpray","Gatherer:Duplicator"],"picked":"Gatherer:FlowerFalling+1","floor":37.0},{"not_picked":["Gatherer:AromaProtection+1","Gatherer:Snatch"],"picked":"Gatherer:MiningStrike+1","floor":38.0},{"not_picked":["Gatherer:GlowingPlant+1","Gatherer:FinishingStrike"],"picked":"Gatherer:MindSearch","floor":41.0},{"not_picked":["Gatherer:DrugPower","Gatherer:ScherryThrow+1"],"picked":"Gatherer:BalancedGrowth+1","floor":45.0},{"not_picked":["Gatherer:BambuSword","Gatherer:WoolGloves+1"],"picked":"Gatherer:FlowerBeam+1","floor":51.0},{"not_picked":["Gatherer:GatherMaterial","Gatherer:DrugPower+1","Gatherer:CollectorsShot"],"picked":"SKIP","floor":52.0},{"not_picked":["Gatherer:AromaProtection","Gatherer:CursedBlade"],"picked":"Gatherer:CarefulStrike+1","floor":56.0}],"player_experience":116461,"relics_obtained":[{"floor":9.0,"key":"Calipers"},{"floor":11.0,"key":"Whetstone"},{"floor":14.0,"key":"Odd Mushroom"},{"floor":23.0,"key":"InkBottle"},{"floor":26.0,"key":"BookofShadows"},{"floor":31.0,"key":"War Paint"},{"floor":34.0,"key":"HornCleat"},{"floor":34.0,"key":"Damocles"},{"floor":34.0,"key":"Pen Nib"},{"floor":35.0,"key":"Centennial Puzzle"},{"floor":36.0,"key":"Mummified Hand"},{"floor":37.0,"key":"Unceasing Top"},{"floor":37.0,"key":"Ancient Tea Set"},{"floor":38.0,"key":"MawBank"},{"floor":38.0,"key":"Diplopia"},{"floor":41.0,"key":"Bag of Preparation"},{"floor":41.0,"key":"Boot"},{"floor":43.0,"key":"Letter Opener"},{"floor":45.0,"key":"StoneCalendar"},{"floor":46.0,"key":"DeadEye"},{"floor":48.0,"key":"White Beast Statue"},{"floor":51.0,"key":"Ornamental Fan"},{"floor":52.0,"key":"Pear"},{"floor":54.0,"key":"Dead Branch"},{"floor":56.0,"key":"Lizard Tail"},{"floor":56.0,"key":"paleoftheancients:SoulOfTheHexaghost"}],"event_choices":[{"damage_healed":0.0,"max_hp_gain":0.0,"max_hp_loss":0.0,"gold_gain":0.0,"event_name":"The Cleric","player_choice":"Leave","floor":4.0,"gold_loss":0.0,"damage_taken":0.0},{"damage_healed":0.0,"max_hp_gain":0.0,"max_hp_loss":0.0,"gold_gain":0.0,"event_name":"Liars Game","player_choice":"Ignored","floor":5.0,"gold_loss":0.0,"damage_taken":0.0},{"damage_healed":0.0,"max_hp_gain":0.0,"max_hp_loss":0.0,"gold_gain":0.0,"event_name":"Shining Light","player_choice":"Entered Light","floor":13.0,"gold_loss":0.0,"damage_taken":15.0,"cards_upgraded":["Gatherer:Defend_Gatherer","Gatherer:Snatch"]},{"damage_healed":0.0,"max_hp_gain":0.0,"max_hp_loss":0.0,"gold_gain":0.0,"event_name":"Mushrooms","player_choice":"Fought Mushrooms","floor":14.0,"gold_loss":0.0,"damage_taken":0.0},{"damage_healed":0.0,"max_hp_gain":5.0,"max_hp_loss":0.0,"gold_gain":0.0,"event_name":"Forgotten Altar","player_choice":"Shed Blood","floor":24.0,"gold_loss":0.0,"damage_taken":0.0},{"damage_healed":0.0,"max_hp_gain":0.0,"max_hp_loss":0.0,"gold_gain":0.0,"event_name":"The Library","player_choice":"Read","floor":30.0,"gold_loss":0.0,"damage_taken":0.0,"cards_obtained":["Gatherer:FlowerShield"]},{"damage_healed":0.0,"max_hp_gain":0.0,"max_hp_loss":0.0,"gold_gain":0.0,"event_name":"MindBloom","player_choice":"Fight","floor":37.0,"gold_loss":0.0,"damage_taken":0.0},{"damage_healed":0.0,"max_hp_gain":0.0,"max_hp_loss":0.0,"gold_gain":0.0,"event_name":"Mysterious Sphere","player_choice":"Fight","floor":38.0,"gold_loss":0.0,"damage_taken":0.0},{"cards_removed":["Gatherer:Defend_Gatherer"],"damage_healed":0.0,"max_hp_gain":0.0,"max_hp_loss":0.0,"gold_gain":0.0,"event_name":"Falling","player_choice":"Removed Skill","floor":39.0,"gold_loss":0.0,"damage_taken":0.0},{"damage_healed":0.0,"max_hp_gain":0.0,"max_hp_loss":0.0,"gold_gain":0.0,"event_name":"Gatherer:BottleCollector","player_choice":"Ignored","floor":53.0,"gold_loss":0.0,"damage_taken":0.0}],"is_beta":false,"boss_relics":[{"not_picked":["Philosopher\u0027s Stone","SlaversCollar"],"picked":"MagicMushroom"},{"not_picked":[]},{"not_picked":["Empty Cage","Black Star"],"picked":"Calling Bell"},{"not_picked":[]}],"items_purged_floors":[],"is_endless":false,"potions_floor_spawned":[1,2,7,11,18,22,23,27,31,35,38,41,52,56],"ascension_level":0}}