{"host":"uflv0e3ja7hvnij7","time":1608948967,"event":{"mods":["Aspiration","BaseMod","Better Altar","Better Match","Better Note","Better Sensory Stone","Better Skull","Better Third Choice","Hubris","Infinite Spire","Minty Spire (QoL Compilation)","Permanent Neow","Replay The Spire","Shop Mod","StSLib"],"gold_per_floor":[117,117,133,133,133,161,161,175,223,250,268,287,287,139,139,243,293,303,150,166,366,241,241,253,253,328,341,361,391,469,481,593,605,605],"floor_reached":33,"playtime":2694,"items_purged":["Injury","Strike_P","Strike_P"],"score":347,"play_id":"f6d64a22-5663-4e30-8979-489eb13f9cc6","local_time":"20201225211607","is_ascension_mode":true,"campfire_choices":[{"data":"Wallop","floor":7,"key":"SMITH"},{"floor":15,"key":"REST"},{"floor":23,"key":"REST"},{"floor":25,"key":"REST"}],"circlet_count":0,"master_deck":["Strike_P","Strike_P","Defend_P","Defend_P","Defend_P","Eruption+1","Vigilance","Halt+1","Wallop+1","ClearTheMind","EmptyBody+1","Replay:Hum+1","MentalFortress","SpiritShield+1","CutThroughFate+1","CutThroughFate+1","FlurryOfBlows+1","Vengeance","Replay:Battleflow+1","FearNoEvil+1"],"relics":["PureWater","Molten Egg 2","Akabeko","Gremlin Food","hubris:PeanutButter","Potion Belt","Tiny House","hubris:MobiusCoin","MawBank","aspiration:AnachronicSnailShell","aspiration:StickyExplosives"],"acts_visited":["Exordium","TheCity"],"potions_floor_usage":[6,10,20,24,29,33,33],"damage_taken":[{"damage":19,"enemies":"Jaw Worm","floor":1,"turns":5},{"damage":0,"enemies":"Small Slimes","floor":3,"turns":2},{"damage":23,"enemies":"Lagavulin","floor":6,"turns":8},{"damage":0,"enemies":"2 Louse","floor":8,"turns":2},{"damage":0,"enemies":"Gremlin Nob","floor":10,"turns":3},{"damage":5,"enemies":"Exordium Thugs","floor":11,"turns":5},{"damage":6,"enemies":"Lots of Slimes","floor":12,"turns":6},{"damage":2,"enemies":"Slime Boss","floor":16,"turns":10},{"damage":16,"enemies":"Spheric Guardian","floor":18,"turns":7},{"damage":18,"enemies":"3 Byrds","floor":20,"turns":7},{"damage":0,"enemies":"Snake Plant","floor":24,"turns":2},{"damage":0,"enemies":"Centurion and Healer","floor":27,"turns":3},{"damage":12,"enemies":"Snecko","floor":28,"turns":4},{"damage":6,"enemies":"Book of Stabbing","floor":29,"turns":3},{"damage":0,"enemies":"Snake Plant","floor":30,"turns":3},{"damage":12,"enemies":"Colosseum Slavers","floor":32,"turns":4},{"damage":0,"enemies":"Colosseum Nobs","floor":32,"turns":3},{"damage":61,"enemies":"Automaton","floor":33,"turns":12}],"seed_played":"-7180476764433333651","potions_obtained":[{"floor":1,"key":"Energy Potion"},{"floor":8,"key":"LifebloodPotion"},{"floor":10,"key":"BlessingOfTheForge"},{"floor":12,"key":"FearPotion"},{"floor":17,"key":"Energy Potion"},{"floor":18,"key":"Elixir"},{"floor":30,"key":"Energy Potion"},{"floor":32,"key":"AttackPotion"}],"is_trial":false,"path_per_floor":["M","?","M","?","?","E","R","M","T","E","M","M","T","$","R","B",null,"M","$","M","?","$","R","M","R","T","M","M","E","M","?","R","B"],"character_chosen":"WATCHER","items_purchased":["MentalFortress","FlurryOfBlows+1"],"campfire_rested":3,"item_purchase_floors":[14,19],"current_hp_per_floor":[53,46,46,67,67,44,44,44,44,44,39,33,33,33,54,52,77,61,61,43,43,43,66,66,77,77,77,65,59,59,67,55,0,0],"gold":605,"neow_bonus":"UPGRADE_CARD","is_daily":false,"chose_seed":false,"campfire_upgraded":1,"win_rate":0.0,"timestamp":1608948967,"path_taken":["M","?","M","?","?","E","R","M","T","E","M","M","?","$","R","BOSS","M","$","M","?","$","R","?","R","T","M","M","E","M","?","R","BOSS"],"items_purchased_type":["Card","Card"],"build_version":"2020-12-22","purchased_purges":3,"victory":false,"max_hp_per_floor":[72,72,72,72,72,72,72,72,72,72,72,72,72,72,72,72,77,77,77,77,77,77,77,77,77,77,77,77,77,77,77,77,77,77],"card_choices":[{"not_picked":["ThirdEye","BattleHymn"],"picked":"Halt","floor":1},{"not_picked":["Replay:AtTheReady","LikeWater"],"picked":"Wallop","floor":3},{"not_picked":["CrushJoints+1","Evaluate","Pray"],"picked":"SKIP","floor":6},{"not_picked":["Evaluate","Prostrate","Replay:AtTheReady"],"picked":"SKIP","floor":8},{"not_picked":["Perseverance","BowlingBash+1"],"picked":"ClearTheMind","floor":10},{"not_picked":["Prostrate","DeceiveReality"],"picked":"EmptyBody","floor":11},{"not_picked":["LikeWater","Replay:BluntJabs+1"],"picked":"Replay:Hum","floor":12},{"not_picked":["Omniscience","Ragnarok+1"],"picked":"SpiritShield","floor":16},{"not_picked":["Consecrate+1","FlyingSleeves+1"],"picked":"CutThroughFate+1","floor":17},{"not_picked":["Evaluate","Ragnarok+1"],"picked":"CutThroughFate+1","floor":18},{"not_picked":["Replay:Anticipation+1","Crescendo"],"picked":"Vengeance","floor":20},{"not_picked":["Evaluate","Replay:Anticipation","Consecrate+1"],"picked":"SKIP","floor":24},{"not_picked":["Evaluate","Replay:AtTheReady","ThirdEye+1"],"picked":"SKIP","floor":27},{"not_picked":["Replay:ManipulateFuture","Replay:AtTheReady+1","CrushJoints+1"],"picked":"SKIP","floor":28},{"not_picked":["SashWhip+1","Vengeance"],"picked":"Replay:Battleflow+1","floor":29},{"not_picked":["Replay:Anticipation","ForeignInfluence"],"picked":"FearNoEvil+1","floor":30}],"player_experience":395812,"relics_obtained":[{"floor":6,"key":"Akabeko"},{"floor":9,"key":"Gremlin Food"},{"floor":10,"key":"hubris:PeanutButter"},{"floor":13,"key":"Potion Belt"},{"floor":26,"key":"hubris:MobiusCoin"},{"floor":29,"key":"MawBank"},{"floor":32,"key":"aspiration:AnachronicSnailShell"},{"floor":32,"key":"aspiration:StickyExplosives"}],"event_choices":[{"cards_removed":["Defend_P"],"damage_healed":0,"gold_gain":0,"player_choice":"Card Removal","damage_taken":7,"max_hp_gain":0,"max_hp_loss":0,"event_name":"Golden Wing","floor":2,"gold_loss":0},{"damage_healed":0,"gold_gain":250,"player_choice":"Bet on Owner","damage_taken":0,"max_hp_gain":0,"max_hp_loss":0,"event_name":"The Joust","floor":21,"gold_loss":50},{"damage_healed":0,"gold_gain":0,"player_choice":"Fight","damage_taken":0,"max_hp_gain":0,"max_hp_loss":0,"event_name":"Colosseum","floor":32,"gold_loss":0},{"damage_healed":0,"gold_gain":0,"player_choice":"Fought Nobs","damage_taken":0,"max_hp_gain":0,"max_hp_loss":0,"event_name":"Colosseum","floor":32,"gold_loss":0}],"is_beta":false,"boss_relics":[{"not_picked":["Snecko Eye","aspiration:RunicSpoon"],"picked":"Tiny House"}],"items_purged_floors":[14,19,22],"is_endless":false,"potions_floor_spawned":[1,8,10,12,18,30,32,32],"killed_by":"Automaton","ascension_level":3}}