{"host":"Kdaddybrian","time":1608953783,"event":{"mods":["AchievementEnabler","BaseMod","Bestiary","Colored Powertips","Minty Spire (QoL Compilation)","Potion Indicator Mod","Quick Restart","Rare Cards Sparkle","Relic Stats","StSLib","Uncapped"],"gold_per_floor":[116,136,136,152,42,42,42,77,77,90,90,122,141,155,155,155,155],"floor_reached":16,"playtime":752,"items_purged":["Strike_G"],"score":196,"play_id":"144b876b-d19e-4c0c-bf7d-a27cf69cb55d","local_time":"20201225223623","is_ascension_mode":true,"campfire_choices":[{"data":"Bouncing Flask","floor":7,"key":"SMITH"},{"floor":15,"key":"REST"}],"circlet_count":0,"master_deck":["AscendersBane","Strike_G","Strike_G","Strike_G","Strike_G","Defend_G","Defend_G","Defend_G","Defend_G","Defend_G","Survivor","Neutralize","Tools of the Trade","Predator","Bouncing Flask+1","Poisoned Stab","Crippling Poison","Deadly Poison","Footwork","Adrenaline","Footwork","Cloak And Dagger"],"relics":["Ring of the Snake","Ninja Scroll","Centennial Puzzle","White Beast Statue","InkBottle"],"acts_visited":["Exordium"],"potions_floor_usage":[12,16],"damage_taken":[{"damage":2,"enemies":"Cultist","floor":1,"turns":5},{"damage":4,"enemies":"Small Slimes","floor":2,"turns":4},{"damage":0,"enemies":"2 Louse","floor":4,"turns":3},{"damage":28,"enemies":"Lagavulin","floor":8,"turns":8},{"damage":1,"enemies":"2 Fungi Beasts","floor":10,"turns":4},{"damage":20,"enemies":"Gremlin Nob","floor":12,"turns":4},{"damage":2,"enemies":"Exordium Thugs","floor":13,"turns":4},{"damage":1,"enemies":"Blue Slaver","floor":14,"turns":3},{"damage":50,"enemies":"Slime Boss","floor":16,"turns":10}],"seed_played":"3410759246699583981","potions_obtained":[{"floor":2,"key":"Swift Potion"},{"floor":8,"key":"GamblersBrew"},{"floor":10,"key":"Regen Potion"},{"floor":12,"key":"Ancient Potion"},{"floor":13,"key":"Block Potion"}],"is_trial":false,"path_per_floor":["M","M","?","M","$","?","R","E","T","M","?","E","M","M","R","B"],"character_chosen":"THE_SILENT","items_purchased":["Crippling Poison"],"campfire_rested":1,"item_purchase_floors":[5],"current_hp_per_floor":[57,53,58,58,58,58,58,30,30,29,29,23,21,20,41,0,0],"gold":155,"neow_bonus":"ONE_RANDOM_RARE_CARD","is_daily":false,"chose_seed":false,"campfire_upgraded":1,"win_rate":0.0,"timestamp":1608953783,"path_taken":["M","M","?","M","$","?","R","E","T","?","?","E","M","M","R","BOSS"],"items_purchased_type":["Card"],"build_version":"2020-12-18","purchased_purges":1,"victory":false,"max_hp_per_floor":[66,66,71,71,71,71,71,71,71,71,71,71,71,71,71,71,71],"relic_stats":{"Centennial Puzzle":[15],"counters":[9,45],"obtain_stats":[{"Centennial Puzzle":8,"Ninja Scroll":6,"White Beast Statue":9,"InkBottle":12,"Ring of the Snake":0},{"Centennial Puzzle":4,"Ninja Scroll":3,"White Beast Statue":4,"InkBottle":6,"Ring of the Snake":0},{"Centennial Puzzle":20,"Ninja Scroll":12,"White Beast Statue":20,"InkBottle":28,"Ring of the Snake":0}],"InkBottle":[6],"Ring of the Snake":[18]},"card_choices":[{"not_picked":["Dagger Throw","Poisoned Stab"],"picked":"Predator","floor":1},{"not_picked":["Acrobatics","Heel Hook"],"picked":"Bouncing Flask","floor":2},{"not_picked":["Blade Dance","Infinite Blades"],"picked":"Poisoned Stab","floor":4},{"not_picked":["Sucker Punch","Reflex"],"picked":"Deadly Poison","floor":8},{"not_picked":["Slice","Skewer"],"picked":"Footwork","floor":10},{"not_picked":["Terror","Sucker Punch"],"picked":"Adrenaline","floor":12},{"not_picked":["Outmaneuver","Cloak And Dagger"],"picked":"Footwork","floor":13},{"not_picked":["Prepared","Reflex"],"picked":"Cloak And Dagger","floor":14}],"player_experience":2914580,"relics_obtained":[{"floor":8,"key":"Centennial Puzzle"},{"floor":9,"key":"White Beast Statue"},{"floor":12,"key":"InkBottle"}],"event_choices":[{"damage_healed":0,"gold_gain":0,"player_choice":"Donut","damage_taken":0,"max_hp_gain":5,"max_hp_loss":0,"event_name":"Big Fish","floor":3,"gold_loss":0},{"damage_healed":0,"gold_gain":0,"player_choice":"Gave Potion","damage_taken":0,"relics_obtained":["Ninja Scroll"],"max_hp_gain":0,"max_hp_loss":0,"event_name":"WeMeetAgain","floor":6,"gold_loss":0},{"damage_healed":0,"gold_gain":0,"player_choice":"Ignored","damage_taken":0,"max_hp_gain":0,"max_hp_loss":0,"event_name":"Shining Light","floor":11,"gold_loss":0}],"is_beta":true,"boss_relics":[],"items_purged_floors":[5],"is_endless":false,"potions_floor_spawned":[2,8,10,12,13,14],"killed_by":"Slime Boss","ascension_level":15}}