{"host":"cjhtzh7tp54jdfyv","time":1608946417,"event":{"mods":["AchievementEnabler","BaseMod","Colored Map","Colored Powertips","Curses Come First","DeckTracker","Filter the Spire","Minty Spire (QoL Compilation)","RNG Fix","Relic Sorter","Relic Stats","StSLib","The Cursed","The Marked","UnlockEverythingMod","Waifu the Spire","ojb\u0027s Better Paths Mod","ojb\u0027s Info Mod"],"gold_per_floor":[99,99,44,44,44,44,44,44,44,44,44,44,44,4,4,4,4,4,4,0,0,0,0,0,0,0,0,0,0,0,0,0,0,0],"floor_reached":33,"playtime":2816,"items_purged":[],"score":606,"play_id":"9affa63c-6d40-41e9-b004-110975de9673","local_time":"20201225203337","is_ascension_mode":true,"campfire_choices":[{"floor":7,"key":"REST"},{"data":"theMarked:TakeOffHeels","floor":13,"key":"SMITH"},{"data":"theMarked:ReduceFriction","floor":15,"key":"SMITH"},{"floor":24,"key":"REST"},{"floor":27,"key":"REST"},{"data":"theMarked:Indomitable","floor":29,"key":"SMITH"},{"data":"theMarked:MuscleMemory","floor":32,"key":"SMITH"}],"circlet_count":0,"master_deck":["AscendersBane","theMarked:Strike","theMarked:Strike","theMarked:Strike","theMarked:Strike","theMarked:Strike","theMarked:Defend","theMarked:Defend","theMarked:Defend","theMarked:Defend","theMarked:SoldierOfQuellstein","theMarked:WastefulAttack","theMarked:ElectricStrings","theMarked:ChainLightning","theMarked:ParalyzingBlade","theMarked:TakeOffHeels+1","theMarked:ReduceFriction+1","theMarked:WastefulAttack","theMarked:ParalyzingBlade","theMarked:MuscleMemory+1","theMarked:EnhancedHearing","Ghostly","Ghostly","Ghostly","theMarked:HeightenedSenses","theMarked:TwofoldDefense","theMarked:RepellingDischarge","theMarked:Indomitable+1","theMarked:WardOff+1","theMarked:Panic"],"relics":["Ectoplasm","Calipers","Strawberry","Centennial Puzzle","Ginger","Omamori","Potion Belt","Black Star","Anchor","InkBottle","Pen Nib","Lantern","Orichalcum","Red Mask"],"acts_visited":["Exordium","TheCity"],"potions_floor_usage":[10,18,23,28,28,28,28,28,28,30,31,33],"damage_taken":[{"damage":2,"enemies":"Cultist","floor":1,"turns":4},{"damage":1,"enemies":"Small Slimes","floor":2,"turns":3},{"damage":0,"enemies":"2 Louse","floor":4,"turns":2},{"damage":27,"enemies":"3 Sentries","floor":6,"turns":6},{"damage":10,"enemies":"Lagavulin","floor":8,"turns":6},{"damage":6,"enemies":"3 Sentries","floor":10,"turns":6},{"damage":0,"enemies":"Gremlin Gang","floor":12,"turns":2},{"damage":0,"enemies":"Looter","floor":14,"turns":3},{"damage":19,"enemies":"The Guardian","floor":16,"turns":12},{"damage":6,"enemies":"3 Byrds","floor":18,"turns":6},{"damage":1,"enemies":"2 Thieves","floor":20,"turns":5},{"damage":15,"enemies":"Gremlin Leader","floor":23,"turns":7},{"damage":11,"enemies":"Snake Plant","floor":25,"turns":5},{"damage":3,"enemies":"Slavers","floor":28,"turns":6},{"damage":0,"enemies":"Cultist and Chosen","floor":30,"turns":7},{"damage":2,"enemies":"Masked Bandits","floor":31,"turns":3},{"damage":13,"enemies":"Champ","floor":33,"turns":12}],"seed_played":"-4388249717086122446","potions_obtained":[{"floor":6,"key":"EntropicBrew"},{"floor":8,"key":"EssenceOfSteel"},{"floor":10,"key":"FairyPotion"},{"floor":12,"key":"Block Potion"},{"floor":16,"key":"Weak Potion"},{"floor":20,"key":"Strength Potion"},{"floor":25,"key":"DistilledChaos"},{"floor":30,"key":"theMarked:ChargePotion"},{"floor":31,"key":"SteroidPotion"}],"is_trial":false,"path_per_floor":["M","M","$","M","?","E","R","E","T","E","?","M","R","M","R","B",null,"M","?","M","?","?","E","R","M","T","R","E","R","M","?","R","B"],"character_chosen":"THE_DEFAULT","items_purchased":["theMarked:ChainLightning"],"campfire_rested":3,"item_purchase_floors":[3],"current_hp_per_floor":[57,56,56,56,45,25,46,36,36,30,30,30,30,30,30,11,58,52,36,35,35,23,8,18,7,7,17,14,14,14,12,12,0,0],"gold":0,"neow_bonus":"BOSS_RELIC","is_daily":false,"chose_seed":false,"campfire_upgraded":4,"win_rate":0.0,"timestamp":1608946417,"path_taken":["M","M","?","M","?","E","R","E","T","E","?","M","R","?","R","BOSS","M","?","M","?","?","E","R","M","T","R","E","R","M","?","R","BOSS"],"items_purchased_type":["Card"],"build_version":"2020-12-22","purchased_purges":0,"victory":false,"max_hp_per_floor":[66,66,66,66,66,73,73,73,73,73,73,73,73,73,73,73,73,73,36,36,36,36,36,36,36,36,36,36,36,36,36,36,36,36],"relic_stats":{"Centennial Puzzle":[24],"counters":[17,95],"Ectoplasm":475,"Pen Nib":[4],"Black Star":2,"Ginger":[36],"Orichalcum":[54],"obtain_stats":[{"Potion Belt":11,"Lantern":28,"Calipers":5,"Pen Nib":26,"Omamori":10,"Ginger":9,"Orichalcum":28,"theMarked:ArtifactOfAir":0,"Centennial Puzzle":8,"Anchor":23,"Strawberry":6,"Ectoplasm":0,"Black Star":17,"Red Mask":31,"InkBottle":23},{"Potion Belt":6,"Lantern":14,"Calipers":3,"Pen Nib":13,"Omamori":6,"Ginger":5,"Orichalcum":14,"theMarked:ArtifactOfAir":0,"Centennial Puzzle":5,"Anchor":12,"Strawberry":4,"Ectoplasm":0,"Black Star":9,"Red Mask":16,"InkBottle":12},{"Potion Belt":27,"Lantern":73,"Calipers":9,"Pen Nib":67,"Omamori":27,"Ginger":21,"Orichalcum":73,"theMarked:ArtifactOfAir":0,"Centennial Puzzle":21,"Anchor":62,"Strawberry":15,"Ectoplasm":0,"Black Star":44,"Red Mask":83,"InkBottle":62}],"InkBottle":[12]},"card_choices":[{"not_picked":["theMarked:BanishingWave","theMarked:TwofoldDefense"],"picked":"theMarked:WastefulAttack","floor":1},{"not_picked":["theMarked:WastefulAttack","theMarked:Polarize"],"picked":"theMarked:ElectricStrings","floor":2},{"not_picked":["theMarked:PowerFlow","theMarked:Panic"],"picked":"theMarked:ParalyzingBlade","floor":4},{"not_picked":["theMarked:MysticalArsenal","theMarked:Aftermath","theMarked:RepellingDischarge"],"picked":"SKIP","floor":6},{"not_picked":["theMarked:Parkour","theMarked:WastefulAttack"],"picked":"theMarked:TakeOffHeels","floor":8},{"not_picked":["theMarked:Reabsorb","theMarked:EnhanceMovement"],"picked":"theMarked:ReduceFriction","floor":10},{"not_picked":["theMarked:Frustration","theMarked:RepellingDischarge"],"picked":"theMarked:WastefulAttack","floor":12},{"not_picked":["theMarked:SelfDefenseTraining","theMarked:Static"],"picked":"theMarked:ParalyzingBlade","floor":14},{"not_picked":["theMarked:TakeOffHeels","theMarked:SoldierForm"],"picked":"theMarked:MuscleMemory","floor":16},{"not_picked":["theMarked:WastefulAttack","theMarked:SelfDefenseTraining"],"picked":"theMarked:EnhancedHearing","floor":18},{"not_picked":["theMarked:Overcharge","theMarked:EnhanceMovement"],"picked":"theMarked:HeightenedSenses","floor":20},{"not_picked":["theMarked:EmpowerWeapon","theMarked:Aftermath","theMarked:LightningStrikesTwice"],"picked":"SKIP","floor":23},{"not_picked":["theMarked:EmpowerWeapon+1","theMarked:SwordAndMagic+1"],"picked":"theMarked:RepellingDischarge","floor":25},{"not_picked":["theMarked:EnhanceMovement","theMarked:MagicAdept"],"picked":"theMarked:Indomitable","floor":28},{"not_picked":["theMarked:HeightenedSenses","theMarked:ChannelForce"],"picked":"theMarked:WardOff+1","floor":30},{"not_picked":["theMarked:KeepCalmAndFightOn","theMarked:ResourceFulStrike"],"picked":"theMarked:Panic","floor":31}],"player_experience":4428708,"relics_obtained":[{"floor":6,"key":"Strawberry"},{"floor":8,"key":"Centennial Puzzle"},{"floor":9,"key":"Ginger"},{"floor":10,"key":"Omamori"},{"floor":23,"key":"Anchor"},{"floor":23,"key":"InkBottle"},{"floor":26,"key":"Pen Nib"},{"floor":28,"key":"Lantern"},{"floor":28,"key":"Orichalcum"},{"floor":31,"key":"Red Mask"}],"event_choices":[{"damage_healed":0,"gold_gain":0,"player_choice":"Success","damage_taken":11,"relics_obtained":["Calipers"],"max_hp_gain":0,"max_hp_loss":0,"event_name":"Scrap Ooze","floor":5,"gold_loss":0},{"damage_healed":0,"gold_gain":0,"player_choice":"Gave Potion","damage_taken":0,"relics_obtained":["Potion Belt"],"max_hp_gain":0,"max_hp_loss":0,"event_name":"WeMeetAgain","floor":11,"gold_loss":0},{"damage_healed":0,"gold_gain":0,"player_choice":"Became a Ghost","damage_taken":0,"max_hp_gain":0,"max_hp_loss":37,"event_name":"Ghosts","floor":19,"gold_loss":0,"cards_obtained":["Ghostly","Ghostly","Ghostly"]},{"damage_healed":0,"gold_gain":0,"player_choice":"Read","damage_taken":0,"max_hp_gain":0,"max_hp_loss":0,"event_name":"The Library","floor":21,"gold_loss":0,"cards_obtained":["theMarked:TwofoldDefense"]},{"damage_healed":0,"gold_gain":0,"player_choice":"POTION ","damage_taken":12,"max_hp_gain":0,"max_hp_loss":0,"event_name":"Knowing Skull","floor":22,"potions_obtained":["Block Potion"],"gold_loss":0,"cards_obtained":[]},{"damage_healed":0,"gold_gain":0,"player_choice":"Fought Bandits","damage_taken":0,"max_hp_gain":0,"max_hp_loss":0,"event_name":"Masked Bandits","floor":31,"gold_loss":0}],"is_beta":false,"boss_relics":[{"not_picked":["Fusion Hammer","Empty Cage"],"picked":"Black Star"}],"items_purged_floors":[],"is_endless":false,"potions_floor_spawned":[6,8,10,12,16,20,25,30,31],"killed_by":"Champ","ascension_level":20}}