{"host":"6to8m083wj0ro91z","time":1608983190,"event":{"mods":["BaseMod","Better Third Choice","BetterRewards","CatGirl Mod","ChefMod","Friendly Minions","Hubris","Mad Scientist","Marisa????????","Minty Spire (QoL Compilation)","Shade Mod","Spicy Shops","StSLib","The Blackbeard","The Death Knight","The Dragon Tamer","The Gatherer","The Marked","The Mystic","The Necromancer","The Servant 0.9.4"],"gold_per_floor":[115,2,2,13,88,119,119,135,135,85,116,16,48,62,62,164,164,164],"floor_reached":17,"playtime":662,"items_purged":["theMarked:Strike","theMarked:Strike","theMarked:Strike","theMarked:Strike","theMarked:Defend"],"score":339,"play_id":"7c899663-1ae2-4a33-b2ff-3fe5439e4733","local_time":"20201226124630","is_ascension_mode":true,"campfire_choices":[{"data":"theMarked:MagicAdept","floor":7,"key":"SMITH"},{"data":"theMarked:SoldierOfQuellstein","floor":15,"key":"SMITH"}],"circlet_count":0,"master_deck":["theMarked:Defend","theMarked:Defend","theMarked:Defend","theMarked:SoldierOfQuellstein+1","theMarked:MagicAdept+1","theMarked:Parkour+1","theMarked:SuspiciousRaven+1","theMarked:SuspiciousRaven+1","theMarked:SwordAndMagic+1","theMarked:Electrocute+1","theMarked:Panic+1","theMarked:ElectricStrings+1"],"relics":["theMarked:ArtifactOfAir","Oddly Smooth Stone","hubris:EmptyBottle","Membership Card","Lee\u0027s Waffle","DeathKnight:SindragosasSkull","Question Card","Toxic Egg 2","ClockworkSouvenir","Molten Egg 2","hubris:ToyBattleship","Nunchaku","Torii","hubris:OldNail","StoneCalendar","Black Star"],"acts_visited":["Exordium","TheCity"],"potions_floor_usage":[],"damage_taken":[{"damage":0,"enemies":"Small Slimes","floor":1,"turns":4},{"damage":0,"enemies":"2 Louse","floor":4,"turns":3},{"damage":6,"enemies":"Lagavulin","floor":6,"turns":5},{"damage":0,"enemies":"Jaw Worm","floor":8,"turns":3},{"damage":0,"enemies":"Gremlin Nob","floor":11,"turns":3},{"damage":0,"enemies":"Lagavulin","floor":13,"turns":4},{"damage":0,"enemies":"3 Louse","floor":14,"turns":2},{"damage":10,"enemies":"The Guardian","floor":16,"turns":7}],"seed_played":"6225775736746793811","potions_obtained":[{"floor":11,"key":"FearPotion"},{"floor":14,"key":"Regen Potion"}],"is_trial":false,"path_per_floor":["M","$","?","M","?","E","R","M","T","?","E","$","E","M","R","B",null],"character_chosen":"THE_DEFAULT","items_purchased":["Oddly Smooth Stone","hubris:EmptyBottle","Membership Card","Lee\u0027s Waffle","DeathKnight:SindragosasSkull","Question Card","Toxic Egg 2","ClockworkSouvenir","Molten Egg 2","theMarked:MagicAdept","theMarked:Parkour+1","theMarked:Electrocute+1","hubris:OldNail"],"campfire_rested":0,"item_purchase_floors":[0,0,0,0,0,0,0,0,0,0,2,12,12],"current_hp_per_floor":[77,77,70,70,59,53,53,53,53,53,53,53,53,53,53,43,77,77],"gold":164,"neow_bonus":"","is_daily":false,"chose_seed":false,"campfire_upgraded":2,"win_rate":0.0,"timestamp":1608983190,"path_taken":["M","$","?","M","?","E","R","M","T","?","E","$","E","?","R","BOSS"],"items_purchased_type":["Relic","Relic","Relic","Relic","Relic","Relic","Relic","Relic","Relic","Card","Card","Card","Relic"],"build_version":"2020-12-22","purchased_purges":5,"victory":false,"max_hp_per_floor":[77,77,77,77,77,77,77,77,77,77,77,77,77,77,77,77,77,77],"card_choices":[{"not_picked":["theMarked:Generate+1","theMarked:DeterminationOfTheMarked","theMarked:WardOff+1","theMarked:HeightenedSenses+1"],"picked":"SKIP","floor":1},{"not_picked":["theMarked:BanishingStrike+1","theMarked:Static+1","theMarked:RepellingDischarge+1"],"picked":"theMarked:SuspiciousRaven+1","floor":4},{"not_picked":["theMarked:UnarmedFury+1","theMarked:GodGivenPower","theMarked:Aftermath+1"],"picked":"theMarked:SuspiciousRaven+1","floor":6},{"not_picked":["theMarked:ReduceFriction+1","theMarked:Electrify+1","theMarked:GodGivenPower","theMarked:HeightenedSenses+1"],"picked":"SKIP","floor":8},{"not_picked":["theMarked:ResourceFulStrike+1","theMarked:Parkour+1","theMarked:Indomitable+1"],"picked":"theMarked:SwordAndMagic+1","floor":11},{"not_picked":["theMarked:Static+1","theMarked:BanishingStrike+1","theMarked:Seal+1"],"picked":"theMarked:Panic+1","floor":13},{"not_picked":["theMarked:WardOff+1","theMarked:Convert+1","theMarked:Improvise+1"],"picked":"theMarked:ElectricStrings+1","floor":14}],"player_experience":1041072,"relics_obtained":[{"floor":6,"key":"Nunchaku"},{"floor":11,"key":"Torii"},{"floor":13,"key":"StoneCalendar"}],"event_choices":[{"damage_healed":0,"gold_gain":0,"player_choice":"Relic ","damage_taken":7,"max_hp_gain":0,"max_hp_loss":0,"event_name":"betterThird:BetterScrap","floor":3,"gold_loss":0,"cards_obtained":["Reckless Charge"]},{"damage_healed":0,"gold_gain":75,"player_choice":"Gold","damage_taken":11,"max_hp_gain":0,"max_hp_loss":0,"event_name":"betterThird:BetterGoop","floor":5,"gold_loss":0},{"cards_removed":["theMarked:Strike"],"damage_healed":0,"gold_gain":0,"player_choice":"Card Removal","damage_taken":0,"max_hp_gain":0,"max_hp_loss":0,"event_name":"The Cleric","floor":10,"gold_loss":50}],"is_beta":false,"boss_relics":[{"not_picked":["theMarked:Eyepatch","Velvet Choker"],"picked":"Black Star"}],"items_purged_floors":[0,0,0,0,2],"is_endless":false,"potions_floor_spawned":[11,14],"ascension_level":1}}