{"host":"w0w6jcqjdtkzk2bw","time":1608965968,"event":{"mods":["2.2 Compatiblity","AchievementEnabler","BaseMod","BetterRewards","Colored Map","Colored Powertips","DeckTracker","Downfall","Energized Spire","Friendly Minions","Highlight Path","Hubris","Infinite Spire","Marisa????????","Minty Spire (QoL Compilation)","Permanent Neow","Quick Restart","Shade Mod","StSLib","Synergy Search","Td1madao Mod","The Administrix","The Druid","The Gatherer","The Runesmith","The Spell Scribe","TheFirefly"],"gold_per_floor":[119,129,147,159,90,90,90,90],"floor_reached":7,"playtime":405,"items_purged":[],"score":49,"play_id":"3d827247-fa4b-4864-8ebf-5a42979e7076","local_time":"20201226015928","is_ascension_mode":true,"campfire_choices":[{"floor":6,"key":"REST"}],"circlet_count":0,"master_deck":["expansioncontent:TimeRipple","Runesmith:Strike_RS","Runesmith:Strike_RS","Runesmith:Strike_RS","Runesmith:Strike_RS","Runesmith:Defend_RS","Runesmith:Defend_RS","Runesmith:Defend_RS","Runesmith:Defend_RS","Runesmith:CraftFirestone","Runesmith:Fortify","Injury","Runesmith:CreatorForm","Runesmith:CraftMagma","Runesmith:CraftObretio","Runesmith:HeatedChisel","Runesmith:CraftMagma","Runesmith:LithiumIon"],"relics":["Runesmith:BrokenRuby"],"acts_visited":["Exordium"],"potions_floor_usage":[],"damage_taken":[{"damage":11.0,"enemies":"Cultist","floor":1.0,"turns":4.0},{"damage":0.0,"enemies":"2 Louse","floor":2.0,"turns":2.0},{"damage":7.0,"enemies":"Jaw Worm","floor":3.0,"turns":3.0},{"damage":33.0,"enemies":"Large Slime","floor":4.0,"turns":6.0},{"damage":64,"enemies":"Gremlin Nob","floor":7,"turns":4}],"seed_played":"5690969202676104261","potions_obtained":[{"floor":1.0,"key":"SkillPotion"}],"is_trial":false,"path_per_floor":["M","M","M","M","$","R","E"],"character_chosen":"RUNESMITH_CLASS","items_purchased":["Runesmith:LithiumIon"],"campfire_rested":1,"item_purchase_floors":[5],"current_hp_per_floor":[59,59,52,19,19,40,0,0],"gold":90,"neow_bonus":"THREE_RARE_CARDS","is_daily":false,"chose_seed":false,"campfire_upgraded":0,"win_rate":0.0,"timestamp":1608965968,"path_taken":["M","M","M","M","$","R","E"],"items_purchased_type":["Card"],"build_version":"2020-12-22","purchased_purges":0,"victory":false,"max_hp_per_floor":[70,70,70,70,70,70,70,70],"card_choices":[{"not_picked":["Runesmith:UnlimitedPower","Runesmith:Duplicate"],"picked":"Runesmith:CreatorForm","floor":0.0},{"not_picked":["Runesmith:BackupBattery","Runesmith:CraftSpiculum"],"picked":"Runesmith:CraftMagma","floor":1.0},{"not_picked":["Runesmith:Repurpose","Runesmith:CraftSpiculum"],"picked":"Runesmith:CraftObretio","floor":2.0},{"not_picked":["Runesmith:Prism","Runesmith:CraftProtectio"],"picked":"Runesmith:HeatedChisel","floor":3.0},{"not_picked":["Runesmith:ChiselStab","Runesmith:ChaoticBlast"],"picked":"Runesmith:CraftMagma","floor":4.0}],"player_experience":413900,"relics_obtained":[],"event_choices":[],"is_beta":false,"boss_relics":[],"items_purged_floors":[],"is_endless":false,"potions_floor_spawned":[1],"killed_by":"Gremlin Nob","ascension_level":3}}