{"host":"3rixevx6n8b56xaj","time":1608944873,"event":{"mods":["2.2 Compatiblity","AchievementEnabler","Arknights The Spire","BaseMod","Colored Map","DeckTracker","Friendly Minions","Minty Spire (QoL Compilation)","StSLib","SuperFastMode"],"gold_per_floor":[111,128,144,163,176,176,204,224,270,445,520,520,540,238,238,342,342,362,380,380,380,125,153,164,174,174,174,274,274,13,30,30,126,126,141,193,203,203,214,246,246,266,266,282,308,308,233,260,260,260,260,260,47,81,81],"floor_reached":56,"playtime":2282,"items_purged":["Strike_P","Defend_P","Strike_P","Strike_P+1","LessonLearned+1"],"score":1534,"play_id":"7207e07b-bbc5-4421-b25a-0d770e483973","local_time":"20201226100753","is_ascension_mode":false,"campfire_choices":[{"data":"Eruption","floor":6,"key":"SMITH"},{"data":"CrushJoints","floor":12,"key":"SMITH"},{"data":"Adaptation","floor":15,"key":"SMITH"},{"floor":29,"key":"REST"},{"data":"WheelKick","floor":32,"key":"SMITH"},{"floor":46,"key":"RECALL"},{"data":"Tantrum","floor":49,"key":"SMITH"},{"floor":52,"key":"REST"}],"circlet_count":0,"master_deck":["Strike_P+1","Defend_P+1","Defend_P+1","Defend_P+1","Eruption+1","Vigilance+1","Consecrate+1","FollowUp+1","CrushJoints+1","FlurryOfBlows+1","BowlingBash+1","EmptyBody+1","Evaluate+1","Adaptation+1","Judgement+1","EmptyFist+1","WheelKick+1","Vault+1","Adaptation+1","Scrawl+1","Prostrate+1","Tantrum+1","MentalFortress+1","Collect+1","MentalFortress+1"],"relics":["PureWater","Omamori","ats:Originium","Lantern","Akabeko","Membership Card","Nunchaku","VioletLotus","Enchiridion","OrangePellets","InkBottle","ats:Originium","CaptainsWheel","Turnip","Frozen Egg 2","Vajra","Mummified Hand","Calling Bell","Boot","White Beast Statue","Prayer Wheel","CloakClasp","Blue Candle","ats:Originium","Kunai","War Paint","ats:Originium","Bronze Scales","StrikeDummy","DollysMirror","Bag of Preparation"],"acts_visited":["Exordium","TheCity","TheBeyond","TheEnding"],"potions_floor_usage":[23,25,28,36,36,39,40,41,53,55,55,55],"damage_taken":[{"damage":2,"enemies":"Cultist","floor":1,"turns":3},{"damage":1,"enemies":"Jaw Worm","floor":2,"turns":2},{"damage":2,"enemies":"2 Louse","floor":3,"turns":2},{"damage":8,"enemies":"2 Fungi Beasts","floor":4,"turns":3},{"damage":7,"enemies":"Looter","floor":5,"turns":3},{"damage":14,"enemies":"3 Sentries","floor":7,"turns":4},{"damage":1,"enemies":"Exordium Thugs","floor":8,"turns":3},{"damage":0,"enemies":"3 Louse","floor":13,"turns":2},{"damage":0,"enemies":"Slime Boss","floor":16,"turns":4},{"damage":2,"enemies":"Shell Parasite","floor":18,"turns":3},{"damage":0,"enemies":"2 Thieves","floor":19,"turns":3},{"damage":7,"enemies":"Slavers","floor":23,"turns":4},{"damage":6,"enemies":"Centurion and Healer","floor":24,"turns":5},{"damage":15,"enemies":"Snecko","floor":25,"turns":3},{"damage":8,"enemies":"Colosseum Slavers","floor":28,"turns":3},{"damage":0,"enemies":"Colosseum Nobs","floor":28,"turns":2},{"damage":0,"enemies":"Sentry and Sphere","floor":31,"turns":3},{"damage":0,"enemies":"Collector","floor":33,"turns":2},{"damage":1,"enemies":"3 Shapes","floor":35,"turns":5},{"damage":14,"enemies":"2 Orb Walkers","floor":36,"turns":3},{"damage":0,"enemies":"3 Darklings","floor":37,"turns":4},{"damage":15,"enemies":"Writhing Mass","floor":39,"turns":7},{"damage":0,"enemies":"Reptomancer","floor":40,"turns":2},{"damage":0,"enemies":"4 Shapes","floor":42,"turns":3},{"damage":0,"enemies":"3 Darklings","floor":44,"turns":2},{"damage":0,"enemies":"Nemesis","floor":45,"turns":4},{"damage":0,"enemies":"Reptomancer","floor":48,"turns":3},{"damage":13,"enemies":"Awakened One","floor":50,"turns":11},{"damage":53,"enemies":"Shield and Spear","floor":54,"turns":8},{"damage":2,"enemies":"The Heart","floor":55,"turns":6}],"seed_played":"8508993694551472273","potions_obtained":[{"floor":1,"key":"PowerPotion"},{"floor":5,"key":"StancePotion"},{"floor":7,"key":"EssenceOfSteel"},{"floor":24,"key":"Weak Potion"},{"floor":28,"key":"Ancient Potion"},{"floor":35,"key":"PowerPotion"},{"floor":36,"key":"PowerPotion"},{"floor":37,"key":"Block Potion"},{"floor":39,"key":"PowerPotion"},{"floor":41,"key":"Fruit Juice"},{"floor":41,"key":"Ancient Potion"},{"floor":54,"key":"CultistPotion"}],"is_trial":false,"path_per_floor":["M","M","M","M","M","R","E","M","T","?","?","R","M","$","R","B",null,"M","M","?","?","$","E","M","M","T","?","?","R","$","M","R","B",null,"M","?","M","T","M","E","?","M","T","M","E","R","$","E","R","B",null,"R","$","E","B",null],"character_chosen":"WATCHER","items_purchased":["Membership Card","Nunchaku","Adaptation","OrangePellets","InkBottle","Vajra","Mummified Hand","Fruit Juice","DollysMirror"],"campfire_rested":2,"item_purchase_floors":[14,14,14,22,22,30,30,53,53],"current_hp_per_floor":[70,69,67,59,52,52,38,37,37,37,26,26,26,26,26,26,72,70,70,57,41,41,34,28,13,13,13,5,28,28,28,28,28,77,76,62,62,62,47,47,52,52,52,52,52,52,52,52,52,39,82,82,87,34,32],"gold":81,"neow_bonus":"RANDOM_COMMON_RELIC","is_daily":false,"chose_seed":false,"campfire_upgraded":5,"win_rate":0.0,"timestamp":1608944873,"path_taken":["M","M","M","M","M","R","E","M","T","?","?","R","M","$","R","BOSS","M","M","?","?","$","E","M","M","T","?","?","R","$","M","R","BOSS","M","?","M","?","M","E","?","M","T","?","E","R","$","E","R","BOSS","R","$","E","BOSS"],"items_purchased_type":["Relic","Relic","Card","Relic","Relic","Relic","Relic","Potion","Relic"],"build_version":"2020-12-22","purchased_purges":5,"victory":true,"max_hp_per_floor":[72,72,72,72,72,72,72,72,72,72,72,72,72,72,72,72,72,72,72,77,77,77,77,77,77,77,77,77,77,77,77,77,77,77,77,77,77,77,77,77,82,82,82,82,82,82,82,82,82,82,82,82,87,87,87],"card_choices":[{"not_picked":["Collect","Wallop"],"picked":"Consecrate","floor":1},{"not_picked":["Meditate","Vengeance"],"picked":"FollowUp","floor":2},{"not_picked":["LikeWater","Halt"],"picked":"CrushJoints","floor":3},{"not_picked":["TalkToTheHand","JustLucky"],"picked":"FlurryOfBlows","floor":4},{"not_picked":["FollowUp","CrushJoints"],"picked":"LessonLearned","floor":5},{"not_picked":["LikeWater","Prostrate"],"picked":"BowlingBash","floor":7},{"not_picked":["CrushJoints","FlyingSleeves"],"picked":"EmptyBody","floor":8},{"not_picked":["Devotion","CrushJoints"],"picked":"Evaluate","floor":13},{"not_picked":["Alpha","Brilliance"],"picked":"Judgement","floor":16},{"not_picked":["Indignation","Nirvana+1","Prostrate"],"picked":"SKIP","floor":18},{"not_picked":["Consecrate","Halt","SashWhip"],"picked":"SKIP","floor":19},{"not_picked":["LikeWater","CutThroughFate+1","SignatureMove"],"picked":"SKIP","floor":23},{"not_picked":["Study","EmptyMind"],"picked":"EmptyFist","floor":24},{"not_picked":["EmptyFist","FlurryOfBlows"],"picked":"WheelKick","floor":25},{"not_picked":["Perseverance","BattleHymn+1","ClearTheMind"],"picked":"SKIP","floor":31},{"not_picked":["MasterReality+1","DevaForm+1"],"picked":"Vault","floor":33},{"not_picked":["Protect","SashWhip+1"],"picked":"Adaptation+1","floor":35},{"not_picked":["FlyingSleeves+1","ForeignInfluence","PathToVictory+1"],"picked":"SKIP","floor":35},{"not_picked":["Consecrate+1","FlyingSleeves"],"picked":"Scrawl","floor":36},{"not_picked":["DeceiveReality","Weave+1"],"picked":"Prostrate+1","floor":37},{"not_picked":["CutThroughFate","EmptyFist+1","Crescendo"],"picked":"SKIP","floor":37},{"not_picked":["SandsOfTime+1","DeceiveReality"],"picked":"Tantrum","floor":39},{"not_picked":["FlyingSleeves+1","EmptyBody+1","Meditate+1"],"picked":"SKIP","floor":39},{"not_picked":["Establishment+1","Wireheading+1","ThirdEye+1"],"picked":"SKIP","floor":40},{"not_picked":["CutThroughFate","Evaluate+1","FlurryOfBlows+1"],"picked":"SKIP","floor":42},{"not_picked":["Tantrum+1","CrushJoints+1","EmptyBody"],"picked":"SKIP","floor":42},{"not_picked":["SandsOfTime+1","FollowUp+1","FlyingSleeves"],"picked":"SKIP","floor":44},{"not_picked":["SashWhip+1","EmptyBody","FollowUp+1"],"picked":"SKIP","floor":44},{"not_picked":["Ragnarok","Wallop"],"picked":"MentalFortress+1","floor":45},{"not_picked":["FlyingSleeves+1","CarveReality+1"],"picked":"Collect+1","floor":48},{"not_picked":["CrushJoints+1","MentalFortress+1","Indignation+1"],"picked":"SKIP","floor":54}],"player_experience":572277,"relics_obtained":[{"floor":7,"key":"ats:Originium"},{"floor":7,"key":"Lantern"},{"floor":9,"key":"Akabeko"},{"floor":21,"key":"Enchiridion"},{"floor":23,"key":"ats:Originium"},{"floor":23,"key":"CaptainsWheel"},{"floor":28,"key":"Turnip"},{"floor":28,"key":"Frozen Egg 2"},{"floor":34,"key":"Boot"},{"floor":34,"key":"White Beast Statue"},{"floor":34,"key":"Prayer Wheel"},{"floor":36,"key":"CloakClasp"},{"floor":38,"key":"Blue Candle"},{"floor":40,"key":"ats:Originium"},{"floor":40,"key":"Kunai"},{"floor":43,"key":"War Paint"},{"floor":45,"key":"ats:Originium"},{"floor":45,"key":"Bronze Scales"},{"floor":48,"key":"StrikeDummy"},{"floor":54,"key":"Bag of Preparation"}],"event_choices":[{"damage_healed":0,"gold_gain":175,"player_choice":"AGREE","damage_taken":0,"max_hp_gain":0,"max_hp_loss":0,"event_name":"Liars Game","floor":10,"gold_loss":0,"cards_obtained":["Doubt"]},{"damage_healed":0,"gold_gain":75,"player_choice":"Gather Gold","damage_taken":11,"max_hp_gain":0,"max_hp_loss":0,"event_name":"World of Goop","floor":11,"gold_loss":0},{"damage_healed":0,"gold_gain":0,"player_choice":"Shed Blood","damage_taken":18,"max_hp_gain":5,"max_hp_loss":0,"event_name":"Forgotten Altar","floor":20,"gold_loss":0},{"damage_healed":0,"gold_gain":0,"player_choice":"Obtained Book","damage_taken":16,"max_hp_gain":0,"max_hp_loss":0,"event_name":"Cursed Tome","floor":21,"gold_loss":0},{"damage_healed":0,"gold_gain":0,"player_choice":"Ignored","damage_taken":0,"max_hp_gain":0,"max_hp_loss":0,"event_name":"Vampires","floor":27,"gold_loss":0},{"damage_healed":0,"gold_gain":0,"player_choice":"Fight","damage_taken":0,"max_hp_gain":0,"max_hp_loss":0,"event_name":"Colosseum","floor":28,"gold_loss":0},{"damage_healed":0,"gold_gain":0,"player_choice":"Fought Nobs","damage_taken":0,"max_hp_gain":0,"max_hp_loss":0,"event_name":"Colosseum","floor":28,"gold_loss":0},{"damage_healed":0,"gold_gain":0,"player_choice":"Fight","damage_taken":0,"max_hp_gain":0,"max_hp_loss":0,"event_name":"Mysterious Sphere","floor":36,"gold_loss":0},{"damage_healed":0,"gold_gain":0,"player_choice":"Got Potions","damage_taken":0,"max_hp_gain":0,"max_hp_loss":0,"event_name":"Lab","floor":41,"gold_loss":0}],"is_beta":false,"boss_relics":[{"not_picked":["Empty Cage","HolyWater"],"picked":"VioletLotus"},{"not_picked":["SlaversCollar","Black Star"],"picked":"Calling Bell"}],"items_purged_floors":[14,22,30,47,53],"is_endless":false,"potions_floor_spawned":[1,5,7,24,28,28,35,36,37,39,42,44,45,48,54],"ascension_level":0}}