{"host":"nfysljuq0d6kj06l","time":1608992672,"event":{"mods":["AchievementEnabler","BaseMod","Colored Map","Colored Powertips","DeckTracker","Minty Spire (QoL Compilation)","Relic Sorter"],"gold_per_floor":[37,37,37,70,70,122,6,40,40,75,97,97,97],"floor_reached":12,"playtime":919,"items_purged":[],"score":112,"play_id":"674a4b11-3794-42c7-9972-c8f8f2f45b42","local_time":"20201226152432","is_ascension_mode":true,"campfire_choices":[],"circlet_count":0,"master_deck":["Strike_R+1","Strike_R","Strike_R","Strike_R","Defend_R+1","Defend_R","Defend_R","Defend_R","Bash","HandOfGreed","Warcry","Pommel Strike","Finesse","Cleave","Armaments","Reaper","Iron Wave"],"relics":["Burning Blood","Art of War","Eternal Feather","Mummified Hand","Odd Mushroom"],"acts_visited":["Exordium"],"potions_floor_usage":[10,11,12],"damage_taken":[{"damage":0,"enemies":"Small Slimes","floor":1,"turns":2},{"damage":0,"enemies":"Jaw Worm","floor":4,"turns":3},{"damage":40,"enemies":"Lagavulin","floor":6,"turns":7},{"damage":0,"enemies":"Cultist","floor":8,"turns":2},{"damage":32,"enemies":"Gremlin Nob","floor":10,"turns":4},{"damage":0,"enemies":"The Mushroom Lair","floor":11,"turns":2},{"damage":40,"enemies":"Lagavulin","floor":12,"turns":5}],"seed_played":"4276961691971272691","potions_obtained":[{"floor":6,"key":"BlessingOfTheForge"},{"floor":10,"key":"Explosive Potion"},{"floor":11,"key":"DuplicationPotion"}],"is_trial":false,"path_per_floor":["M","?","T","M","?","E","$","M","T","E","?","E"],"character_chosen":"IRONCLAD","items_purchased":["Finesse","Cleave"],"campfire_rested":0,"item_purchase_floors":[7,7],"current_hp_per_floor":[78,62,62,68,61,27,27,33,33,7,25,0,0],"gold":97,"neow_bonus":"RANDOM_COLORLESS_2","is_daily":false,"chose_seed":false,"campfire_upgraded":0,"win_rate":0.0,"timestamp":1608992672,"path_taken":["M","?","?","?","?","E","$","M","T","E","?","E"],"items_purchased_type":["Card","Card"],"build_version":"2020-12-22","purchased_purges":0,"victory":false,"max_hp_per_floor":[80,80,80,80,80,80,80,80,80,80,80,80,80],"card_choices":[{"not_picked":["Metamorphosis","Thinking Ahead"],"picked":"HandOfGreed","floor":0},{"not_picked":["Hemokinesis","Wild Strike"],"picked":"Warcry","floor":1},{"not_picked":["Anger","Reckless Charge","Burning Pact"],"picked":"SKIP","floor":4},{"not_picked":["Havoc","Heavy Blade"],"picked":"Pommel Strike","floor":6},{"not_picked":["Inflame","True Grit"],"picked":"Armaments","floor":8},{"not_picked":["Pommel Strike","Wild Strike"],"picked":"Reaper","floor":10},{"not_picked":["Wild Strike","True Grit"],"picked":"Iron Wave","floor":11}],"player_experience":368489,"relics_obtained":[{"floor":6,"key":"Art of War"},{"floor":9,"key":"Eternal Feather"},{"floor":10,"key":"Mummified Hand"},{"floor":11,"key":"Odd Mushroom"}],"event_choices":[{"damage_healed":0,"gold_gain":0,"player_choice":"Entered Light","damage_taken":16,"max_hp_gain":0,"max_hp_loss":0,"event_name":"Shining Light","floor":2,"gold_loss":0,"cards_upgraded":["Strike_R","Defend_R"]},{"cards_removed":["Strike_R"],"damage_healed":0,"gold_gain":0,"player_choice":"Card Removal","damage_taken":7,"max_hp_gain":0,"max_hp_loss":0,"event_name":"Golden Wing","floor":5,"gold_loss":0},{"damage_healed":0,"gold_gain":0,"player_choice":"Fought Mushrooms","damage_taken":0,"max_hp_gain":0,"max_hp_loss":0,"event_name":"Mushrooms","floor":11,"gold_loss":0}],"is_beta":false,"boss_relics":[],"items_purged_floors":[],"is_endless":false,"potions_floor_spawned":[6,10,11],"killed_by":"Lagavulin","ascension_level":6}}