{"host":"f6tqpspb2ou2a4h5","time":1608976500,"event":{"mods":["2.2 Compatiblity","Ascension Unlocker","BaseMod","Colored Map","DeckTracker","Hermit","Highlight Path","KOR Keyword Fix","Keyboard Shortcuts","Minty Spire (QoL Compilation)","Permanent Neow","Quick Restart","Random Character Button","StSLib","SuperFastMode","The Poker Player","everything is the same but u backflip on backflip"],"gold_per_floor":[16,34,34,45,65,65,76,89,112,112,127,155,175,194,194,297,297,314,324,336,356,6,6,34,34,87,87,87,87,87],"floor_reached":29,"playtime":1914,"items_purged":[],"score":276,"play_id":"e4e6607f-f5c5-4963-b0db-2182b833d2b2","local_time":"20201226185500","is_ascension_mode":true,"campfire_choices":[{"data":"Fusion","floor":6,"key":"SMITH"},{"floor":10,"key":"REST"},{"data":"Defragment","floor":15,"key":"SMITH"},{"floor":23,"key":"REST"},{"floor":25,"key":"REST"},{"floor":28,"key":"REST"}],"circlet_count":0,"master_deck":["Zap","Dualcast","Gash","Fusion+1","Stack","Melter","Go for the Eyes","Auto Shields","Storm","Sunder","Defragment+1","Electrodynamics","Genetic Algorithm","Recycle","Coolheaded","Hello World","Glacier","Hello World","Aggregate","Stack","Compile Driver+1","Streamline","Apotheosis","Recycle"],"relics":["Cracked Core","Gambling Chip","Bag of Preparation","Unceasing Top","Pandora\u0027s Box","DollysMirror","Omamori","Art of War"],"acts_visited":["Exordium","TheCity"],"potions_floor_usage":[16,19],"damage_taken":[{"damage":0,"enemies":"Cultist","floor":1,"turns":3},{"damage":0,"enemies":"2 Louse","floor":2,"turns":3},{"damage":2,"enemies":"Jaw Worm","floor":4,"turns":3},{"damage":16,"enemies":"Blue Slaver","floor":5,"turns":4},{"damage":22,"enemies":"Lots of Slimes","floor":7,"turns":6},{"damage":15,"enemies":"3 Louse","floor":8,"turns":4},{"damage":0,"enemies":"Looter","floor":11,"turns":4},{"damage":13,"enemies":"3 Sentries","floor":12,"turns":10},{"damage":0,"enemies":"2 Fungi Beasts","floor":13,"turns":3},{"damage":0,"enemies":"Large Slime","floor":14,"turns":6},{"damage":22,"enemies":"The Guardian","floor":16,"turns":10},{"damage":18,"enemies":"Chosen","floor":18,"turns":8},{"damage":11,"enemies":"2 Thieves","floor":19,"turns":4},{"damage":8,"enemies":"Cultist and Chosen","floor":20,"turns":6},{"damage":10,"enemies":"Shelled Parasite and Fungi","floor":21,"turns":5},{"damage":40,"enemies":"Slavers","floor":24,"turns":4},{"damage":23,"enemies":"Colosseum Slavers","floor":27,"turns":3},{"damage":31,"enemies":"Snake Plant","floor":29,"turns":3}],"seed_played":"2772344538328595845","potions_obtained":[{"floor":4,"key":"DuplicationPotion"},{"floor":5,"key":"EssenceOfDarkness"},{"floor":7,"key":"ColorlessPotion"},{"floor":11,"key":"SteroidPotion"},{"floor":20,"key":"BlessingOfTheForge"},{"floor":21,"key":"PotionOfCapacity"}],"is_trial":false,"path_per_floor":["M","M","$","M","M","R","M","M","T","R","M","E","M","M","R","B",null,"M","M","M","M","$","R","E","R","T","?","R","M"],"character_chosen":"DEFECT","items_purchased":["Apotheosis","DollysMirror"],"campfire_rested":4,"item_purchase_floors":[22,22],"current_hp_per_floor":[75,75,75,73,57,57,35,20,20,42,42,29,29,29,29,7,75,57,46,38,28,28,50,10,32,32,9,31,0,0],"gold":87,"neow_bonus":"ONE_RARE_RELIC","is_daily":false,"chose_seed":false,"campfire_upgraded":2,"win_rate":0.0,"timestamp":1608976500,"path_taken":["M","?","$","M","M","R","M","M","T","R","M","E","M","?","R","BOSS","M","?","M","M","?","R","E","R","T","?","R","M"],"items_purchased_type":["Card","Relic"],"build_version":"2020-12-22","purchased_purges":0,"victory":false,"max_hp_per_floor":[75,75,75,75,75,75,75,75,75,75,75,75,75,75,75,75,75,75,75,75,75,75,75,75,75,75,75,75,75,75],"card_choices":[{"not_picked":["Sweeping Beam","Ball Lightning"],"picked":"Gash","floor":1},{"not_picked":["Lockon","Ball Lightning"],"picked":"Fusion","floor":2},{"not_picked":["Melter","Reinforced Body"],"picked":"Stack","floor":4},{"not_picked":["Tempest","Coolheaded"],"picked":"Melter","floor":5},{"not_picked":["Genetic Algorithm","Self Repair"],"picked":"Go for the Eyes","floor":7},{"not_picked":["Ball Lightning","Turbo"],"picked":"Auto Shields","floor":8},{"not_picked":["BootSequence","Barrage","Sweeping Beam"],"picked":"SKIP","floor":11},{"not_picked":["Fusion","Thunder Strike"],"picked":"Storm","floor":12},{"not_picked":["Redo","Hello World"],"picked":"Sunder","floor":13},{"not_picked":["BootSequence","Blizzard"],"picked":"Defragment","floor":14},{"not_picked":["Core Surge","Fission"],"picked":"Electrodynamics","floor":16},{"not_picked":["Cold Snap","Beam Cell","Rebound"],"picked":"SKIP","floor":18},{"not_picked":["Compile Driver","Coolheaded","Barrage"],"picked":"SKIP","floor":19},{"not_picked":["Hologram+1","Barrage"],"picked":"Compile Driver+1","floor":20},{"not_picked":["Rainbow","Static Discharge+1"],"picked":"Streamline","floor":21},{"not_picked":["Consume","Rebound","Self Repair"],"picked":"SKIP","floor":24}],"player_experience":69742,"relics_obtained":[{"floor":9,"key":"Bag of Preparation"},{"floor":12,"key":"Unceasing Top"},{"floor":24,"key":"Omamori"},{"floor":26,"key":"Art of War"}],"event_choices":[{"damage_healed":0,"gold_gain":0,"player_choice":"Fight","damage_taken":0,"max_hp_gain":0,"max_hp_loss":0,"event_name":"Colosseum","floor":27,"gold_loss":0},{"damage_healed":0,"gold_gain":0,"player_choice":"Fled From Nobs","damage_taken":0,"max_hp_gain":0,"max_hp_loss":0,"event_name":"Colosseum","floor":27,"gold_loss":0}],"is_beta":false,"boss_relics":[{"not_picked":["Philosopher\u0027s Stone","SlaversCollar"],"picked":"Pandora\u0027s Box"}],"items_purged_floors":[],"is_endless":false,"potions_floor_spawned":[4,5,7,11,13,14,20,21],"killed_by":"Snake Plant","ascension_level":2}}