{"host":"rpu0b34yn88n8zeb","time":1608968987,"event":{"mods":["Act Like it!","BaseMod","CapriCore","Colored Powertips","Defuse TimeMaze Blight","Gensokyo","Marisa£®ÏF”Í°°ƒß¿Ì…≥£©","Minty Spire (QoL Compilation)","Quick Restart","Reimu£®≤©¿ˆ¡È√Œ£©","Shop Mod","Spicy Shops","StSLib","The Immortal","The Servant 0.9.4","Yakumo Yukari mod","Youmu£®ªÍ∆«—˝√Œ£©"],"gold_per_floor":[119,139,139,155,166,166,166,96,96,196,49,76,89,124,124,228,228,243,256,136,136,148,181,199,231,231,265,108,108,60,78,78,182,182,199,162,162,30,30,30,64,64,88,116,129,143,170,49,49,49,49,49,14,40,40],"floor_reached":56,"playtime":2690,"items_purged":["Shame"],"score":1419,"play_id":"d45028f6-aedc-4eb5-b739-ed7d92da3d3e","local_time":"20201226004947","is_ascension_mode":true,"campfire_choices":[{"data":"MokouMod:FlickeringFlame","floor":6,"key":"SMITH"},{"data":"MokouMod:Sear","floor":15,"key":"SMITH"},{"data":"MokouMod:HeartofFire","floor":29,"key":"SMITH"},{"data":"MokouMod:InfernalWave","floor":32,"key":"SMITH"},{"data":"MokouMod:BurningDraft","floor":40,"key":"SMITH"},{"data":"MokouMod:ResonanceReactor","floor":42,"key":"SMITH"},{"floor":49,"key":"RECALL"},{"data":"MokouMod:HouraiForge","floor":52,"key":"SMITH"}],"circlet_count":0,"master_deck":["MokouMod:Strike","MokouMod:Strike","MokouMod:Strike","MokouMod:Strike+1","MokouMod:Strike","MokouMod:Defend","MokouMod:Defend+1","MokouMod:Defend","MokouMod:Defend","MokouMod:HeatSpark","MokouMod:FlickeringFlame+1","MokouMod:GuidingSmoke+1","MokouMod:Stoke","MokouMod:ScorchingColumn","MokouMod:BlazingComet","MokouMod:ResoluteFlare","MokouMod:Sear+1","MokouMod:ScorchingColumn","MokouMod:HouraiForge+1","MokouMod:Combust+1","MokouMod:TemporalFireSeal","MokouMod:Firecracker","MokouMod:PhoenixFeathers+1","MokouMod:UncontrollableSolarReaction","MokouMod:WarmUp+1","MokouMod:BurningDraft+1","MokouMod:InfernalWave+1","MokouMod:Geothermal","MokouMod:BurningDraft+1","MokouMod:ResonanceReactor+1","MokouMod:CrimsonArmoury+1","MokouMod:Ember+1","MokouMod:Meltdown","MokouMod:HeatFactory"],"relics":["MokouMod:PhoenixFeather","Gensokyo:Justice","Sling","Mercury Hourglass","Anchor","SlaversCollar","Gensokyo:SpiderMask","Dream Catcher","Regal Pillow","Pear","Singing Bowl","Lee\u0027s Waffle","Coffee Dripper","PreservedInsect","Pantograph","Centennial Puzzle","Oddly Smooth Stone","Ornamental Fan","Molten Egg 2","Shuriken"],"acts_visited":["Exordium","Gensokyo:Gensokyo","Gensokyo:Gensokyoer","TheEnding"],"potions_floor_usage":[22,24,31,31,33,33,47,55],"damage_taken":[{"damage":4,"enemies":"Gensokyo:3_Fairies","floor":1,"turns":4},{"damage":4,"enemies":"Gensokyo:2_Kodama","floor":2,"turns":4},{"damage":1,"enemies":"Gensokyo:Python","floor":4,"turns":3},{"damage":0,"enemies":"Gensokyo:LivingMonolith","floor":5,"turns":2},{"damage":13,"enemies":"Gensokyo:Aya","floor":12,"turns":4},{"damage":0,"enemies":"Gensokyo:VengefulSpirit","floor":13,"turns":2},{"damage":0,"enemies":"Gensokyo:Cirno","floor":14,"turns":4},{"damage":50,"enemies":"Gensokyo:Yukari","floor":16,"turns":5},{"damage":0,"enemies":"Gensokyo:Chomper","floor":18,"turns":2},{"damage":1,"enemies":"Gensokyo:CosmicMonolith","floor":19,"turns":3},{"damage":15,"enemies":"Gensokyo:Slime_Group","floor":22,"turns":3},{"damage":0,"enemies":"Gensokyo:Reisen","floor":23,"turns":3},{"damage":0,"enemies":"Gensokyo:3_Gloops","floor":24,"turns":4},{"damage":51,"enemies":"Gensokyo:Tenshi","floor":25,"turns":3},{"damage":8,"enemies":"Gensokyo:Reisen","floor":27,"turns":4},{"damage":5,"enemies":"Gensokyo:Wraith","floor":31,"turns":4},{"damage":78,"enemies":"Gensokyo:Eiki","floor":33,"turns":6},{"damage":0,"enemies":"Gensokyo:3_Bats","floor":35,"turns":3},{"damage":21,"enemies":"Gensokyo:Doremy","floor":41,"turns":4},{"damage":18,"enemies":"Gensokyo:Kasen","floor":44,"turns":3},{"damage":30,"enemies":"Gensokyo:3_Boulders","floor":45,"turns":5},{"damage":15,"enemies":"Gensokyo:Rafflesia","floor":46,"turns":6},{"damage":2,"enemies":"Gensokyo:Marisa","floor":47,"turns":3},{"damage":74,"enemies":"Gensokyo:Scarlet_Devils","floor":50,"turns":8},{"damage":17,"enemies":"Shield and Spear","floor":54,"turns":4},{"damage":119,"enemies":"The Heart","floor":55,"turns":9}],"seed_played":"-4077290565777581549","potions_obtained":[{"floor":2,"key":"SpeedPotion"},{"floor":5,"key":"SkillPotion"},{"floor":12,"key":"SpeedPotion"},{"floor":19,"key":"Energy Potion"},{"floor":23,"key":"Explosive Potion"},{"floor":27,"key":"DistilledChaos"},{"floor":31,"key":"DistilledChaos"},{"floor":44,"key":"Strength Potion"},{"floor":45,"key":"ColorlessPotion"}],"is_trial":false,"path_per_floor":["M","M","?","M","M","R","?","?","T","?","$","E","M","E","R","B",null,"M","M","?","?","M","E","M","E","T","E","$","R","$","M","R","B",null,"M","COS","?","$","$","R","E","R","T","E","M","M","E","$","R","B",null,"R","$","E","B",null],"character_chosen":"MKU","items_purchased":["Sling","Lee\u0027s Waffle","MokouMod:BurningDraft","PreservedInsect","Molten Egg 2","MokouMod:Meltdown"],"campfire_rested":0,"item_purchase_floors":[11,28,30,38,48,53],"current_hp_per_floor":[78,74,74,73,73,73,73,73,73,73,73,60,60,60,60,10,82,82,81,81,81,66,66,66,15,25,17,99,99,99,94,94,16,99,99,99,99,99,99,99,80,80,80,64,34,19,19,19,19,10,105,105,105,88,24],"gold":40,"neow_bonus":"TEN_PERCENT_HP_BONUS","is_daily":false,"chose_seed":false,"campfire_upgraded":7,"win_rate":0.0,"timestamp":1608968987,"path_taken":["M","M","?","M","M","R","?","?","T","?","$","E","?","E","R","BOSS","M","M","?","?","M","E","M","E","T","E","$","R","$","M","R","BOSS","M","COS","?","?","$","R","E","R","T","E","?","M","E","?","R","BOSS","R","$","E","BOSS"],"items_purchased_type":["Relic","Relic","Card","Relic","Relic","Card"],"build_version":"2020-12-22","purchased_purges":1,"victory":true,"max_hp_per_floor":[82,82,82,82,82,82,82,82,82,82,82,82,82,82,82,82,82,82,82,82,82,82,82,82,82,92,92,99,99,99,99,99,99,99,99,99,99,99,99,99,101,101,101,103,103,103,105,105,105,105,105,105,105,105,105],"card_choices":[{"not_picked":["MokouMod:TemporalFireSeal","MokouMod:Stoke"],"picked":"MokouMod:FlickeringFlame","floor":1},{"not_picked":["MokouMod:HeatCyclone","MokouMod:IndiscriminateIgnition"],"picked":"MokouMod:FlareStarter","floor":2},{"not_picked":["MokouMod:SearingShot","MokouMod:ControlledCombustion"],"picked":"MokouMod:GuidingSmoke","floor":3},{"not_picked":["MokouMod:ThermalPressure","MokouMod:BlazingComet"],"picked":"MokouMod:Stoke","floor":3},{"not_picked":["MokouMod:InfernalWave","MokouMod:IcarusDive"],"picked":"MokouMod:ScorchingColumn","floor":4},{"not_picked":["MokouMod:ThermalPressure","MokouMod:ShiftIgnition"],"picked":"MokouMod:BlazingComet","floor":5},{"not_picked":["MokouMod:IndiscriminateIgnition","MokouMod:BlazingComet"],"picked":"MokouMod:ResoluteFlare","floor":12},{"not_picked":["MokouMod:FujiyamaVolcano","MokouMod:SacredFire"],"picked":"MokouMod:Sear","floor":13},{"not_picked":["MokouMod:BlazingComet","MokouMod:Trailblazer"],"picked":"MokouMod:ScorchingColumn","floor":14},{"not_picked":["MokouMod:EnchantingBambooForest","MokouMod:ProfanedFlare"],"picked":"MokouMod:HouraiForge","floor":16},{"not_picked":["MokouMod:Sear","MokouMod:ThermalPressure+1"],"picked":"MokouMod:Combust+1","floor":18},{"not_picked":["MokouMod:FujiyamaVolcano","MokouMod:HeatFactory"],"picked":"MokouMod:TemporalFireSeal","floor":19},{"not_picked":["MokouMod:IgnitionBlast+1","MokouMod:EternalBurstReactor"],"picked":"MokouMod:Firecracker","floor":22},{"not_picked":["MokouMod:ScorchingColumn","MokouMod:FujiyamaVolcano+1"],"picked":"MokouMod:PhoenixFeathers+1","floor":23},{"not_picked":["MokouMod:Meltdown+1","MokouMod:IgneousBlow"],"picked":"MokouMod:HeartofFire","floor":24},{"not_picked":["MokouMod:FlareStarter","MokouMod:ResoluteFlare"],"picked":"MokouMod:UncontrollableSolarReaction","floor":25},{"not_picked":["MokouMod:IgneousBlow","MokouMod:InfernalWave"],"picked":"MokouMod:WarmUp+1","floor":27},{"not_picked":["MokouMod:TemporalFireSeal+1","MokouMod:AdaptivePyromancy"],"picked":"MokouMod:InfernalWave","floor":31},{"not_picked":["MokouMod:SacredFire","MokouMod:EnchantingBambooForest"],"picked":"MokouMod:Geothermal","floor":33},{"not_picked":["MokouMod:IgnitionBarrier+1","MokouMod:EternalBurstReactor+1"],"picked":"MokouMod:BurningDraft+1","floor":35},{"not_picked":["MokouMod:Meltdown+1","MokouMod:TemporalFireSeal+1","MokouMod:SearingShot+1"],"picked":"Singing Bowl","floor":41},{"not_picked":["MokouMod:IgnitionBlast+1","MokouMod:Afterburner+1"],"picked":"MokouMod:ResonanceReactor","floor":41},{"not_picked":["MokouMod:HouraiForge","MokouMod:FlareStarter+1","MokouMod:Combust+1"],"picked":"Singing Bowl","floor":44},{"not_picked":["MokouMod:ThermalPressure","MokouMod:EternalBurstReactor"],"picked":"MokouMod:CrimsonArmoury+1","floor":45},{"not_picked":["MokouMod:AdaptivePyromancy+1","MokouMod:FusionFlare"],"picked":"MokouMod:Ember+1","floor":46},{"not_picked":["MokouMod:ScorchingColumn","MokouMod:HeatTransfer+1","MokouMod:FlickeringFlame+1"],"picked":"Singing Bowl","floor":47},{"not_picked":["MokouMod:HouraiForge","MokouMod:BlazingComet+1"],"picked":"MokouMod:HeatFactory","floor":54}],"player_experience":528357,"relics_obtained":[{"floor":12,"key":"Mercury Hourglass"},{"floor":14,"key":"Anchor"},{"floor":23,"key":"Dream Catcher"},{"floor":25,"key":"Regal Pillow"},{"floor":26,"key":"Pear"},{"floor":27,"key":"Singing Bowl"},{"floor":41,"key":"Pantograph"},{"floor":43,"key":"Centennial Puzzle"},{"floor":44,"key":"Oddly Smooth Stone"},{"floor":47,"key":"Ornamental Fan"},{"floor":54,"key":"Shuriken"}],"event_choices":[],"is_beta":false,"boss_relics":[{"not_picked":["Empty Cage","Ectoplasm"],"picked":"SlaversCollar"},{"not_picked":["Runic Dome","RedLine:ReiMu"],"picked":"Coffee Dripper"}],"items_purged_floors":[38],"is_endless":false,"potions_floor_spawned":[2,5,12,19,23,27,31,44,45],"ascension_level":1}}