{"host":"dbo0lztt1pyfwysk","time":1608992683,"event":{"mods":["Act Like it!","BaseMod","Conspire","Downfall","Gensokyo","GifTheSpireLib","Hubris","Infinite Spire","KinomotoSakuraMod(????)","Koishi","Luminous","Marisa????????","Minty Spire (QoL Compilation)","Prisma Mod","Remilia??????","Replay The Spire","Shade Mod","Shop Mod","StSLib","The Gatherer"],"gold_per_floor":[110,308,319,319,319,354,354,371,397,416,416,432,432,432,432,532,532,552,552,552,329,347,347,347],"floor_reached":23,"playtime":936,"items_purged":["conspire:GhostlyStrike"],"score":327,"play_id":"921e1588-a3dc-4286-a80a-b032c9b24257","local_time":"20201226152443","is_ascension_mode":true,"campfire_choices":[{"data":"Envenom","floor":7,"key":"SMITH"},{"floor":11,"key":"REST"},{"floor":13,"key":"REST"},{"data":"Poisoned Stab","floor":15,"key":"SMITH"}],"circlet_count":0,"master_deck":["conspire:GhostlyStrike","conspire:GhostlyStrike","conspire:GhostlyStrike","conspire:GhostlyDefend","conspire:GhostlyDefend","conspire:GhostlyDefend","conspire:GhostlyDefend","conspire:GhostlyDefend","Survivor","Neutralize","Poisoned Stab+1","Poisoned Stab","Bane","Gensokyo:AllTheWorldsEvil","Envenom+1","Bane","Adrenaline","Dagger Spray+1","Terror"],"relics":["Ring of the Snake","Bag of Marbles","conspire:InfiniteJournal","conspire:RoyalGoblet","PreservedInsect"],"acts_visited":["Exordium","TheCity"],"potions_floor_usage":[6,16],"damage_taken":[{"damage":1,"enemies":"Jaw Worm","floor":1,"turns":5},{"damage":0,"enemies":"Cultist","floor":3,"turns":4},{"damage":27,"enemies":"Lagavulin","floor":6,"turns":8},{"damage":2,"enemies":"Small Slimes","floor":8,"turns":3},{"damage":2,"enemies":"3 Louse","floor":10,"turns":3},{"damage":9,"enemies":"Large Slime","floor":12,"turns":7},{"damage":13,"enemies":"Slime Boss","floor":16,"turns":6},{"damage":37,"enemies":"Shell Parasite","floor":18,"turns":6},{"damage":0,"enemies":"3 Byrds","floor":22,"turns":5},{"damage":30,"enemies":"Replay:Snechameleon","floor":23,"turns":3}],"seed_played":"-8071286052580241367","potions_obtained":[{"floor":1,"key":"Ancient Potion"},{"floor":3,"key":"infinitespire:BlackPotion"},{"floor":12,"key":"Adrenaline Potion"}],"is_trial":false,"path_per_floor":["M","?","M","?","?","E","R","M","T","M","R","M","R","?","R","B",null,"M","?","?","$","M","E"],"character_chosen":"THE_SILENT","items_purchased":["PreservedInsect"],"campfire_rested":2,"item_purchase_floors":[21],"current_hp_per_floor":[62,45,45,45,42,15,15,13,13,11,32,23,44,44,44,31,60,23,23,23,23,23,0,0],"gold":347,"neow_bonus":"REMOVE_CARD","is_daily":false,"chose_seed":false,"campfire_upgraded":2,"win_rate":0.0,"timestamp":1608992683,"path_taken":["M","?","?","?","?","E","R","M","T","M","R","M","R","?","R","BOSS","M","?","?","$","M","E"],"items_purchased_type":["Relic"],"build_version":"2020-12-22","purchased_purges":1,"victory":false,"max_hp_per_floor":[70,70,70,70,70,70,70,70,70,70,70,70,70,70,70,70,70,70,70,70,70,70,70,70],"card_choices":[{"not_picked":["All Out Attack","Underhanded Strike"],"picked":"Poisoned Stab","floor":1},{"not_picked":["Deflect","Sucker Punch"],"picked":"Poisoned Stab","floor":2},{"not_picked":["Flying Knee","Dodge and Roll"],"picked":"Bane","floor":3},{"not_picked":["Tactician","Glass Knife"],"picked":"Envenom","floor":6},{"not_picked":["Outmaneuver","Prepared","Dagger Throw"],"picked":"SKIP","floor":8},{"not_picked":["Outmaneuver","Prepared","Hidden Blade"],"picked":"SKIP","floor":10},{"not_picked":["Outmaneuver","hubris:TrickCloak"],"picked":"Bane","floor":12},{"not_picked":["ReplayTheSpireMod:Necrosis","Tools of the Trade"],"picked":"Adrenaline","floor":16},{"not_picked":["Backflip","Dagger Throw+1"],"picked":"Dagger Spray+1","floor":18},{"not_picked":["hubris:SlightOfHand+1","Flying Knee"],"picked":"Terror","floor":22}],"player_experience":611607,"relics_obtained":[{"floor":6,"key":"conspire:InfiniteJournal"}],"event_choices":[{"damage_healed":0,"gold_gain":0,"player_choice":"Success","damage_taken":3,"relics_obtained":["Bag of Marbles"],"max_hp_gain":0,"max_hp_loss":0,"event_name":"Scrap Ooze","floor":5,"gold_loss":0},{"damage_healed":0,"gold_gain":0,"player_choice":"Agree","damage_taken":0,"max_hp_gain":0,"max_hp_loss":0,"event_name":"conspire:LoneGhost","floor":14,"gold_loss":0},{"damage_healed":0,"gold_gain":0,"player_choice":"Ignored","damage_taken":0,"max_hp_gain":0,"max_hp_loss":0,"event_name":"The Mausoleum","floor":20,"gold_loss":0}],"is_beta":false,"boss_relics":[{"not_picked":["Replay:Ancient Bell","Ring of Chaos"],"picked":"conspire:RoyalGoblet"}],"items_purged_floors":[21],"is_endless":false,"potions_floor_spawned":[1,3,12],"killed_by":"Replay:Snechameleon","ascension_level":12}}