{"host":"t0dvtgwziqfh5pc4","time":1608966946,"event":{"mods":["BaseMod","Colored Powertips","Downfall","Googly Eyes","Hermit","Infinite Spire","Lobotomy","Minty Spire (QoL Compilation)","Quick Restart","Replay The Spire","SIMod","Shop Mod","StSLib","The Bug Knight","The Cursed","The Hierophant","The Jungle","[IsaacMod]ÒÔÈö¼âËþ"],"gold_per_floor":[111,111,111,111,21,47,47,81,93,105,129,161,204,291,303,387,399,424,436,462,389,418,430,430],"floor_reached":23,"playtime":1686,"items_purged":[],"score":464,"play_id":"ce1a0dad-9645-40b3-a20d-43b07ca253a0","local_time":"20201226151546","daily_mods":["Heirloom","Flight"],"is_ascension_mode":true,"campfire_choices":[{"data":"FriendOfNature","floor":7,"key":"SMITH"},{"data":"RunningOfTheLeaves","floor":10,"key":"SMITH"},{"floor":15,"key":"DIG"}],"circlet_count":0,"master_deck":["AscendersBane","Strike_AJ","Strike_RD","Defend_TS","Defend_PP","Defend_FS","Defend_AJ","ConcertedEfforts","HarmonyShield","BloodyBrimstone","Boundary+1","Regret","Lasso+1","RunningOfTheLeaves+1","FriendOfNature+1","MessyAndOrderly+1","Generousity","HarmonyForm","CowboySkills","LoveMe","AllByMyself","ReinventMyself","Flutterguy"],"relics":["The_element_of_harmony","HushsDoor","PunchingBag","Replay:Kaleidoscope","infinitespire:BottledMercury","Bloomberg","infinitespire:Broken Mirror","MawBank","infinitespire:Bottled Soul","Replay:Wax Seal","Replay:Bottled Eggs","Snecko Eye","Incubus","Art of War"],"acts_visited":["Exordium","TheCity"],"potions_floor_usage":[8,16,23,23],"damage_taken":[{"damage":5,"enemies":"2 Louse","floor":1,"turns":4},{"damage":39,"enemies":"3 Sentries","floor":6,"turns":14},{"damage":7,"enemies":"Replay:BlueRogue","floor":8,"turns":5},{"damage":7,"enemies":"Jaw Worm","floor":11,"turns":3},{"damage":33,"enemies":"Small Slimes","floor":12,"turns":17},{"damage":28,"enemies":"3 Sentries","floor":13,"turns":14},{"damage":118,"enemies":"The Guardian","floor":16,"turns":24},{"damage":15,"enemies":"3 Byrds","floor":18,"turns":7},{"damage":10,"enemies":"Spheric Guardian","floor":20,"turns":4},{"damage":35,"enemies":"Chosen and Byrds","floor":22,"turns":6},{"damage":31,"enemies":"Book of Stabbing","floor":23,"turns":4}],"seed_played":"2379582919341112637","potions_obtained":[{"floor":6,"key":"Fire Potion"},{"floor":11,"key":"EssenceOfSteel"},{"floor":16,"key":"PowerPotion"},{"floor":18,"key":"SneckoOil"}],"is_trial":true,"path_per_floor":["M","?","?","?","$","E","R","E","T","R","M","M","E","?","R","B",null,"M","?","M","?","M","E"],"character_chosen":"TWI_CLASS","items_purchased":["Lasso+1","RunningOfTheLeaves","LoveMe","Incubus"],"campfire_rested":0,"item_purchase_floors":[5,5,17,17],"current_hp_per_floor":[64,64,64,53,53,14,14,13,13,13,12,74,67,56,56,64,50,50,50,42,42,22,0,0],"gold":430,"neow_bonus":"","is_daily":false,"chose_seed":false,"campfire_upgraded":2,"win_rate":0.0,"timestamp":1608966946,"path_taken":["M","?","?","?","$","E","R","E","T","R","?","M","E","?","R","BOSS","M","?","M","?","?","E"],"items_purchased_type":["Card","Card","Card","Relic"],"build_version":"2020-12-22","purchased_purges":0,"victory":false,"max_hp_per_floor":[77,77,77,77,77,77,77,74,74,74,74,74,74,74,74,74,50,50,50,50,50,50,50,50],"card_choices":[{"not_picked":[],"picked":"BloodyBrimstone","floor":0},{"not_picked":["PinkiePromise"],"picked":"Boundary","floor":1},{"not_picked":["Louder","AppleFeast"],"picked":"SKIP","floor":1},{"not_picked":["TasteRainbow"],"picked":"FriendOfNature","floor":6},{"not_picked":["PartyTime","BigDeal"],"picked":"SKIP","floor":6},{"not_picked":["Return_To_Past","TwentyPercentcooler"],"picked":"SKIP","floor":8},{"not_picked":["FollowTherRainbow","BehindTheScene"],"picked":"SKIP","floor":8},{"not_picked":["Return_To_Past","TwentyPercentcooler"],"picked":"SKIP","floor":8},{"not_picked":["FollowTherRainbow","BehindTheScene"],"picked":"SKIP","floor":8},{"not_picked":["HideCarefully"],"picked":"MessyAndOrderly","floor":11},{"not_picked":["Louder","BehindTheScene"],"picked":"SKIP","floor":11},{"not_picked":["FriendOfNature"],"picked":"Generousity","floor":12},{"not_picked":["BatchProduction","ISayNo"],"picked":"SKIP","floor":12},{"not_picked":["Charge","BehindTheScene"],"picked":"SKIP","floor":13},{"not_picked":["TwentyPercentcooler","Overwhelming"],"picked":"SKIP","floor":13},{"not_picked":["Harmanyblast"],"picked":"HarmonyForm","floor":16},{"not_picked":["BeautySensation"],"picked":"CowboySkills","floor":16},{"not_picked":["Magic_Beam"],"picked":"AllByMyself","floor":18},{"not_picked":["KillingWithKindness","FriendOfNature"],"picked":"SKIP","floor":18},{"not_picked":["GemstoneDetection","RashStunts"],"picked":"SKIP","floor":20},{"not_picked":["GemstoneDetection","BehindTheScene"],"picked":"SKIP","floor":20},{"not_picked":["Mischief","Anxiousness"],"picked":"SKIP","floor":22},{"not_picked":["Magic","Mischief"],"picked":"SKIP","floor":22}],"player_experience":114973,"relics_obtained":[{"floor":6,"key":"infinitespire:Broken Mirror"},{"floor":8,"key":"MawBank"},{"floor":9,"key":"infinitespire:Bottled Soul"},{"floor":13,"key":"Replay:Wax Seal"},{"floor":15,"key":"Replay:Bottled Eggs"}],"event_choices":[{"damage_healed":0,"gold_gain":0,"player_choice":"Box","damage_taken":0,"relics_obtained":["infinitespire:BottledMercury"],"max_hp_gain":0,"max_hp_loss":0,"event_name":"Big Fish","floor":2,"gold_loss":0,"cards_obtained":["Regret"]},{"damage_healed":0,"gold_gain":0,"player_choice":"Success","damage_taken":11,"relics_obtained":["Bloomberg"],"max_hp_gain":0,"max_hp_loss":0,"event_name":"Scrap Ooze","floor":4,"gold_loss":0},{"damage_healed":0,"gold_gain":75,"player_choice":"Gather Gold","damage_taken":11,"max_hp_gain":0,"max_hp_loss":0,"event_name":"World of Goop","floor":14,"gold_loss":0},{"damage_healed":0,"gold_gain":0,"cards_transformed":["Strike_TS","Strike_RR"],"player_choice":"Became Test Subject","damage_taken":0,"max_hp_gain":0,"max_hp_loss":0,"event_name":"Drug Dealer","floor":19,"gold_loss":0,"cards_obtained":["ReinventMyself","Flutterguy"]},{"damage_healed":0,"gold_gain":0,"player_choice":"Obtained Relic","damage_taken":0,"relics_obtained":["Art of War"],"max_hp_gain":0,"max_hp_loss":0,"event_name":"Addict","floor":21,"gold_loss":85}],"is_beta":false,"boss_relics":[{"not_picked":["Replay:Bronze Core","Empty Cage"],"picked":"Snecko Eye"},{"not_picked":[]}],"items_purged_floors":[],"is_endless":false,"potions_floor_spawned":[6,11,16,18],"killed_by":"Book of Stabbing","ascension_level":20}}