{"host":"21h5e52imz35vo8g","time":1608958686,"event":{"mods":["AchievementEnabler","BaseMod","Colored Map","Colored Powertips","Googly Eyes","Minty Spire (QoL Compilation)","Quick Restart","Rare Cards Sparkle","Replay The Spire","StSLib"],"gold_per_floor":[19,19,32,32,48,74,74,116,183,183,108,108,123,133,133,133,133],"floor_reached":16,"playtime":468,"items_purged":["Strike_G"],"score":132,"play_id":"a51cc8ee-fc47-4995-965f-4a1c21613ab3","local_time":"20201226125806","is_ascension_mode":true,"campfire_choices":[{"data":"Catalyst","floor":7,"key":"SMITH"},{"floor":10,"key":"REST"},{"data":"Pot Of Greed","floor":15,"key":"SMITH"}],"circlet_count":0,"master_deck":["Strike_G","Strike_G","Strike_G","Strike_G","Defend_G","Defend_G","Defend_G","Defend_G","Defend_G","Survivor","Neutralize","Deadly Poison+1","Catalyst+1","Crippling Poison","Bane+1","Pot Of Greed+1","Pot Of Greed"],"relics":["Ring of the Snake","Peace Pipe","Molten Egg 2","CeramicFish","Grinning Jar"],"acts_visited":["Exordium"],"potions_floor_usage":[8],"damage_taken":[{"damage":4.0,"enemies":"2 Louse","floor":1.0,"turns":3.0},{"damage":0.0,"enemies":"Cultist","floor":3.0,"turns":3.0},{"damage":0.0,"enemies":"Small Slimes","floor":5.0,"turns":3.0},{"damage":32.0,"enemies":"Gremlin Nob","floor":6.0,"turns":5.0},{"damage":25,"enemies":"Lagavulin","floor":8,"turns":6},{"damage":6,"enemies":"Red Slaver","floor":13,"turns":4},{"damage":0,"enemies":"Exordium Wildlife","floor":14,"turns":4},{"damage":27,"enemies":"The Guardian","floor":16,"turns":2}],"seed_played":"499736527832921847","potions_obtained":[{"floor":3.0,"key":"DistilledChaos"},{"floor":6.0,"key":"Poison Potion"},{"floor":12,"key":"DuplicationPotion"},{"floor":12,"key":"Fire Potion"},{"floor":12,"key":"Toxic Potion"}],"is_trial":false,"path_per_floor":["M","?","M","$","M","E","R","E","T","R","$","?","M","M","R","B"],"character_chosen":"THE_SILENT","items_purchased":[],"campfire_rested":1,"item_purchase_floors":[],"current_hp_per_floor":[66,66,66,66,66,34,34,9,9,30,30,30,24,24,24,0,0],"gold":133,"neow_bonus":"ONE_RARE_RELIC","is_daily":false,"chose_seed":false,"campfire_upgraded":2,"win_rate":0.0,"timestamp":1608958686,"path_taken":["M","?","M","$","?","E","R","E","T","R","$","?","?","M","R","BOSS"],"items_purchased_type":[],"build_version":"2020-12-22","purchased_purges":1,"victory":false,"max_hp_per_floor":[70,70,70,70,70,70,70,70,70,70,70,70,70,70,70,70,70],"card_choices":[{"not_picked":["Poisoned Stab","ReplayTheSpireMod:Exploit Weakness"],"picked":"Deadly Poison","floor":1.0},{"not_picked":["Backstab","ReplayTheSpireMod:Exploit Weakness"],"picked":"Catalyst","floor":3.0},{"not_picked":["Fluid Movement","Flying Knee","All Out Attack"],"picked":"SKIP","floor":5.0},{"not_picked":["Dagger Throw+1","Prepared"],"picked":"Crippling Poison","floor":6.0},{"not_picked":["Prepared","Blur"],"picked":"Bane+1","floor":8},{"not_picked":["Skewer+1","Terror","Hidden Blade"],"picked":"SKIP","floor":13},{"not_picked":["Distraction","Blade Dance","Flechettes+1"],"picked":"SKIP","floor":14}],"player_experience":318540,"relics_obtained":[{"floor":6.0,"key":"Molten Egg 2"},{"floor":8,"key":"CeramicFish"},{"floor":9,"key":"Grinning Jar"}],"event_choices":[{"damage_healed":0.0,"max_hp_gain":0.0,"max_hp_loss":0.0,"gold_gain":0.0,"event_name":"Accursed Blacksmith","player_choice":"Forge","floor":2.0,"gold_loss":0.0,"damage_taken":0.0,"cards_upgraded":["Deadly Poison"]},{"damage_healed":0,"gold_gain":0,"player_choice":"Got Potions","damage_taken":0,"max_hp_gain":0,"max_hp_loss":0,"event_name":"Lab","floor":12,"gold_loss":0}],"is_beta":false,"boss_relics":[],"items_purged_floors":[11],"is_endless":false,"potions_floor_spawned":[3,6],"killed_by":"The Guardian","ascension_level":4}}