{"host":"f6tqpspb2ou2a4h5","time":1608942805,"event":{"mods":["2.2 Compatiblity","Ascension Unlocker","BaseMod","Colored Map","DeckTracker","Hermit","Highlight Path","KOR Keyword Fix","Keyboard Shortcuts","Minty Spire (QoL Compilation)","Permanent Neow","Quick Restart","Random Character Button","StSLib","SuperFastMode","The Poker Player","everything is the same but u backflip on backflip"],"gold_per_floor":[112,112,124,143,156,156,156,156],"floor_reached":7,"playtime":226,"items_purged":[],"score":86,"play_id":"66f10c06-305d-4a3d-9615-a6fba1edc864","local_time":"20201226093325","is_ascension_mode":true,"campfire_choices":[{"data":"Corruption","floor":6,"key":"SMITH"}],"circlet_count":0,"master_deck":["AscendersBane","Strike_R","Strike_R","Strike_R","Strike_R","Strike_R","Defend_R","Defend_R","Defend_R","Defend_R","Bash","Corruption+1","Sword Boomerang","Juggernaut","Ghostly Armor","Pommel Strike"],"relics":["Burning Blood"],"acts_visited":["Exordium"],"potions_floor_usage":[7],"damage_taken":[{"damage":4,"enemies":"2 Louse","floor":1,"turns":4},{"damage":7,"enemies":"Cultist","floor":3,"turns":4},{"damage":11,"enemies":"Jaw Worm","floor":4,"turns":4},{"damage":23,"enemies":"2 Fungi Beasts","floor":5,"turns":5},{"damage":53,"enemies":"Gremlin Nob","floor":7,"turns":4}],"seed_played":"4308870431022700133","potions_obtained":[{"floor":3,"key":"LiquidBronze"}],"is_trial":false,"path_per_floor":["M","?","M","M","M","R","E"],"character_chosen":"IRONCLAD","items_purchased":[],"campfire_rested":0,"item_purchase_floors":[],"current_hp_per_floor":[68,68,67,62,45,45,0,0],"gold":156,"neow_bonus":"THREE_RARE_CARDS","is_daily":false,"chose_seed":false,"campfire_upgraded":1,"win_rate":0.0,"timestamp":1608942805,"path_taken":["M","?","M","M","?","R","E"],"items_purchased_type":[],"build_version":"2020-12-22","purchased_purges":0,"victory":false,"max_hp_per_floor":[68,68,68,68,68,68,68,68],"card_choices":[{"not_picked":["Feed","Impervious"],"picked":"Corruption","floor":0.0},{"not_picked":["Flex","Cleave"],"picked":"Sword Boomerang","floor":1},{"not_picked":["Thunderclap","Sever Soul"],"picked":"Juggernaut","floor":3},{"not_picked":["Thunderclap","Sword Boomerang"],"picked":"Ghostly Armor","floor":4},{"not_picked":["Heavy Blade","Clothesline"],"picked":"Pommel Strike","floor":5}],"player_experience":58843,"relics_obtained":[],"event_choices":[{"damage_healed":0,"gold_gain":0,"player_choice":"0 cards matched","damage_taken":0,"max_hp_gain":0,"max_hp_loss":0,"event_name":"Match and Keep!","floor":2,"gold_loss":0,"cards_obtained":[]}],"is_beta":false,"boss_relics":[],"items_purged_floors":[],"is_endless":false,"potions_floor_spawned":[3],"killed_by":"Gremlin Nob","ascension_level":20}}