{"host":"gndxudri6ebovps6","time":1608948761,"event":{"mods":["AchievementEnabler","Act Like it!","Aspiration","BaseMod","Better Altar","Better Match","Better Sensory Stone","Better Skull","Better Vampires","BetterRewards","Block Reminder","GifTheSpireLib","Hermit","Hubris","Infinite Spire","Marked Mod","Minty Spire (QoL Compilation)","Pale of the Ancients","Quick Restart","Replay The Spire","Shop Mod","Spicy Shops","Spikes Relics","StSLib","Stuff the Spire","The Cursed","everything is the same but u backflip on backflip","vexMod"],"gold_per_floor":[45,45,45,55,5,5,40,40,40,52,79,97,131,150,150,245,911,931,931,931,931,942,942,942,968,1047,736,751,771,771,790,790,944,944,1019,1019,1101,847,915,915,1008,1008,1008,1008,1092,1092,1180,1283,1283,1470,1470,1586,1707,1707,9,9,54,54,106,106,240,240,240],"floor_reached":62,"playtime":3285,"items_purged":["Sickly"],"score":3089,"play_id":"aabc7c09-7608-4f8e-b6fe-deb9f56fd8a3","local_time":"20201226001241","is_ascension_mode":true,"campfire_choices":[{"floor":6.0,"key":"REST"},{"data":"1","floor":15.0,"key":"LIFT"},{"data":"2","floor":23.0,"key":"LIFT"},{"data":"3","floor":30.0,"key":"LIFT"},{"floor":42.0,"key":"RECALL"},{"data":"Envenom","floor":44.0,"key":"SMITH"},{"data":"Sadistic Nature","floor":49.0,"key":"SMITH"},{"data":"Venomology","floor":56.0,"key":"SMITH"},{"data":"Ghostly","floor":56.0,"key":"SMITH"},{"data":"Ghostly","floor":58.0,"key":"SMITH"},{"data":"A Thousand Cuts","floor":58.0,"key":"SMITH"}],"circlet_count":0,"master_deck":["AscendersBane","Strike_G+1","Strike_G","Strike_G+1","Strike_G","Strike_G+1","Defend_G","Defend_G","Defend_G","Defend_G","Defend_G","Survivor","Neutralize","infinitespire:Neurotoxin+1","Backflip+1","Backflip","PiercingWail","Quick Slash+1","Crippling Poison","hubris:InfiniteBlow+2640","Venomology+1","Backflip","Dagger Throw+1","StuffTheSpire:Sprint","Quick Slash+1","Corpse Explosion","Bane+1","Finesse","Sadistic Nature+1","Ghostly+1","Ghostly+1","Ghostly","Ghostly","Ghostly","Backflip","ReplayTheSpireMod:Speed Training","Escape Plan","Poisoned Stab+1","Dagger Spray+1","Night Terror+1","Sucker Punch+1","Concentrate","Predator+1","Envenom+1","Poisoned Stab+1","Poison Darts","A Thousand Cuts+1","Slice+1","Dagger Throw+1","Fluid Movement","Escape Plan","A Thousand Cuts"],"relics":["Ring of the Snake","Membership Card","Girya","StuffTheSpire:Experiment12","PreservedInsect","ReplayTheSpireMod:CursedCoin","Molten Egg 2","StuffTheSpire:CocoNut","aspiration:ArtOfWarUpgrade","Snake Skull","TwistedFunnel","MerchantsRug","Pantograph","Potion Belt","Bird Faced Urn","hubris:GlazedTorus","infinitespire:Satchel","White Beast Statue","vexMod:RockOfEvil","Replay:Wax Seal","Du-Vu Doll","Quantum Egg","hubris:DeckOfHolding","Toolbox","Rawhide","OrangePellets","Toy Ornithopter","infinitespire:EvilPickle","Empty Cage","Juzu Bracelet","Durian","Snack Pack","The Courier","Bottled Lightning","StuffTheSpire:HeavyRock","aspiration:SecretTechniqueScroll","paleoftheancients:Timepiece","paleoftheancients:KeyRelic","Letter Opener","Spirit Poop","paleoftheancients:SoulOfTheShowman","hubris:Icosahedron","Replay:Bandana","Strawberry","FossilizedHelix","Replay:Rubber Ducky","Mummified Hand","ExplosiveVial","Blue Doll","ReplayTheSpireMod:TigerMarble","ZombieTooth","infinitespire:Broken Mirror","aspiration:HiddenCompartment","Whetstone","Bottled Tornado","Replay:Arrowhead","Darkstone Periapt","Akabeko","Pocketwatch","vexMod:InvisibilityCloak","hubris:ToyBattleship","Iron Hammer","vexMod:BarristanHead","aspiration:RitualDagger"],"acts_visited":["Exordium","TheCity","TheBeyond","paleoftheancients:PaleOfTheAncients"],"potions_floor_usage":[],"damage_taken":[{"damage":0.0,"enemies":"Cultist","floor":1.0,"turns":3.0},{"damage":0.0,"enemies":"2 Louse","floor":4.0,"turns":2.0},{"damage":15.0,"enemies":"Gremlin Nob","floor":7.0,"turns":3.0},{"damage":1.0,"enemies":"Jaw Worm","floor":10.0,"turns":2.0},{"damage":2.0,"enemies":"3 Sentries","floor":11.0,"turns":5.0},{"damage":0.0,"enemies":"Lots of Slimes","floor":12.0,"turns":2.0},{"damage":1.0,"enemies":"Lagavulin","floor":13.0,"turns":3.0},{"damage":0.0,"enemies":"Red Slaver","floor":14.0,"turns":2.0},{"damage":3.0,"enemies":"Hexaghost","floor":16.0,"turns":6.0},{"damage":0.0,"enemies":"Chosen","floor":18.0,"turns":3.0},{"damage":0.0,"enemies":"3 Byrds","floor":22.0,"turns":3.0},{"damage":0.0,"enemies":"Slavers","floor":25.0,"turns":3.0},{"damage":0.0,"enemies":"Centurion and Healer","floor":28.0,"turns":3.0},{"damage":0.0,"enemies":"Snake Plant","floor":29.0,"turns":3.0},{"damage":0.0,"enemies":"Chosen and Byrds","floor":31.0,"turns":4.0},{"damage":7.0,"enemies":"Pondfish","floor":33.0,"turns":7.0},{"damage":2.0,"enemies":"3 Shapes","floor":35.0,"turns":2.0},{"damage":0.0,"enemies":"Orb Walker","floor":37.0,"turns":3.0},{"damage":0.0,"enemies":"Jaw Worm Horde","floor":39.0,"turns":3.0},{"damage":0.0,"enemies":"Giant Head","floor":41.0,"turns":5.0},{"damage":0.0,"enemies":"Maw","floor":45.0,"turns":2.0},{"damage":7.0,"enemies":"Writhing Mass","floor":47.0,"turns":2.0},{"damage":0.0,"enemies":"Nightmare","floor":48.0,"turns":3.0},{"damage":1.0,"enemies":"hubris:GrandSnecko","floor":50.0,"turns":4.0},{"damage":26.0,"enemies":"hubris:GrandSnecko","floor":52.0,"turns":4.0},{"damage":0.0,"enemies":"hubris:GrandSnecko","floor":53.0,"turns":5.0},{"damage":0.0,"enemies":"hubris:GrandSnecko","floor":57.0,"turns":5.0},{"damage":4.0,"enemies":"paleoftheancients:N","floor":61.0,"turns":6.0}],"seed_played":"-1075515570689437809","potions_obtained":[{"floor":1.0,"key":"Explosive Potion"},{"floor":4.0,"key":"LiquidBronze"},{"floor":10.0,"key":"Block Potion"},{"floor":13.0,"key":"Regen Potion"},{"floor":14.0,"key":"SkillPotion"},{"floor":16.0,"key":"EssenceOfSteel"},{"floor":29.0,"key":"LifebloodPotion"},{"floor":31.0,"key":"BlessingOfTheForge"},{"floor":33.0,"key":"PowerPotion"},{"floor":35.0,"key":"BlessingOfTheForge"},{"floor":37.0,"key":"Adrenaline Potion"},{"floor":45.0,"key":"Adrenaline Potion"},{"floor":48.0,"key":"Poison Potion"},{"floor":50.0,"key":"AttackPotion"},{"floor":52.0,"key":"SpeedPotion"},{"floor":61.0,"key":"Block Potion"}],"is_trial":false,"path_per_floor":["M","?","?","M","$","R","E","AVR","T","M","E","M","E","M","R","B",null,"M","?","?","?","M","R","T","E","T","$","M","M","R","M","R","B",null,"M","?","M","$","M","R","E","R","T","R","M","T","M","NM","R","B",null,"M","M","?","$","R","M","R","T","?","B",null],"character_chosen":"THE_SILENT","items_purchased":["Membership Card","Girya","StuffTheSpire:Experiment12","PreservedInsect","ReplayTheSpireMod:CursedCoin","Molten Egg 2","StuffTheSpire:CocoNut","infinitespire:Neurotoxin","Art of War","Backflip+1","Snake Skull","TwistedFunnel","MerchantsRug","Backflip","Pantograph","Toolbox","Rawhide","OrangePellets","Toy Ornithopter","Juzu Bracelet","Durian","Predator+1","Replay:Bandana","Strawberry","FossilizedHelix","Replay:Rubber Ducky","Mummified Hand","ExplosiveVial","Blue Doll","ReplayTheSpireMod:TigerMarble","ZombieTooth","infinitespire:Broken Mirror","aspiration:HiddenCompartment","Whetstone","Bottled Tornado","Replay:Arrowhead","Darkstone Periapt","Akabeko","Pocketwatch","vexMod:InvisibilityCloak","hubris:ToyBattleship","Iron Hammer","Fluid Movement"],"campfire_rested":1,"item_purchase_floors":[0,0,0,0,0,0,0,0,0,0,0,0,0,0,5,27,27,27,27,38,38,38,55,55,55,55,55,55,55,55,55,55,55,55,55,55,55,55,55,55,55,55,55],"current_hp_per_floor":[28,28,13,13,13,36,21,21,21,20,18,18,17,26,26,48,39,39,39,39,19,19,19,19,19,19,19,19,19,19,19,19,18,19,17,17,19,24,24,24,24,24,24,24,24,24,17,24,24,23,24,17,24,24,31,31,31,31,31,31,31,31,31],"gold":240,"neow_bonus":"","is_daily":false,"chose_seed":false,"campfire_upgraded":6,"win_rate":0.0,"timestamp":1608948761,"path_taken":["M","?","?","M","?","R","E","AVR","T","M","E","M","E","?","R","BOSS","M","?","?","?","M","R","?","E","T","?","?","M","R","M","R","BOSS","M","?","?","$","M","R","E","R","T","R","M","?","M","NM","R","BOSS","M","M","?","$","R","M","R","T","?","BOSS"],"items_purchased_type":["Relic","Relic","Relic","Relic","Relic","Relic","Relic","Card","Relic","Card","Relic","Relic","Relic","Card","Relic","Relic","Relic","Relic","Relic","Relic","Relic","Card","Relic","Relic","Relic","Relic","Relic","Relic","Relic","Relic","Relic","Relic","Relic","Relic","Relic","Relic","Relic","Relic","Relic","Relic","Relic","Relic","Card"],"build_version":"2020-12-22","purchased_purges":1,"victory":false,"max_hp_per_floor":[77,77,77,77,77,77,77,77,77,77,77,77,77,77,77,77,39,39,39,39,19,19,19,19,19,19,19,19,19,19,19,19,19,19,19,19,19,24,24,24,24,24,24,24,24,24,24,24,24,24,24,24,24,24,31,31,31,31,31,31,31,31,31],"card_choices":[{"not_picked":["Blade Dance","StuffTheSpire:BumpUp+1"],"picked":"PiercingWail","floor":1.0},{"not_picked":["Blade Dance","Hidden Blade"],"picked":"Quick Slash+1","floor":4.0},{"not_picked":["Backflip","Outmaneuver"],"picked":"Crippling Poison","floor":7.0},{"not_picked":["Skewer+1","PiercingWail"],"picked":"Venomology","floor":10.0},{"not_picked":["Hidden Blade","Cloak And Dagger"],"picked":"Backflip","floor":11.0},{"not_picked":["Unload+1","Reflex"],"picked":"Dagger Throw+1","floor":12.0},{"not_picked":["Dagger Spray+1","hubris:SlightOfHand"],"picked":"StuffTheSpire:Sprint","floor":13.0},{"not_picked":["Sucker Punch+1","Riddle With Holes+1"],"picked":"Quick Slash+1","floor":14.0},{"not_picked":["Grand Finale+1","Malaise"],"picked":"Corpse Explosion","floor":16.0},{"not_picked":["Blade Dance+1","StuffTheSpire:Python"],"picked":"Bane+1","floor":18.0},{"not_picked":["Replay:Sssssssssshield","ReplayTheSpireMod:Private Reserves"],"picked":"Finesse","floor":19.0},{"not_picked":["Panacea","ReplayTheSpireMod:Trickstab+1"],"picked":"Sadistic Nature","floor":19.0},{"not_picked":["Leg Sweep","Flying Knee+1"],"picked":"Backflip","floor":22.0},{"not_picked":["hubris:SlightOfHand","Pace"],"picked":"ReplayTheSpireMod:Speed Training","floor":25.0},{"not_picked":["Eviscerate+1","Deflect"],"picked":"Escape Plan","floor":28.0},{"not_picked":["StuffTheSpire:BumpUp+1","StuffTheSpire:Injection+1"],"picked":"Poisoned Stab+1","floor":29.0},{"not_picked":["StuffTheSpire:ClusterCrunch+1","ReplayTheSpireMod:The Works"],"picked":"Dagger Spray+1","floor":31.0},{"not_picked":["Storm of Steel","Grand Finale+1"],"picked":"Night Terror","floor":33.0},{"not_picked":["Reflex+1","Calculated Gamble"],"picked":"Sucker Punch+1","floor":35.0},{"not_picked":["Flying Knee+1","PiercingWail"],"picked":"Concentrate","floor":37.0},{"not_picked":["Sucker Punch+1","hubris:SlightOfHand","Blade Dance"],"picked":"SKIP","floor":39.0},{"not_picked":["Toxin Wave+1","Reflex+1"],"picked":"Envenom","floor":41.0},{"not_picked":["Quick Slash+1","Dagger Spray+1"],"picked":"Poisoned Stab+1","floor":45.0},{"not_picked":["ShadowRift+1","StuffTheSpire:Python","Blade Dance"],"picked":"SKIP","floor":47.0},{"not_picked":["Flying Knee+1","Fluid Movement+1"],"picked":"Poison Darts","floor":48.0},{"not_picked":["ReplayTheSpireMod:From All Sides+1","StuffTheSpire:FinalStruggle+1"],"picked":"A Thousand Cuts","floor":50.0},{"not_picked":["All Out Attack+1","Skewer+1"],"picked":"Slice+1","floor":52.0},{"not_picked":["StuffTheSpire:Shiver","Skewer+1"],"picked":"Dagger Throw+1","floor":53.0},{"not_picked":["Blade Dance","Prepared"],"picked":"Escape Plan","floor":57.0},{"not_picked":["Bullet Time","Replay:Bag of Tricks"],"picked":"A Thousand Cuts","floor":61.0}],"player_experience":498639,"relics_obtained":[{"floor":7.0,"key":"Potion Belt"},{"floor":9.0,"key":"hubris:GlazedTorus"},{"floor":11.0,"key":"infinitespire:Satchel"},{"floor":13.0,"key":"White Beast Statue"},{"floor":24.0,"key":"Du-Vu Doll"},{"floor":25.0,"key":"Quantum Egg"},{"floor":26.0,"key":"hubris:DeckOfHolding"},{"floor":41.0,"key":"Snack Pack"},{"floor":43.0,"key":"The Courier"},{"floor":46.0,"key":"Bottled Lightning"},{"floor":48.0,"key":"StuffTheSpire:HeavyRock"},{"floor":52.0,"key":"paleoftheancients:SoulOfTheShowman"},{"floor":53.0,"key":"paleoftheancients:SoulOfTheWatcher"},{"floor":57.0,"key":"paleoftheancients:SoulOfTheDefect"},{"floor":59.0,"key":"vexMod:BarristanHead"}],"event_choices":[{"damage_healed":0.0,"max_hp_gain":0.0,"max_hp_loss":0.0,"gold_gain":0.0,"event_name":"Shining Light","player_choice":"Entered Light","floor":3.0,"gold_loss":0.0,"damage_taken":15.0,"cards_upgraded":["infinitespire:Neurotoxin","Strike_G"]},{"damage_healed":0.0,"max_hp_gain":0.0,"max_hp_loss":0.0,"gold_gain":2.0,"event_name":"betterStone:BetterStone","player_choice":"1","floor":19.0,"gold_loss":0.0,"damage_taken":0.0},{"damage_healed":0.0,"max_hp_gain":0.0,"max_hp_loss":20.0,"gold_gain":0.0,"event_name":"Ghosts","player_choice":"Became a Ghost","floor":21.0,"gold_loss":0.0,"damage_taken":0.0,"cards_obtained":["Ghostly","Ghostly","Ghostly","Ghostly","Ghostly"]},{"damage_healed":0.0,"max_hp_gain":0.0,"max_hp_loss":0.0,"gold_gain":0.0,"event_name":"Upgrade Shrine","player_choice":"Upgraded","floor":36.0,"gold_loss":0.0,"damage_taken":0.0,"cards_upgraded":["Night Terror"]}],"is_beta":false,"boss_relics":[{"not_picked":["hubris:BlackHole","Painkiller Herb"],"picked":"vexMod:RockOfEvil"},{"not_picked":["Replay:Grab Bag","Busted Crown"],"picked":"Empty Cage"},{"not_picked":["hubris:CrackedHourglass","hubris:GrandSneckoEye"],"picked":"aspiration:SecretTechniqueScroll"},{"not_picked":["Pandora\u0027s Box","Replay:Bronze Core"],"picked":"aspiration:RitualDagger"}],"items_purged_floors":[8],"is_endless":true,"potions_floor_spawned":[1,4,10,13,14,16,18,22,25,28,29,31,33,35,37,39,41,45,47,48,50,52,53,57,61],"ascension_level":12}}