{"host":"4edbuligkc8x13l4","time":1608976794,"event":{"mods":["BaseMod","Minty Spire (QoL Compilation)","StSLib","SuperFastMode"],"gold_per_floor":[113,113,113,125,175,175,195,115,115,132,143,108,108,119,119,119,119],"floor_reached":16,"playtime":557,"items_purged":[],"score":179,"play_id":"974830b1-6f44-4db6-8eda-184eb6d0de41","local_time":"20201226175954","is_ascension_mode":true,"campfire_choices":[{"data":"Thunderclap","floor":6,"key":"SMITH"},{"data":"Searing Blow","floor":15,"key":"SMITH"}],"circlet_count":0,"master_deck":["AscendersBane","Strike_R","Strike_R","Strike_R","Strike_R","Defend_R","Defend_R","Defend_R","Shrug It Off","Thunderclap+1","Sword Boomerang","Rage","Dropkick","Searing Blow+1","Pain"],"relics":["Burning Blood","Letter Opener","WarpedTongs"],"acts_visited":["Exordium"],"potions_floor_usage":[16],"damage_taken":[{"damage":9,"enemies":"2 Louse","floor":1,"turns":3},{"damage":3,"enemies":"Cultist","floor":4,"turns":4},{"damage":4,"enemies":"Jaw Worm","floor":7,"turns":3},{"damage":21,"enemies":"Exordium Thugs","floor":10,"turns":5},{"damage":8,"enemies":"Lots of Slimes","floor":11,"turns":3},{"damage":6,"enemies":"Large Slime","floor":14,"turns":4},{"damage":109,"enemies":"The Guardian","floor":16,"turns":11}],"seed_played":"-8365057681479125562","potions_obtained":[{"floor":7,"key":"Swift Potion"},{"floor":11,"key":"FairyPotion"},{"floor":14,"key":"AttackPotion"}],"is_trial":false,"path_per_floor":["M","?","$","M","?","R","M","$","T","M","M","?","?","M","R","B"],"character_chosen":"IRONCLAD","items_purchased":["Rage"],"campfire_rested":0,"item_purchase_floors":[8],"current_hp_per_floor":[47,47,47,50,50,50,52,52,52,37,35,53,53,53,53,0,0],"gold":119,"neow_bonus":"REMOVE_TWO","is_daily":false,"chose_seed":false,"campfire_upgraded":2,"win_rate":0.0,"timestamp":1608976794,"path_taken":["M","?","$","?","?","R","M","?","T","M","?","?","?","M","R","BOSS"],"items_purchased_type":["Card"],"build_version":"2020-12-22","purchased_purges":0,"victory":false,"max_hp_per_floor":[75,75,75,75,75,75,75,75,75,75,75,75,75,75,75,75,75],"card_choices":[{"not_picked":["Dual Wield","Pommel Strike"],"picked":"Shrug It Off","floor":1},{"not_picked":["Body Slam","Sentinel"],"picked":"Thunderclap","floor":4},{"not_picked":["Barricade","Pummel"],"picked":"Sword Boomerang","floor":7},{"not_picked":["Hemokinesis","Wild Strike"],"picked":"Dropkick","floor":10},{"not_picked":["Reckless Charge","Pommel Strike"],"picked":"Searing Blow","floor":11},{"not_picked":["Headbutt","Heavy Blade","Anger"],"picked":"SKIP","floor":14}],"player_experience":922276,"relics_obtained":[{"floor":9,"key":"Letter Opener"}],"event_choices":[{"cards_removed":["Defend_R"],"damage_healed":0,"gold_gain":0,"player_choice":"Purged","damage_taken":0,"max_hp_gain":0,"max_hp_loss":0,"event_name":"Purifier","floor":2,"gold_loss":0},{"damage_healed":0,"gold_gain":50,"player_choice":"Pray","damage_taken":0,"max_hp_gain":0,"max_hp_loss":0,"event_name":"Golden Shrine","floor":5,"gold_loss":0},{"damage_healed":18,"gold_gain":0,"player_choice":"Healed","damage_taken":0,"max_hp_gain":0,"max_hp_loss":0,"event_name":"The Cleric","floor":12,"gold_loss":35},{"damage_healed":0,"gold_gain":0,"player_choice":"Rummage","damage_taken":0,"relics_obtained":["WarpedTongs"],"max_hp_gain":0,"max_hp_loss":0,"event_name":"Accursed Blacksmith","floor":13,"gold_loss":0,"cards_obtained":["Pain"]}],"is_beta":false,"boss_relics":[],"items_purged_floors":[],"is_endless":false,"potions_floor_spawned":[7,11,14],"killed_by":"The Guardian","ascension_level":19}}