{"host":"03a85bwj0a5skoit","time":1608985779,"event":{"mods":["BaseMod","Block Reminder","Minty Spire (QoL Compilation)","Relic Stats","StSLib"],"gold_per_floor":[115,115,40,114,129,129,147,167,167,167,179,179,236,249,249,323,323,243,243,34,34,34,34,34,34,34],"floor_reached":25,"playtime":1110,"items_purged":["Regret"],"score":386,"play_id":"dab62457-d2ab-4c94-b276-6002fffb306f","local_time":"20201226225939","is_ascension_mode":true,"campfire_choices":[{"data":"Envenom","floor":6,"key":"SMITH"},{"data":"Flechettes","floor":10,"key":"SMITH"},{"data":"Leg Sweep","floor":12,"key":"SMITH"},{"floor":15,"key":"REST"},{"data":"Night Terror","floor":23,"key":"SMITH"}],"circlet_count":0,"master_deck":["AscendersBane","Survivor","Choke","Calculated Gamble","Flechettes+1","Bouncing Flask","Distraction","Underhanded Strike","Envenom+1","Concentrate","Dodge and Roll","Blade Dance","Dodge and Roll","Leg Sweep+1","Backflip","Terror","Dodge and Roll","Grand Finale","Deflect","Night Terror+1","Phantasmal Killer","Footwork","Venomology","Footwork","Backflip"],"relics":["Pandora\u0027s Box","Ginger","Unceasing Top","Oddly Smooth Stone","Ectoplasm"],"acts_visited":["Exordium","TheCity"],"potions_floor_usage":[13,16,25],"damage_taken":[{"damage":0,"enemies":"2 Louse","floor":1,"turns":2},{"damage":8,"enemies":"Small Slimes","floor":5,"turns":2},{"damage":5,"enemies":"Jaw Worm","floor":7,"turns":2},{"damage":4,"enemies":"Blue Slaver","floor":8,"turns":2},{"damage":9,"enemies":"Large Slime","floor":11,"turns":3},{"damage":0,"enemies":"Gremlin Nob","floor":13,"turns":2},{"damage":3,"enemies":"3 Louse","floor":14,"turns":5},{"damage":8,"enemies":"The Guardian","floor":16,"turns":8},{"damage":12,"enemies":"2 Thieves","floor":18,"turns":4},{"damage":22,"enemies":"3 Byrds","floor":21,"turns":6},{"damage":24,"enemies":"Snake Plant","floor":24,"turns":4},{"damage":13,"enemies":"Centurion and Healer","floor":25,"turns":3}],"seed_played":"1593157363741310883","potions_obtained":[{"floor":7,"key":"BlessingOfTheForge"},{"floor":8,"key":"SpeedPotion"},{"floor":24,"key":"ColorlessPotion"}],"is_trial":false,"path_per_floor":["M","?","$","?","M","R","M","M","T","R","M","R","?","M","R","B",null,"M","?","$","M","?","R","M","M"],"character_chosen":"THE_SILENT","items_purchased":["Footwork","Venomology"],"campfire_rested":1,"item_purchase_floors":[20,20],"current_hp_per_floor":[59,59,59,59,51,51,46,42,42,42,33,33,33,30,49,41,60,48,48,48,26,26,26,2,0,0],"gold":34,"neow_bonus":"BOSS_RELIC","is_daily":false,"chose_seed":false,"campfire_upgraded":4,"win_rate":0.0,"timestamp":1608985779,"path_taken":["M","?","$","?","M","R","?","M","T","R","M","R","?","M","R","BOSS","M","?","$","M","?","R","M","?"],"items_purchased_type":["Card","Card"],"build_version":"2020-12-22","purchased_purges":1,"victory":false,"max_hp_per_floor":[66,66,66,66,66,66,66,66,66,66,66,66,66,66,66,66,66,66,66,66,66,66,66,66,66,66],"relic_stats":{"counters":[12,43],"Pandora\u0027s Box":["Choke","Calculated Gamble","Flechettes","Bouncing Flask","Distraction","Bane","Underhanded Strike","Envenom","Concentrate","Dodge and Roll"],"Ectoplasm":129,"Ginger":[12],"obtain_stats":[{"Oddly Smooth Stone":13,"Pandora\u0027s Box":0,"Ectoplasm":17,"Ginger":2,"Unceasing Top":9,"Ring of the Snake":0},{"Oddly Smooth Stone":6,"Pandora\u0027s Box":0,"Ectoplasm":8,"Ginger":1,"Unceasing Top":4,"Ring of the Snake":0},{"Oddly Smooth Stone":13,"Pandora\u0027s Box":0,"Ectoplasm":26,"Ginger":2,"Unceasing Top":8,"Ring of the Snake":0}],"Unceasing Top":[29]},"card_choices":[{"not_picked":["Deflect","Outmaneuver"],"picked":"Blade Dance","floor":1},{"not_picked":["Calculated Gamble","PiercingWail"],"picked":"Dodge and Roll","floor":5},{"not_picked":["Expertise","Bane"],"picked":"Leg Sweep","floor":7},{"not_picked":["Unload","Deadly Poison"],"picked":"Backflip","floor":8},{"not_picked":["Acrobatics","Prepared","Flying Knee"],"picked":"SKIP","floor":11},{"not_picked":["Acrobatics","Prepared","Flying Knee"],"picked":"SKIP","floor":11},{"not_picked":["Flying Knee","Dash"],"picked":"Terror","floor":13},{"not_picked":["Sucker Punch","Outmaneuver"],"picked":"Dodge and Roll","floor":14},{"not_picked":["Bullet Time","Wraith Form v2"],"picked":"Grand Finale","floor":16},{"not_picked":["Sucker Punch","PiercingWail"],"picked":"Deflect","floor":18},{"not_picked":["Choke","PiercingWail","Flying Knee"],"picked":"SKIP","floor":21},{"not_picked":["Poisoned Stab","Flying Knee"],"picked":"Backflip","floor":24}],"player_experience":2318907,"relics_obtained":[{"floor":9,"key":"Unceasing Top"},{"floor":13,"key":"Oddly Smooth Stone"}],"event_choices":[{"damage_healed":0,"gold_gain":0,"player_choice":"Box","damage_taken":0,"relics_obtained":["Ginger"],"max_hp_gain":0,"max_hp_loss":0,"event_name":"Big Fish","floor":2,"gold_loss":0,"cards_obtained":["Regret"]},{"damage_healed":0,"gold_gain":74,"player_choice":"Gained Gold","damage_taken":0,"max_hp_gain":0,"max_hp_loss":0,"event_name":"Golden Wing","floor":4,"gold_loss":0},{"damage_healed":0,"gold_gain":0,"player_choice":"Searched \u00271\u0027 times","damage_taken":0,"max_hp_gain":0,"max_hp_loss":0,"event_name":"Dead Adventurer","floor":13,"gold_loss":0},{"damage_healed":0,"gold_gain":0,"cards_transformed":["Neutralize","Bane"],"player_choice":"Became Test Subject","damage_taken":0,"max_hp_gain":0,"max_hp_loss":0,"event_name":"Drug Dealer","floor":19,"gold_loss":0,"cards_obtained":["Night Terror","Phantasmal Killer"]},{"damage_healed":0,"gold_gain":0,"player_choice":"Copied","damage_taken":0,"max_hp_gain":0,"max_hp_loss":0,"event_name":"Duplicator","floor":22,"gold_loss":0,"cards_obtained":["Footwork"]}],"is_beta":false,"boss_relics":[{"not_picked":["Runic Dome","Snecko Eye"],"picked":"Ectoplasm"}],"items_purged_floors":[3],"is_endless":false,"potions_floor_spawned":[7,8,11,24],"killed_by":"Centurion and Healer","ascension_level":20}}