{"host":"tdnyldo1u78onw41","time":1608967009,"event":{"mods":["Aspiration","BaseMod","Better Note","BetterRewards","Challenge The Spire","Colored Map","Downfall","Luminous","Minty Spire (QoL Compilation)","MostiFishMod","Relic Stats","RumiaBox-露米娅的神秘盒子","Shop Mod","Spicy Shops","Spire Birthday Party","StSLib","The Servant 0.9.4","WarShipGirlsR/战舰少女R mod","【遗物卡牌】REMEMod"],"gold_per_floor":[119,294,244,244,244,260,278,311,335,335,351,385,401,425,425,545,545,561,100,100,100,200,240,258,11,11,46,81,93,121,156,168,305,317,349,361,373,399,411,423,435,810,898,1243,1289,317,328,354,354,354],"floor_reached":51,"playtime":2955,"items_purged":["rmod:strick","rmod:strick","rmod:fletcher","rmod:defend"],"score":953,"play_id":"5ee6ea64-170e-4f19-b0fc-97fc11f82389","local_time":"20201226151649","is_ascension_mode":false,"campfire_choices":[{"data":"Apotheosis","floor":10,"key":"SMITH"},{"data":"rmod:openingtorpedo","floor":15,"key":"SMITH"},{"data":"rmod:stealaluminum","floor":29,"key":"SMITH"},{"data":"rmod:supriseattacks","floor":32,"key":"SMITH"},{"data":"rmod:fuelsupply","floor":40,"key":"SMITH"},{"data":"rmod:basicallowance","floor":49,"key":"SMITH"}],"circlet_count":0,"master_deck":["rmod:defend","rmod:defend","rmod:defend","rmod:basicallowance+1","rmod:maingunfire","Apotheosis+1","rmod:circuitoustactics","rmod:firesupport","rmod:ammunitionsupply","rmod:lonelyqueen","rmod:guardianhero","rmod:diaomin","rmod:openingtorpedo+1","rmod:stealaluminum+1","rmod:supriseattacks+1","rmod:abidefaith+1","rmod:rockthrower","rmod:circuitoustactics+1","rmod:ammunitionsupply+1","rmod:ridicule","rmod:aggressivemary+1","rmod:fuelsupply+1","rmod:windflower","MostiFishMod:JungleRules","rmod:garrisonisland+1","rmod:ridicule","rmod:guardianhero+1"],"relics":["rmod:firstchargereward","DaveBox","REME_ComplimentaryCards","EGODaCapo","Pantograph","ChaoDraw","Juzu Bracelet","SynthV:C4","Philosopher\u0027s Stone","SSSystem","Lantern","Blood Vial","Strange Spoon","Civilization","MawBank","SoulBox","Old Coin","Bottled Tornado","MagicDraw1","Ying","TimeFreeze","REME_LimitBreaker","Oddly Smooth Stone","FossilizedHelix"],"acts_visited":["Exordium","TheCity","TheBeyond"],"potions_floor_usage":[],"damage_taken":[{"damage":0,"enemies":"Small Slimes","floor":1,"turns":3},{"damage":1,"enemies":"Jaw Worm","floor":6,"turns":4},{"damage":0,"enemies":"Cultist","floor":7,"turns":3},{"damage":10,"enemies":"Gremlin Nob","floor":8,"turns":3},{"damage":5,"enemies":"Exordium Wildlife","floor":11,"turns":3},{"damage":0,"enemies":"Lagavulin","floor":12,"turns":7},{"damage":1,"enemies":"Red Slaver","floor":13,"turns":3},{"damage":0,"enemies":"2 Fungi Beasts","floor":14,"turns":3},{"damage":32,"enemies":"Hexaghost","floor":16,"turns":9},{"damage":10,"enemies":"Shell Parasite","floor":18,"turns":4},{"damage":14,"enemies":"Slavers","floor":23,"turns":4},{"damage":0,"enemies":"Chosen","floor":24,"turns":3},{"damage":13,"enemies":"Book of Stabbing","floor":27,"turns":6},{"damage":0,"enemies":"Snecko","floor":28,"turns":4},{"damage":12,"enemies":"Chosen and Byrds","floor":30,"turns":6},{"damage":0,"enemies":"Cultist and Chosen","floor":31,"turns":1},{"damage":0,"enemies":"Automaton","floor":33,"turns":4},{"damage":0,"enemies":"3 Darklings","floor":35,"turns":2},{"damage":0,"enemies":"3 Shapes","floor":38,"turns":1},{"damage":1,"enemies":"Mind Bloom Boss Battle","floor":42,"turns":3},{"damage":0,"enemies":"Reptomancer","floor":45,"turns":1},{"damage":0,"enemies":"Writhing Mass","floor":47,"turns":1},{"damage":0,"enemies":"Nemesis","floor":48,"turns":1},{"damage":20,"enemies":"Time Eater","floor":50,"turns":5}],"seed_played":"-6368991917363883054","potions_obtained":[{"floor":6,"key":"GamblersBrew"},{"floor":8,"key":"DistilledChaos"},{"floor":12,"key":"SpeedPotion"},{"floor":33,"key":"DistilledChaos"}],"is_trial":false,"path_per_floor":["M","?","?","?","?","M","M","E","T","R","M","E","M","M","R","B",null,"M","$","?","?","?","E","M","$","T","E","M","R","M","M","R","B",null,"M","?","?","M","?","R","?","?","T","?","E","$","M","E","R","B",null],"character_chosen":"PRAEFECT","items_purchased":["SSSystem","Lantern","rmod:supriseattacks","Strange Spoon","Ying","TimeFreeze","REME_LimitBreaker","Oddly Smooth Stone"],"campfire_rested":0,"item_purchase_floors":[19,19,19,25,46,46,46,46],"current_hp_per_floor":[82,82,82,57,57,56,56,46,46,46,41,41,40,40,40,33,76,66,66,66,66,66,52,54,54,54,44,48,48,42,50,50,86,98,113,113,113,131,131,131,131,149,149,149,172,172,195,219,219,224],"gold":354,"neow_bonus":"TEN_PERCENT_HP_BONUS","is_daily":false,"chose_seed":false,"campfire_upgraded":6,"win_rate":0.0,"timestamp":1608967009,"path_taken":["M","?","?","?","?","M","M","E","T","R","M","E","M","M","R","BOSS","M","$","?","?","?","E","M","?","T","E","M","R","M","M","R","BOSS","M","?","?","M","?","R","?","?","T","?","E","?","M","E","R","BOSS"],"items_purchased_type":["Relic","Relic","Card","Relic","Relic","Relic","Relic","Relic"],"build_version":"2020-12-22","purchased_purges":4,"victory":true,"max_hp_per_floor":[82,82,82,82,76,76,76,76,76,76,76,76,76,76,76,76,76,76,76,76,76,76,76,76,76,76,77,79,79,83,89,89,98,98,113,113,113,131,131,131,131,150,150,150,172,172,195,219,219,244],"relic_stats":{"Blood Vial":13,"Strange Spoon":[18],"counters":[24,84],"Pantograph":50,"Juzu Bracelet":2,"MawBank":228,"obtain_stats":[{"Lantern":19,"Ying":46,"DaveBox":0,"SSSystem":19,"SoulBox":34,"Juzu Bracelet":9,"Bottled Tornado":43,"SynthV:C4":12,"Old Coin":42,"MagicDraw1":45,"Blood Vial":23,"Civilization":26,"Pantograph":4,"Philosopher\u0027s Stone":17,"Golden Idol":5,"Oddly Smooth Stone":46,"REME_LimitBreaker":46,"MawBank":27,"TimeFreeze":46,"ChaoDraw":8,"Strange Spoon":25,"EGODaCapo":0,"rmod:firstchargereward":0,"FossilizedHelix":48,"REME_ComplimentaryCards":0},{"Lantern":10,"Ying":21,"DaveBox":0,"SSSystem":10,"SoulBox":17,"Juzu Bracelet":4,"Bottled Tornado":20,"SynthV:C4":6,"Old Coin":20,"MagicDraw1":21,"Blood Vial":11,"Civilization":12,"Pantograph":1,"Philosopher\u0027s Stone":9,"Golden Idol":1,"Oddly Smooth Stone":21,"REME_LimitBreaker":21,"MawBank":13,"TimeFreeze":21,"ChaoDraw":4,"Strange Spoon":12,"EGODaCapo":0,"rmod:firstchargereward":0,"FossilizedHelix":23,"REME_ComplimentaryCards":0},{"Lantern":42,"Ying":77,"DaveBox":0,"SSSystem":42,"SoulBox":70,"Juzu Bracelet":13,"Bottled Tornado":76,"SynthV:C4":23,"Old Coin":76,"MagicDraw1":77,"Blood Vial":46,"Civilization":49,"Pantograph":3,"Philosopher\u0027s Stone":38,"Golden Idol":3,"Oddly Smooth Stone":77,"REME_LimitBreaker":77,"MawBank":55,"TimeFreeze":77,"ChaoDraw":13,"Strange Spoon":49,"EGODaCapo":0,"rmod:firstchargereward":0,"FossilizedHelix":79,"REME_ComplimentaryCards":0}]},"card_choices":[{"not_picked":["rmod:slowdown","rmod:steelsupply"],"picked":"rmod:circuitoustactics","floor":1},{"not_picked":["rmod:diamondstrike","rmod:goodfighter"],"picked":"rmod:firesupport","floor":6},{"not_picked":["rmod:capitalist","rmod:diamondstrike"],"picked":"rmod:ammunitionsupply","floor":7},{"not_picked":["rmod:diamondstrike","rmod:ring"],"picked":"rmod:fletcher","floor":8},{"not_picked":["rmod:fuelsupply","rmod:diamondstrike"],"picked":"rmod:lonelyqueen","floor":11},{"not_picked":["rmod:aggressivemary","rmod:firesupport"],"picked":"rmod:guardianhero","floor":12},{"not_picked":["rmod:unsinkable","rmod:ammunitionsupply"],"picked":"rmod:diaomin","floor":13},{"not_picked":["rmod:circuitoustactics","rmod:tearstotiara"],"picked":"rmod:openingtorpedo","floor":14},{"not_picked":["rmod:seals","rmod:expeditionaryescort"],"picked":"rmod:stealaluminum","floor":16},{"not_picked":["rmod:capitalist+1","rmod:unsinkable","rmod:supportescort"],"picked":"SKIP","floor":18},{"not_picked":["rmod:firesupport","rmod:supportescort"],"picked":"rmod:rockthrower","floor":23},{"not_picked":["rmod:ring","rmod:diaomin"],"picked":"rmod:circuitoustactics+1","floor":24},{"not_picked":["rmod:intelligenceanalysis","rmod:firesupport"],"picked":"rmod:ammunitionsupply+1","floor":27},{"not_picked":["rmod:diamondstrike+1","rmod:launchingtorpedo"],"picked":"rmod:ridicule","floor":28},{"not_picked":["rmod:capitalist","rmod:launchingtorpedo"],"picked":"rmod:aggressivemary+1","floor":30},{"not_picked":["rmod:victimresponsibility","rmod:aluminumsupply"],"picked":"rmod:fuelsupply","floor":31},{"not_picked":["rmod:abidefaith","rmod:expeditionaryescort"],"picked":"rmod:windflower","floor":33},{"not_picked":["rmod:ammunitionsupply+1","rmod:firesupport+1","rmod:tearstotiara+1"],"picked":"SKIP","floor":35},{"not_picked":["expansioncontent:HyperBeam","expansioncontent:Torchfire"],"picked":"MostiFishMod:JungleRules","floor":37},{"not_picked":["rmod:punchline+1","rmod:luckystar"],"picked":"rmod:garrisonisland+1","floor":38},{"not_picked":["rmod:aviationdawn+1","rmod:diamondstrike+1"],"picked":"rmod:ridicule","floor":45},{"not_picked":["rmod:circuitoustactics","rmod:fletcherpendant"],"picked":"rmod:guardianhero+1","floor":47},{"not_picked":["rmod:circuitoustactics+1","rmod:aluminumsupply","rmod:slowdown"],"picked":"SKIP","floor":48}],"player_experience":88533,"relics_obtained":[{"floor":8,"key":"ChaoDraw"},{"floor":9,"key":"Juzu Bracelet"},{"floor":12,"key":"SynthV:C4"},{"floor":23,"key":"Blood Vial"},{"floor":26,"key":"Civilization"},{"floor":27,"key":"MawBank"},{"floor":42,"key":"Old Coin"},{"floor":43,"key":"Bottled Tornado"},{"floor":45,"key":"MagicDraw1"},{"floor":48,"key":"FossilizedHelix"}],"event_choices":[{"damage_healed":0,"gold_gain":175,"player_choice":"AGREE","damage_taken":0,"max_hp_gain":0,"max_hp_loss":0,"event_name":"Liars Game","floor":2,"gold_loss":0,"cards_obtained":["Doubt"]},{"cards_removed":["Doubt"],"damage_healed":0,"gold_gain":0,"player_choice":"Card Removal","damage_taken":0,"max_hp_gain":0,"max_hp_loss":0,"event_name":"The Cleric","floor":3,"gold_loss":50},{"damage_healed":0,"gold_gain":0,"player_choice":"Success","damage_taken":25,"relics_obtained":["Pantograph"],"max_hp_gain":0,"max_hp_loss":0,"event_name":"Scrap Ooze","floor":4,"gold_loss":0},{"damage_healed":0,"gold_gain":0,"player_choice":"Lose Max HP","damage_taken":0,"relics_obtained":["Golden Idol"],"max_hp_gain":0,"max_hp_loss":6,"event_name":"Golden Idol","floor":5,"gold_loss":0},{"cards_removed":["rmod:lonelyqueen"],"damage_healed":0,"gold_gain":0,"player_choice":"Give","damage_taken":0,"max_hp_gain":0,"max_hp_loss":0,"event_name":"betterNote:BetterNote","floor":20,"gold_loss":0,"cards_obtained":["None"]},{"damage_healed":0,"gold_gain":0,"cards_transformed":["rmod:strick"],"player_choice":"Transformed","damage_taken":0,"max_hp_gain":0,"max_hp_loss":0,"event_name":"Transmorgrifier","floor":21,"gold_loss":0,"cards_obtained":["rmod:abidefaith"]},{"damage_healed":0,"gold_gain":100,"player_choice":"Pray","damage_taken":0,"max_hp_gain":0,"max_hp_loss":0,"event_name":"Golden Shrine","floor":22,"gold_loss":0},{"cards_removed":["rmod:strick"],"damage_healed":0,"gold_gain":0,"player_choice":"Removed Attack","damage_taken":0,"max_hp_gain":0,"max_hp_loss":0,"event_name":"Falling","floor":36,"gold_loss":0},{"damage_healed":0,"gold_gain":0,"player_choice":"Memory 1","damage_taken":0,"max_hp_gain":0,"max_hp_loss":0,"event_name":"SensoryStone","floor":37,"gold_loss":0},{"damage_healed":0,"gold_gain":0,"player_choice":"Forge","damage_taken":0,"max_hp_gain":0,"max_hp_loss":0,"event_name":"Accursed Blacksmith","floor":39,"gold_loss":0,"cards_upgraded":["rmod:abidefaith"]},{"damage_healed":0,"gold_gain":0,"player_choice":"Fight","damage_taken":0,"max_hp_gain":0,"max_hp_loss":0,"event_name":"MindBloom","floor":42,"gold_loss":0},{"damage_healed":0,"gold_gain":333,"player_choice":"Gave Idol","damage_taken":0,"max_hp_gain":0,"max_hp_loss":0,"event_name":"The Moai Head","floor":44,"relics_lost":["Golden Idol"],"gold_loss":0}],"is_beta":false,"boss_relics":[{"not_picked":["aspiration:ServantSkillbook","Ectoplasm"],"picked":"Philosopher\u0027s Stone"},{"not_picked":["EasyGame_NEW","TakeMeEscape"],"picked":"SoulBox"}],"items_purged_floors":[19,25,46,46],"is_endless":false,"potions_floor_spawned":[6,8,12,16,23,24,30,33,42,48],"ascension_level":0}}