{"host":"wuk1ltmmka824l9y","time":1608970042,"event":{"mods":["AchievementEnabler","BaseMod","Custom Start","DeckTracker","Minty Spire (QoL Compilation)","Quick Restart","StSLib","SuperFastMode"],"gold_per_floor":[110,120,131,151,151,163,163,163,217,217,250,250,250,261,261,366,366,386,311,328,338,338,368,368,402,414,444,456,484,496,534,546,653,665,695,510,560,560,560,586,599,599,599],"floor_reached":42,"playtime":2401,"items_purged":["Decay","Strike_G"],"score":608,"play_id":"8f4253a4-bc0d-4883-a68e-7fd59c4314b5","local_time":"20201226170722","is_ascension_mode":true,"campfire_choices":[{"data":"Deadly Poison","floor":8.0,"key":"SMITH"},{"data":"Deadly Poison","floor":10.0,"key":"SMITH"},{"data":"Doppelganger","floor":12.0,"key":"SMITH"},{"floor":15.0,"key":"REST"},{"data":"Crippling Poison","floor":30.0,"key":"SMITH"},{"data":"Noxious Fumes","floor":32.0,"key":"SMITH"}],"circlet_count":0,"master_deck":["Strike_G","Defend_G+1","Defend_G","Defend_G+1","Defend_G","Defend_G","Survivor","Neutralize","Quick Slash","Acrobatics","Deadly Poison+1","Well Laid Plans","Deadly Poison+1","Doppelganger+1","Deadly Poison","Venomology","Leg Sweep","Flechettes+1","Leg Sweep+1","Noxious Fumes+1","Reflex","Prepared","Prepared","Crippling Poison+1","PiercingWail+1","Acrobatics+1","A Thousand Cuts","Backflip","Heel Hook","Madness","Madness","Concentrate","Footwork+1"],"relics":["Ring of the Snake","Toy Ornithopter","Happy Flower","Shuriken","Coffee Dripper","Bronze Scales","MawBank","Singing Bowl","Nunchaku","Cursed Key","Membership Card","Turnip","Tingsha"],"acts_visited":["Exordium","TheCity","TheBeyond"],"potions_floor_usage":[41,41],"damage_taken":[{"damage":2.0,"enemies":"Cultist","floor":1.0,"turns":4.0},{"damage":0.0,"enemies":"2 Louse","floor":2.0,"turns":4.0},{"damage":0.0,"enemies":"Small Slimes","floor":3.0,"turns":3.0},{"damage":13.0,"enemies":"Exordium Thugs","floor":4.0,"turns":5.0},{"damage":3.0,"enemies":"3 Louse","floor":6.0,"turns":4.0},{"damage":21.0,"enemies":"3 Sentries","floor":11.0,"turns":11.0},{"damage":4.0,"enemies":"Large Slime","floor":14.0,"turns":3.0},{"damage":38.0,"enemies":"The Guardian","floor":16.0,"turns":8.0},{"damage":2.0,"enemies":"Chosen","floor":18.0,"turns":5.0},{"damage":0.0,"enemies":"3 Byrds","floor":20.0,"turns":3.0},{"damage":4.0,"enemies":"Centurion and Healer","floor":21.0,"turns":5.0},{"damage":19.0,"enemies":"Slavers","floor":23.0,"turns":7.0},{"damage":22.0,"enemies":"Book of Stabbing","floor":25.0,"turns":5.0},{"damage":2.0,"enemies":"Shelled Parasite and Fungi","floor":27.0,"turns":4.0},{"damage":0.0,"enemies":"Snake Plant","floor":29.0,"turns":4.0},{"damage":16.0,"enemies":"Slavers","floor":31.0,"turns":5.0},{"damage":16.0,"enemies":"Automaton","floor":33.0,"turns":9.0},{"damage":6.0,"enemies":"3 Shapes","floor":35.0,"turns":5.0},{"damage":0.0,"enemies":"Mind Bloom Boss Battle","floor":37.0,"turns":5.0},{"damage":45.0,"enemies":"Giant Head","floor":40.0,"turns":9.0},{"damage":1,"enemies":"3 Darklings","floor":41,"turns":4},{"damage":27,"enemies":"Jaw Worm Horde","floor":42,"turns":4}],"seed_played":"8637218587432548643","potions_obtained":[{"floor":2.0,"key":"LiquidBronze"},{"floor":3.0,"key":"EntropicBrew"},{"floor":4.0,"key":"Energy Potion"},{"floor":16.0,"key":"Strength Potion"},{"floor":20.0,"key":"AttackPotion"},{"floor":21.0,"key":"Energy Potion"}],"is_trial":false,"path_per_floor":["M","M","M","M","?","M","?","R","T","R","E","R","?","M","R","B",null,"M","$","M","M","?","E","?","E","T","M","?","M","R","E","R","B",null,"M","$","?","?","?","E","M","M"],"character_chosen":"THE_SILENT","items_purchased":["Membership Card"],"campfire_rested":1,"item_purchase_floors":[36],"current_hp_per_floor":[68,68,68,55,60,57,42,42,42,42,21,21,21,17,39,6,58,61,61,71,71,71,56,56,54,54,57,57,72,72,59,59,53,70,64,64,64,55,55,17,26,0,0],"gold":599,"neow_bonus":"RANDOM_COMMON_RELIC","is_daily":false,"chose_seed":false,"campfire_upgraded":5,"win_rate":0.0,"timestamp":1608970042,"path_taken":["M","M","M","M","?","M","?","R","T","R","E","R","?","M","R","BOSS","M","$","M","M","?","E","?","E","T","M","?","?","R","E","R","BOSS","M","$","?","?","?","E","M","M"],"items_purchased_type":["Relic"],"build_version":"2020-12-22","purchased_purges":2,"victory":false,"max_hp_per_floor":[70,70,70,70,75,75,75,75,75,75,75,75,75,75,75,75,75,75,75,75,75,75,75,75,75,75,75,75,75,75,75,75,75,75,75,75,75,75,75,77,77,77,77],"card_choices":[{"not_picked":["Dodge and Roll","Underhanded Strike"],"picked":"Quick Slash","floor":1.0},{"not_picked":["Dagger Throw","Choke"],"picked":"Acrobatics","floor":2.0},{"not_picked":["Setup","Underhanded Strike"],"picked":"Deadly Poison","floor":3.0},{"not_picked":["Concentrate","Acrobatics"],"picked":"Well Laid Plans","floor":4.0},{"not_picked":["Quick Slash","Well Laid Plans"],"picked":"Deadly Poison","floor":6.0},{"not_picked":["Dodge and Roll","All Out Attack"],"picked":"Doppelganger","floor":11.0},{"not_picked":["All Out Attack","Calculated Gamble"],"picked":"Deadly Poison","floor":14.0},{"not_picked":["Storm of Steel","A Thousand Cuts"],"picked":"Venomology","floor":16.0},{"not_picked":["Prepared","Blade Dance"],"picked":"Leg Sweep","floor":18.0},{"not_picked":["Dagger Spray","All Out Attack"],"picked":"Flechettes+1","floor":20.0},{"not_picked":["Envenom","Bane"],"picked":"Leg Sweep+1","floor":21.0},{"not_picked":["Blade Dance","Grand Finale"],"picked":"Prepared","floor":23.0},{"not_picked":["Underhanded Strike","Slice","Endless Agony"],"picked":"SKIP","floor":25.0},{"not_picked":["Flying Knee","Dagger Spray+1"],"picked":"Crippling Poison","floor":27.0},{"not_picked":["Terror+1","Leg Sweep"],"picked":"PiercingWail+1","floor":29.0},{"not_picked":["Prepared","Finisher"],"picked":"Acrobatics+1","floor":31.0},{"not_picked":["Unload","Phantasmal Killer"],"picked":"A Thousand Cuts","floor":33.0},{"not_picked":["Masterful Stab","Cloak And Dagger+1"],"picked":"Backflip","floor":35.0},{"not_picked":["Setup+1","Skewer"],"picked":"Heel Hook","floor":37.0},{"not_picked":["Poisoned Stab","Expertise","Blur"],"picked":"Singing Bowl","floor":40.0},{"not_picked":["Dagger Throw","Outmaneuver+1"],"picked":"Footwork+1","floor":41}],"player_experience":330006,"relics_obtained":[{"floor":9.0,"key":"Happy Flower"},{"floor":11.0,"key":"Shuriken"},{"floor":23.0,"key":"Bronze Scales"},{"floor":25.0,"key":"MawBank"},{"floor":26.0,"key":"Singing Bowl"},{"floor":31.0,"key":"Nunchaku"},{"floor":37.0,"key":"Turnip"},{"floor":40.0,"key":"Tingsha"}],"event_choices":[{"damage_healed":0.0,"max_hp_gain":5.0,"max_hp_loss":0.0,"gold_gain":0.0,"event_name":"Big Fish","player_choice":"Donut","floor":5.0,"gold_loss":0.0,"damage_taken":0.0},{"damage_healed":0.0,"max_hp_gain":0.0,"max_hp_loss":0.0,"gold_gain":0.0,"event_name":"Shining Light","player_choice":"Entered Light","floor":7.0,"gold_loss":0.0,"damage_taken":15.0,"cards_upgraded":["Defend_G","Defend_G"]},{"damage_healed":0.0,"max_hp_gain":0.0,"max_hp_loss":0.0,"gold_gain":0.0,"event_name":"Wheel of Change","player_choice":"Cursed","floor":13.0,"gold_loss":0.0,"damage_taken":0.0,"cards_obtained":["Decay"]},{"damage_healed":0.0,"max_hp_gain":0.0,"max_hp_loss":0.0,"gold_gain":0.0,"cards_transformed":["Strike_G","Strike_G"],"event_name":"Drug Dealer","player_choice":"Became Test Subject","floor":22.0,"gold_loss":0.0,"damage_taken":0.0,"cards_obtained":["Noxious Fumes","Reflex"]},{"damage_healed":0.0,"max_hp_gain":0.0,"max_hp_loss":0.0,"gold_gain":0.0,"event_name":"The Library","player_choice":"Read","floor":24.0,"gold_loss":0.0,"damage_taken":0.0,"cards_obtained":["Prepared"]},{"damage_healed":0.0,"max_hp_gain":0.0,"max_hp_loss":0.0,"gold_gain":0.0,"event_name":"Vampires","player_choice":"Ignored","floor":28.0,"gold_loss":0.0,"damage_taken":0.0},{"damage_healed":0.0,"max_hp_gain":0.0,"max_hp_loss":0.0,"gold_gain":0.0,"event_name":"MindBloom","player_choice":"Fight","floor":37.0,"gold_loss":0.0,"damage_taken":0.0},{"damage_healed":0.0,"max_hp_gain":0.0,"max_hp_loss":0.0,"gold_gain":0.0,"event_name":"Winding Halls","player_choice":"Embrace Madness","floor":38.0,"gold_loss":0.0,"damage_taken":9.0,"cards_obtained":["Madness","Madness"]},{"damage_healed":0.0,"max_hp_gain":0.0,"max_hp_loss":0.0,"gold_gain":0.0,"cards_transformed":["Strike_G"],"event_name":"Transmorgrifier","player_choice":"Transformed","floor":39.0,"gold_loss":0.0,"damage_taken":0.0,"cards_obtained":["Concentrate"]}],"is_beta":false,"boss_relics":[{"not_picked":["Velvet Choker","HoveringKite"],"picked":"Coffee Dripper"},{"not_picked":["Philosopher\u0027s Stone","Calling Bell"],"picked":"Cursed Key"}],"items_purged_floors":[19,36],"is_endless":false,"potions_floor_spawned":[2,3,4,16,20,21],"killed_by":"Jaw Worm Horde","ascension_level":5}}