{"host":"rkizb0bayd67deyv","time":1608994546,"event":{"mods":["2.2 Compatiblity","AchievementEnabler","Astrologer","BaseMod","Beaked The Cultist","BetterRewards","CapriCore","Colored Map","Colored Powertips","GifTheSpireLib","Gremlin Mod","KinomotoSakuraMod(ñÿîVñ{?)","Koishi","Mad Scientist","MarisaÅiñ∂âJÅ@ñÇóùçπÅj","Minty Spire (QoL Compilation)","Quick Restart","StSLib","SuperFastMode","The Bladedancer","The Cursed","The Death Knight","The Immortal","The Mystic","The Poker Player","Unknown Chances","YoumuÅiç∞ÈÆódöÎÅj"],"gold_per_floor":[109,121,71,71,85,114,114,39,39,119,152,163,175,208,208,310,310,327,327,346,95,20,52,52,85,85,97,126,136,136,136,136,239,239,256,269,18,0,0,0,28,38,38,53,81,81,94,118,118,118],"floor_reached":51,"playtime":1881,"items_purged":["Gremlin:Defend","Gremlin:Strike"],"score":1685,"play_id":"80b4721d-f021-4cd4-b9ab-e99031342244","local_time":"20201226235546","is_ascension_mode":true,"campfire_choices":[{"data":"Apotheosis","floor":7.0,"key":"SMITH"},{"data":"Gremlin:Flurry","floor":15.0,"key":"SMITH"},{"data":"Gremlin:SecondVolley","floor":24.0,"key":"SMITH"},{"data":"Gremlin:Pinprick","floor":30,"key":"SMITH"},{"data":"Gremlin:Erupt","floor":32,"key":"SMITH"},{"data":"beaked:WalkersFury","floor":40,"key":"SMITH"},{"data":"Gremlin:FairyDust","floor":49,"key":"SMITH"}],"circlet_count":0,"master_deck":["Gremlin:Strike","Gremlin:Defend","Gremlin:TagTeam","Gremlin:GremlinDance+1","Gremlin:ProperTools","Apotheosis+1","Gremlin:GremlinArms","Gremlin:Flurry+1","Gremlin:GlitterGuard","Gremlin:SecondVolley+1","Gremlin:Glimmer+1","Gremlin:FairyDust+1","Gremlin:Revel","Gremlin:Erupt+1","Gremlin:CongaLine","beaked:WalkersFury+1","Finesse","Gremlin:RageBreak+1"],"relics":["Gremlin:GremlinKnob","Du-Vu Doll","Gremlin:SupplyScroll","Potion Belt","Thread and Needle","Singing Bowl","White Beast Statue","Blue Candle","Ginger","Blood Vial","Coffee Dripper","Gremlin:WizardStaff","Happy Flower","Lantern","Regal Pillow","Juzu Bracelet","Strawberry","beaked:SacredDeck","OrangePellets","Red Mask","Letter Opener","Toxic Egg 2","Whetstone","Ancient Tea Set"],"acts_visited":["Exordium","TheCity","TheBeyond"],"potions_floor_usage":[25,33,50,50,50,50,50,50,50,50,50],"damage_taken":[{"damage":0.0,"enemies":"Cultist","floor":1.0,"turns":3.0},{"damage":0.0,"enemies":"Small Slimes","floor":2.0,"turns":4.0},{"damage":0.0,"enemies":"Jaw Worm","floor":5.0,"turns":3.0},{"damage":0.0,"enemies":"Lagavulin","floor":6.0,"turns":6.0},{"damage":0.0,"enemies":"Gremlin Nob","floor":11.0,"turns":2.0},{"damage":0.0,"enemies":"Red Slaver","floor":12.0,"turns":4.0},{"damage":0.0,"enemies":"Exordium Thugs","floor":13.0,"turns":4.0},{"damage":0.0,"enemies":"Lagavulin","floor":14.0,"turns":5.0},{"damage":6.0,"enemies":"The Guardian","floor":16.0,"turns":14.0},{"damage":0.0,"enemies":"Chosen","floor":18.0,"turns":2.0},{"damage":0.0,"enemies":"2 Thieves","floor":20.0,"turns":3.0},{"damage":0.0,"enemies":"Slavers","floor":23.0,"turns":3.0},{"damage":0,"enemies":"Book of Stabbing","floor":25,"turns":2},{"damage":0,"enemies":"Snecko","floor":27,"turns":1},{"damage":0,"enemies":"Gremlin Leader","floor":28,"turns":1},{"damage":4,"enemies":"Centurion and Healer","floor":29,"turns":2},{"damage":0,"enemies":"Champ","floor":33,"turns":6},{"damage":10,"enemies":"3 Shapes","floor":35,"turns":1},{"damage":0,"enemies":"3 Darklings","floor":36,"turns":3},{"damage":0,"enemies":"Reptomancer","floor":41,"turns":2},{"damage":0,"enemies":"Spire Growth","floor":42,"turns":2},{"damage":3,"enemies":"Writhing Mass","floor":44,"turns":3},{"damage":0,"enemies":"Giant Head","floor":45,"turns":2},{"damage":0,"enemies":"Sphere and 2 Shapes","floor":47,"turns":1},{"damage":0,"enemies":"Donu and Deca","floor":50,"turns":2}],"seed_played":"5888224075661817357","potions_obtained":[{"floor":1.0,"key":"SteroidPotion"},{"floor":5.0,"key":"DeathKnight:RimePotion"},{"floor":6.0,"key":"LiquidMemories"},{"floor":11.0,"key":"PowerPotion"},{"floor":12.0,"key":"SmokeBomb"},{"floor":13.0,"key":"DeathKnight:RimePotion"},{"floor":14.0,"key":"FairyPotion"},{"floor":18.0,"key":"Strength Potion"},{"floor":25,"key":"Block Potion"},{"floor":27,"key":"ColorlessPotion"},{"floor":28,"key":"EntropicBrew"},{"floor":33,"key":"Energy Potion"},{"floor":39,"key":"EntropicBrew"},{"floor":39,"key":"CultistPotion"}],"is_trial":false,"path_per_floor":["M","M","?","?","M","E","R","$","T","T","E","M","M","E","R","B",null,"M","T","M","$","?","E","R","E","T","M","E","M","R","?","R","B",null,"M","M","$","?","?","R","E","M","T","M","E","?","M","T","R","B",null],"character_chosen":"GREMLIN","items_purchased":["Gremlin:SupplyScroll","Gremlin:ProperTools","Apotheosis","Potion Belt","Gremlin:GremlinArms","Happy Flower","Finesse","OrangePellets"],"campfire_rested":0,"item_purchase_floors":[0,0,0,0,0,21,37,37],"current_hp_per_floor":[9,20,20,20,20,21,21,21,21,21,22,22,23,23,23,17,23,24,24,25,25,25,25,25,25,25,26,29,30,30,30,30,30,30,31,32,32,32,32,32,33,24,24,35,35,35,36,36,36,36],"gold":118,"neow_bonus":"","is_daily":false,"chose_seed":false,"campfire_upgraded":7,"win_rate":0.0,"timestamp":1608994546,"path_taken":["M","?","?","?","?","E","R","$","T","?","E","M","M","E","R","BOSS","M","?","M","?","?","E","R","E","T","M","E","M","R","?","R","BOSS","M","M","$","?","?","R","E","M","T","M","E","?","M","?","R","BOSS"],"items_purchased_type":["Relic","Card","Card","Relic","Card","Relic","Card","Relic"],"build_version":"2020-12-22","purchased_purges":2,"victory":true,"max_hp_per_floor":[20,20,20,20,20,21,21,21,21,21,22,22,23,23,23,23,23,24,24,25,25,25,25,25,25,25,26,29,30,30,30,30,30,30,31,32,32,32,32,32,33,34,34,35,35,35,36,36,36,36],"card_choices":[{"not_picked":["Gremlin:GremlinMeal","Gremlin:Patsy"],"picked":"Gremlin:Flurry","floor":1.0},{"not_picked":["Gremlin:ShowOfHands","Gremlin:Presto"],"picked":"Gremlin:GlitterGuard","floor":2.0},{"not_picked":["Gremlin:Patsy","Gremlin:Kablamo"],"picked":"Gremlin:SecondVolley","floor":5.0},{"not_picked":["Gremlin:Jeer","Gremlin:CatScratch","Gremlin:CounterStrike"],"picked":"Singing Bowl","floor":6.0},{"not_picked":["Gremlin:BulkUp","Gremlin:Enthusiasm","Gremlin:Tadah"],"picked":"Singing Bowl","floor":11.0},{"not_picked":["Gremlin:DaggerDance","Gremlin:Presto"],"picked":"Gremlin:Pinprick","floor":12.0},{"not_picked":["Gremlin:BulkUp","Gremlin:Astound","Gremlin:Enthusiasm"],"picked":"Singing Bowl","floor":13.0},{"not_picked":["Gremlin:ToeStub","Gremlin:Patsy"],"picked":"Gremlin:Glimmer","floor":14.0},{"not_picked":["Gremlin:FlipOut","Gremlin:TargetWeakness"],"picked":"Gremlin:FairyDust","floor":16.0},{"not_picked":["Gremlin:Pretaliation","Gremlin:ToeStub","Gremlin:Tadah+1"],"picked":"Singing Bowl","floor":18.0},{"not_picked":["Gremlin:Pickpocket","Gremlin:FollowThrough","Gremlin:CatScratch"],"picked":"Singing Bowl","floor":20.0},{"not_picked":["Gremlin:PourSalt","Gremlin:ShankStone"],"picked":"Gremlin:Revel","floor":23.0},{"not_picked":["Gremlin:Revel","Gremlin:Dazzle"],"picked":"Gremlin:Erupt","floor":25},{"not_picked":["Gremlin:Changeo","Gremlin:BubbleBarrier","Gremlin:GremlinArms"],"picked":"Singing Bowl","floor":27},{"not_picked":["Gremlin:ShankStone","Gremlin:TwistTheKnife","Gremlin:GlitterGuard+1"],"picked":"Singing Bowl","floor":28},{"not_picked":["Gremlin:Heckle","Gremlin:Tadah","Gremlin:PourSalt"],"picked":"Singing Bowl","floor":29},{"not_picked":["Gremlin:Necromancy","Gremlin:FlipOut"],"picked":"Gremlin:CongaLine","floor":33},{"not_picked":["Gremlin:FanOfKnives+1","Gremlin:Rhythm+1","Gremlin:FeelTheAudience"],"picked":"Singing Bowl","floor":35},{"not_picked":["Gremlin:FanOfKnives","Gremlin:GremlinMeal","Gremlin:Whiz+1"],"picked":"Singing Bowl","floor":36},{"not_picked":["Gremlin:Astound+1","Gremlin:BubbleBarrier","Gremlin:Tadah+1"],"picked":"Singing Bowl","floor":41},{"not_picked":["Gremlin:ToeStub","Gremlin:Revel+1","Gremlin:ShowOfHands"],"picked":"Singing Bowl","floor":42},{"not_picked":["Gremlin:ShowOfHands+1","Gremlin:FollowThrough","Gremlin:Changeo+1"],"picked":"Singing Bowl","floor":44},{"not_picked":["Gremlin:FairyDust+1","Gremlin:Stupend+1"],"picked":"Gremlin:RageBreak+1","floor":45},{"not_picked":["Gremlin:GremlinOffensive","Gremlin:Pickpocket+1","Gremlin:AggressiveDefense+1"],"picked":"Singing Bowl","floor":47}],"player_experience":274390,"relics_obtained":[{"floor":6.0,"key":"Singing Bowl"},{"floor":9.0,"key":"White Beast Statue"},{"floor":10.0,"key":"Blue Candle"},{"floor":11.0,"key":"Ginger"},{"floor":14.0,"key":"Blood Vial"},{"floor":19.0,"key":"Gremlin:WizardStaff"},{"floor":23.0,"key":"Lantern"},{"floor":25,"key":"Regal Pillow"},{"floor":26,"key":"Juzu Bracelet"},{"floor":28,"key":"Strawberry"},{"floor":41,"key":"Letter Opener"},{"floor":43,"key":"Toxic Egg 2"},{"floor":45,"key":"Whetstone"},{"floor":48,"key":"Ancient Tea Set"}],"event_choices":[{"cards_removed":["Gremlin:Strike"],"damage_healed":0.0,"max_hp_gain":0.0,"max_hp_loss":0.0,"gold_gain":0.0,"event_name":"The Cleric","player_choice":"Card Removal","floor":3.0,"gold_loss":50.0,"damage_taken":0.0},{"cards_removed":["Gremlin:Defend"],"damage_healed":0.0,"max_hp_gain":0.0,"max_hp_loss":0.0,"gold_gain":0.0,"event_name":"Bonfire Elementals","player_choice":"Offered Basic","floor":4.0,"gold_loss":0.0,"damage_taken":0.0},{"cards_removed":["Gremlin:Strike"],"damage_healed":0.0,"max_hp_gain":0.0,"max_hp_loss":0.0,"gold_gain":0.0,"event_name":"Beggar","player_choice":"Gave Gold","floor":22.0,"gold_loss":75.0,"damage_taken":0.0},{"cards_removed":["Gremlin:Defend"],"damage_healed":0,"gold_gain":0,"player_choice":"Purged","damage_taken":0,"max_hp_gain":0,"max_hp_loss":0,"event_name":"Purifier","floor":31,"gold_loss":0},{"damage_healed":0,"gold_gain":0,"player_choice":"Paid","damage_taken":0,"relics_obtained":["Red Mask"],"max_hp_gain":0,"max_hp_loss":0,"event_name":"Tomb of Lord Red Mask","floor":38,"gold_loss":18},{"damage_healed":0,"gold_gain":0,"player_choice":"Got Potions","damage_taken":0,"max_hp_gain":0,"max_hp_loss":0,"event_name":"Lab","floor":39,"gold_loss":0},{"cards_removed":["Gremlin:Pinprick"],"damage_healed":0,"gold_gain":0,"player_choice":"Removed Attack","damage_taken":0,"max_hp_gain":0,"max_hp_loss":0,"event_name":"Falling","floor":46,"gold_loss":0}],"is_beta":false,"boss_relics":[{"not_picked":["Astrolabe","Empty Cage"],"picked":"Coffee Dripper"},{"not_picked":["Snecko Eye","Pandora\u0027s Box"],"picked":"beaked:SacredDeck"}],"items_purged_floors":[8,21],"is_endless":false,"potions_floor_spawned":[1,5,6,11,12,13,14,16,18,20,23,25,27,28,29,33,35,36,41,42,44,45,47],"ascension_level":4}}