{"host":"x4x6fw95e6eqd4n0","time":1608941324,"event":{"mods":["AchievementEnabler","BaseMod","Colored Map","Colored Powertips","DeckTracker","Minty Spire (QoL Compilation)","Shop Mod"],"gold_per_floor":[115,115,115,135,152,152,187,206,206,206,218,246,246,259,259,363,363,375,375,290,309,309,309,326,326,326],"floor_reached":25,"playtime":1612,"items_purged":[],"score":238,"play_id":"16081bd8-abac-46dc-8095-e148a99e29bf","local_time":"20201226020844","is_ascension_mode":false,"campfire_choices":[{"data":"Eruption","floor":6,"key":"SMITH"},{"floor":10,"key":"REST"},{"floor":15,"key":"REST"},{"data":"Devotion","floor":23,"key":"SMITH"}],"circlet_count":0,"master_deck":["Strike_P","Strike_P","Strike_P","Strike_P","Defend_P","Defend_P","Eruption+1","Vigilance","Pray","Pray","CutThroughFate","Wireheading","LikeWater","Sanctity+1","Pray+1","Devotion+1","DeusExMachina+1","CurseOfTheBell","Prostrate+1","Eruption+1","Injury","Prostrate+1","DeusExMachina+1"],"relics":["PureWater","Matryoshka","Bottled Flame","Pen Nib","Toxic Egg 2","Molten Egg 2","Calling Bell","Juzu Bracelet","Pear","CaptainsWheel","Tiny Chest","Enchiridion"],"acts_visited":["Exordium","TheCity"],"potions_floor_usage":[7,14,16],"damage_taken":[{"damage":2,"enemies":"Small Slimes","floor":1,"turns":4},{"damage":0,"enemies":"2 Louse","floor":4,"turns":3},{"damage":0,"enemies":"Cultist","floor":5,"turns":3},{"damage":18,"enemies":"Lagavulin","floor":7,"turns":5},{"damage":0,"enemies":"Large Slime","floor":8,"turns":4},{"damage":1,"enemies":"2 Fungi Beasts","floor":11,"turns":5},{"damage":40,"enemies":"3 Sentries","floor":12,"turns":6},{"damage":0,"enemies":"Lots of Slimes","floor":14,"turns":3},{"damage":19,"enemies":"The Guardian","floor":16,"turns":9},{"damage":27,"enemies":"2 Thieves","floor":18,"turns":4},{"damage":13,"enemies":"Shell Parasite","floor":21,"turns":5},{"damage":5,"enemies":"Centurion and Healer","floor":24,"turns":6},{"damage":30,"enemies":"Book of Stabbing","floor":25,"turns":2}],"seed_played":"6667765243647030284","potions_obtained":[{"floor":4,"key":"Swift Potion"},{"floor":12,"key":"BlessingOfTheForge"},{"floor":14,"key":"Fire Potion"},{"floor":21,"key":"SteroidPotion"}],"is_trial":false,"path_per_floor":["M","?","?","M","M","R","E","M","T","R","M","E","?","M","R","B",null,"M","?","?","M","?","R","M","E"],"character_chosen":"WATCHER","items_purchased":[],"campfire_rested":2,"item_purchase_floors":[],"current_hp_per_floor":[77,70,37,37,37,37,19,19,19,42,41,1,1,1,24,5,89,62,62,62,49,33,33,28,0,0],"gold":326,"neow_bonus":"TEN_PERCENT_HP_BONUS","is_daily":false,"chose_seed":false,"campfire_upgraded":2,"win_rate":0.0,"timestamp":1608941324,"path_taken":["M","?","?","M","M","R","E","M","T","R","M","E","?","M","R","BOSS","M","?","?","M","?","R","M","E"],"items_purchased_type":[],"build_version":"2020-12-13","purchased_purges":0,"victory":false,"max_hp_per_floor":[79,79,79,79,79,79,79,79,79,79,79,79,79,79,79,79,89,89,89,89,89,89,89,89,89,89],"card_choices":[{"not_picked":["JustLucky","MentalFortress"],"picked":"Pray","floor":1},{"not_picked":["BowlingBash","ReachHeaven"],"picked":"Pray","floor":4},{"not_picked":["Nirvana","Crescendo"],"picked":"CutThroughFate","floor":5},{"not_picked":["FlurryOfBlows","CrushJoints"],"picked":"Wireheading","floor":7},{"not_picked":["BowlingBash","EmptyFist"],"picked":"LikeWater","floor":8},{"not_picked":["ClearTheMind+1","PathToVictory+1"],"picked":"Sanctity+1","floor":11},{"not_picked":["FlyingSleeves+1","EmptyMind+1"],"picked":"Pray+1","floor":12},{"not_picked":["ClearTheMind+1","InnerPeace+1"],"picked":"Devotion","floor":14},{"not_picked":["Establishment","MasterReality"],"picked":"DeusExMachina+1","floor":16},{"not_picked":["Perseverance+1","LikeWater"],"picked":"Prostrate+1","floor":18},{"not_picked":["Perseverance+1","ForeignInfluence+1"],"picked":"Prostrate+1","floor":21},{"not_picked":["Consecrate+1","FlurryOfBlows+1"],"picked":"DeusExMachina+1","floor":24}],"player_experience":90321,"relics_obtained":[{"floor":7,"key":"Bottled Flame"},{"floor":9,"key":"Pen Nib"},{"floor":9,"key":"Toxic Egg 2"},{"floor":12,"key":"Molten Egg 2"},{"floor":17,"key":"Juzu Bracelet"},{"floor":17,"key":"Pear"},{"floor":17,"key":"CaptainsWheel"},{"floor":22,"key":"Enchiridion"}],"event_choices":[{"cards_removed":["Defend_P"],"damage_healed":0,"gold_gain":0,"player_choice":"Card Removal","damage_taken":7,"max_hp_gain":0,"max_hp_loss":0,"event_name":"Golden Wing","floor":2,"gold_loss":0},{"damage_healed":0,"gold_gain":0,"player_choice":"Success","damage_taken":33,"relics_obtained":["Matryoshka"],"max_hp_gain":0,"max_hp_loss":0,"event_name":"Scrap Ooze","floor":3,"gold_loss":0},{"cards_removed":["Defend_P"],"damage_healed":0,"gold_gain":0,"player_choice":"Forget","damage_taken":0,"max_hp_gain":0,"max_hp_loss":0,"event_name":"Living Wall","floor":13,"gold_loss":0},{"damage_healed":0,"gold_gain":0,"player_choice":"2 cards matched","damage_taken":0,"max_hp_gain":0,"max_hp_loss":0,"event_name":"Match and Keep!","floor":19,"gold_loss":0,"cards_obtained":["Eruption","Injury"]},{"damage_healed":0,"gold_gain":0,"player_choice":"Obtained Relic","damage_taken":0,"relics_obtained":["Tiny Chest"],"max_hp_gain":0,"max_hp_loss":0,"event_name":"Addict","floor":20,"gold_loss":85},{"damage_healed":0,"gold_gain":0,"player_choice":"Obtained Book","damage_taken":16,"max_hp_gain":0,"max_hp_loss":0,"event_name":"Cursed Tome","floor":22,"gold_loss":0}],"is_beta":false,"boss_relics":[{"not_picked":["Runic Dome","SacredBark"],"picked":"Calling Bell"}],"items_purged_floors":[],"is_endless":false,"potions_floor_spawned":[4,12,14,21],"killed_by":"Book of Stabbing","ascension_level":0}}