{"host":"7k2a2omxz3voj5ax","time":1608980268,"event":{"mods":["BaseMod","Marisa£¨ìFÓê¡¡Ä§ÀíÉ³£©","Minty Spire (QoL Compilation)","Quick Restart","Spicy Shops","StSLib","Starting Relic: Pandora\u0027s Box","óô»ðÖ¸ÄÏ"],"gold_per_floor":[118,137,148,159,159,191,191,225,237,259,301,330,342,382,394,477,489,517,549,476,508,534,546,587,599,660,703,733,776,788,816,828,918,930,953,965,977,664,674,243,268,287,311,337,337,370,388,413,413,413,413,413,413,160,194,194],"floor_reached":57,"playtime":2569,"items_purged":["Deflect","Acrobatics"],"score":3699,"play_id":"81ec6714-bd00-400c-a214-6287ecc9f7b8","local_time":"20201226195748","is_ascension_mode":true,"campfire_choices":[{"data":"Eviscerate","floor":7.0,"key":"SMITH"},{"data":"Tactician","floor":13.0,"key":"SMITH"},{"data":"Blade Dance","floor":15.0,"key":"SMITH"},{"data":"Prepared","floor":23.0,"key":"SMITH"},{"data":"Adrenaline","floor":32.0,"key":"SMITH"},{"data":"Reflex","floor":45.0,"key":"SMITH"},{"floor":49.0,"key":"RECALL"},{"data":"Accuracy","floor":53.0,"key":"SMITH"}],"circlet_count":0,"master_deck":["AscendersBane","Survivor+1","Blade Dance+1","PiercingWail+1","Eviscerate+1","Acrobatics+1","Accuracy+1","Tactician+1","Adrenaline+1","Prepared+1","After Image","Reflex+1","After Image","Master of Strategy"],"relics":["Pandora\u0027s Box","Pantograph","MawBank","Mango","Calipers","Empty Cage","Strawberry","Omamori","Ancient Tea Set","Bronze Scales","Blue Candle","WristBlade","Nunchaku","DollysMirror","Membership Card","Ornamental Fan","ClockworkSouvenir","Blood Vial","Orichalcum","Snake Skull","Smiling Mask","StrikeDummy","War Paint","Paper Crane"],"acts_visited":["Exordium","TheCity","TheBeyond","TheEnding"],"potions_floor_usage":[56,56],"damage_taken":[{"damage":0.0,"enemies":"Small Slimes","floor":1.0,"turns":2.0},{"damage":0.0,"enemies":"Cultist","floor":2.0,"turns":2.0},{"damage":0.0,"enemies":"Jaw Worm","floor":3.0,"turns":1.0},{"damage":1.0,"enemies":"2 Fungi Beasts","floor":4.0,"turns":3.0},{"damage":6.0,"enemies":"3 Sentries","floor":6.0,"turns":3.0},{"damage":10.0,"enemies":"Gremlin Nob","floor":8.0,"turns":3.0},{"damage":4.0,"enemies":"Exordium Wildlife","floor":10.0,"turns":3.0},{"damage":14.0,"enemies":"Lagavulin","floor":11.0,"turns":6.0},{"damage":2.0,"enemies":"Large Slime","floor":12.0,"turns":3.0},{"damage":0.0,"enemies":"Gremlin Nob","floor":14.0,"turns":2.0},{"damage":5.0,"enemies":"Slime Boss","floor":16.0,"turns":5.0},{"damage":7.0,"enemies":"2 Thieves","floor":18.0,"turns":2.0},{"damage":0.0,"enemies":"3 Byrds","floor":19.0,"turns":2.0},{"damage":0.0,"enemies":"Snake Plant","floor":21.0,"turns":3.0},{"damage":0.0,"enemies":"3 Cultists","floor":22.0,"turns":3.0},{"damage":0.0,"enemies":"Slavers","floor":24.0,"turns":2.0},{"damage":0.0,"enemies":"Book of Stabbing","floor":27.0,"turns":3.0},{"damage":8.0,"enemies":"Centurion and Healer","floor":28.0,"turns":2.0},{"damage":10.0,"enemies":"Gremlin Leader","floor":29.0,"turns":3.0},{"damage":0.0,"enemies":"Snake Plant","floor":31.0,"turns":1.0},{"damage":0.0,"enemies":"Automaton","floor":33.0,"turns":2.0},{"damage":0.0,"enemies":"Orb Walker","floor":35.0,"turns":1.0},{"damage":0.0,"enemies":"3 Shapes","floor":39.0,"turns":1.0},{"damage":5.0,"enemies":"Giant Head","floor":41.0,"turns":2.0},{"damage":0.0,"enemies":"Transient","floor":42.0,"turns":1.0},{"damage":0.0,"enemies":"Nemesis","floor":44.0,"turns":1.0},{"damage":0.0,"enemies":"Reptomancer","floor":46.0,"turns":1.0},{"damage":0.0,"enemies":"Spire Growth","floor":47.0,"turns":2.0},{"damage":0.0,"enemies":"Giant Head","floor":48.0,"turns":1.0},{"damage":0.0,"enemies":"Awakened One","floor":50.0,"turns":3.0},{"damage":0.0,"enemies":"Donu and Deca","floor":51.0,"turns":1.0},{"damage":0,"enemies":"Shield and Spear","floor":55,"turns":1},{"damage":3,"enemies":"The Heart","floor":56,"turns":6}],"seed_played":"-8288789761397942929","potions_obtained":[{"floor":2.0,"key":"BlessingOfTheForge"},{"floor":4.0,"key":"DistilledChaos"},{"floor":8.0,"key":"ColorlessPotion"},{"floor":24.0,"key":"LiquidBronze"},{"floor":28.0,"key":"SkillPotion"},{"floor":39.0,"key":"SpeedPotion"}],"is_trial":false,"path_per_floor":["M","M","M","M","?","E","R","E","T","M","E","M","R","E","R","B",null,"M","M","?","M","M","R","E","?","T","E","M","E","?","M","R","B",null,"M","?","?","$","M","R","E","M","T","E","R","E","M","E","R","B","B",null,"R","$","E","B",null],"character_chosen":"THE_SILENT","items_purchased":["Nunchaku","DollysMirror","Membership Card","Ornamental Fan","ClockworkSouvenir","War Paint","Master of Strategy","SkillPotion"],"campfire_rested":0,"item_purchase_floors":[38,38,40,40,40,54,54,54],"current_hp_per_floor":[59,59,59,58,58,52,52,42,42,38,38,36,36,36,36,56,70,63,63,70,70,70,70,70,70,70,70,62,52,52,52,52,77,80,80,77,77,77,77,77,72,74,74,76,76,77,77,77,77,77,77,77,77,77,77,74],"gold":194,"neow_bonus":"REMOVE_TWO","is_daily":false,"chose_seed":false,"campfire_upgraded":7,"win_rate":0.0,"timestamp":1608980268,"path_taken":["M","M","M","M","?","E","R","E","T","M","E","M","R","E","R","BOSS","M","?","?","M","M","R","E","?","T","E","M","E","?","?","R","BOSS","M","?","?","$","M","R","E","M","T","E","R","E","M","E","R","BOSS","BOSS","R","$","E","BOSS"],"items_purchased_type":["Relic","Relic","Relic","Relic","Relic","Relic","Card","Potion"],"build_version":"2020-12-22","purchased_purges":2,"victory":true,"max_hp_per_floor":[60,60,60,60,60,60,60,60,60,60,74,74,74,74,74,74,74,74,74,81,81,81,81,81,81,81,81,81,81,81,81,81,81,81,81,77,77,77,77,77,77,77,77,77,77,77,77,77,77,77,77,77,77,77,77,77],"card_choices":[{"not_picked":["Dodge and Roll","Crippling Poison"],"picked":"Acrobatics","floor":1.0},{"not_picked":["Dash","Blade Dance","Distraction"],"picked":"SKIP","floor":2.0},{"not_picked":["Bouncing Flask","Deflect","Outmaneuver"],"picked":"SKIP","floor":3.0},{"not_picked":["Setup","Underhanded Strike"],"picked":"Accuracy","floor":4.0},{"not_picked":["Dagger Throw","Cloak And Dagger","Endless Agony"],"picked":"SKIP","floor":6.0},{"not_picked":["Sucker Punch","Footwork","Expertise"],"picked":"SKIP","floor":8.0},{"not_picked":["Poisoned Stab","Escape Plan","Deflect"],"picked":"SKIP","floor":10.0},{"not_picked":["Riddle With Holes","Outmaneuver"],"picked":"Tactician","floor":11.0},{"not_picked":["Acrobatics","PiercingWail","Setup"],"picked":"SKIP","floor":12.0},{"not_picked":["Dagger Spray","Blur","Choke"],"picked":"SKIP","floor":14.0},{"not_picked":["Die Die Die","Phantasmal Killer"],"picked":"Adrenaline","floor":16.0},{"not_picked":["Blur","Slice","Flying Knee"],"picked":"SKIP","floor":18.0},{"not_picked":["Outmaneuver","Blur"],"picked":"Prepared","floor":19.0},{"not_picked":["Dagger Spray","Quick Slash","Acrobatics"],"picked":"SKIP","floor":21.0},{"not_picked":["Underhanded Strike","Flechettes","Endless Agony"],"picked":"SKIP","floor":22.0},{"not_picked":["Unload","Envenom","Cloak And Dagger"],"picked":"SKIP","floor":24.0},{"not_picked":["Reflex","Sucker Punch"],"picked":"After Image","floor":27.0},{"not_picked":["Setup","Quick Slash","Sucker Punch"],"picked":"SKIP","floor":28.0},{"not_picked":["Prepared","Acrobatics"],"picked":"Reflex","floor":29.0},{"not_picked":["Acrobatics","Dagger Spray","Underhanded Strike+1"],"picked":"SKIP","floor":31.0},{"not_picked":["Deflect+1","Cloak And Dagger","Choke+1"],"picked":"SKIP","floor":35.0},{"not_picked":["Skewer","Quick Slash","Bane"],"picked":"SKIP","floor":39.0},{"not_picked":["Expertise","Glass Knife","Dodge and Roll"],"picked":"SKIP","floor":41.0},{"not_picked":["Slice","Deflect+1","Well Laid Plans"],"picked":"SKIP","floor":42.0},{"not_picked":["Cloak And Dagger","Slice+1","Backstab"],"picked":"SKIP","floor":44.0},{"not_picked":["Outmaneuver+1","Backflip+1","Sucker Punch"],"picked":"SKIP","floor":46.0},{"not_picked":["A Thousand Cuts","Well Laid Plans","Bane"],"picked":"SKIP","floor":47.0},{"not_picked":["Prepared","Bane","Acrobatics"],"picked":"SKIP","floor":48.0},{"not_picked":["Wraith Form v2","Flechettes","Acrobatics+1"],"picked":"SKIP","floor":55}],"player_experience":356611,"relics_obtained":[{"floor":6.0,"key":"Pantograph"},{"floor":8.0,"key":"MawBank"},{"floor":11.0,"key":"Mango"},{"floor":14.0,"key":"Calipers"},{"floor":24.0,"key":"Omamori"},{"floor":26.0,"key":"Ancient Tea Set"},{"floor":27.0,"key":"Bronze Scales"},{"floor":29.0,"key":"Blue Candle"},{"floor":41.0,"key":"Blood Vial"},{"floor":43.0,"key":"Orichalcum"},{"floor":44.0,"key":"Snake Skull"},{"floor":46.0,"key":"Smiling Mask"},{"floor":48.0,"key":"StrikeDummy"},{"floor":55,"key":"Paper Crane"}],"event_choices":[{"damage_healed":0.0,"max_hp_gain":0.0,"max_hp_loss":0.0,"gold_gain":0.0,"event_name":"Upgrade Shrine","player_choice":"Upgraded","floor":5.0,"gold_loss":0.0,"damage_taken":0.0,"cards_upgraded":["Acrobatics"]},{"damage_healed":0.0,"max_hp_gain":0.0,"max_hp_loss":0.0,"gold_gain":0.0,"event_name":"Addict","player_choice":"Obtained Relic","floor":20.0,"gold_loss":85.0,"damage_taken":0.0,"relics_obtained":["Strawberry"]},{"damage_healed":0.0,"max_hp_gain":0.0,"max_hp_loss":0.0,"gold_gain":0.0,"event_name":"The Mausoleum","player_choice":"Ignored","floor":25.0,"gold_loss":0.0,"damage_taken":0.0},{"cards_removed":["Neutralize"],"damage_healed":0.0,"max_hp_gain":0.0,"max_hp_loss":0.0,"gold_gain":0.0,"event_name":"Back to Basics","player_choice":"Elegance","floor":30.0,"gold_loss":0.0,"damage_taken":0.0},{"damage_healed":0.0,"max_hp_gain":0.0,"max_hp_loss":4.0,"gold_gain":0.0,"event_name":"Winding Halls","player_choice":"Max HP","floor":36.0,"gold_loss":0.0,"damage_taken":0.0},{"cards_removed":["Dagger Throw"],"damage_healed":0.0,"max_hp_gain":0.0,"max_hp_loss":0.0,"gold_gain":0.0,"event_name":"Falling","player_choice":"Removed Attack","floor":37.0,"gold_loss":0.0,"damage_taken":0.0}],"is_beta":false,"boss_relics":[{"not_picked":["Runic Dome","Fusion Hammer"],"picked":"Empty Cage"},{"not_picked":["Snecko Eye","Coffee Dripper"],"picked":"WristBlade"}],"items_purged_floors":[38,40],"is_endless":false,"potions_floor_spawned":[2,4,8,12,14,18,24,27,28,39,42,44,48],"ascension_level":20}}