{"host":"mi0eibewekhugwl1","time":1608992532,"event":{"mods":["AchievementEnabler","BaseMod","Colored Map","Colored Powertips","DeckTracker","Keyboard Shortcuts","Minty Spire (QoL Compilation)","Quick Restart","Rare Cards Sparkle","Relic Stats","StSLib","SuperFastMode","everything is the same but u backflip on backflip"],"gold_per_floor":[115,131,148,165,177,177,177,196,196,196,196,196,213,240,240,314,314,326,341,138,156,172,172,188,188,215,215,215,229,229,240,240,314,314,333,333,67,83,96,96,121,121,121,121,121],"floor_reached":44,"playtime":1105,"items_purged":["Strike_B","Defend_B"],"score":808,"play_id":"a41bfba9-01ee-446e-9dc2-616bb95ee1f0","local_time":"20201226232212","is_ascension_mode":true,"campfire_choices":[{"data":"Zap","floor":6,"key":"SMITH"},{"data":"Loop","floor":12,"key":"SMITH"},{"data":"Storm","floor":15,"key":"SMITH"},{"floor":23,"key":"REST"},{"floor":25,"key":"REST"},{"floor":30,"key":"REST"},{"floor":32,"key":"REST"},{"data":"Creative AI","floor":40,"key":"SMITH"}],"circlet_count":0,"master_deck":["AscendersBane","Defend_B+1","Zap+1","Dualcast+1","Biased Cognition+1","Amplify","Compile Driver","Loop+1","BootSequence","Storm+1","Creative AI+1","Static Discharge","Glacier+1","Capacitor","Aggregate","Glacier","Coolheaded","Core Surge","Rip and Tear+1","Capacitor+1","Conserve Battery+1","Chill","Barrage","Stack"],"relics":["Cracked Core","Mango","Odd Mushroom","SacredBark","War Paint","Astrolabe","Happy Flower","Pocketwatch"],"acts_visited":["Exordium","TheCity","TheBeyond"],"potions_floor_usage":[13,16,16,22,29,33],"damage_taken":[{"damage":0,"enemies":"Small Slimes","floor":1,"turns":2},{"damage":3,"enemies":"2 Louse","floor":2,"turns":2},{"damage":6,"enemies":"Cultist","floor":3,"turns":4},{"damage":6,"enemies":"2 Fungi Beasts","floor":4,"turns":3},{"damage":6,"enemies":"Looter","floor":5,"turns":3},{"damage":8,"enemies":"Blue Slaver","floor":8,"turns":4},{"damage":14,"enemies":"Exordium Thugs","floor":13,"turns":3},{"damage":1,"enemies":"The Mushroom Lair","floor":14,"turns":4},{"damage":3,"enemies":"Slime Boss","floor":16,"turns":5},{"damage":15,"enemies":"3 Byrds","floor":18,"turns":3},{"damage":6,"enemies":"Spheric Guardian","floor":19,"turns":3},{"damage":30,"enemies":"Cultist and Chosen","floor":21,"turns":4},{"damage":16,"enemies":"Snake Plant","floor":22,"turns":4},{"damage":28,"enemies":"Sentry and Sphere","floor":24,"turns":6},{"damage":7,"enemies":"Snecko","floor":29,"turns":3},{"damage":33,"enemies":"Centurion and Healer","floor":31,"turns":10},{"damage":28,"enemies":"Champ","floor":33,"turns":11},{"damage":1,"enemies":"Orb Walker","floor":35,"turns":3},{"damage":0,"enemies":"3 Shapes","floor":38,"turns":5},{"damage":37,"enemies":"Jaw Worm Horde","floor":39,"turns":6},{"damage":13,"enemies":"Mind Bloom Boss Battle","floor":41,"turns":4},{"damage":117,"enemies":"Giant Head","floor":44,"turns":10}],"seed_played":"-2995088595137954456","potions_obtained":[{"floor":1,"key":"Fire Potion"},{"floor":2,"key":"Weak Potion"},{"floor":14,"key":"AttackPotion"},{"floor":16,"key":"Fruit Juice"},{"floor":21,"key":"ColorlessPotion"},{"floor":24,"key":"ColorlessPotion"},{"floor":31,"key":"PowerPotion"},{"floor":33,"key":"FocusPotion"},{"floor":35,"key":"DuplicationPotion"}],"is_trial":false,"path_per_floor":["M","M","M","M","M","R","?","M","T","?","?","R","M","?","R","B",null,"M","M","$","M","M","R","M","R","T","?","?","M","R","M","R","B",null,"M","?","$","M","M","R","?","?","T","E"],"character_chosen":"DEFECT","items_purchased":["Capacitor","Aggregate","Happy Flower"],"campfire_rested":4,"item_purchase_floors":[20,20,37],"current_hp_per_floor":[64,61,55,49,43,43,43,35,49,49,49,49,35,34,34,36,77,62,56,56,26,10,37,9,36,36,36,36,29,56,23,50,22,73,72,72,72,72,35,35,22,85,85,0,0],"gold":121,"neow_bonus":"TRANSFORM_CARD","is_daily":false,"chose_seed":false,"campfire_upgraded":4,"win_rate":0.0,"timestamp":1608992532,"path_taken":["M","M","M","M","M","R","?","M","T","?","?","R","?","?","R","BOSS","M","M","$","M","M","R","M","R","T","?","?","M","R","M","R","BOSS","M","?","$","M","M","R","?","?","T","E"],"items_purchased_type":["Card","Card","Relic"],"build_version":"2020-12-22","purchased_purges":2,"victory":false,"max_hp_per_floor":[71,71,71,71,71,71,71,71,85,85,85,85,85,85,85,90,90,90,90,90,90,90,90,90,90,90,90,90,90,90,90,90,90,90,90,85,85,85,85,85,85,85,85,85,85],"relic_stats":{"Happy Flower":[8],"counters":[22,102],"Astrolabe":["Rip and Tear","Capacitor","Conserve Battery"],"War Paint":["Dualcast","Defend_B"],"obtain_stats":[{"Happy Flower":37,"SacredBark":17,"Astrolabe":34,"Mango":9,"Odd Mushroom":14,"War Paint":26,"Cracked Core":0,"Pocketwatch":41},{"Happy Flower":18,"SacredBark":9,"Astrolabe":17,"Mango":6,"Odd Mushroom":8,"War Paint":14,"Cracked Core":0,"Pocketwatch":21},{"Happy Flower":77,"SacredBark":30,"Astrolabe":74,"Mango":18,"Odd Mushroom":25,"War Paint":50,"Cracked Core":0,"Pocketwatch":92}],"Pocketwatch":[9]},"card_choices":[{"not_picked":["Rebound","Heatsinks"],"picked":"Auto Shields","floor":1},{"not_picked":["Undo","Gash","Barrage"],"picked":"SKIP","floor":2},{"not_picked":["Go for the Eyes","Rebound"],"picked":"Amplify","floor":3},{"not_picked":["Undo","Rebound"],"picked":"Compile Driver","floor":4},{"not_picked":["Streamline","Conserve Battery"],"picked":"Loop","floor":5},{"not_picked":["Barrage","Compile Driver"],"picked":"BootSequence","floor":8},{"not_picked":["Capacitor","Barrage"],"picked":"Storm","floor":13},{"not_picked":["Reboot","Multi-Cast"],"picked":"Creative AI","floor":16},{"not_picked":["Gash","Reinforced Body"],"picked":"Static Discharge","floor":18},{"not_picked":["Barrage","Hologram"],"picked":"Glacier+1","floor":19},{"not_picked":["Auto Shields","Steam","Rebound+1"],"picked":"SKIP","floor":21},{"not_picked":["Steam","Sunder","Hello World"],"picked":"SKIP","floor":22},{"not_picked":["Go for the Eyes","Gash","All For One"],"picked":"SKIP","floor":24},{"not_picked":["Rebound","Barrage"],"picked":"Glacier","floor":29},{"not_picked":["Stack","Hologram"],"picked":"Coolheaded","floor":31},{"not_picked":["Hyperbeam","Reboot"],"picked":"Core Surge","floor":33},{"not_picked":["Rebound","Loop+1"],"picked":"Chill","floor":35},{"not_picked":["Streamline","Conserve Battery"],"picked":"Barrage","floor":38},{"not_picked":["Barrage","Gash"],"picked":"Stack","floor":39}],"player_experience":1707876,"relics_obtained":[{"floor":9,"key":"Mango"},{"floor":14,"key":"Odd Mushroom"},{"floor":26,"key":"War Paint"},{"floor":41,"key":"Pocketwatch"}],"event_choices":[{"damage_healed":0,"gold_gain":0,"player_choice":"Grow","damage_taken":0,"max_hp_gain":0,"max_hp_loss":0,"event_name":"Living Wall","floor":7,"gold_loss":0,"cards_upgraded":["Biased Cognition"]},{"damage_healed":0,"gold_gain":0,"player_choice":"Ignored","damage_taken":0,"max_hp_gain":0,"max_hp_loss":0,"event_name":"Shining Light","floor":10,"gold_loss":0},{"cards_removed":["Defend_B"],"damage_healed":0,"gold_gain":0,"player_choice":"Purged","damage_taken":0,"max_hp_gain":0,"max_hp_loss":0,"event_name":"Purifier","floor":11,"gold_loss":0},{"damage_healed":0,"gold_gain":0,"player_choice":"Fought Mushrooms","damage_taken":0,"max_hp_gain":0,"max_hp_loss":0,"event_name":"Mushrooms","floor":14,"gold_loss":0},{"damage_healed":0,"gold_gain":0,"player_choice":"Smashed Altar","damage_taken":0,"max_hp_gain":0,"max_hp_loss":0,"event_name":"Forgotten Altar","floor":27,"gold_loss":0,"cards_obtained":["Decay"]},{"cards_removed":["Decay"],"damage_healed":0,"gold_gain":0,"player_choice":"Removed Curses","damage_taken":0,"max_hp_gain":0,"max_hp_loss":0,"event_name":"Fountain of Cleansing","floor":28,"gold_loss":0},{"damage_healed":0,"gold_gain":0,"player_choice":"Max HP","damage_taken":0,"max_hp_gain":0,"max_hp_loss":5,"event_name":"Winding Halls","floor":36,"gold_loss":0},{"damage_healed":0,"gold_gain":0,"player_choice":"Fight","damage_taken":0,"max_hp_gain":0,"max_hp_loss":0,"event_name":"MindBloom","floor":41,"gold_loss":0},{"cards_removed":["Auto Shields"],"damage_healed":63,"gold_gain":0,"player_choice":"Offered Uncommon","damage_taken":0,"max_hp_gain":0,"max_hp_loss":0,"event_name":"Bonfire Elementals","floor":42,"gold_loss":0}],"is_beta":false,"boss_relics":[{"not_picked":["Philosopher\u0027s Stone","Runic Dome"],"picked":"SacredBark"},{"not_picked":["Black Star","SlaversCollar"],"picked":"Astrolabe"}],"items_purged_floors":[20,37],"is_endless":false,"potions_floor_spawned":[1,2,5,14,16,21,24,31,33,35,38],"killed_by":"Giant Head","ascension_level":20}}