{"host":"nb9upq3jx3hg2lpa","time":1608958271,"event":{"mods":["BaseMod","Colored Map","Conspire","Downfall","Hubris","Marisa????????","Minty Spire (QoL Compilation)","Replay The Spire","StSLib","The Cursed","The Servant 0.9.4"],"gold_per_floor":[111,127,127,127,87,122,141,185,211,211,226,226,250,96,96,217,217,217,217],"floor_reached":18,"playtime":798,"items_purged":[],"score":195,"play_id":"10ca1637-8d3f-43af-81b7-28ac6813d3f1","local_time":"20201225225111","is_ascension_mode":false,"campfire_choices":[{"floor":10,"key":"REST"},{"data":"TheCursedMod:VoidForm","floor":15,"key":"SMITH"}],"circlet_count":0,"master_deck":["TheCursedMod:Strike_TheCursed","TheCursedMod:Strike_TheCursed","TheCursedMod:Strike_TheCursed","TheCursedMod:Strike_TheCursed","TheCursedMod:Defend_TheCursed","TheCursedMod:Defend_TheCursed","TheCursedMod:Defend_TheCursed","TheCursedMod:Defend_TheCursed","TheCursedMod:CursedWand","TheCursedMod:CleanUpWorkshop","TheCursedMod:Dregs","TheCursedMod:Stigma+1","TheCursedMod:SpitefulStrike","TheCursedMod:VitalStrike","TheCursedMod:TroublousMinions","TheCursedMod:ReleasedStrength","TheCursedMod:CircleOfBlood+1","TheCursedMod:VoidForm+1","TheCursedMod:NeowsMight"],"relics":["TheCursedMod:BlackMagic101","NeowsBlessing","Golden Idol","Boot","Shuriken","Simple Rune","conspire:TreasureMap","hubris:BlackHole"],"acts_visited":["Exordium","TheCity"],"potions_floor_usage":[5,8,16],"damage_taken":[{"damage":0,"enemies":"2 Louse","floor":1,"turns":1},{"damage":0,"enemies":"Small Slimes","floor":2,"turns":1},{"damage":0,"enemies":"Lagavulin","floor":6,"turns":1},{"damage":0,"enemies":"Cultist","floor":7,"turns":3},{"damage":17,"enemies":"Gremlin Nob","floor":8,"turns":4},{"damage":0,"enemies":"Large Slime","floor":11,"turns":4},{"damage":0,"enemies":"Looter","floor":13,"turns":2},{"damage":41,"enemies":"Hexaghost","floor":16,"turns":8},{"damage":82,"enemies":"Shell Parasite","floor":18,"turns":9}],"seed_played":"5995813959868281215","potions_obtained":[{"floor":1,"key":"SkillPotion"},{"floor":5,"key":"Fruit Juice"},{"floor":5,"key":"LifebloodPotion"},{"floor":5,"key":"CultistPotion"},{"floor":13,"key":"Regen Potion"}],"is_trial":false,"path_per_floor":["M","M","?","?","?","E","M","E","T","R","M","?","M","$","R_BF","B",null,"M"],"character_chosen":"THE_CURSED","items_purchased":["conspire:TreasureMap"],"campfire_rested":1,"item_purchase_floors":[14],"current_hp_per_floor":[75,75,60,42,47,47,47,30,30,54,54,54,54,54,54,25,80,0,0],"gold":217,"neow_bonus":"THREE_ENEMY_KILL","is_daily":false,"chose_seed":false,"campfire_upgraded":1,"win_rate":0.0,"timestamp":1608958271,"path_taken":["M","M","?","?","?","E","M","E","T","R","?","?","M","$","R_BF","BOSS","M"],"items_purchased_type":["Relic"],"build_version":"2020-12-22","purchased_purges":0,"victory":false,"max_hp_per_floor":[75,75,75,75,80,80,80,80,80,80,80,80,80,80,80,80,80,80,80],"card_choices":[{"not_picked":["TheCursedMod:StingEye","TheCursedMod:Stretching"],"picked":"TheCursedMod:Stigma","floor":1},{"not_picked":["TheCursedMod:RavingStaff","TheCursedMod:TacticalStrike"],"picked":"TheCursedMod:SpitefulStrike","floor":2},{"not_picked":["TheCursedMod:CursedShiv","TheCursedMod:SmokeScreen"],"picked":"TheCursedMod:VitalStrike","floor":6},{"not_picked":["TheCursedMod:WearCloak","TheCursedMod:CursedShiv"],"picked":"TheCursedMod:TroublousMinions","floor":7},{"not_picked":["TheCursedMod:CursedShiv","TheCursedMod:Stigma"],"picked":"TheCursedMod:ReleasedStrength","floor":8},{"not_picked":["TheCursedMod:CursedAmulet","TheCursedMod:DoubleShield"],"picked":"TheCursedMod:CircleOfBlood","floor":11},{"not_picked":["TheCursedMod:WearCloak","TheCursedMod:RavingStaff"],"picked":"TheCursedMod:VoidForm","floor":13},{"not_picked":["TheCursedMod:ManaCirculation","TheCursedMod:VoidForm"],"picked":"TheCursedMod:NeowsMight","floor":16}],"player_experience":4251,"relics_obtained":[{"floor":6,"key":"Boot"},{"floor":8,"key":"Shuriken"},{"floor":9,"key":"Simple Rune"}],"event_choices":[{"damage_healed":0,"gold_gain":0,"player_choice":"Entered Light","damage_taken":15,"max_hp_gain":0,"max_hp_loss":0,"event_name":"Shining Light","floor":3,"gold_loss":0,"cards_upgraded":["TheCursedMod:Stigma","TheCursedMod:Strike_TheCursed"]},{"damage_healed":0,"gold_gain":0,"player_choice":"Take Damage","damage_taken":18,"relics_obtained":["Golden Idol"],"max_hp_gain":0,"max_hp_loss":0,"event_name":"Golden Idol","floor":4,"gold_loss":0},{"damage_healed":0,"gold_gain":0,"player_choice":"Bought 3 Potions","damage_taken":0,"max_hp_gain":0,"max_hp_loss":0,"event_name":"The Woman in Blue","floor":5,"gold_loss":0},{"damage_healed":0,"gold_gain":0,"player_choice":"Grow","damage_taken":0,"max_hp_gain":0,"max_hp_loss":0,"event_name":"Living Wall","floor":12,"gold_loss":0,"cards_upgraded":["TheCursedMod:CircleOfBlood"]}],"is_beta":false,"boss_relics":[{"not_picked":["Tiny House","Snecko Eye"],"picked":"hubris:BlackHole"}],"items_purged_floors":[],"is_endless":false,"potions_floor_spawned":[1,13],"killed_by":"Shell Parasite","ascension_level":0}}