{"host":"gkh5j5k5w4qf7k7n","time":1608986158,"event":{"mods":["2.2 Compatiblity","AchievementEnabler","BaseMod","Colored Map","Colored Powertips","GifTheSpireLib","Keyboard Shortcuts","Minty Spire (QoL Compilation)","Quick Restart","StSLib","SuperFastMode","The Construct","The Dragon Tamer","The Marked","TheBandit","¡¼?Úª?ø«¡½REMEMod"],"gold_per_floor":[117,117,133,149,74,74,91,103,172,187,187,275,275,295,295,400,400,416,426,326,346,127,127,202,220,220,235,249,269,269,279,279,381,381,397,247,247,259,273,273,273,273,273],"floor_reached":42,"playtime":2151,"items_purged":["theMarked:Strike","theMarked:Strike","theMarked:Strike","theMarked:Defend"],"score":398,"play_id":"64b72648-5dcf-49d1-ac49-91e1c2fc4d50","local_time":"20201226213558","is_ascension_mode":false,"campfire_choices":[{"data":"theMarked:SoldierOfQuellstein","floor":6.0,"key":"SMITH"},{"data":"theMarked:WardOff","floor":11.0,"key":"SMITH"},{"data":"theMarked:Improvise","floor":13.0,"key":"SMITH"},{"data":"theMarked:BanishingStrike","floor":15.0,"key":"SMITH"},{"data":"Impatience","floor":23.0,"key":"SMITH"},{"data":"theMarked:Overthink","floor":30.0,"key":"SMITH"},{"floor":32.0,"key":"REST"},{"floor":41,"key":"RECALL"}],"circlet_count":0,"master_deck":["theMarked:Defend","theMarked:Defend","theMarked:Defend","theMarked:SoldierOfQuellstein+1","theMarked:Overthink+1","Iron Wave","theMarked:BanishingStrike+1","theMarked:WardOff+1","theMarked:Improvise+1","theMarked:FavorableWinds","theMarked:BanishingStrike+1","theMarked:BanishingWave+1","Impatience+1","theMarked:HeritageOfTheMarked","theMarked:SummonStrength","theMarked:FavorableWinds","theMarked:Overthink","REME_FirmDetermination","theMarked:WardOff+1"],"relics":["theMarked:ArtifactOfAir","REME_ComplimentaryCards","Molten Egg 2","Gambling Chip","SlaversCollar","Kunai","Velvet Choker"],"acts_visited":["Exordium","TheCity","TheBeyond"],"potions_floor_usage":[40,42],"damage_taken":[{"damage":0.0,"enemies":"Small Slimes","floor":1.0,"turns":4.0},{"damage":4.0,"enemies":"Cultist","floor":3.0,"turns":4.0},{"damage":5.0,"enemies":"Jaw Worm","floor":4.0,"turns":4.0},{"damage":0.0,"enemies":"Looter","floor":7.0,"turns":3.0},{"damage":0.0,"enemies":"Red Slaver","floor":8.0,"turns":4.0},{"damage":4.0,"enemies":"Large Slime","floor":10.0,"turns":5.0},{"damage":11.0,"enemies":"Lagavulin Event","floor":12.0,"turns":5.0},{"damage":0.0,"enemies":"Lots of Slimes","floor":14.0,"turns":4.0},{"damage":10.0,"enemies":"Hexaghost","floor":16.0,"turns":9.0},{"damage":0.0,"enemies":"Chosen","floor":18.0,"turns":4.0},{"damage":8.0,"enemies":"2 Thieves","floor":19.0,"turns":4.0},{"damage":6.0,"enemies":"Snake Plant","floor":21.0,"turns":2.0},{"damage":1.0,"enemies":"Shelled Parasite and Fungi","floor":25.0,"turns":4.0},{"damage":0.0,"enemies":"Cultist and Chosen","floor":27.0,"turns":4.0},{"damage":0.0,"enemies":"Centurion and Healer","floor":28.0,"turns":5.0},{"damage":18.0,"enemies":"Sentry and Sphere","floor":29.0,"turns":6.0},{"damage":10.0,"enemies":"Shelled Parasite and Fungi","floor":31.0,"turns":4.0},{"damage":11.0,"enemies":"Champ","floor":33.0,"turns":9.0},{"damage":21.0,"enemies":"3 Shapes","floor":35.0,"turns":4.0},{"damage":1,"enemies":"3 Darklings","floor":38,"turns":3},{"damage":20,"enemies":"Maw","floor":39,"turns":6},{"damage":0,"enemies":"Transient","floor":40,"turns":4},{"damage":38,"enemies":"Reptomancer","floor":42,"turns":3}],"seed_played":"-9109996562413493784","potions_obtained":[{"floor":4.0,"key":"Block Potion"},{"floor":7.0,"key":"theMarked:ChargePotion"},{"floor":10.0,"key":"REME_GoldPotion"},{"floor":12.0,"key":"Swift Potion"},{"floor":21.0,"key":"ColorlessPotion"},{"floor":25.0,"key":"construct:ShiftPotion"},{"floor":29.0,"key":"EssenceOfSteel"},{"floor":33.0,"key":"SpeedPotion"},{"floor":38,"key":"SmokeBomb"}],"is_trial":false,"path_per_floor":["M","?","M","M","$","R","M","M","T","M","R","?","R","M","R","B",null,"M","M","$","M","$","R","?","M","T","M","M","M","R","M","R","B",null,"M","$","?","M","M","M","R","E"],"character_chosen":"THE_DEFAULT","items_purchased":["Impatience"],"campfire_rested":1,"item_purchase_floors":[22],"current_hp_per_floor":[63,63,59,54,54,54,54,54,54,50,50,39,39,39,39,29,63,63,55,55,49,49,49,43,42,42,42,42,24,24,14,32,21,63,42,42,42,41,21,21,21,0,0],"gold":273,"neow_bonus":"REMOVE_TWO","is_daily":false,"chose_seed":false,"campfire_upgraded":6,"win_rate":0.0,"timestamp":1608986158,"path_taken":["M","?","M","M","$","R","?","M","T","M","R","?","R","M","R","BOSS","M","M","$","M","$","R","?","M","T","?","M","M","R","M","R","BOSS","M","$","?","?","M","M","R","E"],"items_purchased_type":["Card"],"build_version":"2020-12-22","purchased_purges":4,"victory":false,"max_hp_per_floor":[63,63,63,63,63,63,63,63,63,63,63,63,63,63,63,63,63,63,63,63,63,63,63,63,63,63,63,63,63,63,63,63,63,63,63,63,63,63,63,63,63,63,63],"card_choices":[{"not_picked":["theMarked:WastefulAttack","theMarked:RepellingDischarge"],"picked":"theMarked:Overthink","floor":1.0},{"not_picked":["theMarked:Electrocute","theMarked:GodGivenPower","theMarked:TwofoldDefense"],"picked":"SKIP","floor":3.0},{"not_picked":["theMarked:WastefulAttack","theMarked:Improvise"],"picked":"theMarked:BanishingStrike","floor":4.0},{"not_picked":["theMarked:Electrocute","theMarked:ChainLightning"],"picked":"theMarked:WardOff","floor":7.0},{"not_picked":["theMarked:Snap","theMarked:SelfDefenseTraining","theMarked:ResourceFulStrike"],"picked":"SKIP","floor":8.0},{"not_picked":["theMarked:Improvise","theMarked:ChainLightning+1","theMarked:Static"],"picked":"SKIP","floor":10.0},{"not_picked":["theMarked:Electrocute+1","theMarked:EmpowerWeapon"],"picked":"theMarked:Improvise","floor":12.0},{"not_picked":["theMarked:ShockingTouch+1","theMarked:Frustration+1","theMarked:Electrify"],"picked":"SKIP","floor":14.0},{"not_picked":["theMarked:SoldierForm","theMarked:EternalStudent"],"picked":"theMarked:FavorableWinds","floor":16.0},{"not_picked":["theMarked:TwofoldDefense","theMarked:ElectricStrings+1"],"picked":"theMarked:BanishingStrike+1","floor":18.0},{"not_picked":["theMarked:Static","theMarked:ContemptForTheProud+1","theMarked:MagicAdept"],"picked":"SKIP","floor":19.0},{"not_picked":["theMarked:EmpowerWeapon","theMarked:Frustration+1"],"picked":"theMarked:BanishingWave+1","floor":21.0},{"not_picked":["theMarked:MaelstromOfLightning","theMarked:RogueSparks","theMarked:KeepCalmAndFightOn+1"],"picked":"SKIP","floor":25.0},{"not_picked":["theMarked:SwordAndMagic+1","theMarked:RogueSparks","theMarked:HeightenedSenses"],"picked":"SKIP","floor":27.0},{"not_picked":["theMarked:EmpowerWeapon","theMarked:MaelstromOfLightning","theMarked:TwofoldDefense"],"picked":"SKIP","floor":28.0},{"not_picked":["theMarked:Polarize","theMarked:SelfDefenseTraining+1","theMarked:Improvise"],"picked":"SKIP","floor":29.0},{"not_picked":["theMarked:Static","theMarked:EmpowerWeapon"],"picked":"theMarked:HeritageOfTheMarked","floor":31.0},{"not_picked":["theMarked:DispelDoubt+1","theMarked:Challenge"],"picked":"theMarked:SummonStrength","floor":33.0},{"not_picked":["theMarked:Reabsorb+1","theMarked:SwordAndMagic+1","theMarked:MagicAdept"],"picked":"SKIP","floor":35.0},{"not_picked":["theMarked:BanishingStrike+1","theMarked:HeightenedSenses"],"picked":"theMarked:WardOff+1","floor":38},{"not_picked":["theMarked:SelfDefenseTraining+1","theMarked:HeightenedSenses+1","theMarked:Frustration+1"],"picked":"SKIP","floor":39}],"player_experience":931113,"relics_obtained":[{"floor":9.0,"key":"Molten Egg 2"},{"floor":26.0,"key":"Kunai"}],"event_choices":[{"cards_removed":["REME_GrazeFinale"],"damage_healed":0.0,"max_hp_gain":0.0,"max_hp_loss":0.0,"gold_gain":0.0,"event_name":"NoteForYourself","player_choice":"Took Card","floor":2.0,"gold_loss":0.0,"damage_taken":0.0,"cards_obtained":["Iron Wave"]},{"damage_healed":0.0,"max_hp_gain":0.0,"max_hp_loss":0.0,"gold_gain":0.0,"event_name":"Dead Adventurer","player_choice":"Searched \u00273\u0027 times","floor":12.0,"gold_loss":0.0,"damage_taken":0.0,"relics_obtained":["Gambling Chip"]},{"damage_healed":0.0,"max_hp_gain":0.0,"max_hp_loss":0.0,"gold_gain":75.0,"event_name":"FaceTrader","player_choice":"Touch","floor":24.0,"gold_loss":0.0,"damage_taken":6.0},{"damage_healed":0,"gold_gain":0,"player_choice":"3 cards matched","damage_taken":0,"max_hp_gain":0,"max_hp_loss":0,"event_name":"Match and Keep!","floor":37,"gold_loss":0,"cards_obtained":["theMarked:FavorableWinds","theMarked:Overthink","REME_FirmDetermination"]}],"is_beta":false,"boss_relics":[{"not_picked":["Black Star","Ectoplasm"],"picked":"SlaversCollar"},{"not_picked":["REME_DemonsWealth","REME_ChargedStone"],"picked":"Velvet Choker"}],"items_purged_floors":[5,20,22,36],"is_endless":false,"potions_floor_spawned":[4,7,10,12,21,25,29,31,33,38],"killed_by":"Reptomancer","ascension_level":0}}