{"host":"fjaupvxe7fzqrf4j","time":1608968503,"event":{"mods":["ATMod(°¢èªMod)","BaseMod","Minty Spire (QoL Compilation)","StSLib"],"gold_per_floor":[111,111,36,36,47,47,79,104,150,182,182,213,242,274,274,348,348,359,359,359,379,47,77,77,111,111,144,170,170,200,227,227,299,299,317,317,335,335,335,469,603,731,731,857,606,738,738,872,872,1072,1172,1172,1172,711,945,1045],"floor_reached":57,"playtime":1443,"items_purged":["AT_KneejerkReflex","Masterful Stab","AT_OneInchPunch+1"],"score":4789,"play_id":"759deaa4-4e28-4d52-8910-d215096331db","local_time":"20201226154143","daily_mods":["SealedDeck","Heirloom","Time Dilation","Flight","Elite Swarm"],"is_ascension_mode":true,"campfire_choices":[{"data":"Tactician","floor":6.0,"key":"SMITH"},{"data":"Calculated Gamble","floor":11.0,"key":"SMITH"},{"data":"AT_OneInchPunch","floor":15.0,"key":"SMITH"},{"data":"Prepared","floor":24.0,"key":"SMITH"},{"data":"Terror","floor":29.0,"key":"SMITH"},{"data":"Grand Finale","floor":32,"key":"SMITH"},{"floor":47,"key":"RECALL"},{"data":"1","floor":49,"key":"LIFT"},{"data":"2","floor":53,"key":"LIFT"}],"circlet_count":0,"master_deck":["AscendersBane","Deflect","Tactician+1","Calculated Gamble+1","Escape Plan","Grand Finale+1","Terror+1","Prepared+1","Adrenaline+1","Acrobatics+1","Madness+1","PiercingWail+1"],"relics":["Ring of the Snake","AT_ATBox","Gambling Chip","Strawberry","Omamori","AT_BellDemon","AT_PhaseBoots","Orichalcum","Du-Vu Doll","Matryoshka","FossilizedHelix","Oddly Smooth Stone","Bird Faced Urn","AT_Manta","Empty Cage","Ninja Scroll","Tough Bandages","Membership Card","AT_SeraphEmbrace","Paper Crane","Lizard Tail","AT_RedTearstoneRing","Toxic Egg 2","AT_EbonyIvory","AT_SunfireAegis","Pantograph","Regal Pillow","AT_DeathDance","Unceasing Top","Toy Ornithopter","Pocketwatch","AT_LudenTempest","Coffee Dripper","AT_TheCollector","Bronze Scales","Calipers","Ancient Tea Set","Turnip","AT_RedNoBalance","CaptainsWheel","Blood Vial","AT_Kusabimaru","Happy Flower","Singing Bowl","Juzu Bracelet","StoneCalendar","AT_GoldPhoenixTree","Girya","Vajra","Mummified Hand","AT_RabadonDeathcap","Kunai","Bag of Preparation","Bottled Lightning"],"acts_visited":["Exordium","TheCity","TheBeyond","TheEnding"],"potions_floor_usage":[36,56,56],"damage_taken":[{"damage":0.0,"enemies":"Small Slimes","floor":1.0,"turns":1.0},{"damage":0.0,"enemies":"2 Louse","floor":5.0,"turns":1.0},{"damage":0.0,"enemies":"Lagavulin","floor":7.0,"turns":2.0},{"damage":0.0,"enemies":"Gremlin Nob","floor":8.0,"turns":1.0},{"damage":0.0,"enemies":"Lagavulin","floor":10.0,"turns":2.0},{"damage":0.0,"enemies":"3 Sentries","floor":12.0,"turns":1.0},{"damage":0.0,"enemies":"Lagavulin","floor":13.0,"turns":1.0},{"damage":0.0,"enemies":"3 Sentries","floor":14.0,"turns":1.0},{"damage":0.0,"enemies":"Slime Boss","floor":16.0,"turns":1.0},{"damage":0.0,"enemies":"Chosen","floor":18.0,"turns":1.0},{"damage":0.0,"enemies":"2 Thieves","floor":21.0,"turns":1.0},{"damage":0.0,"enemies":"Slavers","floor":23.0,"turns":1.0},{"damage":0.0,"enemies":"Gremlin Leader","floor":25.0,"turns":1.0},{"damage":0.0,"enemies":"Book of Stabbing","floor":27.0,"turns":1.0},{"damage":0.0,"enemies":"Gremlin Leader","floor":28.0,"turns":1.0},{"damage":0.0,"enemies":"Slavers","floor":30.0,"turns":1.0},{"damage":0,"enemies":"Book of Stabbing","floor":31,"turns":1},{"damage":0,"enemies":"Collector","floor":33,"turns":1},{"damage":0,"enemies":"3 Shapes","floor":35,"turns":1},{"damage":0,"enemies":"Orb Walker","floor":37,"turns":1},{"damage":0,"enemies":"Giant Head","floor":40,"turns":1},{"damage":0,"enemies":"Reptomancer","floor":41,"turns":1},{"damage":0,"enemies":"Giant Head","floor":42,"turns":1},{"damage":0,"enemies":"Nemesis","floor":44,"turns":1},{"damage":0,"enemies":"Reptomancer","floor":46,"turns":1},{"damage":0,"enemies":"Giant Head","floor":48,"turns":1},{"damage":0,"enemies":"Awakened One","floor":50,"turns":2},{"damage":0,"enemies":"Time Eater","floor":51,"turns":1},{"damage":0,"enemies":"Shield and Spear","floor":55,"turns":1},{"damage":0,"enemies":"The Heart","floor":56,"turns":4}],"seed_played":"1995200917465251535","potions_obtained":[{"floor":1.0,"key":"BlessingOfTheForge"},{"floor":12.0,"key":"Strength Potion"},{"floor":16.0,"key":"EntropicBrew"},{"floor":18.0,"key":"DuplicationPotion"},{"floor":36,"key":"Ancient Potion"}],"is_trial":true,"path_per_floor":["M","?","$","?","M","R","E","E","T","E","R","E","E","E","R","B",null,"M","?","$","M","$","E","R","E","T","E","E","R","E","E","R","B",null,"M","?","M","?","?","E","E","E","T","E","$","E","R","E","R","B","B",null,"R","$","E","B",null],"character_chosen":"THE_SILENT","items_purchased":["Membership Card","AT_ArchangelStaff","Prepared","Juzu Bracelet","StoneCalendar","AT_RabadonDeathcap","Kunai","Madness+1","PowerPotion","PiercingWail+1"],"campfire_rested":0,"item_purchase_floors":[22,22,22,45,45,54,54,54,54,54],"current_hp_per_floor":[59,64,64,57,57,57,64,64,64,64,64,64,64,64,64,64,75,75,75,75,75,75,75,75,75,75,75,75,75,75,75,75,78,78,78,78,78,78,78,78,78,78,78,43,43,44,44,45,45,69,69,80,80,80,84,86],"gold":1045,"neow_bonus":"","is_daily":false,"chose_seed":false,"campfire_upgraded":6,"win_rate":0.0,"timestamp":1608968503,"path_taken":["M","?","$","?","M","R","E","E","T","E","R","E","E","E","R","BOSS","M","?","?","?","$","E","R","E","T","E","E","R","E","E","R","BOSS","M","?","?","?","?","E","E","E","T","E","$","E","R","E","R","BOSS","BOSS","R","$","E","BOSS"],"items_purchased_type":["Relic","Relic","Card","Relic","Relic","Relic","Relic","Card","Potion","Card"],"build_version":"2020-12-22","purchased_purges":3,"victory":true,"max_hp_per_floor":[66,71,71,71,71,71,78,78,78,78,78,78,78,78,78,78,78,78,78,78,78,78,78,78,78,78,78,78,78,78,78,78,78,78,78,78,78,78,78,78,78,78,78,80,80,82,82,84,84,84,84,84,84,84,86,86],"card_choices":[{"not_picked":["Quick Slash","Underhanded Strike","Dodge and Roll"],"picked":"SKIP","floor":1.0},{"not_picked":["Distraction","Blur"],"picked":"Escape Plan","floor":5.0},{"not_picked":["Wraith Form v2","AT_EssenceShift","Unload"],"picked":"SKIP","floor":7.0},{"not_picked":["AT_KingSlayer","Die Die Die","Burst"],"picked":"SKIP","floor":8.0},{"not_picked":["Venomology","Glass Knife"],"picked":"Grand Finale","floor":10.0},{"not_picked":["Corpse Explosion","A Thousand Cuts","Malaise"],"picked":"SKIP","floor":12.0},{"not_picked":["AT_MyraUnstableElement","Venomology","Malaise"],"picked":"SKIP","floor":13.0},{"not_picked":["A Thousand Cuts","AT_KingSlayer","Malaise"],"picked":"SKIP","floor":14.0},{"not_picked":["PiercingWail","Cloak And Dagger"],"picked":"Terror","floor":18.0},{"not_picked":["AT_ThistleTea","Blur","Flying Knee"],"picked":"SKIP","floor":21.0},{"not_picked":["Envenom","AT_KingSlayer","Glass Knife"],"picked":"SKIP","floor":23.0},{"not_picked":["Grand Finale","Tools of the Trade","Wraith Form v2"],"picked":"SKIP","floor":25.0},{"not_picked":["AT_MyraUnstableElement+1","Envenom"],"picked":"Adrenaline+1","floor":27.0},{"not_picked":["Storm of Steel+1","Phantasmal Killer+1","Glass Knife"],"picked":"SKIP","floor":28.0},{"not_picked":["Die Die Die","Bullet Time+1","Phantasmal Killer+1"],"picked":"SKIP","floor":30},{"not_picked":["AT_EssenceShift","AT_MyraUnstableElement+1","Burst+1"],"picked":"SKIP","floor":31},{"not_picked":["Cloak And Dagger+1","Prepared+1","AT_FocusSwordFire+1"],"picked":"SKIP","floor":35},{"not_picked":["Terror+1","Slice"],"picked":"Acrobatics+1","floor":37},{"not_picked":["Venomology+1","Doppelganger+1","Corpse Explosion+1"],"picked":"SKIP","floor":40},{"not_picked":["Adrenaline+1","Wraith Form v2","Doppelganger+1"],"picked":"SKIP","floor":41},{"not_picked":["Malaise+1","Tools of the Trade","Grand Finale"],"picked":"SKIP","floor":42},{"not_picked":["AT_EssenceShift","Phantasmal Killer+1","Unload"],"picked":"Singing Bowl","floor":44},{"not_picked":["Corpse Explosion+1","Phantasmal Killer+1","Grand Finale"],"picked":"Singing Bowl","floor":46},{"not_picked":["Venomology+1","Night Terror+1","Wraith Form v2"],"picked":"Singing Bowl","floor":48},{"not_picked":["Phantasmal Killer+1","Envenom","Wraith Form v2"],"picked":"Singing Bowl","floor":55}],"player_experience":299314,"relics_obtained":[{"floor":7.0,"key":"Strawberry"},{"floor":8.0,"key":"Omamori"},{"floor":9.0,"key":"AT_BellDemon"},{"floor":10.0,"key":"AT_SpeedBoots"},{"floor":12.0,"key":"Orichalcum"},{"floor":12.0,"key":"Du-Vu Doll"},{"floor":13.0,"key":"Matryoshka"},{"floor":13.0,"key":"FossilizedHelix"},{"floor":14.0,"key":"Oddly Smooth Stone"},{"floor":14.0,"key":"Bird Faced Urn"},{"floor":16.0,"key":"AT_Manta"},{"floor":18.0,"key":"Ninja Scroll"},{"floor":21.0,"key":"Tough Bandages"},{"floor":23.0,"key":"Paper Crane"},{"floor":23.0,"key":"Lizard Tail"},{"floor":25.0,"key":"AT_RedTearstoneRing"},{"floor":25.0,"key":"Toxic Egg 2"},{"floor":26.0,"key":"AT_EbonyIvory"},{"floor":27.0,"key":"AT_SunfireAegis"},{"floor":27.0,"key":"Pantograph"},{"floor":28.0,"key":"Regal Pillow"},{"floor":28.0,"key":"AT_DeathDance"},{"floor":30,"key":"Unceasing Top"},{"floor":31,"key":"Toy Ornithopter"},{"floor":31,"key":"Pocketwatch"},{"floor":33,"key":"AT_LudenTempest"},{"floor":35,"key":"AT_TheCollector"},{"floor":37,"key":"Bronze Scales"},{"floor":40,"key":"Calipers"},{"floor":41,"key":"Ancient Tea Set"},{"floor":41,"key":"Turnip"},{"floor":42,"key":"AT_SilverBalance"},{"floor":42,"key":"CaptainsWheel"},{"floor":43,"key":"Blood Vial"},{"floor":43,"key":"AT_Kusabimaru"},{"floor":44,"key":"Happy Flower"},{"floor":44,"key":"Singing Bowl"},{"floor":46,"key":"AT_GoldPhoenixTree"},{"floor":46,"key":"Girya"},{"floor":48,"key":"Vajra"},{"floor":48,"key":"Mummified Hand"},{"floor":55,"key":"Bag of Preparation"},{"floor":55,"key":"Bottled Lightning"}],"event_choices":[{"damage_healed":0.0,"max_hp_gain":5.0,"max_hp_loss":0.0,"gold_gain":0.0,"event_name":"Big Fish","player_choice":"Donut","floor":2.0,"gold_loss":0.0,"damage_taken":0.0},{"cards_removed":["Underhanded Strike"],"damage_healed":0.0,"max_hp_gain":0.0,"max_hp_loss":0.0,"gold_gain":0.0,"event_name":"Golden Wing","player_choice":"Card Removal","floor":4.0,"gold_loss":0.0,"damage_taken":7.0},{"cards_removed":["Blade Dance"],"damage_healed":0.0,"max_hp_gain":0.0,"max_hp_loss":0.0,"gold_gain":0.0,"event_name":"Back to Basics","player_choice":"Elegance","floor":19.0,"gold_loss":0.0,"damage_taken":0.0},{"damage_healed":0,"gold_gain":0,"player_choice":"Got Potions","damage_taken":0,"max_hp_gain":0,"max_hp_loss":0,"event_name":"Lab","floor":36,"gold_loss":0},{"damage_healed":0,"gold_gain":0,"player_choice":"Ignored","damage_taken":0,"max_hp_gain":0,"max_hp_loss":0,"event_name":"Tomb of Lord Red Mask","floor":38,"gold_loss":0},{"cards_removed":["Dagger Throw"],"damage_healed":0,"gold_gain":0,"player_choice":"Removed Attack","damage_taken":0,"max_hp_gain":0,"max_hp_loss":0,"event_name":"Falling","floor":39,"gold_loss":0}],"is_beta":false,"boss_relics":[{"not_picked":["Philosopher\u0027s Stone","Velvet Choker"],"picked":"Empty Cage"},{"not_picked":["SlaversCollar","Tiny House"],"picked":"Coffee Dripper"}],"items_purged_floors":[3,22,54],"is_endless":false,"potions_floor_spawned":[1,12,13,14,16,18,30,33,35,40,41],"ascension_level":20}}