{"host":"2tomtqbg6oyju2cq","time":1608980510,"event":{"mods":["BaseMod","Colored Map","Colored Powertips","Minty Spire (QoL Compilation)","StSLib","SuperFastMode"],"gold_per_floor":[110,110,128,143,143,143,218,233,233,244,261,288,288,288,288,392,392,409,409,420,345,358,358,358,358,404,417,451,466,466,466],"floor_reached":30,"playtime":1012,"items_purged":[],"score":252,"play_id":"4ae75fe5-ce79-4bed-8f2f-31cbb4bceedb","local_time":"20201226030150","is_ascension_mode":false,"campfire_choices":[{"floor":6,"key":"REST"},{"floor":13,"key":"REST"},{"data":"A Thousand Cuts","floor":15,"key":"SMITH"},{"data":"Dash","floor":23,"key":"SMITH"},{"floor":25,"key":"REST"}],"circlet_count":0,"master_deck":["Strike_G","Strike_G","Strike_G","Strike_G+1","Defend_G","Defend_G","Defend_G","Defend_G+1","Survivor","Neutralize","Backflip","Slice","All Out Attack","Dagger Throw","A Thousand Cuts+1","Blade Dance","Adrenaline","Finisher","Distraction","Dash+1","Backflip+1","Poisoned Stab+1"],"relics":["Ring of the Snake","Torii","Kunai","Sundial","Velvet Choker","Dream Catcher","Lantern"],"acts_visited":["Exordium","TheCity"],"potions_floor_usage":[8,11,12,22,28,28],"damage_taken":[{"damage":1,"enemies":"Jaw Worm","floor":1,"turns":3},{"damage":0,"enemies":"2 Louse","floor":3,"turns":3},{"damage":0,"enemies":"Small Slimes","floor":4,"turns":4},{"damage":0,"enemies":"Exordium Wildlife","floor":8,"turns":6},{"damage":0,"enemies":"2 Fungi Beasts","floor":10,"turns":2},{"damage":1,"enemies":"Blue Slaver","floor":11,"turns":4},{"damage":6,"enemies":"Gremlin Nob","floor":12,"turns":4},{"damage":41,"enemies":"Slime Boss","floor":16,"turns":9},{"damage":2,"enemies":"Shell Parasite","floor":18,"turns":4},{"damage":11,"enemies":"2 Thieves","floor":20,"turns":3},{"damage":11,"enemies":"Sentry and Sphere","floor":22,"turns":4},{"damage":15,"enemies":"Snecko","floor":27,"turns":5},{"damage":11,"enemies":"Slavers","floor":28,"turns":4},{"damage":33,"enemies":"Shelled Parasite and Fungi","floor":29,"turns":5},{"damage":2,"enemies":"Cultist and Chosen","floor":30,"turns":1}],"seed_played":"-1525432894288461400","potions_obtained":[{"floor":3,"key":"DistilledChaos"},{"floor":8,"key":"PowerPotion"},{"floor":10,"key":"LiquidBronze"},{"floor":16,"key":"Dexterity Potion"},{"floor":20,"key":"Explosive Potion"},{"floor":27,"key":"Block Potion"},{"floor":29,"key":"Strength Potion"}],"is_trial":false,"path_per_floor":["M","?","M","M","?","R","?","M","T","M","M","E","R","?","R","B",null,"M","?","M","?","M","R","?","R","T","M","E","M","M"],"character_chosen":"THE_SILENT","items_purchased":[],"campfire_rested":3,"item_purchase_floors":[],"current_hp_per_floor":[48,34,34,34,27,48,37,37,37,37,36,30,51,56,56,15,75,73,73,62,62,51,51,37,61,61,46,35,2,0,0],"gold":466,"neow_bonus":"ONE_RARE_RELIC","is_daily":false,"chose_seed":false,"campfire_upgraded":2,"win_rate":0.0,"timestamp":1608980510,"path_taken":["M","?","M","M","?","R","?","M","T","?","M","E","R","?","R","BOSS","M","?","M","?","M","R","?","R","T","M","E","M","M"],"items_purchased_type":[],"build_version":"2020-12-22","purchased_purges":0,"victory":false,"max_hp_per_floor":[70,70,70,70,70,70,70,70,70,70,70,70,70,75,75,75,75,75,75,75,75,75,75,80,80,80,80,80,80,80,80],"card_choices":[{"not_picked":["Cloak And Dagger","Outmaneuver"],"picked":"Backflip","floor":1},{"not_picked":["Backflip","Flechettes"],"picked":"Slice","floor":3},{"not_picked":["Backflip","Acrobatics","PiercingWail"],"picked":"SKIP","floor":4},{"not_picked":["Reflex","Underhanded Strike"],"picked":"All Out Attack","floor":8},{"not_picked":["Footwork","Caltrops"],"picked":"Dagger Throw","floor":10},{"not_picked":["Dagger Throw","Cloak And Dagger"],"picked":"A Thousand Cuts","floor":11},{"not_picked":["Cloak And Dagger","Dagger Spray"],"picked":"Blade Dance","floor":12},{"not_picked":["Phantasmal Killer","Doppelganger"],"picked":"Adrenaline","floor":16},{"not_picked":["Dagger Throw+1","Escape Plan+1"],"picked":"Finisher","floor":18},{"not_picked":["Endless Agony","Sucker Punch"],"picked":"Distraction","floor":20},{"not_picked":["Blur","Deadly Poison"],"picked":"Dash","floor":22},{"not_picked":["Dagger Throw+1","Storm of Steel"],"picked":"Backflip+1","floor":27},{"not_picked":["Setup","Prepared"],"picked":"Poisoned Stab+1","floor":28},{"not_picked":["Prepared","All Out Attack","Poisoned Stab"],"picked":"SKIP","floor":29}],"player_experience":312049,"relics_obtained":[{"floor":9,"key":"Kunai"},{"floor":12,"key":"Sundial"},{"floor":26,"key":"Dream Catcher"},{"floor":28,"key":"Lantern"}],"event_choices":[{"damage_healed":0,"gold_gain":0,"player_choice":"Entered Light","damage_taken":14,"max_hp_gain":0,"max_hp_loss":0,"event_name":"Shining Light","floor":2,"gold_loss":0,"cards_upgraded":["Defend_G","Strike_G"]},{"cards_removed":["Defend_G"],"damage_healed":0,"gold_gain":0,"player_choice":"Card Removal","damage_taken":7,"max_hp_gain":0,"max_hp_loss":0,"event_name":"Golden Wing","floor":5,"gold_loss":0},{"damage_healed":0,"gold_gain":75,"player_choice":"Gather Gold","damage_taken":11,"max_hp_gain":0,"max_hp_loss":0,"event_name":"World of Goop","floor":7,"gold_loss":0},{"damage_healed":0,"gold_gain":0,"player_choice":"Donut","damage_taken":0,"max_hp_gain":5,"max_hp_loss":0,"event_name":"Big Fish","floor":14,"gold_loss":0},{"damage_healed":0,"gold_gain":0,"player_choice":"Ignored","damage_taken":0,"max_hp_gain":0,"max_hp_loss":0,"event_name":"Ghosts","floor":19,"gold_loss":0},{"cards_removed":["Strike_G"],"damage_healed":0,"gold_gain":0,"player_choice":"Gave Gold","damage_taken":0,"max_hp_gain":0,"max_hp_loss":0,"event_name":"Beggar","floor":21,"gold_loss":75},{"damage_healed":0,"gold_gain":0,"player_choice":"Shed Blood","damage_taken":19,"max_hp_gain":5,"max_hp_loss":0,"event_name":"Forgotten Altar","floor":24,"gold_loss":0}],"is_beta":false,"boss_relics":[{"not_picked":["Pandora\u0027s Box","Cursed Key"],"picked":"Velvet Choker"}],"items_purged_floors":[],"is_endless":false,"potions_floor_spawned":[3,8,10,16,20,27,29],"killed_by":"Cultist and Chosen","ascension_level":0}}