{"host":"pe0zhl1vvtkxuc0p","time":1608991220,"event":{"mods":["AchievementEnabler","Act Like it!","Bard","BaseMod","Card Forge","CatGirl Mod","Chen","Colored Powertips","Curses Come First","GifTheSpireLib","Hunter 猎人","KinomotoSakuraMod(木之本樱)","Luminous","Marisa（F雨　魔理沙）","Minty Spire (QoL Compilation)","Pale of the Ancients","Quick Restart","Remilia（蕾米莉亚）","StSLib","SuperFastMode","The Clintock","The Death Knight","The Dragon Tamer","The Druid","The Factory","The Hierophant","The Jungle","The Necromancer"],"gold_per_floor":[110,110,124,124,124,124,151,76,101,101,120,152,163,163,163,249,312,336,336,336,355,355,355,364,409,462,100,100,118,108,108],"floor_reached":30,"playtime":2396,"items_purged":["Regret","hierophant:Defend_Hierophant"],"score":263,"play_id":"1c4d834b-eb6e-4808-9eed-7244de1dba75","local_time":"20201226220020","is_ascension_mode":false,"campfire_choices":[{"data":"hierophant:Flagellation","floor":6.0,"key":"SMITH"},{"data":"hierophant:Smite","floor":10.0,"key":"SMITH"},{"floor":15.0,"key":"REST"},{"data":"1","floor":23,"key":"LIFT"}],"circlet_count":0,"master_deck":["hierophant:Strike_Hierophant","hierophant:Strike_Hierophant","hierophant:Strike_Hierophant","hierophant:Strike_Hierophant","hierophant:Punish","hierophant:Defend_Hierophant","hierophant:Defend_Hierophant","hierophant:Defend_Hierophant+1","hierophant:ChurchCoffers","hierophant:Flagellation+1","hierophant:Smite+1","hierophant:HolyVerse","hierophant:RepressedViolence","hierophant:Kindle","hierophant:Upheaval","hierophant:OrnateJavelin","theJungle:PetSnecko","hierophant:Doubloon","hierophant:Doubloon","hierophant:Refuge","hierophant:Doubloon","hierophant:CoinFling","hierophant:Patience"],"relics":["hierophant:PropheticMaskRelic","Hammer of Thor","Seething Fire","Anvil of the Gods","NeowsBlessing","Pantograph","MealTicket","Akabeko","Girya","Golden Idol","Tiny House","theJungle:BirthdayCakeSlice","Potion Belt","Ornamental Fan"],"acts_visited":["Exordium","Exordium"],"potions_floor_usage":[16,25],"damage_taken":[{"damage":0.0,"enemies":"Jaw Worm","floor":1.0,"turns":1.0},{"damage":0.0,"enemies":"Cultist","floor":3.0,"turns":1.0},{"damage":0.0,"enemies":"Gremlin Nob","floor":7.0,"turns":1.0},{"damage":0.0,"enemies":"2 Louse","floor":11.0,"turns":1.0},{"damage":30.0,"enemies":"Lagavulin","floor":12.0,"turns":6.0},{"damage":0.0,"enemies":"2 Fungi Beasts","floor":13.0,"turns":1.0},{"damage":47,"enemies":"The Guardian","floor":16,"turns":12},{"damage":8,"enemies":"theJungle:GiantWrat","floor":18,"turns":4},{"damage":12,"enemies":"Shell Parasite","floor":21,"turns":3},{"damage":37,"enemies":"theJungle:2_Flameangoes","floor":24,"turns":7},{"damage":3,"enemies":"theJungle:Snecko_Cultist_And_Trap","floor":25,"turns":4},{"damage":12,"enemies":"theJungle:2_Snecko_Cultists","floor":29,"turns":3},{"damage":3,"enemies":"theJungle:2_Phrogs","floor":30,"turns":3}],"seed_played":"2896508437012588628","potions_obtained":[{"floor":1.0,"key":"SpeedPotion"},{"floor":7.0,"key":"Energy Potion"},{"floor":12.0,"key":"Energy Potion"},{"floor":16,"key":"LiquidMemories"},{"floor":17,"key":"SneckoExtractPotion"},{"floor":29,"key":"Energy Potion"}],"is_trial":false,"path_per_floor":["M","?","M","?","?","R","E","$","T","R","M","E","M","?","R","B",null,"M","?","?","M","?","R","M","M","T","$","?","M","E"],"character_chosen":"HIEROPHANT","items_purchased":["Ornamental Fan"],"campfire_rested":1,"item_purchase_floors":[27],"current_hp_per_floor":[75,75,75,75,75,75,75,75,75,75,75,45,45,27,49,27,80,72,77,77,65,65,65,28,43,43,58,41,29,26,26],"gold":108,"neow_bonus":"THREE_ENEMY_KILL","is_daily":false,"chose_seed":false,"campfire_upgraded":2,"win_rate":0.0,"timestamp":1608991220,"path_taken":["M","?","?","?","?","R","E","$","T","R","M","E","M","?","R","BOSS","M","?","?","M","?","R","?","M","T","?","?","M","E"],"items_purchased_type":["Relic"],"build_version":"2020-12-22","purchased_purges":2,"victory":false,"max_hp_per_floor":[75,75,75,75,75,75,75,75,75,75,75,75,75,75,75,75,80,80,85,85,85,85,85,85,85,85,85,85,85,85,85],"card_choices":[{"not_picked":["hierophant:ArchangelShield","hierophant:Mercenaries"],"picked":"hierophant:Flagellation","floor":1.0},{"not_picked":["hierophant:Remorse","hierophant:FlamingChariot"],"picked":"hierophant:Smite","floor":3.0},{"not_picked":["hierophant:PristineSoul","hierophant:Exaltation"],"picked":"hierophant:HolyVerse","floor":7.0},{"not_picked":["hierophant:PassingBell","hierophant:Zeal"],"picked":"hierophant:RepressedViolence","floor":11.0},{"not_picked":["hierophant:Smite","hierophant:HammerAndAnvil","hierophant:AuricForm"],"picked":"SKIP","floor":12.0},{"not_picked":["hierophant:RecallFunds","hierophant:Dazzle","hierophant:Doubloon"],"picked":"SKIP","floor":13.0},{"not_picked":["hierophant:LocustPlague","hierophant:AuricForm"],"picked":"hierophant:Kindle","floor":16},{"not_picked":["hierophant:MirrorShield","hierophant:ThreeLashes"],"picked":"hierophant:Upheaval","floor":17},{"not_picked":["hierophant:Rebuild+1","hierophant:Martyrdom+1"],"picked":"hierophant:OrnateJavelin","floor":18},{"not_picked":["hierophant:Glossolalia","hierophant:HolyVerse"],"picked":"hierophant:Doubloon","floor":21},{"not_picked":["hierophant:Community","hierophant:Upheaval"],"picked":"hierophant:Refuge","floor":24},{"not_picked":["hierophant:AuricBeam","hierophant:Rebuild+1"],"picked":"hierophant:CoinFling","floor":25},{"not_picked":["hierophant:Shelter","hierophant:Martyrdom"],"picked":"hierophant:Patience","floor":29}],"player_experience":489571,"relics_obtained":[{"floor":9.0,"key":"Akabeko"},{"floor":12.0,"key":"Girya"},{"floor":26,"key":"Potion Belt"}],"event_choices":[{"damage_healed":0.0,"max_hp_gain":0.0,"max_hp_loss":0.0,"gold_gain":0.0,"event_name":"WeMeetAgain","player_choice":"Gave Potion","floor":2.0,"gold_loss":0.0,"damage_taken":0.0,"relics_obtained":["Pantograph"]},{"damage_healed":0.0,"max_hp_gain":0.0,"max_hp_loss":0.0,"gold_gain":0.0,"event_name":"Big Fish","player_choice":"Box","floor":4.0,"gold_loss":0.0,"damage_taken":0.0,"relics_obtained":["MealTicket"],"cards_obtained":["Regret"]},{"damage_healed":0.0,"max_hp_gain":0.0,"max_hp_loss":0.0,"gold_gain":0.0,"event_name":"Liars Game","player_choice":"Ignored","floor":5.0,"gold_loss":0.0,"damage_taken":0.0},{"damage_healed":0.0,"max_hp_gain":0.0,"max_hp_loss":0.0,"gold_gain":0.0,"event_name":"Golden Idol","player_choice":"Take Damage","floor":14.0,"gold_loss":0.0,"damage_taken":18.0,"relics_obtained":["Golden Idol"]},{"damage_healed":0,"gold_gain":0,"player_choice":"Ignored","damage_taken":0,"max_hp_gain":0,"max_hp_loss":0,"event_name":"NoteForYourself","floor":22,"gold_loss":0}],"is_beta":false,"boss_relics":[{"not_picked":["Coffee Dripper","Cursed Key"],"picked":"Tiny House"}],"items_purged_floors":[8,27],"is_endless":false,"potions_floor_spawned":[1,7,12,16,29],"killed_by":"theJungle:2_Phrogs","ascension_level":0}}