{"host":"0cnf9zf1gia27zti","time":1608951673,"event":{"mods":["BaseMod","BetterRewards","Card Forge","Colored Map","Colored Powertips","Conspire","Downfall","Minty Spire (QoL Compilation)","Practice Mode","Quick Restart","Replay The Spire","Robot Space Explorer","Shade Mod","Spicy Shops","StSLib"],"gold_per_floor":[118,118,42,56,101,131,46,46,46],"floor_reached":8,"playtime":414,"items_purged":["Strike_B"],"score":103,"play_id":"5c94114e-13a7-439c-b5ba-397a70e4b1b6","local_time":"20201226030113","is_ascension_mode":true,"campfire_choices":[],"circlet_count":0,"master_deck":["AscendersBane","Strike_B","Strike_B","Strike_B","Defend_B","Defend_B","Defend_B","Defend_B","Zap+1","Dualcast","Fusion+1","Fusion+1","Multi-Cast","Melter","Bandage Up","Capacitor","BasicCrystalCard","ReplayTheSpireMod:Calculation Training"],"relics":["Cracked Core","Hammer of Thor","Seething Fire","Anvil of the Gods","Solar Panel","Replay:Bottled Eggs","Lantern","DollysMirror","NlothsMask","Calipers"],"acts_visited":["Exordium"],"potions_floor_usage":[4],"damage_taken":[{"damage":0,"enemies":"Cultist","floor":1,"turns":2},{"damage":0,"enemies":"2 Louse","floor":4,"turns":1},{"damage":90,"enemies":"3 Sentries","floor":6,"turns":12},{"damage":30,"enemies":"Lagavulin","floor":8,"turns":5}],"seed_played":"710135763923980984","potions_obtained":[{"floor":1,"key":"Toxic Potion"},{"floor":4,"key":"FairyPotion"}],"is_trial":false,"path_per_floor":["M","?","$","M","T","E","$","E"],"character_chosen":"DEFECT","items_purchased":["Solar Panel","Fusion","Replay:Bottled Eggs","Lantern","DollysMirror","Multi-Cast","Melter","Bandage Up","Capacitor","ReplayTheSpireMod:Calculation Training"],"campfire_rested":0,"item_purchase_floors":[0,0,0,0,0,0,0,0,3,7],"current_hp_per_floor":[64,64,64,68,68,15,15,0,0],"gold":46,"neow_bonus":"","is_daily":false,"chose_seed":false,"campfire_upgraded":0,"win_rate":0.0,"timestamp":1608951673,"path_taken":["M","?","$","?","?","E","$","E"],"items_purchased_type":["Relic","Card","Relic","Relic","Relic","Card","Card","Card","Card","Card"],"build_version":"2020-12-22","purchased_purges":1,"victory":false,"max_hp_per_floor":[71,71,71,71,71,71,71,71,71],"card_choices":[{"not_picked":["Coolheaded","Recycle","Steam Power"],"picked":"SKIP","floor":1},{"not_picked":["Stack","Static Discharge","Cold Snap"],"picked":"SKIP","floor":4},{"not_picked":["Hologram","Go for the Eyes"],"picked":"BasicCrystalCard","floor":6}],"player_experience":2524797,"relics_obtained":[{"floor":6,"key":"Calipers"}],"event_choices":[{"damage_healed":0,"gold_gain":0,"player_choice":"Trade","damage_taken":0,"relics_obtained":["NlothsMask"],"max_hp_gain":0,"max_hp_loss":0,"event_name":"FaceTrader","floor":2,"gold_loss":0}],"is_beta":false,"boss_relics":[],"items_purged_floors":[0],"is_endless":false,"potions_floor_spawned":[1,4],"killed_by":"Lagavulin","ascension_level":18}}