{"host":"djfsqftupta9xgss","time":1608959515,"event":{"mods":["ATMod(°¢èªMod)","Act Like it!","BaseMod","Gensokyo","Minty Spire (QoL Compilation)","MostiFishMod","Replay The Spire","Spicy Shops","StSLib","TestMod"],"gold_per_floor":[115,195,208,6,6,41,41,66,66,95,95,20,31,50,50,125,125,145,145,145,245,245,271,521,550,550,585,598,83,108,120,120,193,193,206,217,233,251,262,297,297,331,331,331,364,380,414,434,434,434,434,434,434,95,120,120],"floor_reached":57,"playtime":1622,"items_purged":["Defend_P","Strike_P"],"score":4001,"play_id":"87a229d5-85c5-4599-95f3-3c3fa97792c9","local_time":"20201226131155","is_ascension_mode":true,"campfire_choices":[{"floor":11,"key":"RECALL"},{"floor":15,"key":"DIG"},{"floor":32,"key":"REST"},{"data":"AT_OneInchPunch","floor":41,"key":"SMITH"},{"data":"LessonLearned","floor":44,"key":"SMITH"},{"data":"Wallop","floor":49,"key":"SMITH"},{"data":"MostiFishMod:Speedup","floor":53,"key":"SMITH"}],"circlet_count":0,"master_deck":["AscendersBane","Strike_P+1","Strike_P+1","Defend_P","Eruption+1","Vigilance+1","AT_OneInchPunch+1","FlurryOfBlows+1","BowlingBash+1","Devotion","DevaForm","MostiFishMod:DisColor","FearNoEvil+1","MostiFishMod:StarOceanP","Adaptation+1","LessonLearned+1","MostiFishMod:Speedup+1","Wallop+1"],"relics":["AT_ATBox","DaveBox","testmod-TestBox","ShadowXiaoBlade","testmod-GiftOfSatan","BloodWine","SynthV:TestCard","MetatronsCube","Pear","Omamori","AT_ChloranthyRing","TeardropLocket","Blue Candle","testmod-AssaultLearning","ChiXiaoBlade","Replay:Bottled Steam","Ginger","Replay:Purple Gloves","AT_ArchangelStaff","Gambling Chip","testmod-RealStoneCalender","Bronze Scales","ClockworkSouvenir","AT_SpeedBoots","Anchor","AT_RedNoBalance","testmod-SaigiyounoYou","DianPoetry","AT_ForceNature","Toy Ornithopter","Garlic","Unceasing Top","Lizard Tail","Pet Ghost"],"acts_visited":["Exordium","Gensokyo:Gensokyo","TheBeyond","TheEnding"],"potions_floor_usage":[56],"damage_taken":[{"damage":0,"enemies":"Gensokyo:2_Kodama","floor":1,"turns":1},{"damage":0,"enemies":"Gensokyo:Gryphon","floor":3,"turns":1},{"damage":8,"enemies":"Gensokyo:Aya","floor":6,"turns":3},{"damage":0,"enemies":"Gensokyo:Cirno","floor":8,"turns":4},{"damage":0,"enemies":"Gensokyo:Aya","floor":10,"turns":2},{"damage":0,"enemies":"Gensokyo:3_Fairies","floor":13,"turns":2},{"damage":0,"enemies":"Gensokyo:2_Rabbits","floor":14,"turns":1},{"damage":0,"enemies":"Gensokyo:Reimu","floor":16,"turns":3},{"damage":0,"enemies":"Gensokyo:AngelMirror","floor":18,"turns":1},{"damage":0,"enemies":"Gensokyo:AngelMirror","floor":21,"turns":2},{"damage":0,"enemies":"Gensokyo:Tenshi","floor":23,"turns":1},{"damage":0,"enemies":"Gensokyo:Reisen","floor":25,"turns":1},{"damage":0,"enemies":"Gensokyo:Tenshi","floor":27,"turns":1},{"damage":0,"enemies":"Gensokyo:CosmicMonolith","floor":28,"turns":1},{"damage":0,"enemies":"Gensokyo:Koishi","floor":30,"turns":1},{"damage":0,"enemies":"Gensokyo:Slime_Group","floor":31,"turns":1},{"damage":0,"enemies":"Gensokyo:Eternal_Rivals","floor":33,"turns":3},{"damage":0,"enemies":"Orb Walker","floor":35,"turns":1},{"damage":0,"enemies":"3 Darklings","floor":36,"turns":1},{"damage":0,"enemies":"Sphere and 2 Shapes","floor":37,"turns":1},{"damage":0,"enemies":"Writhing Mass","floor":38,"turns":1},{"damage":0,"enemies":"Spire Growth","floor":39,"turns":1},{"damage":0,"enemies":"R_Hoarder","floor":40,"turns":1},{"damage":0,"enemies":"Nemesis","floor":42,"turns":1},{"damage":0,"enemies":"Giant Head","floor":45,"turns":2},{"damage":0,"enemies":"Maw","floor":46,"turns":1},{"damage":0,"enemies":"R_Hoarder","floor":47,"turns":2},{"damage":0,"enemies":"Writhing Mass","floor":48,"turns":1},{"damage":0,"enemies":"Awakened One","floor":50,"turns":2},{"damage":11,"enemies":"Time Eater","floor":51,"turns":3},{"damage":0,"enemies":"Shield and Spear","floor":55,"turns":1},{"damage":0,"enemies":"The Heart","floor":56,"turns":2}],"seed_played":"-4533163535432534731","potions_obtained":[{"floor":1,"key":"Swift Potion"},{"floor":10,"key":"Strength Potion"},{"floor":27,"key":"BottledMiracle"},{"floor":46,"key":"Elixir"}],"is_trial":false,"path_per_floor":["M","?","M","COS","?","E","T","E","T","E","R","$","M","M","R","B",null,"M","?","?","?","?","E","?","E","T","E","M","$","E","M","R","B",null,"M","M","M","M","M","E","R","E","T","R","E","M","E","M","R","B","B",null,"R","$","E","B",null],"character_chosen":"WATCHER","items_purchased":["ClockworkSouvenir","AT_SpeedBoots","Anchor","Lizard Tail"],"campfire_rested":1,"item_purchase_floors":[29,29,29,54],"current_hp_per_floor":[61,61,61,61,61,63,63,63,63,63,63,63,63,83,83,83,83,83,75,75,75,75,75,69,74,74,74,74,74,79,39,62,76,82,84,84,84,84,84,89,89,89,89,89,89,94,99,99,99,99,104,104,104,104,104,104],"gold":120,"neow_bonus":"BOSS_RELIC","is_daily":false,"chose_seed":false,"campfire_upgraded":4,"win_rate":0.0,"timestamp":1608959515,"path_taken":["M","?","M","COS","?","E","?","E","T","E","R","$","M","M","R","BOSS","M","?","?","?","?","E","?","E","T","E","M","$","E","?","R","BOSS","M","M","M","M","M","E","R","E","T","R","E","M","E","M","R","BOSS","BOSS","R","$","E","BOSS"],"items_purchased_type":["Relic","Relic","Relic","Relic"],"build_version":"2020-12-22","purchased_purges":2,"victory":true,"max_hp_per_floor":[68,68,68,68,68,78,78,78,78,78,78,78,78,83,83,83,83,83,75,75,75,75,75,69,74,74,74,74,74,79,79,79,84,84,84,84,84,84,84,89,89,89,89,89,89,94,99,99,99,99,104,104,104,104,104,104],"card_choices":[{"not_picked":["PathToVictory","Consecrate"],"picked":"FlurryOfBlows","floor":1},{"not_picked":["CrushJoints","Protect","FlurryOfBlows","EmptyFist","JustLucky"],"picked":"SKIP","floor":3},{"not_picked":["Consecrate","Replay:ManipulateFuture","Replay:Hum","ClearTheMind"],"picked":"BowlingBash","floor":5},{"not_picked":["ThirdEye","FlyingSleeves","Worship","CrushJoints"],"picked":"Devotion","floor":5},{"not_picked":["FollowUp","EmptyMind","Nirvana","Worship","Evaluate"],"picked":"SKIP","floor":6},{"not_picked":["Perseverance","FlurryOfBlows","Blasphemy","CrushJoints","Consecrate"],"picked":"SKIP","floor":8},{"not_picked":["CutThroughFate","Halt","Replay:BluntJabs","PathToVictory"],"picked":"DevaForm","floor":10},{"not_picked":["EmptyFist","Replay:BluntJabs","Halt","Replay:ManipulateFuture","Crescendo"],"picked":"SKIP","floor":13},{"not_picked":["Halt","MostiFishMod:PathToVictory","SashWhip","CarveReality","WindmillStrike"],"picked":"SKIP","floor":14},{"not_picked":["MostiFishMod:Unraveling","MostiFishMod:OutWit","Blasphemy","AT_ChampionKick"],"picked":"MostiFishMod:DisColor","floor":16},{"not_picked":["ClearTheMind","Weave+1","CarveReality","Replay:Cycle+1","PathToVictory"],"picked":"SKIP","floor":18},{"not_picked":["PathToVictory","SashWhip","CrushJoints","FlurryOfBlows"],"picked":"FearNoEvil","floor":21},{"not_picked":["Prostrate","Meditate","Perseverance+1","Protect","Pray"],"picked":"SKIP","floor":23},{"not_picked":["SignatureMove","BowlingBash","MostiFishMod:Dust","FlyingSleeves"],"picked":"MostiFishMod:StarOceanP","floor":25},{"not_picked":["AT_DivineConfetti","JustLucky","CrushJoints","PathToVictory","Halt"],"picked":"SKIP","floor":27},{"not_picked":["Collect","CutThroughFate","FollowUp","Replay:DivineShield","Replay:AtTheReady"],"picked":"SKIP","floor":28},{"not_picked":["MostiFishMod:Disappear","Replay:ManipulateFuture","FlurryOfBlows","BowlingBash","SashWhip"],"picked":"SKIP","floor":30},{"not_picked":["CutThroughFate","DeceiveReality","Replay:AtTheReady+1","WheelKick"],"picked":"Adaptation","floor":31},{"not_picked":["MostiFishMod:StarWish","AT_MachinaRedman","ConjureBlade","DevaForm"],"picked":"LessonLearned","floor":33},{"not_picked":["Halt","JustLucky","Protect","CrushJoints","Nirvana+1"],"picked":"SKIP","floor":35},{"not_picked":["PathToVictory","SandsOfTime","WheelKick+1","Replay:ManipulateFuture","FollowUp+1"],"picked":"SKIP","floor":36},{"not_picked":["AT_ChampionStep","Meditate+1","CutThroughFate","Devotion","MostiFishMod:Clarity"],"picked":"SKIP","floor":37},{"not_picked":["JustLucky","ClearTheMind+1","Crescendo+1","ThirdEye"],"picked":"MostiFishMod:Speedup","floor":38},{"not_picked":["FlurryOfBlows","JustLucky","BowlingBash","Halt","CarveReality"],"picked":"SKIP","floor":39},{"not_picked":["Indignation","Replay:DivineShield","Prostrate+1","AT_ChampionStep+1","Study"],"picked":"SKIP","floor":40},{"not_picked":["Adaptation","SashWhip","MostiFishMod:FlowState","PathToVictory","Perseverance"],"picked":"SKIP","floor":42},{"not_picked":["Fasting2","Consecrate+1","SpiritShield","FlurryOfBlows","ThirdEye"],"picked":"SKIP","floor":45},{"not_picked":["Consecrate","Sanctity","Protect","Replay:Hum+1"],"picked":"Wallop","floor":46},{"not_picked":["Consecrate","Prostrate","CutThroughFate+1","FollowUp","MostiFishMod:LegendTransform+1"],"picked":"SKIP","floor":47},{"not_picked":["CrushJoints","Crescendo+1","CarveReality","Sanctity+1","Replay:Cycle"],"picked":"SKIP","floor":48},{"not_picked":["Indignation","Weave+1","FollowUp+1","Prostrate+1","CrushJoints"],"picked":"SKIP","floor":55}],"player_experience":341592,"relics_obtained":[{"floor":1,"key":"SynthV:TestCard"},{"floor":6,"key":"Pear"},{"floor":7,"key":"Omamori"},{"floor":8,"key":"TeardropLocket"},{"floor":10,"key":"Blue Candle"},{"floor":15,"key":"testmod-AssaultLearning"},{"floor":21,"key":"Ginger"},{"floor":21,"key":"Replay:Purple Gloves"},{"floor":23,"key":"AT_ArchangelStaff"},{"floor":25,"key":"Gambling Chip"},{"floor":26,"key":"testmod-RealStoneCalender"},{"floor":27,"key":"Bronze Scales"},{"floor":30,"key":"AT_SilverBalance"},{"floor":40,"key":"DianPoetry"},{"floor":42,"key":"AT_ForceNature"},{"floor":43,"key":"Toy Ornithopter"},{"floor":45,"key":"Garlic"},{"floor":47,"key":"Unceasing Top"},{"floor":55,"key":"Pet Ghost"}],"event_choices":[],"is_beta":false,"boss_relics":[{"not_picked":["DiscerningMonocle","ExusiaiGun"],"picked":"ChiXiaoBlade"},{"not_picked":["testmod-Nine","SacredBark"],"picked":"testmod-SaigiyounoYou"}],"items_purged_floors":[12,29],"is_endless":false,"potions_floor_spawned":[1,10,16,25,27,30,31,37,38,39,46,48],"ascension_level":20}}