{"host":"gkh5j5k5w4qf7k7n","time":1608986645,"event":{"mods":["2.2 Compatiblity","AchievementEnabler","BaseMod","Colored Map","Colored Powertips","GifTheSpireLib","Keyboard Shortcuts","Minty Spire (QoL Compilation)","Quick Restart","StSLib","SuperFastMode","The Construct","The Dragon Tamer","The Marked","TheBandit","¡¼?Úª?ø«¡½REMEMod"],"gold_per_floor":[117,117,117,130,205,205,224,224,224,224],"floor_reached":8,"playtime":351,"items_purged":[],"score":53,"play_id":"ca443444-ced1-4105-bd61-b012fd2509b5","local_time":"20201226214405","is_ascension_mode":true,"metric_token":1055,"campfire_choices":[{"data":"DTMod:Training","floor":6,"key":"SMITH"}],"dtmod_dragon_data":[0,50,-1,-1,0,0],"circlet_count":0,"master_deck":["DTMod:Strike","DTMod:DoubleHit","DTMod:TargetDefense","DTMod:TargetDefense","DTMod:TargetDefense","DTMod:TargetDefense","DTMod:SwitchingTactic","DTMod:DeepFocus","DTMod:CrossStep","DTMod:Training+1","DTMod:WarmUp"],"relics":["DTMod:PactStone","REME_ComplimentaryCards"],"acts_visited":["Exordium"],"potions_floor_usage":[8,8],"damage_taken":[{"damage":0,"enemies":"2 Louse","floor":1,"turns":4},{"damage":0,"enemies":"Cultist","floor":4,"turns":5},{"damage":0,"enemies":"Small Slimes","floor":7,"turns":4},{"damage":52,"enemies":"Gremlin Nob","floor":8,"turns":7}],"seed_played":"-5883088417001295188","potions_obtained":[{"floor":4,"key":"Explosive Potion"},{"floor":7,"key":"Strength Potion"}],"is_trial":false,"path_per_floor":["M","?","?","M","?","R","M","E"],"character_chosen":"THE_DT","items_purchased":[],"campfire_rested":0,"item_purchase_floors":[],"current_hp_per_floor":[45,45,45,45,34,34,34,0,0,0],"gold":224,"neow_bonus":"REMOVE_CARD","is_daily":false,"chose_seed":false,"campfire_upgraded":1,"win_rate":0.0,"timestamp":1608986645,"path_taken":["M","?","?","?","?","R","M","E"],"items_purchased_type":[],"build_version":"2020-12-22","purchased_purges":0,"victory":false,"max_hp_per_floor":[45,45,45,45,45,45,45,45,45,45],"card_choices":[{"not_picked":["DTMod:MasterPlan","DTMod:Weaken"],"picked":"DTMod:CrossStep","floor":1},{"not_picked":["DTMod:BuildUp","DTMod:Cover"],"picked":"DTMod:Training","floor":4},{"not_picked":["DTMod:BreakAttack","DTMod:QuickFly"],"picked":"DTMod:WarmUp","floor":7}],"player_experience":933264,"relics_obtained":[],"event_choices":[{"cards_removed":["DTMod:Strike"],"damage_healed":0,"gold_gain":0,"player_choice":"Forget","damage_taken":0,"max_hp_gain":0,"max_hp_loss":0,"event_name":"Living Wall","floor":2,"gold_loss":0},{"cards_removed":["DTMod:Strike"],"damage_healed":0,"gold_gain":0,"player_choice":"Offered Basic","damage_taken":0,"max_hp_gain":0,"max_hp_loss":0,"event_name":"Bonfire Elementals","floor":3,"gold_loss":0},{"damage_healed":0,"gold_gain":75,"player_choice":"Gather Gold","damage_taken":11,"max_hp_gain":0,"max_hp_loss":0,"event_name":"World of Goop","floor":5,"gold_loss":0}],"is_beta":false,"boss_relics":[],"items_purged_floors":[],"is_endless":false,"potions_floor_spawned":[4,7],"killed_by":"Gremlin Nob","ascension_level":3}}