{"host":"r6jigiblrojhp6xe","time":1608976956,"event":{"mods":["AchievementEnabler","BaseMod","DeckTracker","Minty Spire (QoL Compilation)","Quick Restart","Rare Cards Sparkle","Relic Stats","StSLib","SuperFastMode","The Cursed","everything is the same but u backflip on backflip"],"gold_per_floor":[113,113,113,138,156,195,195,233,233,233,271,287,23,23,23,139,139,153,153,153,53,66,121,121,156,156,156,200,219,240,276,276,390,390,415,290,290,215,260,291,326,342,342,358,28,67,88,103,103,103,103],"floor_reached":52,"playtime":2146,"items_purged":["Decay","Strike_B","Strike_B","Defend_B"],"score":1967,"play_id":"d189c6a1-fbc6-43e1-a95d-cc549d09ab7a","local_time":"20201226190236","is_ascension_mode":true,"campfire_choices":[{"floor":7.0,"key":"REST"},{"data":"Zap","floor":10.0,"key":"SMITH"},{"floor":15.0,"key":"REST"},{"floor":24.0,"key":"REST"},{"data":"Defragment","floor":27.0,"key":"SMITH"},{"floor":32.0,"key":"REST"},{"floor":49,"key":"REST"}],"circlet_count":0,"master_deck":["AscendersBane","Defend_B","Defend_B","Zap+1","Dualcast","Sweeping Beam","Cold Snap","Undo","Chill","FTL","Defragment+1","Cold Snap","HandOfGreed","Reboot","Compile Driver","Loop+1","Ball Lightning","Glacier+1","Conserve Battery+1","Glacier+1","Turbo","Chill","Coolheaded","Core Surge","Reinforced Body+1","Leap+1","Scrape","BootSequence","Aggregate","Barrage","Reboot","Barrage","Go for the Eyes","Defragment+1","FTL","Master of Strategy","Coolheaded","Buffer+1","Compile Driver","Go for the Eyes","Hologram","Reboot"],"relics":["Cracked Core","NeowsBlessing","Golden Idol","Mercury Hourglass","Mummified Hand","Shuriken","Bottled Flame","Sozu","Prayer Wheel","Pear","Dead Branch","Inserter","Frozen Egg 2","Bag of Marbles"],"acts_visited":["Exordium","TheCity","TheBeyond"],"potions_floor_usage":[],"damage_taken":[{"damage":0.0,"enemies":"2 Louse","floor":1.0,"turns":1.0},{"damage":0.0,"enemies":"Cultist","floor":4.0,"turns":1.0},{"damage":0.0,"enemies":"Small Slimes","floor":5.0,"turns":1.0},{"damage":9.0,"enemies":"Gremlin Nob","floor":6.0,"turns":3.0},{"damage":3.0,"enemies":"3 Sentries","floor":8.0,"turns":6.0},{"damage":25.0,"enemies":"Gremlin Nob","floor":11.0,"turns":4.0},{"damage":9.0,"enemies":"Blue Slaver","floor":12.0,"turns":3.0},{"damage":11.0,"enemies":"The Guardian","floor":16.0,"turns":12.0},{"damage":22.0,"enemies":"Shell Parasite","floor":18.0,"turns":6.0},{"damage":0.0,"enemies":"Spheric Guardian","floor":22.0,"turns":3.0},{"damage":23.0,"enemies":"Book of Stabbing","floor":23.0,"turns":7.0},{"damage":26.0,"enemies":"Slavers","floor":25.0,"turns":5.0},{"damage":1.0,"enemies":"Centurion and Healer","floor":28.0,"turns":6.0},{"damage":0.0,"enemies":"Cultist and Chosen","floor":29.0,"turns":4.0},{"damage":0.0,"enemies":"Snake Plant","floor":30.0,"turns":5.0},{"damage":0.0,"enemies":"Shelled Parasite and Fungi","floor":31.0,"turns":5.0},{"damage":39.0,"enemies":"Champ","floor":33.0,"turns":20.0},{"damage":10.0,"enemies":"3 Darklings","floor":35.0,"turns":5.0},{"damage":0.0,"enemies":"3 Shapes","floor":39.0,"turns":4.0},{"damage":17.0,"enemies":"Reptomancer","floor":40.0,"turns":8.0},{"damage":13.0,"enemies":"Writhing Mass","floor":41.0,"turns":11.0},{"damage":0.0,"enemies":"Transient","floor":42.0,"turns":6.0},{"damage":5.0,"enemies":"Sphere and 2 Shapes","floor":44.0,"turns":5.0},{"damage":3.0,"enemies":"Writhing Mass","floor":46.0,"turns":7.0},{"damage":0,"enemies":"3 Darklings","floor":47,"turns":3},{"damage":0,"enemies":"Sphere and 2 Shapes","floor":48,"turns":6},{"damage":0,"enemies":"Donu and Deca","floor":50,"turns":10},{"damage":16,"enemies":"Time Eater","floor":51,"turns":12}],"seed_played":"5348291618881922455","potions_obtained":[{"floor":1.0,"key":"LiquidMemories"},{"floor":5.0,"key":"FocusPotion"},{"floor":12.0,"key":"Block Potion"},{"floor":16.0,"key":"CultistPotion"}],"is_trial":false,"path_per_floor":["M","?","?","M","M","E","R","E","T","R","E","M","$","?","R","B",null,"M","?","?","$","M","E","R","E","T","R","M","M","M","M","R","B",null,"M","$","?","?","M","E","M","M","T","M","$","M","M","M","R","B","B",null],"character_chosen":"DEFECT","items_purchased":["HandOfGreed","Master of Strategy"],"campfire_rested":5,"item_purchase_floors":[13,45],"current_hp_per_floor":[64,40,40,40,40,31,52,49,49,49,24,15,15,8,29,18,58,36,36,36,36,36,13,34,18,18,18,17,17,17,17,41,2,61,51,51,51,51,51,34,21,21,21,16,16,13,13,13,37,37,21],"gold":103,"neow_bonus":"THREE_ENEMY_KILL","is_daily":false,"chose_seed":false,"campfire_upgraded":2,"win_rate":0.0,"timestamp":1608976956,"path_taken":["M","?","?","M","?","E","R","E","T","R","E","M","$","?","R","BOSS","M","?","?","$","M","E","R","E","T","R","M","?","M","M","R","BOSS","M","$","?","?","?","E","M","M","T","M","$","M","M","M","R","BOSS","BOSS"],"items_purchased_type":["Card","Card"],"build_version":"2020-12-22","purchased_purges":4,"victory":true,"max_hp_per_floor":[71,71,71,71,71,71,71,71,71,71,71,71,71,71,71,71,71,71,71,71,71,71,71,71,81,81,81,81,81,81,81,81,81,81,81,81,81,81,81,81,81,81,81,81,81,81,81,81,81,81,81],"relic_stats":{"Sozu":9,"Inserter":[38],"counters":[28,168],"Golden Idol":185,"Mummified Hand":[71],"Shuriken":[55],"Dead Branch":[106],"Prayer Wheel":12,"obtain_stats":[{"Pear":25,"Inserter":34,"NeowsBlessing":0,"Golden Idol":2,"Dead Branch":26,"Frozen Egg 2":40,"Mercury Hourglass":6,"Sozu":17,"Bottled Flame":11,"Mummified Hand":8,"Shuriken":9,"Prayer Wheel":23,"Bag of Marbles":43,"Cracked Core":0},{"Pear":12,"Inserter":17,"NeowsBlessing":0,"Golden Idol":1,"Dead Branch":12,"Frozen Egg 2":20,"Mercury Hourglass":4,"Sozu":8,"Bottled Flame":6,"Mummified Hand":5,"Shuriken":5,"Prayer Wheel":11,"Bag of Marbles":22,"Cracked Core":0},{"Pear":52,"Inserter":91,"NeowsBlessing":0,"Golden Idol":1,"Dead Branch":52,"Frozen Egg 2":108,"Mercury Hourglass":6,"Sozu":31,"Bottled Flame":16,"Mummified Hand":12,"Shuriken":12,"Prayer Wheel":47,"Bag of Marbles":125,"Cracked Core":0}],"Mercury Hourglass":[502]},"card_choices":[{"not_picked":["Skim","Auto Shields"],"picked":"Sweeping Beam","floor":1.0},{"not_picked":["Streamline","Beam Cell"],"picked":"Cold Snap","floor":4.0},{"not_picked":["Conserve Battery","Chaos"],"picked":"Undo","floor":5.0},{"not_picked":["Hologram","Coolheaded"],"picked":"Chill","floor":6.0},{"not_picked":["Beam Cell","Storm"],"picked":"FTL","floor":8.0},{"not_picked":["Gash","Steam Power"],"picked":"Defragment","floor":11.0},{"not_picked":["Beam Cell","Static Discharge"],"picked":"Cold Snap","floor":12.0},{"not_picked":["Meteor Strike","Hyperbeam"],"picked":"Reboot","floor":16.0},{"not_picked":["Recycle","Cold Snap"],"picked":"Compile Driver","floor":18.0},{"not_picked":["Steam+1","Reinforced Body"],"picked":"Loop+1","floor":22.0},{"not_picked":["Sweeping Beam","FTL"],"picked":"Ball Lightning","floor":23.0},{"not_picked":["Echo Form","Cold Snap","Compile Driver"],"picked":"SKIP","floor":25.0},{"not_picked":["Leap","Go for the Eyes"],"picked":"Glacier+1","floor":28.0},{"not_picked":["Beam Cell","Steam","Ball Lightning"],"picked":"SKIP","floor":28.0},{"not_picked":["Redo+1","Undo"],"picked":"Conserve Battery+1","floor":29.0},{"not_picked":["Auto Shields+1","Conserve Battery","Echo Form"],"picked":"SKIP","floor":29.0},{"not_picked":["Compile Driver","Barrage"],"picked":"Glacier+1","floor":30.0},{"not_picked":["Reprogram","Steam Power"],"picked":"Turbo","floor":30.0},{"not_picked":["Steam","Ball Lightning"],"picked":"Chill","floor":31.0},{"not_picked":["Static Discharge","Beam Cell"],"picked":"Coolheaded","floor":31.0},{"not_picked":["Amplify","Multi-Cast"],"picked":"Core Surge","floor":33.0},{"not_picked":["Cold Snap","Ball Lightning"],"picked":"Reinforced Body+1","floor":35.0},{"not_picked":["Streamline","Steam"],"picked":"Leap+1","floor":35.0},{"not_picked":["Barrage+1","Melter"],"picked":"Aggregate","floor":39.0},{"not_picked":["Cold Snap","Redo"],"picked":"Barrage","floor":39.0},{"not_picked":["Darkness+1","Go for the Eyes"],"picked":"Reboot","floor":40.0},{"not_picked":["Doom and Gloom","Beam Cell"],"picked":"Barrage","floor":41.0},{"not_picked":["Steam","Doom and Gloom"],"picked":"Go for the Eyes","floor":41.0},{"not_picked":["Steam","Doom and Gloom","Streamline+1"],"picked":"SKIP","floor":42.0},{"not_picked":["Gash","Melter","Sweeping Beam"],"picked":"SKIP","floor":42.0},{"not_picked":["Gash","Streamline"],"picked":"Defragment+1","floor":44.0},{"not_picked":["Go for the Eyes","Sweeping Beam"],"picked":"FTL","floor":44.0},{"not_picked":["Ball Lightning","Sweeping Beam"],"picked":"Coolheaded","floor":46.0},{"not_picked":["Undo+1","Loop+1"],"picked":"Buffer+1","floor":46.0},{"not_picked":["Cold Snap","Double Energy"],"picked":"Compile Driver","floor":47},{"not_picked":["Cold Snap","Turbo"],"picked":"Go for the Eyes","floor":47},{"not_picked":["Ball Lightning","Streamline"],"picked":"Hologram","floor":48},{"not_picked":["Leap","Beam Cell"],"picked":"Reboot","floor":48}],"player_experience":537393,"relics_obtained":[{"floor":6.0,"key":"Mercury Hourglass"},{"floor":8.0,"key":"Mummified Hand"},{"floor":9.0,"key":"Shuriken"},{"floor":11.0,"key":"Bottled Flame"},{"floor":23.0,"key":"Prayer Wheel"},{"floor":25.0,"key":"Pear"},{"floor":26.0,"key":"Dead Branch"},{"floor":40.0,"key":"Frozen Egg 2"},{"floor":43.0,"key":"Bag of Marbles"}],"event_choices":[{"damage_healed":0.0,"max_hp_gain":0.0,"max_hp_loss":0.0,"gold_gain":0.0,"event_name":"Golden Idol","player_choice":"Take Damage","floor":2.0,"gold_loss":0.0,"damage_taken":24.0,"relics_obtained":["Golden Idol"]},{"damage_healed":0.0,"max_hp_gain":0.0,"max_hp_loss":0.0,"gold_gain":0.0,"event_name":"Wheel of Change","player_choice":"Cursed","floor":3.0,"gold_loss":0.0,"damage_taken":0.0,"cards_obtained":["Decay"]},{"cards_removed":["Strike_B"],"damage_healed":0.0,"max_hp_gain":0.0,"max_hp_loss":0.0,"gold_gain":0.0,"event_name":"Golden Wing","player_choice":"Card Removal","floor":14.0,"gold_loss":0.0,"damage_taken":7.0},{"damage_healed":0.0,"max_hp_gain":0.0,"max_hp_loss":0.0,"gold_gain":0.0,"event_name":"Cursed Tome","player_choice":"Ignored","floor":19.0,"gold_loss":0.0,"damage_taken":0.0},{"damage_healed":0.0,"max_hp_gain":0.0,"max_hp_loss":0.0,"gold_gain":0.0,"event_name":"Ghosts","player_choice":"Ignored","floor":20.0,"gold_loss":0.0,"damage_taken":0.0},{"damage_healed":0.0,"max_hp_gain":0.0,"max_hp_loss":0.0,"gold_gain":0.0,"event_name":"Tomb of Lord Red Mask","player_choice":"Ignored","floor":37.0,"gold_loss":0.0,"damage_taken":0.0},{"damage_healed":0.0,"max_hp_gain":0.0,"max_hp_loss":0.0,"gold_gain":0.0,"cards_transformed":["Defend_B","Strike_B"],"event_name":"Designer","player_choice":"Transformed Cards","floor":38.0,"gold_loss":75.0,"damage_taken":0.0,"cards_obtained":["Scrape","BootSequence"]}],"is_beta":false,"boss_relics":[{"not_picked":["Snecko Eye","Runic Dome"],"picked":"Sozu"},{"not_picked":["Fusion Hammer","Coffee Dripper"],"picked":"Inserter"}],"items_purged_floors":[13,21,36,45],"is_endless":false,"potions_floor_spawned":[1,5,12,16,23,28,29,31,35,39,40,44,47],"ascension_level":20}}