{"host":"2461dio7vetlq1z3","time":1608946617,"event":{"mods":["2.2 Compatiblity","AchievementEnabler","Aspiration","BaseMod","Better Skull","Better Third Choice","Friendly Minions","Hermit","Hubris","Minty Spire (QoL Compilation)","Relic Stats","Spicy Shops","StSLib","Waifu the Spire"],"gold_per_floor":[116,116,136,151,25,25,25,60,84,128,128,156,156,180,180,180,180],"floor_reached":16,"playtime":639,"items_purged":["Strike_R"],"score":220,"play_id":"0b539f13-df76-4f94-92e5-8480e1af7914","local_time":"20201226023657","is_ascension_mode":true,"campfire_choices":[{"data":"Bash","floor":6,"key":"SMITH"},{"data":"Inflame","floor":13,"key":"SMITH"},{"data":"Sever Soul","floor":15,"key":"SMITH"}],"circlet_count":0,"master_deck":["AscendersBane","Strike_R","Strike_R","Strike_R","Strike_R","Defend_R","Defend_R","Defend_R+1","Defend_R","Bash+1","Anger+1","Sword Boomerang","Sever Soul+1","Fire Breathing","Iron Wave","Battle Trance","Inflame+1"],"relics":["Burning Blood","aspiration:HiddenCompartment","hubris:Icosahedron","CeramicFish","Ancient Tea Set","Lantern","Golden Idol"],"acts_visited":["Exordium"],"potions_floor_usage":[10,16,16],"damage_taken":[{"damage":24,"enemies":"Jaw Worm","floor":1,"turns":4},{"damage":0,"enemies":"2 Louse","floor":3,"turns":3},{"damage":0,"enemies":"Cultist","floor":4,"turns":3},{"damage":24,"enemies":"3 Sentries","floor":8,"turns":5},{"damage":34,"enemies":"Lagavulin","floor":10,"turns":6},{"damage":2,"enemies":"Exordium Wildlife","floor":12,"turns":3},{"damage":14,"enemies":"Exordium Thugs","floor":14,"turns":3},{"damage":32,"enemies":"Hexaghost","floor":16,"turns":7}],"seed_played":"3443879349771467257","potions_obtained":[{"floor":3,"key":"Weak Potion"},{"floor":4,"key":"SmokeBomb"},{"floor":12,"key":"SneckoOil"},{"floor":14,"key":"Swift Potion"}],"is_trial":false,"path_per_floor":["M","?","M","M","$","R","?","E","T","E","?","M","R","M","R","B"],"character_chosen":"IRONCLAD","items_purchased":["Fire Breathing"],"campfire_rested":0,"item_purchase_floors":[5],"current_hp_per_floor":[50,27,33,39,39,39,39,57,57,29,29,33,33,25,25,0,0],"gold":180,"neow_bonus":"RANDOM_COMMON_RELIC","is_daily":false,"chose_seed":false,"campfire_upgraded":3,"win_rate":0.0,"timestamp":1608946617,"path_taken":["M","?","M","M","$","R","?","E","T","E","?","M","R","M","R","BOSS"],"items_purchased_type":["Card"],"build_version":"2020-12-22","purchased_purges":1,"victory":false,"max_hp_per_floor":[75,75,75,75,75,75,75,75,75,75,68,68,68,68,68,68,68],"relic_stats":{"counters":[8,34],"Golden Idol":9,"CeramicFish":27,"obtain_stats":[{"Lantern":10,"hubris:Icosahedron":7,"Golden Idol":11,"CeramicFish":8,"aspiration:HiddenCompartment":0,"Ancient Tea Set":9,"Burning Blood":0},{"Lantern":5,"hubris:Icosahedron":3,"Golden Idol":5,"CeramicFish":4,"aspiration:HiddenCompartment":0,"Ancient Tea Set":4,"Burning Blood":0},{"Lantern":21,"hubris:Icosahedron":10,"Golden Idol":21,"CeramicFish":15,"aspiration:HiddenCompartment":0,"Ancient Tea Set":15,"Burning Blood":0}],"Burning Blood":42},"card_choices":[{"not_picked":["Iron Wave","Infernal Blade"],"picked":"Anger","floor":1},{"not_picked":["Reckless Charge","hubris:SharpeningStone"],"picked":"Sword Boomerang","floor":3},{"not_picked":["Second Wind","Headbutt"],"picked":"Sever Soul","floor":4},{"not_picked":["Thunderclap","Ghostly Armor"],"picked":"Iron Wave","floor":8},{"not_picked":["Combust","Evolve"],"picked":"Battle Trance","floor":10},{"not_picked":["Fire Breathing","Spot Weakness"],"picked":"Inflame","floor":12},{"not_picked":["Flex","Combust","Entrench"],"picked":"SKIP","floor":14}],"player_experience":919700,"relics_obtained":[{"floor":8,"key":"CeramicFish"},{"floor":9,"key":"Ancient Tea Set"},{"floor":10,"key":"Lantern"}],"event_choices":[{"damage_healed":50,"gold_gain":0,"player_choice":"Upgrade","damage_taken":23,"max_hp_gain":0,"max_hp_loss":75,"event_name":"betterThird:BetterShining","floor":2,"gold_loss":0,"cards_upgraded":["Anger","Defend_R"]},{"damage_healed":0,"gold_gain":0,"player_choice":"Lose Max HP","damage_taken":0,"relics_obtained":["Golden Idol"],"max_hp_gain":0,"max_hp_loss":7,"event_name":"Golden Idol","floor":11,"gold_loss":0}],"is_beta":false,"boss_relics":[],"items_purged_floors":[5],"is_endless":false,"potions_floor_spawned":[3,4,12,14],"killed_by":"Hexaghost","ascension_level":20}}