{"host":"2yqfi47fogfu1ic4","time":1608944788,"event":{"mods":["AchievementEnabler","BaseMod","Colored Map","Colored Powertips","Highlight Path","Minty Spire (QoL Compilation)","Permanent Neow","Relic Stats","StSLib"],"gold_per_floor":[111,121,196,196,214,214,230,230,230,245,274,291,291,311,311,388,388,403,403,403,413,447,447,461,461,461,481,493,72,82,95,95,174,174,191,191,206,39,39,39,59,59,85,85,111,111,129,144,144,144,144,144,144,9,34,34,34],"floor_reached":56,"playtime":5957,"items_purged":["Neutralize","Strike_G+1"],"score":1966,"play_id":"ecdca5ad-fb03-49b5-99d1-89da3b87070a","local_time":"20201226020628","is_ascension_mode":true,"campfire_choices":[{"data":"Choke","floor":6.0,"key":"SMITH"},{"data":"Noxious Fumes","floor":8.0,"key":"SMITH"},{"floor":13.0,"key":"REST"},{"data":"Footwork","floor":15.0,"key":"SMITH"},{"data":"Catalyst","floor":23.0,"key":"SMITH"},{"floor":25.0,"key":"REST"},{"data":"Wraith Form v2","floor":32.0,"key":"SMITH"},{"data":"Bouncing Flask","floor":40.0,"key":"SMITH"},{"data":"Footwork","floor":42.0,"key":"SMITH"},{"floor":44.0,"key":"RECALL"},{"data":"Acrobatics","floor":49.0,"key":"SMITH"},{"data":"Blur","floor":53.0,"key":"SMITH"}],"circlet_count":0,"master_deck":["AscendersBane","Strike_G+1","Strike_G+1","Strike_G+1","Defend_G+1","Defend_G+1","Defend_G+1","Defend_G+1","Defend_G+1","Survivor","Acrobatics","Choke+1","Noxious Fumes+1","Blur+1","Bouncing Flask+1","Footwork+1","Night Terror","Bouncing Flask+1","Predator","Catalyst+1","Sucker Punch+1","Acrobatics+1","Wraith Form v2+1","Dash","Bullet Time","Underhanded Strike+1","Footwork+1","Crippling Poison+1","Backflip","PiercingWail"],"relics":["Snecko Eye","Anchor","Question Card","Philosopher\u0027s Stone","Red Mask","Smiling Mask","ClockworkSouvenir","Cursed Key","Toolbox","Bird Faced Urn","Bag of Marbles"],"acts_visited":["Exordium","TheCity","TheBeyond","TheEnding"],"potions_floor_usage":[56,56],"damage_taken":[{"damage":3.0,"enemies":"2 Louse","floor":1.0,"turns":4.0},{"damage":3.0,"enemies":"Cultist","floor":2.0,"turns":4.0},{"damage":1.0,"enemies":"Small Slimes","floor":5.0,"turns":3.0},{"damage":0.0,"enemies":"Blue Slaver","floor":7.0,"turns":2.0},{"damage":24.0,"enemies":"Large Slime","floor":10.0,"turns":10.0},{"damage":7.0,"enemies":"Lagavulin","floor":11.0,"turns":7.0},{"damage":0.0,"enemies":"2 Fungi Beasts","floor":12.0,"turns":2.0},{"damage":1.0,"enemies":"Red Slaver","floor":14.0,"turns":3.0},{"damage":0.0,"enemies":"The Guardian","floor":16.0,"turns":9.0},{"damage":0.0,"enemies":"Shell Parasite","floor":18.0,"turns":3.0},{"damage":5.0,"enemies":"3 Byrds","floor":21.0,"turns":3.0},{"damage":31.0,"enemies":"Masked Bandits","floor":22.0,"turns":4.0},{"damage":0.0,"enemies":"Snake Plant","floor":24.0,"turns":3.0},{"damage":0.0,"enemies":"Centurion and Healer","floor":27.0,"turns":6.0},{"damage":0.0,"enemies":"Snecko","floor":28.0,"turns":5.0},{"damage":7.0,"enemies":"Snake Plant","floor":30.0,"turns":5.0},{"damage":8.0,"enemies":"Shelled Parasite and Fungi","floor":31.0,"turns":4.0},{"damage":5.0,"enemies":"Collector","floor":33.0,"turns":7.0},{"damage":0.0,"enemies":"Orb Walker","floor":35.0,"turns":2.0},{"damage":0.0,"enemies":"3 Darklings","floor":37.0,"turns":6.0},{"damage":0.0,"enemies":"Sphere and 2 Shapes","floor":41.0,"turns":3.0},{"damage":3.0,"enemies":"Giant Head","floor":45.0,"turns":6.0},{"damage":0.0,"enemies":"Maw","floor":47.0,"turns":5.0},{"damage":0.0,"enemies":"4 Shapes","floor":48.0,"turns":7.0},{"damage":18.0,"enemies":"Awakened One","floor":50.0,"turns":12.0},{"damage":0.0,"enemies":"Donu and Deca","floor":51.0,"turns":9.0},{"damage":9.0,"enemies":"Shield and Spear","floor":55.0,"turns":6.0},{"damage":75,"enemies":"The Heart","floor":56,"turns":8}],"seed_played":"2282353833903282588","potions_obtained":[{"floor":2.0,"key":"Explosive Potion"},{"floor":5.0,"key":"Energy Potion"},{"floor":11.0,"key":"Poison Potion"},{"floor":14.0,"key":"LiquidBronze"},{"floor":21.0,"key":"SteroidPotion"},{"floor":22.0,"key":"SkillPotion"},{"floor":30.0,"key":"FearPotion"},{"floor":33.0,"key":"Swift Potion"},{"floor":37.0,"key":"FearPotion"},{"floor":47.0,"key":"Fruit Juice"},{"floor":48.0,"key":"SpeedPotion"}],"is_trial":false,"path_per_floor":["M","M","?","?","M","R","M","R","T","M","E","M","R","M","R","B",null,"M","?","?","M","?","R","M","R","T","M","M","$","M","M","R","B",null,"M","?","M","$","?","R","M","R","T","R","E","?","M","M","R","B","B",null,"R","$","E","B"],"character_chosen":"THE_SILENT","items_purchased":["Wraith Form v2","ClockworkSouvenir","PowerPotion","Toolbox","Ancient Potion"],"campfire_rested":2,"item_purchase_floors":[29,29,29,38,54],"current_hp_per_floor":[56,53,42,42,41,41,41,41,41,17,10,10,29,28,28,28,57,57,57,57,52,21,21,21,40,40,40,40,40,33,25,25,20,55,55,55,55,55,55,55,55,55,55,55,52,52,56,69,69,65,71,71,71,71,66,0,0],"gold":34,"neow_bonus":"BOSS_RELIC","is_daily":false,"chose_seed":false,"campfire_upgraded":9,"win_rate":0.0,"timestamp":1608944788,"path_taken":["M","M","?","?","M","R","M","R","T","?","E","M","R","M","R","BOSS","M","?","?","M","?","R","M","R","T","M","M","$","M","M","R","BOSS","M","?","M","$","?","R","?","R","T","R","E","?","M","M","R","BOSS","BOSS","R","$","E","BOSS"],"items_purchased_type":["Card","Relic","Potion","Relic","Potion"],"build_version":"2020-12-22","purchased_purges":2,"victory":false,"max_hp_per_floor":[66,66,66,66,66,66,66,66,66,66,66,66,66,66,66,66,66,66,66,66,66,66,66,66,66,66,66,66,66,66,66,66,66,66,66,66,66,66,66,66,66,66,66,66,66,66,66,71,71,71,71,71,71,71,71,71,71],"relic_stats":{"counters":[28,148],"Bird Faced Urn":[44],"Snecko Eye":[278,297,294,291],"Question Card":20,"Smiling Mask":75,"Cursed Key":1,"obtain_stats":[{"Anchor":9,"Bird Faced Urn":45,"Snecko Eye":0,"Toolbox":38,"Philosopher\u0027s Stone":17,"Red Mask":22,"Bag of Marbles":55,"Question Card":11,"Smiling Mask":26,"Cursed Key":34,"Ring of the Snake":0,"ClockworkSouvenir":29},{"Anchor":4,"Bird Faced Urn":22,"Snecko Eye":0,"Toolbox":20,"Philosopher\u0027s Stone":9,"Red Mask":12,"Bag of Marbles":27,"Question Card":6,"Smiling Mask":13,"Cursed Key":18,"Ring of the Snake":0,"ClockworkSouvenir":15},{"Anchor":13,"Bird Faced Urn":101,"Snecko Eye":0,"Toolbox":92,"Philosopher\u0027s Stone":44,"Red Mask":54,"Bag of Marbles":140,"Question Card":30,"Smiling Mask":57,"Cursed Key":84,"Ring of the Snake":0,"ClockworkSouvenir":68}]},"card_choices":[{"not_picked":["Caltrops","Expertise"],"picked":"Acrobatics","floor":1.0},{"not_picked":["Dagger Throw","Prepared"],"picked":"Choke","floor":2.0},{"not_picked":["Deflect","Escape Plan"],"picked":"Noxious Fumes","floor":5.0},{"not_picked":["Endless Agony","Reflex"],"picked":"Blur","floor":7.0},{"not_picked":["Bane","Footwork"],"picked":"Bouncing Flask","floor":10.0},{"not_picked":["Dagger Throw","Infinite Blades","Caltrops"],"picked":"SKIP","floor":11.0},{"not_picked":["Prepared","Riddle With Holes","Dodge and Roll"],"picked":"Footwork","floor":12.0},{"not_picked":["Cloak And Dagger","Backstab","Outmaneuver","Poisoned Stab"],"picked":"SKIP","floor":14.0},{"not_picked":["Doppelganger","Wraith Form v2","Tools of the Trade"],"picked":"Night Terror","floor":16.0},{"not_picked":["Masterful Stab","Escape Plan","Underhanded Strike"],"picked":"Bouncing Flask","floor":18.0},{"not_picked":["Quick Slash","Cloak And Dagger","Outmaneuver"],"picked":"Predator","floor":21.0},{"not_picked":["Cloak And Dagger","Dagger Spray","Escape Plan"],"picked":"Catalyst","floor":22.0},{"not_picked":["Slice","Poisoned Stab","Bane"],"picked":"Sucker Punch+1","floor":24.0},{"not_picked":["Blade Dance","Poisoned Stab","Calculated Gamble"],"picked":"Acrobatics","floor":27.0},{"not_picked":["Dodge and Roll","Caltrops","Masterful Stab","Acrobatics"],"picked":"SKIP","floor":28.0},{"not_picked":["Die Die Die","Dagger Spray","Acrobatics"],"picked":"Dash","floor":30.0},{"not_picked":["Riddle With Holes","Bane","Prepared","Deflect"],"picked":"SKIP","floor":31.0},{"not_picked":["Malaise","Adrenaline","After Image"],"picked":"Bullet Time","floor":33.0},{"not_picked":["Sucker Punch+1","Escape Plan+1","Noxious Fumes","Deadly Poison"],"picked":"SKIP","floor":35.0},{"not_picked":["Dodge and Roll","Crippling Poison","Endless Agony+1"],"picked":"Underhanded Strike+1","floor":37.0},{"not_picked":["Dagger Throw+1","Riddle With Holes","Distraction+1"],"picked":"Footwork","floor":41.0},{"not_picked":["All Out Attack","Deflect","Prepared","Dodge and Roll"],"picked":"SKIP","floor":45.0},{"not_picked":["Quick Slash","Heel Hook+1","Deflect"],"picked":"Crippling Poison+1","floor":47.0},{"not_picked":["Cloak And Dagger","Sucker Punch","Bane"],"picked":"Backflip","floor":48.0},{"not_picked":["Deadly Poison","After Image","Escape Plan"],"picked":"PiercingWail","floor":55.0}],"player_experience":1827065,"relics_obtained":[{"floor":9.0,"key":"Anchor"},{"floor":11.0,"key":"Question Card"},{"floor":22.0,"key":"Red Mask"},{"floor":26.0,"key":"Smiling Mask"},{"floor":45.0,"key":"Bird Faced Urn"},{"floor":55.0,"key":"Bag of Marbles"}],"event_choices":[{"damage_healed":0.0,"max_hp_gain":0.0,"max_hp_loss":0.0,"gold_gain":75.0,"event_name":"World of Goop","player_choice":"Gather Gold","floor":3.0,"gold_loss":0.0,"damage_taken":11.0},{"cards_removed":["Strike_G"],"damage_healed":0.0,"max_hp_gain":0.0,"max_hp_loss":0.0,"gold_gain":0.0,"event_name":"Purifier","player_choice":"Purged","floor":4.0,"gold_loss":0.0,"damage_taken":0.0},{"damage_healed":0.0,"max_hp_gain":0.0,"max_hp_loss":0.0,"gold_gain":0.0,"event_name":"Back to Basics","player_choice":"Simplicity","floor":19.0,"gold_loss":0.0,"damage_taken":0.0,"cards_upgraded":["Strike_G","Strike_G","Strike_G","Strike_G","Defend_G","Defend_G","Defend_G","Defend_G","Defend_G"]},{"damage_healed":0.0,"max_hp_gain":0.0,"max_hp_loss":0.0,"gold_gain":0.0,"event_name":"Ghosts","player_choice":"Ignored","floor":20.0,"gold_loss":0.0,"damage_taken":0.0},{"damage_healed":0.0,"max_hp_gain":0.0,"max_hp_loss":0.0,"gold_gain":0.0,"event_name":"Masked Bandits","player_choice":"Fought Bandits","floor":22.0,"gold_loss":0.0,"damage_taken":0.0},{"damage_healed":0.0,"max_hp_gain":0.0,"max_hp_loss":0.0,"gold_gain":0.0,"event_name":"SensoryStone","player_choice":"Memory 1","floor":36.0,"gold_loss":0.0,"damage_taken":0.0},{"damage_healed":0.0,"max_hp_gain":0.0,"max_hp_loss":0.0,"gold_gain":0.0,"event_name":"Accursed Blacksmith","player_choice":"Forge","floor":39.0,"gold_loss":0.0,"damage_taken":0.0,"cards_upgraded":["Bouncing Flask"]},{"cards_removed":["Normality"],"damage_healed":0.0,"max_hp_gain":0.0,"max_hp_loss":0.0,"gold_gain":0.0,"event_name":"Purifier","player_choice":"Purged","floor":46.0,"gold_loss":0.0,"damage_taken":0.0}],"is_beta":false,"boss_relics":[{"not_picked":["Black Star","SacredBark"],"picked":"Philosopher\u0027s Stone"},{"not_picked":["Astrolabe","SlaversCollar"],"picked":"Cursed Key"}],"items_purged_floors":[29,54],"is_endless":false,"potions_floor_spawned":[2,5,11,14,21,22,30,33,37,47,48,55],"killed_by":"The Heart","ascension_level":20}}