{"host":"9d9dhukr2jywmy0f","time":1608987391,"event":{"mods":["2.2 Compatiblity","Alarm Clock","BaseMod","Bestiary","Block Reminder","Colored Map","Colored Powertips","Curses Come First","DeckTracker","Displayed Cursed Tome","Highlight Path","Key Reminder","Keyboard Shortcuts","Minty Spire (QoL Compilation)","MonsterHotkey","Potion Indicator Mod","Quick Restart","Rare Cards Sparkle","Relic Sorter","Relic Stats","Spire Birthday Party","StSLib","Synergy Search","Unceasing Turn Reminder","Unknown Chances"],"gold_per_floor":[111,127,127,150,165,165,201,301,325,355,367,422,434,489,501,602,614,645,657,669,272,272,272,310,331,356,374,374,443,443,507,507,606,606,622,640,659,709,261,261,327,352,378,378,494,519,559,583,583,583,583,583,583,31,67,67],"floor_reached":57,"playtime":5102,"items_purged":["Defend_P","Defend_P","Strike_P"],"score":2923,"play_id":"639b473f-23ec-457a-b763-20b57375624a","local_time":"20201226205631","is_ascension_mode":true,"campfire_choices":[{"data":"Eruption","floor":6.0,"key":"SMITH"},{"data":"Wallop","floor":11.0,"key":"SMITH"},{"data":"BowlingBash","floor":13.0,"key":"SMITH"},{"data":"Tantrum","floor":15.0,"key":"SMITH"},{"data":"MentalFortress","floor":23.0,"key":"SMITH"},{"data":"EmptyMind","floor":30.0,"key":"SMITH"},{"floor":32.0,"key":"REST"},{"data":"Prostrate","floor":40.0,"key":"SMITH"},{"floor":44.0,"key":"RECALL"},{"data":"Adaptation","floor":49.0,"key":"SMITH"},{"data":"ThirdEye","floor":53.0,"key":"SMITH"}],"circlet_count":0,"master_deck":["AscendersBane","Strike_P","Strike_P","Strike_P","Eruption+1","Vigilance","Wallop+1","Tantrum+1","EmptyMind+1","Prostrate+1","BowlingBash+1","DevaForm","Pray+1","Scrawl+1","MasterReality+1","MentalFortress+1","Vengeance+1","FlurryOfBlows","Adaptation+1","Meditate+1","Brilliance","WheelKick","Prostrate+1","Adaptation","Secret Technique","Pray+1","FearNoEvil+1","ThirdEye+1","CutThroughFate","Evaluate"],"relics":["SlaversCollar","Golden Idol","Anchor","MawBank","Orichalcum","Pen Nib","Astrolabe","Nilry\u0027s Codex","TheAbacus","Centennial Puzzle","MealTicket","Nunchaku","SsserpentHead","Philosopher\u0027s Stone","OrangePellets","Lantern","GoldenEye","Strawberry","Yang","Pantograph"],"acts_visited":["Exordium","TheCity","TheBeyond","TheEnding"],"potions_floor_usage":[56,56],"damage_taken":[{"damage":4.0,"enemies":"Small Slimes","floor":1.0,"turns":4.0},{"damage":0.0,"enemies":"Jaw Worm","floor":2.0,"turns":3.0},{"damage":0.0,"enemies":"Cultist","floor":4.0,"turns":2.0},{"damage":1.0,"enemies":"Red Slaver","floor":5.0,"turns":3.0},{"damage":19.0,"enemies":"Lagavulin","floor":7.0,"turns":7.0},{"damage":0.0,"enemies":"3 Louse","floor":10.0,"turns":3.0},{"damage":0.0,"enemies":"Gremlin Nob","floor":12.0,"turns":3.0},{"damage":0.0,"enemies":"3 Sentries","floor":14.0,"turns":4.0},{"damage":2.0,"enemies":"Hexaghost","floor":16.0,"turns":7.0},{"damage":1.0,"enemies":"Shell Parasite","floor":18.0,"turns":3.0},{"damage":0.0,"enemies":"Gremlin Leader","floor":24.0,"turns":3.0},{"damage":8.0,"enemies":"2 Thieves","floor":25.0,"turns":3.0},{"damage":5.0,"enemies":"Cultist and Chosen","floor":27.0,"turns":4.0},{"damage":0.0,"enemies":"Snake Plant","floor":29.0,"turns":3.0},{"damage":2.0,"enemies":"Chosen and Byrds","floor":31.0,"turns":3.0},{"damage":0.0,"enemies":"Collector","floor":33.0,"turns":6.0},{"damage":0.0,"enemies":"3 Shapes","floor":35.0,"turns":2.0},{"damage":0.0,"enemies":"3 Darklings","floor":36.0,"turns":3.0},{"damage":2.0,"enemies":"4 Shapes","floor":37.0,"turns":6.0},{"damage":1.0,"enemies":"Writhing Mass","floor":41.0,"turns":4.0},{"damage":2.0,"enemies":"Sphere and 2 Shapes","floor":42.0,"turns":4.0},{"damage":0.0,"enemies":"2 Orb Walkers","floor":45.0,"turns":2.0},{"damage":0.0,"enemies":"Transient","floor":46.0,"turns":6.0},{"damage":10.0,"enemies":"Nemesis","floor":47.0,"turns":3.0},{"damage":0.0,"enemies":"Maw","floor":48.0,"turns":3.0},{"damage":6.0,"enemies":"Awakened One","floor":50.0,"turns":5.0},{"damage":17.0,"enemies":"Time Eater","floor":51.0,"turns":4.0},{"damage":8.0,"enemies":"Shield and Spear","floor":55.0,"turns":2.0},{"damage":21,"enemies":"The Heart","floor":56,"turns":7}],"seed_played":"1000878949300217202","potions_obtained":[{"floor":1.0,"key":"Strength Potion"},{"floor":2.0,"key":"BlessingOfTheForge"},{"floor":5.0,"key":"Energy Potion"},{"floor":25.0,"key":"Ancient Potion"},{"floor":27.0,"key":"EssenceOfSteel"},{"floor":31.0,"key":"Swift Potion"},{"floor":37.0,"key":"ColorlessPotion"},{"floor":42.0,"key":"DuplicationPotion"}],"is_trial":false,"path_per_floor":["M","M","?","M","M","R","E","?","T","M","R","E","R","E","R","B",null,"M","T","?","$","?","R","E","M","T","M","?","M","R","M","R","B",null,"M","M","M","?","$","R","M","M","T","R","?","M","E","M","R","B","B",null,"R","$","E","B",null],"character_chosen":"WATCHER","items_purchased":["TheAbacus","Centennial Puzzle","OrangePellets","Secret Technique","Yang","DistilledChaos","CutThroughFate"],"campfire_rested":1,"item_purchase_floors":[21,21,39,39,54,54,54],"current_hp_per_floor":[57,57,57,57,56,56,37,37,37,37,37,37,37,37,37,35,55,54,54,33,33,33,33,33,25,25,20,20,20,20,18,36,36,56,56,56,54,54,62,62,61,59,59,59,59,59,56,56,56,50,33,60,60,69,61,48],"gold":67,"neow_bonus":"BOSS_RELIC","is_daily":false,"chose_seed":false,"campfire_upgraded":9,"win_rate":0.0,"timestamp":1608987391,"path_taken":["M","M","?","M","M","R","E","?","T","?","R","E","R","E","R","BOSS","M","?","?","$","?","R","E","M","T","M","?","?","R","?","R","BOSS","M","M","M","?","$","R","?","M","T","R","?","M","E","M","R","BOSS","BOSS","R","$","E","BOSS"],"items_purchased_type":["Relic","Relic","Relic","Card","Relic","Potion","Card"],"build_version":"2020-11-30","purchased_purges":3,"victory":true,"max_hp_per_floor":[68,68,62,62,62,62,62,62,62,62,62,62,62,62,62,62,62,62,62,62,62,62,62,62,62,62,62,62,62,62,62,62,62,62,62,62,62,62,62,62,62,62,62,62,62,62,69,69,69,69,69,69,69,69,69,69],"relic_stats":{"counters":[29,112],"Golden Idol":217,"Astrolabe":["Pray","Scrawl","MasterReality"],"Yang":[37],"Pen Nib":[26],"Orichalcum":[36],"MawBank":144,"GoldenEye":[27],"SsserpentHead":250,"OrangePellets":[15],"Centennial Puzzle":[33],"Nunchaku":[23],"TheAbacus":[126],"Pantograph":8,"MealTicket":17,"obtain_stats":[{"Lantern":43,"Golden Idol":3,"Nilry\u0027s Codex":20,"Astrolabe":17,"Yang":54,"Pen Nib":14,"Orichalcum":12,"MawBank":9,"GoldenEye":45,"keyreminder:keyreminder":19,"SlaversCollar":0,"SsserpentHead":28,"OrangePellets":39,"Anchor":7,"Centennial Puzzle":21,"Nunchaku":26,"TheAbacus":21,"Strawberry":47,"Pantograph":55,"MealTicket":24,"Philosopher\u0027s Stone":34,"PureWater":0},{"Lantern":21,"Golden Idol":2,"Nilry\u0027s Codex":10,"Astrolabe":9,"Yang":27,"Pen Nib":8,"Orichalcum":7,"MawBank":5,"GoldenEye":22,"keyreminder:keyreminder":10,"SlaversCollar":0,"SsserpentHead":13,"OrangePellets":19,"Anchor":5,"Centennial Puzzle":10,"Nunchaku":12,"TheAbacus":10,"Strawberry":24,"Pantograph":28,"MealTicket":11,"Philosopher\u0027s Stone":16,"PureWater":0},{"Lantern":80,"Golden Idol":7,"Nilry\u0027s Codex":39,"Astrolabe":36,"Yang":103,"Pen Nib":29,"Orichalcum":25,"MawBank":19,"GoldenEye":82,"keyreminder:keyreminder":39,"SlaversCollar":0,"SsserpentHead":49,"OrangePellets":72,"Anchor":19,"Centennial Puzzle":39,"Nunchaku":45,"TheAbacus":39,"Strawberry":91,"Pantograph":105,"MealTicket":42,"Philosopher\u0027s Stone":61,"PureWater":0}]},"card_choices":[{"not_picked":["Nirvana","ClearTheMind"],"picked":"Wallop","floor":1.0},{"not_picked":["WindmillStrike","PathToVictory"],"picked":"Tantrum","floor":2.0},{"not_picked":["Swivel","ClearTheMind"],"picked":"FlurryOfBlows","floor":4.0},{"not_picked":["EmptyFist","FollowUp"],"picked":"EmptyMind","floor":5.0},{"not_picked":["EmptyBody","BowlingBash"],"picked":"Prostrate","floor":7.0},{"not_picked":["Omniscience","Weave","FollowUp"],"picked":"SKIP","floor":10.0},{"not_picked":["Evaluate","EmptyFist"],"picked":"BowlingBash","floor":12.0},{"not_picked":["Protect","ClearTheMind","SandsOfTime"],"picked":"SKIP","floor":14.0},{"not_picked":["SpiritShield","Alpha"],"picked":"DevaForm","floor":16.0},{"not_picked":["CarveReality","Crescendo"],"picked":"MentalFortress","floor":18.0},{"not_picked":["DeceiveReality","Wireheading"],"picked":"Vengeance+1","floor":24.0},{"not_picked":["FlyingSleeves+1","JustLucky"],"picked":"FlurryOfBlows","floor":25.0},{"not_picked":["Consecrate+1","Protect"],"picked":"Adaptation","floor":27.0},{"not_picked":["FlyingSleeves","JustLucky","EmptyFist"],"picked":"SKIP","floor":29.0},{"not_picked":["EmptyBody","CutThroughFate"],"picked":"Meditate+1","floor":31.0},{"not_picked":["Establishment","SpiritShield"],"picked":"Brilliance","floor":33.0},{"not_picked":["FollowUp","EmptyBody","BowlingBash"],"picked":"SKIP","floor":35.0},{"not_picked":["Consecrate","Worship"],"picked":"WheelKick","floor":36.0},{"not_picked":["SashWhip+1","Consecrate+1"],"picked":"Prostrate+1","floor":37.0},{"not_picked":["ForeignInfluence","FollowUp"],"picked":"Pray+1","floor":41.0},{"not_picked":["FollowUp","LikeWater","FlyingSleeves+1"],"picked":"SKIP","floor":42.0},{"not_picked":["Worship","FlurryOfBlows"],"picked":"FearNoEvil+1","floor":46.0},{"not_picked":["WaveOfTheHand","ClearTheMind","EmptyBody+1"],"picked":"SKIP","floor":47.0},{"not_picked":["Vengeance","SashWhip"],"picked":"ThirdEye","floor":48.0},{"not_picked":["Study","Meditate"],"picked":"Evaluate","floor":55.0}],"player_experience":757847,"relics_obtained":[{"floor":7.0,"key":"Anchor"},{"floor":9.0,"key":"MawBank"},{"floor":12.0,"key":"Orichalcum"},{"floor":14.0,"key":"Pen Nib"},{"floor":24.0,"key":"MealTicket"},{"floor":26.0,"key":"Nunchaku"},{"floor":43.0,"key":"Lantern"},{"floor":45.0,"key":"GoldenEye"},{"floor":47.0,"key":"Strawberry"},{"floor":55.0,"key":"Pantograph"}],"event_choices":[{"damage_healed":0.0,"max_hp_gain":0.0,"max_hp_loss":6.0,"gold_gain":0.0,"event_name":"Golden Idol","player_choice":"Lose Max HP","floor":3.0,"gold_loss":0.0,"damage_taken":0.0,"relics_obtained":["Golden Idol"]},{"damage_healed":0.0,"max_hp_gain":0.0,"max_hp_loss":0.0,"gold_gain":100.0,"event_name":"Wheel of Change","player_choice":"Gold","floor":8.0,"gold_loss":0.0,"damage_taken":0.0},{"damage_healed":0.0,"max_hp_gain":0.0,"max_hp_loss":0.0,"gold_gain":0.0,"event_name":"Cursed Tome","player_choice":"Obtained Book","floor":20.0,"gold_loss":0.0,"damage_taken":21.0},{"damage_healed":0.0,"max_hp_gain":0.0,"max_hp_loss":0.0,"gold_gain":0.0,"event_name":"Vampires","player_choice":"Ignored","floor":22.0,"gold_loss":0.0,"damage_taken":0.0},{"damage_healed":0.0,"max_hp_gain":0.0,"max_hp_loss":0.0,"gold_gain":0.0,"event_name":"FaceTrader","player_choice":"Trade","floor":28.0,"gold_loss":0.0,"damage_taken":0.0,"relics_obtained":["SsserpentHead"]},{"damage_healed":0.0,"max_hp_gain":0.0,"max_hp_loss":0.0,"gold_gain":0.0,"event_name":"Duplicator","player_choice":"Copied","floor":38.0,"gold_loss":0.0,"damage_taken":0.0,"cards_obtained":["Adaptation"]},{"damage_healed":0.0,"max_hp_gain":0.0,"max_hp_loss":0.0,"gold_gain":0.0,"event_name":"Mysterious Sphere","player_choice":"Fight","floor":45.0,"gold_loss":0.0,"damage_taken":0.0}],"is_beta":false,"boss_relics":[{"not_picked":["Sozu","Busted Crown"],"picked":"Astrolabe"},{"not_picked":["Velvet Choker","Runic Dome"],"picked":"Philosopher\u0027s Stone"}],"items_purged_floors":[21,39,54],"is_endless":false,"potions_floor_spawned":[1,2,5,16,25,27,31,37,41,42,47,55],"ascension_level":20}}