{"host":"qhn6g0owdgjb77rz","time":1608960404,"event":{"mods":["BaseMod","BetterRewards","Colored Map","Minty Spire (QoL Compilation)","Relic Sorter","Replay The Spire","StSLib"],"gold_per_floor":[111,61,153,171,184,184,214,234,234,252,252,268,268,284,284,389,389,308,321,321,321,321],"floor_reached":21,"playtime":1481,"items_purged":[],"score":416,"play_id":"5f70e068-fbd2-4e09-927c-6108950adc03","local_time":"20201226142644","is_ascension_mode":true,"campfire_choices":[{"data":"Nirvana","floor":6,"key":"SMITH"},{"data":"BattleHymn","floor":11,"key":"SMITH"},{"data":"Wireheading","floor":13,"key":"SMITH"},{"data":"PanicButton","floor":15,"key":"PURGE"}],"circlet_count":0,"master_deck":["Strike_P","Defend_P","Eruption","Vigilance","Weave","BattleHymn+1","Wireheading+1","ThirdEye","Replay:ManipulateFuture","Nirvana+1","ThirdEye","JustLucky","MasterReality","Injury"],"relics":["PureWater","MealTicket","StrikeDummy","Kintsugi","Nloth\u0027s Gift"],"acts_visited":["Exordium","TheCity"],"potions_floor_usage":[8,12,14],"damage_taken":[{"damage":7.0,"enemies":"Jaw Worm","floor":1.0,"turns":4.0},{"damage":8,"enemies":"Small Slimes","floor":4,"turns":4},{"damage":0,"enemies":"Cultist","floor":5,"turns":3},{"damage":33,"enemies":"3 Sentries","floor":7,"turns":7},{"damage":2,"enemies":"Lots of Slimes","floor":8,"turns":2},{"damage":0,"enemies":"2 Fungi Beasts","floor":10,"turns":4},{"damage":0,"enemies":"Red Slaver","floor":12,"turns":5},{"damage":1,"enemies":"Looter","floor":14,"turns":4},{"damage":0,"enemies":"Hexaghost","floor":16,"turns":8},{"damage":12,"enemies":"3 Byrds","floor":18,"turns":5},{"damage":31,"enemies":"2 Thieves","floor":19,"turns":3},{"damage":33,"enemies":"Snecko","floor":21,"turns":5}],"seed_played":"8223090799394502838","potions_obtained":[{"floor":5,"key":"SpeedPotion"},{"floor":7,"key":"Toxic Potion"},{"floor":8,"key":"Block Potion"},{"floor":19,"key":"SpeedPotion"}],"is_trial":false,"path_per_floor":["M","?","?","M","M","R","E","M","T","M","R","M","R","M","R_BF","B",null,"M","M","?","M"],"character_chosen":"WATCHER","items_purchased":["Weave"],"campfire_rested":0,"item_purchase_floors":[0],"current_hp_per_floor":[65,65,47,39,39,39,6,4,4,4,4,4,4,3,3,3,55,43,12,12,0,0],"gold":321,"neow_bonus":"","is_daily":false,"chose_seed":false,"campfire_upgraded":3,"win_rate":0.0,"timestamp":1608960404,"path_taken":["M","?","?","M","M","R","E","M","T","M","R","?","R","M","R_BF","BOSS","M","?","?","M"],"items_purchased_type":["Card"],"build_version":"2020-12-22","purchased_purges":0,"victory":false,"max_hp_per_floor":[72,72,72,72,72,72,72,72,72,72,72,72,72,72,72,72,72,72,72,72,72,72],"card_choices":[{"not_picked":["FlurryOfBlows","Adaptation","BattleHymn"],"picked":"SKIP","floor":1.0},{"not_picked":["FlurryOfBlows","Adaptation"],"picked":"BattleHymn","floor":1.0},{"not_picked":["Crescendo","CutThroughFate"],"picked":"Wireheading","floor":3},{"not_picked":["Prostrate","CrushJoints"],"picked":"ThirdEye","floor":3},{"not_picked":["CrushJoints","EmptyMind"],"picked":"Replay:ManipulateFuture","floor":4},{"not_picked":["CutThroughFate","WaveOfTheHand"],"picked":"Nirvana","floor":5},{"not_picked":["SashWhip","Perseverance","Replay:AllIn"],"picked":"SKIP","floor":7},{"not_picked":["BowlingBash","Consecrate","SignatureMove"],"picked":"SKIP","floor":8},{"not_picked":["Protect","Prostrate","PathToVictory"],"picked":"SKIP","floor":10},{"not_picked":["Replay:ManipulateFuture","WaveOfTheHand"],"picked":"ThirdEye","floor":12},{"not_picked":["Wish","ClearTheMind"],"picked":"JustLucky","floor":14},{"not_picked":["Blasphemy","Devotion"],"picked":"MasterReality","floor":16},{"not_picked":["Wallop+1","Replay:Battleflow","Swivel"],"picked":"SKIP","floor":18},{"not_picked":["Replay:BluntJabs","Crescendo","Replay:ManipulateFuture"],"picked":"SKIP","floor":19}],"player_experience":385447,"relics_obtained":[{"floor":7,"key":"StrikeDummy"},{"floor":9,"key":"Potion Belt"}],"event_choices":[{"cards_removed":["ReplayTheSpireMod:Splinters"],"damage_healed":0.0,"max_hp_gain":0.0,"max_hp_loss":0.0,"gold_gain":0.0,"event_name":"The Cleric","player_choice":"Card Removal","floor":2.0,"gold_loss":50.0,"damage_taken":0.0},{"damage_healed":0,"gold_gain":0,"player_choice":"Traded Relic","damage_taken":0,"relics_obtained":["Nloth\u0027s Gift"],"max_hp_gain":0,"max_hp_loss":0,"event_name":"N\u0027loth","floor":20,"relics_lost":["Potion Belt"],"gold_loss":0}],"is_beta":false,"boss_relics":[{"not_picked":["Empty Cage","Honey Jar"],"picked":"Kintsugi"}],"items_purged_floors":[],"is_endless":false,"potions_floor_spawned":[5,7,8,19],"killed_by":"Snecko","ascension_level":5}}