{"host":"fjaupvxe7fzqrf4j","time":1608974078,"event":{"mods":["ATMod(°¢èªMod)","BaseMod","Minty Spire (QoL Compilation)","StSLib"],"gold_per_floor":[114,128,138,150,163,163,176,209,258,270,270,270,270,49,49,179,179,199,199,5,25,25,59,59,72,72,93,124,124,124,124,124,228,228,240,256,256,269,283,300,300,212,237,257,292,307,307,2,2,2,2,2,2,36,36,36],"floor_reached":55,"playtime":2038,"items_purged":["Strike_B","Strike_B","Defend_B","Defend_B"],"score":901,"play_id":"1816b555-a071-4c1b-8b23-299ec055d600","local_time":"20201226171438","is_ascension_mode":true,"campfire_choices":[{"data":"Dualcast","floor":6.0,"key":"SMITH"},{"data":"AT_BodySlamDance","floor":11.0,"key":"SMITH"},{"data":"Streamline","floor":13.0,"key":"SMITH"},{"data":"Coolheaded","floor":15.0,"key":"SMITH"},{"floor":24.0,"key":"REST"},{"data":"Loop","floor":30.0,"key":"SMITH"},{"data":"Darkness","floor":32.0,"key":"SMITH"},{"data":"Coolheaded","floor":41.0,"key":"SMITH"},{"floor":49.0,"key":"RECALL"},{"data":"Turbo","floor":52.0,"key":"SMITH"}],"circlet_count":0,"master_deck":["Defend_B","Defend_B","Zap","Dualcast+1","AT_BodySlamDance+1","Coolheaded+1","Skim","Darkness+1","Streamline+1","Loop+1","Chill","Skim+1","Electrodynamics","Seek","Coolheaded+1","Turbo+1","AT_RobotInSpace+1","Purity","Machine Learning"],"relics":["Cracked Core","AT_ATBox","NeowsBlessing","Pen Nib","AT_ArcaneBoots","Bloody Idol","AT_RedTearstoneRing","Runic Pyramid","AT_SeraphEmbrace","Membership Card","Shuriken","Ornamental Fan","Red Mask","Matryoshka","Nuclear Battery","Mercury Hourglass","Bag of Preparation","Runic Capacitor","Ice Cream","Akabeko"],"acts_visited":["Exordium","TheCity","TheBeyond","TheEnding"],"potions_floor_usage":[55,55,55],"damage_taken":[{"damage":0.0,"enemies":"Cultist","floor":1.0,"turns":1.0},{"damage":0.0,"enemies":"Jaw Worm","floor":2.0,"turns":1.0},{"damage":0.0,"enemies":"2 Louse","floor":3.0,"turns":1.0},{"damage":0.0,"enemies":"Large Slime","floor":4.0,"turns":6.0},{"damage":10.0,"enemies":"2 Fungi Beasts","floor":5.0,"turns":3.0},{"damage":9.0,"enemies":"Exordium Wildlife","floor":7.0,"turns":5.0},{"damage":7.0,"enemies":"3 Sentries","floor":8.0,"turns":7.0},{"damage":9.0,"enemies":"Exordium Thugs","floor":10.0,"turns":4.0},{"damage":26.0,"enemies":"Slime Boss","floor":16.0,"turns":4.0},{"damage":6.0,"enemies":"3 Byrds","floor":18.0,"turns":4.0},{"damage":4.0,"enemies":"Spheric Guardian","floor":21.0,"turns":3.0},{"damage":17.0,"enemies":"Slavers","floor":23.0,"turns":8.0},{"damage":0.0,"enemies":"Cultist and Chosen","floor":25.0,"turns":3.0},{"damage":2.0,"enemies":"Centurion and Healer","floor":27.0,"turns":5.0},{"damage":0.0,"enemies":"Masked Bandits","floor":28.0,"turns":2.0},{"damage":10.0,"enemies":"Champ","floor":33.0,"turns":6.0},{"damage":0.0,"enemies":"3 Shapes","floor":35.0,"turns":3.0},{"damage":0.0,"enemies":"Orb Walker","floor":36.0,"turns":1.0},{"damage":8.0,"enemies":"3 Darklings","floor":38.0,"turns":3.0},{"damage":0.0,"enemies":"Sphere and 2 Shapes","floor":39.0,"turns":4.0},{"damage":0.0,"enemies":"Transient","floor":40.0,"turns":5.0},{"damage":0.0,"enemies":"3 Darklings","floor":44.0,"turns":1.0},{"damage":0.0,"enemies":"Giant Head","floor":45.0,"turns":4.0},{"damage":0.0,"enemies":"Jaw Worm Horde","floor":46.0,"turns":3.0},{"damage":3.0,"enemies":"Awakened One","floor":50.0,"turns":6.0},{"damage":5.0,"enemies":"Shield and Spear","floor":54.0,"turns":3.0},{"damage":70,"enemies":"The Heart","floor":55,"turns":3}],"seed_played":"5886684890466434832","potions_obtained":[{"floor":3.0,"key":"DistilledChaos"},{"floor":4.0,"key":"LiquidMemories"},{"floor":7.0,"key":"DuplicationPotion"},{"floor":8.0,"key":"Strength Potion"},{"floor":23.0,"key":"Strength Potion"},{"floor":33.0,"key":"DuplicationPotion"},{"floor":39.0,"key":"Strength Potion"},{"floor":40.0,"key":"Energy Potion"},{"floor":54.0,"key":"AttackPotion"}],"is_trial":false,"path_per_floor":["M","M","M","M","M","R","M","E","T","M","R","?","R","$","R","B",null,"M","?","$","M","?","E","R","M","T","M","?","?","R","T","R","B",null,"M","M","?","M","M","M","R","$","T","M","E","M","?","$","R","B",null,"R","$","E","B"],"character_chosen":"DEFECT","items_purchased":["AT_RedTearstoneRing","Membership Card","Turbo","Runic Capacitor","Ice Cream"],"campfire_rested":1,"item_purchase_floors":[14,20,42,48,48],"current_hp_per_floor":[75,75,75,75,65,65,56,49,49,40,40,40,40,40,40,14,55,49,49,49,45,45,28,48,48,48,46,46,46,46,46,46,41,62,67,69,69,66,69,69,69,69,69,69,69,69,69,69,69,66,68,68,68,68,0,0],"gold":36,"neow_bonus":"THREE_ENEMY_KILL","is_daily":false,"chose_seed":false,"campfire_upgraded":8,"win_rate":0.0,"timestamp":1608974078,"path_taken":["M","?","?","M","M","R","M","E","T","M","R","?","R","$","R","BOSS","M","?","$","M","?","E","R","M","T","M","?","?","R","?","R","BOSS","M","M","?","M","M","M","R","$","T","M","E","M","?","$","R","BOSS","R","$","E","BOSS"],"items_purchased_type":["Relic","Relic","Card","Relic","Relic"],"build_version":"2020-12-22","purchased_purges":4,"victory":false,"max_hp_per_floor":[75,75,75,75,75,75,75,75,75,75,75,69,69,69,69,69,69,69,69,69,69,69,69,69,69,69,69,69,69,69,69,69,69,69,69,69,69,69,69,69,69,69,69,69,69,69,69,69,69,69,69,69,69,69,69,69],"card_choices":[{"not_picked":["Beam Cell","Redo","Lockon"],"picked":"SKIP","floor":1.0},{"not_picked":["Redo","Hologram","AT_HeatAcrobatics"],"picked":"SKIP","floor":2.0},{"not_picked":["AT_WarpDrive","Redo"],"picked":"Coolheaded","floor":3.0},{"not_picked":["FTL","Doom and Gloom","Sweeping Beam"],"picked":"SKIP","floor":4.0},{"not_picked":["Rebound","Compile Driver","BootSequence"],"picked":"SKIP","floor":5.0},{"not_picked":["Beam Cell","Gash"],"picked":"Skim","floor":7.0},{"not_picked":["AT_WarpDrive","Rebound"],"picked":"Darkness","floor":8.0},{"not_picked":["AT_DarkMatter","Chaos"],"picked":"Streamline","floor":10.0},{"not_picked":["Chaos","Rebound","Streamline"],"picked":"SKIP","floor":18.0},{"not_picked":["Hello World+1","Double Energy"],"picked":"Loop","floor":21.0},{"not_picked":["Doom and Gloom","Redo"],"picked":"Skim+1","floor":23.0},{"not_picked":["Steam","Rebound","Redo"],"picked":"SKIP","floor":25.0},{"not_picked":["Double Energy","Turbo"],"picked":"Electrodynamics","floor":27.0},{"not_picked":["Multi-Cast","Amplify"],"picked":"Seek","floor":33.0},{"not_picked":["Conserve Battery+1","Rebound","Redo+1"],"picked":"SKIP","floor":35.0},{"not_picked":["AT_HeatAcrobatics+1","Beam Cell"],"picked":"Coolheaded","floor":36.0},{"not_picked":["Steam","Force Field","Rebound"],"picked":"SKIP","floor":38.0},{"not_picked":["Scrape","Barrage+1","Aggregate+1"],"picked":"SKIP","floor":39.0},{"not_picked":["Streamline+1","Rainbow","Conserve Battery+1"],"picked":"SKIP","floor":40.0},{"not_picked":["Stack","Sunder","Doom and Gloom+1"],"picked":"SKIP","floor":44.0},{"not_picked":["Electrodynamics","Gash","Seek"],"picked":"SKIP","floor":45.0},{"not_picked":["Stack+1","Turbo"],"picked":"AT_RobotInSpace+1","floor":46.0},{"not_picked":["Discovery","Sadistic Nature"],"picked":"Purity","floor":47.0},{"not_picked":["Doom and Gloom+1","Ball Lightning"],"picked":"Machine Learning","floor":54.0}],"player_experience":302662,"relics_obtained":[{"floor":8.0,"key":"Pen Nib"},{"floor":9.0,"key":"AT_SpeedBoots"},{"floor":23.0,"key":"Shuriken"},{"floor":26.0,"key":"Ornamental Fan"},{"floor":28.0,"key":"Red Mask"},{"floor":31.0,"key":"Matryoshka"},{"floor":43.0,"key":"Mercury Hourglass"},{"floor":45.0,"key":"Bag of Preparation"},{"floor":54.0,"key":"Akabeko"}],"event_choices":[{"damage_healed":0.0,"max_hp_gain":0.0,"max_hp_loss":6.0,"gold_gain":0.0,"event_name":"Golden Idol","player_choice":"Lose Max HP","floor":12.0,"gold_loss":0.0,"damage_taken":0.0,"relics_obtained":["Golden Idol"]},{"damage_healed":0.0,"max_hp_gain":0.0,"max_hp_loss":0.0,"gold_gain":0.0,"event_name":"The Mausoleum","player_choice":"Opened","floor":19.0,"gold_loss":0.0,"damage_taken":0.0,"relics_obtained":["AT_ArchangelStaff"]},{"damage_healed":0.0,"max_hp_gain":0.0,"max_hp_loss":0.0,"gold_gain":0.0,"cards_transformed":["Strike_B","Strike_B"],"event_name":"Drug Dealer","player_choice":"Became Test Subject","floor":22.0,"gold_loss":0.0,"damage_taken":0.0,"cards_obtained":["Scrape","Chill"]},{"damage_healed":0.0,"max_hp_gain":0.0,"max_hp_loss":0.0,"gold_gain":0.0,"event_name":"Masked Bandits","player_choice":"Fought Bandits","floor":28.0,"gold_loss":0.0,"damage_taken":0.0},{"damage_healed":0.0,"max_hp_gain":0.0,"max_hp_loss":0.0,"gold_gain":0.0,"event_name":"Forgotten Altar","player_choice":"Gave Idol","floor":29.0,"relics_lost":["Golden Idol"],"gold_loss":0.0,"damage_taken":0.0,"relics_obtained":["Bloody Idol"]},{"cards_removed":["Scrape"],"damage_healed":0.0,"max_hp_gain":0.0,"max_hp_loss":0.0,"gold_gain":0.0,"event_name":"Falling","player_choice":"Removed Attack","floor":37.0,"gold_loss":0.0,"damage_taken":0.0},{"damage_healed":0.0,"max_hp_gain":0.0,"max_hp_loss":0.0,"gold_gain":0.0,"event_name":"SensoryStone","player_choice":"Memory 1","floor":47.0,"gold_loss":0.0,"damage_taken":0.0}],"is_beta":false,"boss_relics":[{"not_picked":["Black Star","Calling Bell"],"picked":"Runic Pyramid"},{"not_picked":["Pandora\u0027s Box","Coffee Dripper"],"picked":"Nuclear Battery"}],"items_purged_floors":[14,20,42,48],"is_endless":false,"potions_floor_spawned":[3,4,7,8,23,28,33,39,40,45,54],"killed_by":"The Heart","ascension_level":5}}