{"host":"diy71vlueofrnn1o","time":1608999483,"event":{"mods":["2.2 Compatiblity","AchievementEnabler","BaseMod","Best Route Mod","Colored Map","Curses Come First","DeckTracker","Minty Spire (QoL Compilation)","Quick Restart","Rare Cards Sparkle","StSLib","SuperFastMode"],"gold_per_floor":[118,135,145,156,167,197,216,243,243,20,20,33,33,67,77,77,77,77],"floor_reached":17,"playtime":762,"items_purged":["Strike_G"],"score":253,"play_id":"f380b62c-d926-4c55-8c83-5f631996b75e","local_time":"20201226171803","is_ascension_mode":true,"campfire_choices":[{"data":"Glass Knife","floor":13,"key":"SMITH"},{"floor":16,"key":"REST"}],"circlet_count":0,"master_deck":["Strike_G","Strike_G","Strike_G","Strike_G","Defend_G","Defend_G","Defend_G","Defend_G","Defend_G","Survivor","Neutralize","Dagger Throw","Slice","Dodge and Roll","Backstab","Dash","Quick Slash","Tactician","Glass Knife+1","Flying Knee","Glass Knife"],"relics":["Ring of the Snake","NeowsBlessing","Ancient Tea Set","Nunchaku","The Specimen","TwistedFunnel","Regal Pillow"],"acts_visited":["Exordium"],"potions_floor_usage":[6,6,8,14],"damage_taken":[{"damage":0,"enemies":"2 Louse","floor":1,"turns":1},{"damage":0,"enemies":"Cultist","floor":2,"turns":1},{"damage":0,"enemies":"Jaw Worm","floor":3,"turns":1},{"damage":8,"enemies":"Large Slime","floor":4,"turns":7},{"damage":1,"enemies":"Lots of Slimes","floor":5,"turns":6},{"damage":17,"enemies":"Gremlin Nob","floor":6,"turns":4},{"damage":10,"enemies":"3 Louse","floor":7,"turns":3},{"damage":1,"enemies":"3 Sentries","floor":8,"turns":7},{"damage":0,"enemies":"2 Fungi Beasts","floor":12,"turns":1},{"damage":17,"enemies":"Lagavulin","floor":14,"turns":4},{"damage":0,"enemies":"Large Slime","floor":15,"turns":4}],"seed_played":"-5141708012187556301","potions_obtained":[{"floor":3,"key":"AttackPotion"},{"floor":4,"key":"PowerPotion"},{"floor":6,"key":"Explosive Potion"},{"floor":12,"key":"BlessingOfTheForge"}],"is_trial":false,"path_per_floor":["M","M","M","M","M","E","M","E","T","$","$","M","R","E","M","R","B"],"character_chosen":"THE_SILENT","items_purchased":["TwistedFunnel"],"campfire_rested":1,"item_purchase_floors":[10],"current_hp_per_floor":[63,63,63,55,54,37,27,26,26,26,26,26,26,9,9,45,0,0],"gold":77,"neow_bonus":"THREE_ENEMY_KILL","is_daily":false,"chose_seed":false,"campfire_upgraded":1,"win_rate":0.0,"timestamp":1608999483,"path_taken":["M","M","M","M","M","E","M","E","T","$","$","M","R","E","M","R","BOSS"],"items_purchased_type":["Relic"],"build_version":"2020-12-22","purchased_purges":1,"victory":false,"max_hp_per_floor":[70,70,70,70,70,70,70,70,70,70,70,70,70,70,70,70,70,70],"card_choices":[{"not_picked":["Slice","Underhanded Strike"],"picked":"Dagger Throw","floor":1},{"not_picked":["Calculated Gamble","Bane"],"picked":"Slice","floor":2},{"not_picked":["Expertise","Bane"],"picked":"Dodge and Roll","floor":3},{"not_picked":["All Out Attack","Blade Dance"],"picked":"Backstab","floor":4},{"not_picked":["Cloak And Dagger","Concentrate"],"picked":"Dash","floor":5},{"not_picked":["Escape Plan","Concentrate"],"picked":"Quick Slash","floor":6},{"not_picked":["Outmaneuver","Prepared"],"picked":"Tactician","floor":7},{"not_picked":["Poisoned Stab","Dagger Spray"],"picked":"Glass Knife","floor":8},{"not_picked":["Quick Slash","Acrobatics"],"picked":"Flying Knee","floor":12},{"not_picked":["Prepared","Leg Sweep","Dagger Spray"],"picked":"SKIP","floor":14},{"not_picked":["Dagger Spray","Deflect"],"picked":"Glass Knife","floor":15}],"player_experience":397339,"relics_obtained":[{"floor":6,"key":"Ancient Tea Set"},{"floor":8,"key":"Nunchaku"},{"floor":9,"key":"The Specimen"},{"floor":14,"key":"Regal Pillow"}],"event_choices":[],"is_beta":false,"boss_relics":[],"items_purged_floors":[10],"is_endless":false,"potions_floor_spawned":[3,4,6,12],"killed_by":"The Guardian","ascension_level":8}}