{"host":"46hhpd9tbruz5rpt","time":1608996769,"event":{"mods":["BaseMod","Marisa£®ÏF”Í°°ƒß¿Ì…≥£©","Minty Spire (QoL Compilation)","Quick Restart","Reimu£®≤©¿ˆ¡È√Œ£©","Replay The Spire","StSLib","The Cursed","The Servant 0.9.4"],"gold_per_floor":[109,109,34,48,59,59,59,77,100,100,100,111,42,58,58,158,158,173,73,93,103,123,123,153,153,202,202,202,77,96,114,114,219,219,232,232,284,296,146,226,226,259,329,341,341,341,19,38,38,38],"floor_reached":51,"playtime":2829,"items_purged":["Strike_MRS","Strike_MRS","Delirium","Strike_MRS","Wraith"],"score":750,"play_id":"cf851099-1ccb-4acd-b754-7bd3b6640486","local_time":"20201226233249","is_ascension_mode":true,"campfire_choices":[{"data":"GrandCross","floor":6.0,"key":"SMITH"},{"data":"UltimateShortwave","floor":10.0,"key":"SMITH"},{"data":"MilkyWay","floor":15.0,"key":"SMITH"},{"data":"EarthLightRay","floor":23.0,"key":"SMITH"},{"data":"6A","floor":32.0,"key":"SMITH"},{"floor":41.0,"key":"REST"},{"floor":46.0,"key":"REST"},{"floor":49.0,"key":"REST"}],"circlet_count":0,"master_deck":["Defend_MRS","Defend_MRS","Defend_MRS","Defend_MRS","MasterSpark","UpSweep","GrandCross+1","UltimateShortwave+1","MeteoricShower","Singularity","MilkyWay+1","BinaryStars","PowerUp+1","EarthLightRay+1","6A+1","EventHorizon","PowerUp+1","MilkyWay","Orbital+1","6A+1"],"relics":["MiniHakkero","NeowsBlessing","Strawberry","Replay:Wax Seal","Nunchaku","RedLine:ReiMu","Replay:Bottled Flurry","RuthlessExorcism:ReiMu","Vajra","Ring of Hypnosis","Ring of Searing","Fusion Hammer","Mango","Onion Ring","Oddly Smooth Stone","ReplayTheSpireMod:Ninjato","Akabeko"],"acts_visited":["Exordium","TheCity","TheBeyond"],"potions_floor_usage":[50],"damage_taken":[{"damage":0.0,"enemies":"Jaw Worm","floor":1.0,"turns":1.0},{"damage":0.0,"enemies":"Cultist","floor":4.0,"turns":1.0},{"damage":0.0,"enemies":"2 Louse","floor":5.0,"turns":1.0},{"damage":11.0,"enemies":"Gremlin Gang","floor":8.0,"turns":4.0},{"damage":1.0,"enemies":"Exordium Wildlife","floor":12.0,"turns":3.0},{"damage":1.0,"enemies":"Exordium Thugs","floor":14.0,"turns":4.0},{"damage":38.0,"enemies":"Hexaghost","floor":16.0,"turns":6.0},{"damage":3.0,"enemies":"Spheric Guardian","floor":18.0,"turns":3.0},{"damage":10.0,"enemies":"2 Thieves","floor":20.0,"turns":2.0},{"damage":16.0,"enemies":"Centurion and Healer","floor":21.0,"turns":3.0},{"damage":13.0,"enemies":"3 Cultists","floor":22.0,"turns":4.0},{"damage":22.0,"enemies":"Gremlin Leader","floor":24.0,"turns":3.0},{"damage":3.0,"enemies":"Colosseum Slavers","floor":27.0,"turns":3.0},{"damage":1.0,"enemies":"Chosen and Byrds","floor":30.0,"turns":3.0},{"damage":0.0,"enemies":"Shelled Parasite and Fungi","floor":31.0,"turns":4.0},{"damage":7.0,"enemies":"Champ","floor":33.0,"turns":5.0},{"damage":10.0,"enemies":"3 Shapes","floor":35.0,"turns":3.0},{"damage":23.0,"enemies":"2 Orb Walkers","floor":37.0,"turns":3.0},{"damage":6.0,"enemies":"Orb Walker","floor":38.0,"turns":2.0},{"damage":21.0,"enemies":"R_Hoarder","floor":40.0,"turns":4.0},{"damage":27.0,"enemies":"Nemesis","floor":42.0,"turns":3.0},{"damage":14.0,"enemies":"Writhing Mass","floor":44.0,"turns":3.0},{"damage":18.0,"enemies":"3 Darklings","floor":48.0,"turns":2.0},{"damage":50,"enemies":"Awakened One","floor":50,"turns":8}],"seed_played":"1384985737327958829","potions_obtained":[{"floor":4.0,"key":"ZuzhouPotion:ReiMu"},{"floor":5.0,"key":"Energy Potion"},{"floor":16.0,"key":"Explosive Potion"},{"floor":18.0,"key":"DuplicationPotion"},{"floor":22.0,"key":"GrandPatriotsElixir:ReiMu"},{"floor":31.0,"key":"SteroidPotion"},{"floor":33.0,"key":"Elixir"},{"floor":40.0,"key":"Regen Potion"},{"floor":42.0,"key":"BlessingOfTheForge"}],"is_trial":false,"path_per_floor":["M","?","$","M","M","R","?","M","T","R","T","M","$","M","R","B",null,"M","$","M","M","M","R","E","T","T","?","?","$","M","M","R","B",null,"M","?","?","M","$","E","R","E","T","M","?","R","$","M","R","B",null],"character_chosen":"MARISA","items_purchased":["Singularity","Akabeko"],"campfire_rested":3,"item_purchase_floors":[13,47],"current_hp_per_floor":[75,82,82,82,82,82,82,71,71,71,71,70,70,69,69,31,82,79,79,69,57,48,48,32,32,32,35,35,35,40,46,46,45,82,77,77,74,74,74,59,86,65,65,57,57,84,84,72,92,63],"gold":38,"neow_bonus":"THREE_ENEMY_KILL","is_daily":false,"chose_seed":false,"campfire_upgraded":5,"win_rate":0.0,"timestamp":1608996769,"path_taken":["M","?","$","?","M","R","?","?","T","R","?","M","?","M","R","BOSS","M","$","M","?","M","R","E","?","T","?","?","$","M","M","R","BOSS","M","?","?","M","$","E","R","E","T","M","?","R","$","M","R","BOSS"],"items_purchased_type":["Card","Relic"],"build_version":"2020-12-22","purchased_purges":5,"victory":true,"max_hp_per_floor":[75,82,82,82,82,82,82,82,82,82,82,82,82,82,82,82,82,82,82,82,82,82,82,82,82,82,82,82,82,82,82,82,82,82,82,78,92,92,92,92,92,92,92,92,92,92,92,92,92,92],"card_choices":[{"not_picked":["DoubleSpark","IllusionStar"],"picked":"OneTimeOff","floor":1.0},{"not_picked":["UnstableBomb","GravityBeat"],"picked":"GrandCross","floor":4.0},{"not_picked":["SporeBomb","MysteriousBeam","GalacticHalo"],"picked":"SKIP","floor":5.0},{"not_picked":["WitchOfGreed","PowerUp"],"picked":"UltimateShortwave","floor":8.0},{"not_picked":["UnstableBomb","OpenUniverse"],"picked":"MeteoricShower","floor":12.0},{"not_picked":["Acceleration","6A"],"picked":"MilkyWay","floor":14.0},{"not_picked":["CollectingQuirk","BlazingStar"],"picked":"BinaryStars","floor":16.0},{"not_picked":["NonDirectionalLaser+1","GravityBeat"],"picked":"PowerUp+1","floor":18.0},{"not_picked":["PulseMagic","OortCloud"],"picked":"EarthLightRay","floor":20.0},{"not_picked":["PowerUp","GravityBeat","EnergyFlow"],"picked":"SKIP","floor":21.0},{"not_picked":["AsteroidBelt","PowerUp","MysteriousBeam"],"picked":"SKIP","floor":22.0},{"not_picked":["MillisecondPulsars","AbsoluteMagnitude"],"picked":"6A","floor":24.0},{"not_picked":["DC","IllusionStar"],"picked":"EventHorizon","floor":30.0},{"not_picked":["RefractionSpark","LuminesStrike","WitchLeyline"],"picked":"SKIP","floor":31.0},{"not_picked":["WitchOfGreed","AsteroidBelt","DC"],"picked":"SKIP","floor":35.0},{"not_picked":["GrandCross","IllusionStar+1"],"picked":"PowerUp+1","floor":37.0},{"not_picked":["PropBag","AsteroidBelt"],"picked":"MilkyWay","floor":38.0},{"not_picked":["IllusionStar+1","StarDustReverie","AsteroidBelt"],"picked":"SKIP","floor":40.0},{"not_picked":["UnstableBomb","FairyDestructionRay"],"picked":"Orbital+1","floor":42.0},{"not_picked":["WitchOfGreed+1","IllusionStar","MachineGunSpark+1"],"picked":"SKIP","floor":44.0},{"not_picked":["NonDirectionalLaser","PropBag"],"picked":"6A+1","floor":48.0}],"player_experience":85932,"relics_obtained":[{"floor":9.0,"key":"Replay:Wax Seal"},{"floor":11.0,"key":"Nunchaku"},{"floor":24.0,"key":"Replay:Bottled Flurry"},{"floor":25.0,"key":"RuthlessExorcism:ReiMu"},{"floor":26.0,"key":"Vajra"},{"floor":28.0,"key":"Ring of Hypnosis"},{"floor":28.0,"key":"Ring of Searing"},{"floor":37.0,"key":"Mango"},{"floor":40.0,"key":"Onion Ring"},{"floor":42.0,"key":"Oddly Smooth Stone"},{"floor":43.0,"key":"ReplayTheSpireMod:Ninjato"}],"event_choices":[{"cards_removed":["OneTimeOff"],"damage_healed":0.0,"max_hp_gain":0.0,"max_hp_loss":0.0,"gold_gain":0.0,"event_name":"WeMeetAgain","player_choice":"Gave Card","floor":2.0,"gold_loss":0.0,"damage_taken":0.0,"relics_obtained":["Strawberry"]},{"cards_removed":["Strike_MRS"],"damage_healed":0.0,"max_hp_gain":0.0,"max_hp_loss":0.0,"gold_gain":0.0,"event_name":"Purifier","player_choice":"Purged","floor":7.0,"gold_loss":0.0,"damage_taken":0.0},{"damage_healed":0.0,"max_hp_gain":0.0,"max_hp_loss":0.0,"gold_gain":0.0,"event_name":"Colosseum","player_choice":"Fight","floor":27.0,"gold_loss":0.0,"damage_taken":0.0},{"damage_healed":0.0,"max_hp_gain":0.0,"max_hp_loss":0.0,"gold_gain":0.0,"event_name":"Colosseum","player_choice":"Fled From Nobs","floor":27.0,"gold_loss":0.0,"damage_taken":0.0},{"damage_healed":0.0,"max_hp_gain":0.0,"max_hp_loss":4.0,"gold_gain":0.0,"event_name":"Winding Halls","player_choice":"Max HP","floor":36.0,"gold_loss":0.0,"damage_taken":0.0},{"damage_healed":0.0,"max_hp_gain":0.0,"max_hp_loss":0.0,"gold_gain":0.0,"event_name":"Mysterious Sphere","player_choice":"Fight","floor":37.0,"gold_loss":0.0,"damage_taken":0.0},{"damage_healed":0.0,"max_hp_gain":0.0,"max_hp_loss":0.0,"gold_gain":0.0,"event_name":"OrinTheCat","player_choice":"Ignored","floor":45.0,"gold_loss":0.0,"damage_taken":0.0}],"is_beta":false,"boss_relics":[{"not_picked":["ReplayTheSpireMod:DimensionalGlitch","Philosopher\u0027s Stone"],"picked":"RedLine:ReiMu"},{"not_picked":["RampagingMagicTools","Black Star"],"picked":"Fusion Hammer"}],"items_purged_floors":[3,19,29,39,47],"is_endless":false,"potions_floor_spawned":[4,5,16,18,22,31,33,40,42,44],"ascension_level":1}}