{"host":"1c52r9kaxdyo25eq","time":1608987298,"event":{"mods":["AchievementEnabler","BaseMod","Minty Spire (QoL Compilation)","Rare Cards Sparkle","SuperFastMode","everything is the same but u backflip on backflip"],"gold_per_floor":[119,119,131,149,167,167,167,167,167,184,197,197,78,93,93,93,93],"floor_reached":16,"playtime":282,"items_purged":["Strike_G"],"score":188,"play_id":"f4e0319c-38ba-4ef1-a9b7-374e8159fe96","local_time":"20201226215458","is_ascension_mode":true,"campfire_choices":[{"data":"Blade Dance","floor":6,"key":"SMITH"},{"data":"Terror","floor":8,"key":"SMITH"},{"data":"Acrobatics","floor":12,"key":"SMITH"},{"data":"Calculated Gamble","floor":15,"key":"SMITH"}],"circlet_count":0,"master_deck":["AscendersBane","Strike_G","Strike_G","Strike_G","Defend_G","Defend_G","Defend_G","Defend_G","Defend_G","Survivor","Neutralize","Blade Dance+1","Reflex","Terror+1","Acrobatics+1","Prepared","Calculated Gamble+1"],"relics":["Ring of the Snake","NeowsBlessing","Bag of Marbles"],"acts_visited":["Exordium"],"potions_floor_usage":[11],"damage_taken":[{"damage":0,"enemies":"2 Louse","floor":1,"turns":1},{"damage":0,"enemies":"Jaw Worm","floor":3,"turns":1},{"damage":0,"enemies":"Small Slimes","floor":4,"turns":1},{"damage":1,"enemies":"2 Fungi Beasts","floor":5,"turns":4},{"damage":0,"enemies":"Large Slime","floor":10,"turns":3},{"damage":7,"enemies":"Gremlin Gang","floor":11,"turns":4},{"damage":26,"enemies":"Exordium Thugs","floor":14,"turns":4},{"damage":27,"enemies":"Slime Boss","floor":16,"turns":5}],"seed_played":"-3411207506205177923","potions_obtained":[{"floor":10,"key":"DistilledChaos"},{"floor":11,"key":"SpeedPotion"}],"is_trial":false,"path_per_floor":["M","?","M","M","M","R","?","R","T","M","M","R","$","M","R","B"],"character_chosen":"THE_SILENT","items_purchased":["Calculated Gamble"],"campfire_rested":0,"item_purchase_floors":[13],"current_hp_per_floor":[59,52,52,52,51,51,56,56,56,56,49,49,49,23,23,0,0],"gold":93,"neow_bonus":"THREE_ENEMY_KILL","is_daily":false,"chose_seed":false,"campfire_upgraded":4,"win_rate":0.0,"timestamp":1608987298,"path_taken":["M","?","M","M","M","R","?","R","T","M","M","R","$","M","R","BOSS"],"items_purchased_type":["Card"],"build_version":"2020-12-22","purchased_purges":1,"victory":false,"max_hp_per_floor":[66,66,66,66,66,66,71,71,71,71,71,71,71,71,71,71,71],"card_choices":[{"not_picked":["Dagger Throw","Deadly Poison"],"picked":"Blade Dance","floor":1},{"not_picked":["Heel Hook","Sucker Punch","Bane"],"picked":"SKIP","floor":3},{"not_picked":["Underhanded Strike","Deflect"],"picked":"Reflex","floor":4},{"not_picked":["Poisoned Stab","Blade Dance"],"picked":"Terror","floor":5},{"not_picked":["Bouncing Flask","Outmaneuver"],"picked":"Acrobatics","floor":10},{"not_picked":["Acrobatics","Bouncing Flask"],"picked":"Prepared","floor":11},{"not_picked":["PiercingWail","Prepared","Envenom"],"picked":"SKIP","floor":14}],"player_experience":519718,"relics_obtained":[{"floor":9,"key":"Bag of Marbles"}],"event_choices":[{"cards_removed":["Strike_G"],"damage_healed":0,"gold_gain":0,"player_choice":"Card Removal","damage_taken":7,"max_hp_gain":0,"max_hp_loss":0,"event_name":"Golden Wing","floor":2,"gold_loss":0},{"damage_healed":0,"gold_gain":0,"player_choice":"Donut","damage_taken":0,"max_hp_gain":5,"max_hp_loss":0,"event_name":"Big Fish","floor":7,"gold_loss":0}],"is_beta":false,"boss_relics":[],"items_purged_floors":[13],"is_endless":false,"potions_floor_spawned":[10,11],"killed_by":"Slime Boss","ascension_level":20}}