{"host":"z5afp8vgpmbzr0p8","time":1608981754,"event":{"mods":["BaseMod","Minty Spire (QoL Compilation)","Quick Restart","Robot Space Explorer","Shop Mod","StSLib"],"gold_per_floor":[119,145,145,1,21,21,36,68,91,110,126,126,74,84,84,179,179,194,194,179,104,150,50,50,50,75,75,75,90,105,105,105,105,105],"floor_reached":33,"playtime":883,"items_purged":["Strike_B","Strike_B"],"score":245,"play_id":"8962750f-8325-4438-88f6-3b44dfaef60d","local_time":"20201226222234","is_ascension_mode":false,"campfire_choices":[{"data":"Chaos","floor":6.0,"key":"SMITH"},{"floor":15.0,"key":"REST"},{"data":"Defragment","floor":24.0,"key":"SMITH"},{"floor":28.0,"key":"REST"},{"data":"Static Discharge","floor":32.0,"key":"SMITH"}],"circlet_count":0,"master_deck":["Strike_B","Strike_B","Defend_B","Defend_B","Defend_B","Defend_B","Zap+1","Dualcast","Defragment+1","Conserve Battery","Capacitor","Chaos+1","Static Discharge+1","Conserve Battery","Conserve Battery","Cold Snap","Static Discharge+1","Decay"],"relics":["Cracked Core","Oddly Smooth Stone","Girya","Art of War","Orichalcum","Inserter","Dream Catcher","Juzu Bracelet","Strawberry"],"acts_visited":[],"potions_floor_usage":[33,33],"damage_taken":[{"damage":1.0,"enemies":"Cultist","floor":1.0,"turns":3.0},{"damage":0.0,"enemies":"2 Louse","floor":5.0,"turns":2.0},{"damage":5.0,"enemies":"Jaw Worm","floor":7.0,"turns":4.0},{"damage":19.0,"enemies":"3 Sentries","floor":8.0,"turns":10.0},{"damage":10.0,"enemies":"Large Slime","floor":10.0,"turns":5.0},{"damage":0.0,"enemies":"Exordium Thugs","floor":11.0,"turns":7.0},{"damage":0.0,"enemies":"Blue Slaver","floor":14.0,"turns":4.0},{"damage":18.0,"enemies":"Slime Boss","floor":16.0,"turns":10.0},{"damage":8.0,"enemies":"Shell Parasite","floor":18.0,"turns":7.0},{"damage":16.0,"enemies":"2 Thieves","floor":20.0,"turns":5.0},{"damage":17.0,"enemies":"Cultist and Chosen","floor":29.0,"turns":5.0},{"damage":14.0,"enemies":"3 Cultists","floor":30.0,"turns":5.0},{"damage":87,"enemies":"Automaton","floor":33,"turns":12}],"seed_played":"7085327464094225806","potions_obtained":[{"floor":1.0,"key":"AttackPotion"},{"floor":8.0,"key":"Weak Potion"},{"floor":14.0,"key":"Dexterity Potion"},{"floor":16.0,"key":"Explosive Potion"},{"floor":20.0,"key":"Energy Potion"},{"floor":30.0,"key":"LiquidBronze"}],"is_trial":false,"path_per_floor":["M","T","?","$","M","R","M","E","T","M","M","?","$","M","R","B",null,"M","?","M","$","T","$","R","?","T","?","R","M","M","?","R","B"],"character_chosen":"DEFECT","items_purchased":["Capacitor","Chaos","Cold Snap"],"campfire_rested":2,"item_purchase_floors":[4,4,13],"current_hp_per_floor":[74,74,67,67,67,67,62,43,43,33,33,33,33,33,55,37,75,67,60,44,44,44,44,44,44,51,51,75,58,44,71,71,0,0],"gold":105,"neow_bonus":"THREE_CARDS","is_daily":false,"chose_seed":false,"campfire_upgraded":3,"win_rate":0.0,"timestamp":1608981754,"path_taken":["M","?","?","$","M","R","M","E","T","M","M","?","$","M","R","BOSS","M","?","M","$","?","$","R","?","T","?","R","M","M","?","R","BOSS"],"items_purchased_type":["Card","Card","Card"],"build_version":"2020-12-22","purchased_purges":2,"victory":false,"max_hp_per_floor":[75,75,75,75,75,75,75,75,75,75,75,75,75,75,75,75,75,75,75,75,75,75,75,75,75,82,82,82,82,82,82,82,82,82],"card_choices":[{"not_picked":["Barrage","Leap"],"picked":"Defragment","floor":0.0},{"not_picked":["Reinforced Body","Undo"],"picked":"Conserve Battery","floor":1.0},{"not_picked":["Sweeping Beam","Beam Cell"],"picked":"Static Discharge","floor":5.0},{"not_picked":["Skim","Fusion"],"picked":"Conserve Battery","floor":7.0},{"not_picked":["Undo","Lockon","Machine Learning"],"picked":"SKIP","floor":8.0},{"not_picked":["Reprogram","Consume","Barrage"],"picked":"SKIP","floor":10.0},{"not_picked":["FTL","Beam Cell"],"picked":"Conserve Battery","floor":11.0},{"not_picked":["Coolheaded","Redo","Turbo"],"picked":"SKIP","floor":14.0},{"not_picked":["Darkness","Coolheaded","Redo"],"picked":"SKIP","floor":18.0},{"not_picked":["Leap","Steam"],"picked":"Static Discharge+1","floor":20.0},{"not_picked":["Aggregate","Chill","Steam"],"picked":"SKIP","floor":29.0},{"not_picked":["Core Surge","Hello World+1","Turbo"],"picked":"SKIP","floor":30.0}],"player_experience":488263,"relics_obtained":[{"floor":2.0,"key":"Oddly Smooth Stone"},{"floor":8.0,"key":"Art of War"},{"floor":9.0,"key":"Orichalcum"},{"floor":22.0,"key":"Dream Catcher"},{"floor":26.0,"key":"Strawberry"}],"event_choices":[{"damage_healed":0.0,"max_hp_gain":0.0,"max_hp_loss":0.0,"gold_gain":0.0,"event_name":"Scrap Ooze","player_choice":"Success","floor":3.0,"gold_loss":0.0,"damage_taken":7.0,"relics_obtained":["Girya"]},{"damage_healed":0.0,"max_hp_gain":0.0,"max_hp_loss":0.0,"gold_gain":0.0,"event_name":"Living Wall","player_choice":"Grow","floor":12.0,"gold_loss":0.0,"damage_taken":0.0,"cards_upgraded":["Zap"]},{"damage_healed":0.0,"max_hp_gain":0.0,"max_hp_loss":0.0,"gold_gain":0.0,"event_name":"Wheel of Change","player_choice":"Damaged","floor":19.0,"gold_loss":0.0,"damage_taken":7.0},{"damage_healed":0.0,"max_hp_gain":0.0,"max_hp_loss":0.0,"gold_gain":0.0,"event_name":"WeMeetAgain","player_choice":"Gave Potion","floor":25.0,"gold_loss":0.0,"damage_taken":0.0,"relics_obtained":["Juzu Bracelet"]},{"damage_healed":0.0,"max_hp_gain":0.0,"max_hp_loss":0.0,"gold_gain":0.0,"event_name":"Forgotten Altar","player_choice":"Smashed Altar","floor":27.0,"gold_loss":0.0,"damage_taken":0.0,"cards_obtained":["Decay"]},{"damage_healed":27.0,"max_hp_gain":0.0,"max_hp_loss":0.0,"gold_gain":0.0,"event_name":"The Library","player_choice":"Heal","floor":31.0,"gold_loss":0.0,"damage_taken":0.0}],"is_beta":false,"boss_relics":[{"not_picked":["Velvet Choker","Runic Pyramid"],"picked":"Inserter"}],"items_purged_floors":[21,23],"is_endless":false,"potions_floor_spawned":[1,8,14,16,20,30],"killed_by":"Automaton","ascension_level":0}}