{"host":"nfysljuq0d6kj06l","time":1608991727,"event":{"mods":["AchievementEnabler","BaseMod","Colored Map","Colored Powertips","DeckTracker","Minty Spire (QoL Compilation)","Relic Sorter"],"gold_per_floor":[113,63,63,78,91,91,125,143,225,244,259,259,292,27,27,125,125,145,27,46,46,64,64,94,106,106,106,119,119,153,153,153,153,153],"floor_reached":33,"playtime":7797,"items_purged":["Defend_R","Strike_R"],"score":422,"play_id":"2707e0f6-fd16-4885-8b92-1a74ae142652","local_time":"20201226150847","is_ascension_mode":false,"campfire_choices":[{"data":"Bash","floor":6,"key":"SMITH"},{"data":"Spot Weakness","floor":12,"key":"SMITH"},{"data":"Feed","floor":15,"key":"SMITH"},{"data":"Rage","floor":23,"key":"SMITH"},{"data":"Flame Barrier","floor":27,"key":"SMITH"},{"data":"Pommel Strike","floor":29,"key":"SMITH"},{"data":"Spot Weakness","floor":32,"key":"SMITH"}],"circlet_count":0,"master_deck":["Defend_R","Defend_R+1","Defend_R+1","Bash+1","Headbutt","Dropkick","Burning Pact","Thunderclap","Iron Wave","Clash","Spot Weakness+1","Pummel","Feed+1","Exhume","Headbutt","Dropkick","Rage+1","Pommel Strike+1","Ghostly Armor","Flame Barrier+1","Power Through+1","Spot Weakness+1","Bite","Bite","Bite","Bite","Bite"],"relics":["Burning Blood","War Paint","Gambling Chip","Smiling Mask","Paper Frog","Omamori","Lantern","SlaversCollar","Ancient Tea Set","Centennial Puzzle"],"acts_visited":["TheCity"],"potions_floor_usage":[16,24,33,33],"damage_taken":[{"damage":0,"enemies":"Cultist","floor":1,"turns":3},{"damage":0,"enemies":"Small Slimes","floor":4,"turns":3},{"damage":0,"enemies":"2 Louse","floor":5,"turns":3},{"damage":31,"enemies":"Lagavulin","floor":7,"turns":6},{"damage":0,"enemies":"Large Slime","floor":8,"turns":4},{"damage":4,"enemies":"Exordium Wildlife","floor":10,"turns":3},{"damage":0,"enemies":"3 Louse","floor":11,"turns":2},{"damage":6,"enemies":"Gremlin Nob","floor":13,"turns":3},{"damage":56,"enemies":"The Guardian","floor":16,"turns":9},{"damage":22,"enemies":"Spheric Guardian","floor":18,"turns":4},{"damage":0,"enemies":"3 Byrds","floor":20,"turns":5},{"damage":23,"enemies":"Snake Plant","floor":22,"turns":3},{"damage":15,"enemies":"Slavers","floor":24,"turns":7},{"damage":27,"enemies":"Centurion and Healer","floor":25,"turns":5},{"damage":21,"enemies":"3 Cultists","floor":28,"turns":6},{"damage":13,"enemies":"Book of Stabbing","floor":30,"turns":3},{"damage":53,"enemies":"Collector","floor":33,"turns":6}],"seed_played":"-4918623181101055780","potions_obtained":[{"floor":1,"key":"Swift Potion"},{"floor":7,"key":"Weak Potion"},{"floor":10,"key":"DuplicationPotion"},{"floor":20,"key":"Explosive Potion"}],"is_trial":false,"path_per_floor":["M","?","?","M","M","R","E","M","T","M","M","R","E","$","R","B",null,"M","$","M","?","M","R","E","M","T","R","M","R","E","?","R","B"],"character_chosen":"IRONCLAD","items_purchased":["Lantern","Feed","Dropkick"],"campfire_rested":0,"item_purchase_floors":[14,14,19],"current_hp_per_floor":[80,80,62,68,74,74,49,55,55,57,63,63,63,63,63,17,84,68,68,78,78,65,65,64,47,47,47,40,40,33,33,33,0,0],"gold":153,"neow_bonus":"RANDOM_COMMON_RELIC","is_daily":false,"chose_seed":false,"campfire_upgraded":7,"win_rate":0.0,"timestamp":1608991727,"path_taken":["M","?","?","M","M","R","E","M","T","M","M","R","E","$","R","BOSS","M","$","M","?","M","R","E","M","T","R","M","R","E","?","R","BOSS"],"items_purchased_type":["Relic","Card","Card"],"build_version":"2020-12-22","purchased_purges":2,"victory":false,"max_hp_per_floor":[80,80,80,80,80,80,80,80,80,80,80,80,80,80,80,84,84,84,84,88,88,92,92,100,104,104,104,112,112,112,78,78,78,78],"card_choices":[{"not_picked":["Searing Blow","True Grit"],"picked":"Headbutt","floor":1},{"not_picked":["Whirlwind","Perfected Strike"],"picked":"Dropkick","floor":4},{"not_picked":["Hemokinesis","Body Slam"],"picked":"Burning Pact","floor":5},{"not_picked":["Seeing Red","True Grit"],"picked":"Thunderclap","floor":7},{"not_picked":["Battle Trance","Thunderclap"],"picked":"Iron Wave","floor":8},{"not_picked":["Body Slam","True Grit"],"picked":"Clash","floor":10},{"not_picked":["Metallicize","Warcry"],"picked":"Spot Weakness","floor":11},{"not_picked":["Headbutt","Shockwave"],"picked":"Pummel","floor":13},{"not_picked":["Berserk","Offering"],"picked":"Exhume","floor":16},{"not_picked":["Flex","Havoc"],"picked":"Headbutt","floor":18},{"not_picked":["Cleave","Armaments"],"picked":"Rage","floor":20},{"not_picked":["Carnage","Havoc"],"picked":"Ghostly Armor","floor":22},{"not_picked":["Bludgeon","Reckless Charge"],"picked":"Flame Barrier","floor":24},{"not_picked":["Combust","Warcry+1"],"picked":"Power Through+1","floor":25},{"not_picked":["Anger","Warcry","Rupture"],"picked":"SKIP","floor":28},{"not_picked":["Shrug It Off","Impervious"],"picked":"Spot Weakness","floor":30}],"player_experience":360692,"relics_obtained":[{"floor":7,"key":"Smiling Mask"},{"floor":9,"key":"Paper Frog"},{"floor":13,"key":"Omamori"},{"floor":24,"key":"Ancient Tea Set"},{"floor":30,"key":"Centennial Puzzle"}],"event_choices":[{"cards_removed":["Strike_R"],"damage_healed":0,"gold_gain":0,"player_choice":"Card Removal","damage_taken":0,"max_hp_gain":0,"max_hp_loss":0,"event_name":"The Cleric","floor":2,"gold_loss":50},{"damage_healed":0,"gold_gain":0,"player_choice":"Success","damage_taken":18,"relics_obtained":["Gambling Chip"],"max_hp_gain":0,"max_hp_loss":0,"event_name":"Scrap Ooze","floor":3,"gold_loss":0},{"damage_healed":0,"gold_gain":0,"player_choice":"Read","damage_taken":0,"max_hp_gain":0,"max_hp_loss":0,"event_name":"The Library","floor":21,"gold_loss":0,"cards_obtained":["Pommel Strike"]},{"damage_healed":0,"gold_gain":0,"player_choice":"Became a vampire","damage_taken":0,"max_hp_gain":0,"max_hp_loss":34,"event_name":"Vampires","floor":31,"gold_loss":0,"cards_obtained":["Bite","Bite","Bite","Bite","Bite"]}],"is_beta":false,"boss_relics":[{"not_picked":["Philosopher\u0027s Stone","Tiny House"],"picked":"SlaversCollar"}],"items_purged_floors":[14,19],"is_endless":false,"potions_floor_spawned":[1,7,10,20],"killed_by":"Collector","ascension_level":0}}