{"host":"nptej036rrbiurf5","time":1608999660,"event":{"mods":["BaseMod","Colored Map","Colored Powertips","DeckTracker","Minty Spire (QoL Compilation)","StSLib","SuperFastMode"],"gold_per_floor":[118,135,145,165,183,183,218,218,218,268,193,193,49,61,61,134,134,151,201,214,89,89,89],"floor_reached":22,"playtime":597,"items_purged":["Strike_P","Strike_P","Strike_P"],"score":472,"play_id":"9d6cf927-1596-4063-8ecc-ad2808a6dabb","local_time":"20201227012100","is_ascension_mode":true,"campfire_choices":[{"data":"Eruption","floor":6.0,"key":"SMITH"},{"floor":8.0,"key":"REST"},{"data":"ConjureBlade","floor":12,"key":"SMITH"},{"data":"Adaptation","floor":15,"key":"SMITH"}],"circlet_count":0,"master_deck":["AscendersBane","Defend_P","Defend_P","Defend_P","Eruption+1","Vigilance","ConjureBlade+1","DeusExMachina","Prostrate","MentalFortress","EmptyBody","Meditate","Adaptation+1","Vault","MentalFortress"],"relics":["PureWater","Blue Candle","Eternal Feather","Philosopher\u0027s Stone"],"acts_visited":["Exordium","TheCity"],"potions_floor_usage":[16,18,22],"damage_taken":[{"damage":3.0,"enemies":"2 Louse","floor":1.0,"turns":3.0},{"damage":0.0,"enemies":"Cultist","floor":2.0,"turns":3.0},{"damage":3.0,"enemies":"Jaw Worm","floor":3.0,"turns":3.0},{"damage":6.0,"enemies":"Gremlin Gang","floor":4.0,"turns":3.0},{"damage":8.0,"enemies":"Blue Slaver","floor":5.0,"turns":3.0},{"damage":29.0,"enemies":"Gremlin Nob","floor":7.0,"turns":4.0},{"damage":5,"enemies":"2 Fungi Beasts","floor":14,"turns":4},{"damage":0,"enemies":"Slime Boss","floor":16,"turns":5},{"damage":20,"enemies":"3 Byrds","floor":18,"turns":6},{"damage":20,"enemies":"Chosen","floor":20,"turns":5},{"damage":22,"enemies":"Snake Plant","floor":22,"turns":1}],"seed_played":"2556229277171205491","potions_obtained":[{"floor":3.0,"key":"Fire Potion"},{"floor":7.0,"key":"Dexterity Potion"},{"floor":14,"key":"Dexterity Potion"},{"floor":16,"key":"FearPotion"},{"floor":20,"key":"Regen Potion"}],"is_trial":false,"path_per_floor":["M","M","M","M","M","R","E","R","T","?","$","R","$","M","R","B",null,"M","?","M","$","M"],"character_chosen":"WATCHER","items_purchased":["Adaptation"],"campfire_rested":1,"item_purchase_floors":[13],"current_hp_per_floor":[58,58,55,49,41,41,12,30,30,24,24,30,30,25,31,31,54,34,34,14,14,0,0],"gold":89,"neow_bonus":"TRANSFORM_TWO_CARDS","is_daily":false,"chose_seed":false,"campfire_upgraded":3,"win_rate":0.0,"timestamp":1608999660,"path_taken":["M","M","M","M","M","R","E","R","T","?","?","R","$","M","R","BOSS","M","?","M","$","M"],"items_purchased_type":["Card"],"build_version":"2020-12-22","purchased_purges":3,"victory":false,"max_hp_per_floor":[62,62,62,62,62,62,62,62,62,62,62,62,62,62,62,62,62,62,62,62,62,62,62],"card_choices":[{"not_picked":["ClearTheMind","FlyingSleeves"],"picked":"Prostrate","floor":1.0},{"not_picked":["JustLucky","BowlingBash"],"picked":"MentalFortress","floor":2.0},{"not_picked":["SpiritShield","Collect"],"picked":"EmptyBody","floor":3.0},{"not_picked":["Weave","ForeignInfluence"],"picked":"Meditate","floor":4.0},{"not_picked":["Fasting2","FollowUp","JustLucky"],"picked":"SKIP","floor":5.0},{"not_picked":["Establishment","Omniscience","FlurryOfBlows"],"picked":"SKIP","floor":7.0},{"not_picked":["EmptyBody","ForeignInfluence","Consecrate"],"picked":"SKIP","floor":14},{"not_picked":["Devotion","LessonLearned"],"picked":"Vault","floor":16},{"not_picked":["JustLucky","PathToVictory"],"picked":"MentalFortress","floor":18},{"not_picked":["FollowUp+1","Weave+1","EmptyFist"],"picked":"SKIP","floor":20}],"player_experience":854544,"relics_obtained":[{"floor":7.0,"key":"Blue Candle"},{"floor":9.0,"key":"Eternal Feather"}],"event_choices":[{"damage_healed":0,"gold_gain":50,"player_choice":"Touch","damage_taken":6,"max_hp_gain":0,"max_hp_loss":0,"event_name":"FaceTrader","floor":10,"gold_loss":0},{"damage_healed":0,"gold_gain":50,"player_choice":"Pray","damage_taken":0,"max_hp_gain":0,"max_hp_loss":0,"event_name":"Golden Shrine","floor":19,"gold_loss":0}],"is_beta":false,"boss_relics":[{"not_picked":["Velvet Choker","Cursed Key"],"picked":"Philosopher\u0027s Stone"}],"items_purged_floors":[11,13,21],"is_endless":false,"potions_floor_spawned":[3,7,14,16,20],"killed_by":"Snake Plant","ascension_level":20}}