{"host":"91yk4s6tcm9vi8ej","time":1608957980,"event":{"mods":["BaseMod","Colored Map","Colored Powertips","Highlight Path","Infinite Spire","Minty Spire (QoL Compilation)","Quick Restart","Replay The Spire","StSLib"],"gold_per_floor":[119,139,314,15,31,61,61,79,102,102,121,138,155,3,3,3,3],"floor_reached":16,"playtime":715,"items_purged":["Strike_G"],"score":104,"play_id":"00969151-7747-4c30-8bb1-df87882ada99","local_time":"20201226124620","is_ascension_mode":false,"campfire_choices":[{"data":"Bouncing Flask","floor":7,"key":"SMITH"},{"data":"Draining Mist","floor":15,"key":"SMITH"}],"circlet_count":0,"master_deck":["Strike_G","Strike_G","Strike_G","Strike_G","Defend_G","Defend_G","Defend_G","Defend_G","Defend_G","Poisoned Stab","Prepared","Doubt","Bouncing Flask+1","Die Die Die","Prepared","Leap","Beam Cell","Acrobatics","Calculated Gamble","Draining Mist+1","Noxious Fumes"],"relics":["Replay:Bronze Core","Counterbalance","Happy Flower","ReplayFunnel"],"acts_visited":["Exordium"],"potions_floor_usage":[16,16,16],"damage_taken":[{"damage":2,"enemies":"Jaw Worm","floor":1,"turns":5},{"damage":2,"enemies":"Small Slimes","floor":2,"turns":4},{"damage":0,"enemies":"2 Louse","floor":5,"turns":4},{"damage":19,"enemies":"Gremlin Nob","floor":6,"turns":5},{"damage":10,"enemies":"Looter","floor":8,"turns":3},{"damage":17,"enemies":"Exordium Thugs","floor":11,"turns":4},{"damage":3,"enemies":"3 Louse","floor":12,"turns":4},{"damage":10,"enemies":"2 Fungi Beasts","floor":13,"turns":3},{"damage":19,"enemies":"Slime Boss","floor":16,"turns":3}],"seed_played":"6633920089407023231","potions_obtained":[{"floor":1,"key":"Fire Potion"},{"floor":11,"key":"Venom Potion"},{"floor":13,"key":"Energy Potion"}],"is_trial":false,"path_per_floor":["M","M","?","$","M","E","R","M","T","?","M","M","M","$","R_BF","B"],"character_chosen":"THE_SILENT","items_purchased":["Counterbalance","Noxious Fumes"],"campfire_rested":0,"item_purchase_floors":[4,14],"current_hp_per_floor":[68,66,66,66,66,47,47,37,37,37,20,17,7,7,7,0,0],"gold":3,"neow_bonus":"BOSS_RELIC","is_daily":false,"chose_seed":false,"campfire_upgraded":2,"win_rate":0.0,"timestamp":1608957980,"path_taken":["M","M","?","$","M","E","R","M","T","?","M","M","M","$","R_BF","BOSS"],"items_purchased_type":["Relic","Card"],"build_version":"2020-12-22","purchased_purges":1,"victory":false,"max_hp_per_floor":[70,70,70,70,70,70,70,70,70,70,70,70,70,70,70,70,70],"card_choices":[{"not_picked":["Quick Slash","PiercingWail"],"picked":"Poisoned Stab","floor":1},{"not_picked":["Escape Plan","Dodge and Roll"],"picked":"Prepared","floor":2},{"not_picked":["Quick Slash","Acrobatics"],"picked":"Bouncing Flask","floor":5},{"not_picked":["Dagger Spray","Prepared"],"picked":"Die Die Die","floor":6},{"not_picked":["Eviscerate","Dodge and Roll"],"picked":"Prepared","floor":8},{"not_picked":["Dodge and Roll","Cloak And Dagger"],"picked":"Acrobatics","floor":11},{"not_picked":["Deflect","Blur"],"picked":"Calculated Gamble","floor":12},{"not_picked":["Deadly Poison","Masterful Stab"],"picked":"Draining Mist","floor":13}],"player_experience":97242,"relics_obtained":[{"floor":6,"key":"Happy Flower"},{"floor":9,"key":"ReplayFunnel"}],"event_choices":[{"damage_healed":0,"gold_gain":175,"player_choice":"AGREE","damage_taken":0,"max_hp_gain":0,"max_hp_loss":0,"event_name":"Liars Game","floor":3,"gold_loss":0,"cards_obtained":["Doubt"]}],"is_beta":false,"boss_relics":[],"items_purged_floors":[14],"is_endless":false,"potions_floor_spawned":[1,11,13],"killed_by":"Slime Boss","ascension_level":0}}