{"host":"jpzdg3po3tjxdjri","time":1608979244,"event":{"mods":["BaseMod","Better Third Choice","Colored Map","Colored Powertips","Minty Spire (QoL Compilation)","StSLib"],"gold_per_floor":[114,64,74,89,109,109,139,139,139,139,14,14,48,62,62,62,62],"floor_reached":16,"playtime":460,"items_purged":["Injury"],"score":182,"play_id":"e9ae39c6-e5d4-449f-bd39-4804765167ca","local_time":"20201226104044","is_ascension_mode":true,"campfire_choices":[{"data":"Poisoned Stab","floor":6,"key":"SMITH"},{"floor":10,"key":"REST"},{"floor":15,"key":"REST"}],"circlet_count":0,"master_deck":["AscendersBane","Strike_G","Strike_G","Strike_G","Defend_G","Defend_G","Defend_G","Defend_G","Defend_G","Survivor","Neutralize","Poisoned Stab+1","Flying Knee","Footwork","Dagger Spray","PiercingWail","Cloak And Dagger","Poisoned Stab","Quick Slash"],"relics":["Ring of the Snake","Anchor","Golden Idol","Omamori","Letter Opener"],"acts_visited":["Exordium"],"potions_floor_usage":[13,14],"damage_taken":[{"damage":6,"enemies":"Jaw Worm","floor":1,"turns":5},{"damage":4,"enemies":"Small Slimes","floor":3,"turns":3},{"damage":4,"enemies":"2 Louse","floor":4,"turns":3},{"damage":4,"enemies":"Blue Slaver","floor":5,"turns":4},{"damage":22,"enemies":"Lagavulin","floor":7,"turns":8},{"damage":15,"enemies":"3 Sentries","floor":13,"turns":5},{"damage":22,"enemies":"Gremlin Gang","floor":14,"turns":5},{"damage":37,"enemies":"Slime Boss","floor":16,"turns":8}],"seed_played":"-7498560416665124390","potions_obtained":[{"floor":4,"key":"Energy Potion"},{"floor":5,"key":"PowerPotion"}],"is_trial":false,"path_per_floor":["M","?","M","M","M","R","E","?","T","R","$","?","E","M","R","B"],"character_chosen":"THE_SILENT","items_purchased":["Cloak And Dagger"],"campfire_rested":2,"item_purchase_floors":[11],"current_hp_per_floor":[64,64,60,56,52,52,30,30,30,53,53,46,31,9,32,0,0],"gold":62,"neow_bonus":"TEN_PERCENT_HP_BONUS","is_daily":false,"chose_seed":false,"campfire_upgraded":1,"win_rate":0.0,"timestamp":1608979244,"path_taken":["M","?","M","M","M","R","E","?","T","R","$","?","E","?","R","BOSS"],"items_purchased_type":["Card"],"build_version":"2020-12-22","purchased_purges":1,"victory":false,"max_hp_per_floor":[77,77,77,77,77,77,77,77,77,77,77,77,77,77,77,77,77],"card_choices":[{"not_picked":["PiercingWail","Predator"],"picked":"Poisoned Stab","floor":1},{"not_picked":["Setup","PiercingWail"],"picked":"Flying Knee","floor":3},{"not_picked":["Poisoned Stab","Dagger Spray"],"picked":"Footwork","floor":4},{"not_picked":["Sucker Punch","Prepared"],"picked":"Dagger Spray","floor":5},{"not_picked":["Flying Knee","Storm of Steel"],"picked":"PiercingWail","floor":7},{"not_picked":["Blade Dance","Deadly Poison"],"picked":"Poisoned Stab","floor":13},{"not_picked":["Acrobatics","Backflip"],"picked":"Quick Slash","floor":14}],"player_experience":803404,"relics_obtained":[{"floor":7,"key":"Anchor"},{"floor":9,"key":"Omamori"},{"floor":13,"key":"Letter Opener"}],"event_choices":[{"cards_removed":["Strike_G"],"damage_healed":0,"gold_gain":0,"player_choice":"Card Removal","damage_taken":0,"max_hp_gain":0,"max_hp_loss":0,"event_name":"The Cleric","floor":2,"gold_loss":50},{"damage_healed":0,"gold_gain":0,"player_choice":"Take Wound","damage_taken":0,"relics_obtained":["Golden Idol"],"max_hp_gain":0,"max_hp_loss":0,"event_name":"Golden Idol","floor":8,"gold_loss":0,"cards_obtained":["Injury"]},{"cards_removed":["Strike_G"],"damage_healed":0,"gold_gain":0,"player_choice":"Card Removal","damage_taken":7,"max_hp_gain":0,"max_hp_loss":0,"event_name":"Golden Wing","floor":12,"gold_loss":0}],"is_beta":false,"boss_relics":[],"items_purged_floors":[11],"is_endless":false,"potions_floor_spawned":[4,5,7],"killed_by":"Slime Boss","ascension_level":13}}