{"host":"uflv0e3ja7hvnij7","time":1608942058,"event":{"mods":["Aspiration","BaseMod","Better Altar","Better Match","Better Note","Better Sensory Stone","Better Skull","Better Third Choice","Hubris","Infinite Spire","Minty Spire (QoL Compilation)","Permanent Neow","Replay The Spire","Shop Mod","StSLib"],"gold_per_floor":[113,113,133,133,146,177,177,177,203,221,221,239,239,258,258,362,362,374,374,386,296,312,312,346,346,346,365,279,294,294,326,338,450,462,494,506,535,547,559,571,599,642,703,715,715],"floor_reached":44,"playtime":2433,"items_purged":[],"score":510,"play_id":"a41412c7-0573-45da-9e73-fc520cb5e59f","local_time":"20201225192058","is_ascension_mode":false,"campfire_choices":[{"data":"Uppercut","floor":8,"key":"SMITH"},{"data":"Shrug It Off","floor":11,"key":"SMITH"},{"data":"Twin Strike","floor":13,"key":"SMITH"},{"data":"Perfected Strike","floor":23,"key":"SMITH"},{"data":"Hemogenesis","floor":25,"key":"SMITH"},{"floor":30,"key":"DIG"},{"floor":32,"key":"DIG"},{"data":"Berserk","floor":40,"key":"SMITH"}],"circlet_count":0,"master_deck":["Strike_R+1","Strike_R","Strike_R","Strike_R","Strike_R","Defend_R","Defend_R","Defend_R+1","Defend_R","Battle Trance","Shrug It Off+1","Uppercut+1","Twin Strike+1","Headbutt","Pommel Strike+1","Hemogenesis+1","Twin Strike+1","Perfected Strike+1","Good Instincts+1","Perfected Strike+1","Twin Strike","Offering","Ghostly Armor+1","Berserk+1","Dual Wield+1"],"relics":["Coffee Dripper","Anchor","Pen Nib","Replay:Grab Bag","Philosopher\u0027s Stone","hubris:TerracottaHorce","SacredBark","hubris:Backtick","HornCleat","Shovel","Replay:Baseball","MawBank","Omamori","Calling Bell","War Paint","Question Card","hubris:MedicalManual","hubris:Towel","aspiration:HatOfInfinitePower","aspiration:Lifesprig"],"acts_visited":["Exordium","TheCity","TheBeyond"],"potions_floor_usage":[16,20,22,33,33,42,44],"damage_taken":[{"damage":0,"enemies":"2 Louse","floor":1,"turns":3},{"damage":0,"enemies":"Cultist","floor":3,"turns":3},{"damage":0,"enemies":"Small Slimes","floor":5,"turns":2},{"damage":36,"enemies":"Lagavulin","floor":6,"turns":7},{"damage":0,"enemies":"2 Fungi Beasts","floor":10,"turns":3},{"damage":4,"enemies":"Exordium Wildlife","floor":12,"turns":3},{"damage":0,"enemies":"Lots of Slimes","floor":14,"turns":3},{"damage":0,"enemies":"Slime Boss","floor":16,"turns":7},{"damage":0,"enemies":"Shell Parasite","floor":18,"turns":3},{"damage":0,"enemies":"3 Byrds","floor":20,"turns":5},{"damage":0,"enemies":"Centurion and Healer","floor":22,"turns":4},{"damage":1,"enemies":"Replay:Snechameleon","floor":24,"turns":3},{"damage":0,"enemies":"Snake Plant","floor":27,"turns":2},{"damage":0,"enemies":"Shelled Parasite and Fungi","floor":29,"turns":3},{"damage":0,"enemies":"Centurion and Healer","floor":31,"turns":3},{"damage":59,"enemies":"Automaton","floor":33,"turns":7},{"damage":0,"enemies":"Orb Walker","floor":35,"turns":2},{"damage":1,"enemies":"3 Shapes","floor":37,"turns":4},{"damage":36,"enemies":"Sphere and 2 Shapes","floor":41,"turns":5},{"damage":65,"enemies":"Giant Head","floor":42,"turns":7},{"damage":51,"enemies":"Nightmare","floor":44,"turns":4}],"seed_played":"-3083603201706595937","potions_obtained":[{"floor":6,"key":"Languid Potion"},{"floor":12,"key":"Energy Potion"},{"floor":22,"key":"Fruit Juice"},{"floor":29,"key":"Adrenaline Potion"},{"floor":31,"key":"PowerPotion"},{"floor":33,"key":"BloodPotion"},{"floor":42,"key":"PowerPotion"}],"is_trial":false,"path_per_floor":["M","?","M","$","M","E","?","R","T","M","R","M","R","M","R","B",null,"M","?","M","?","M","R","E","R","T","M","$","M","R","M","R","B",null,"M","$","M","$","?","R","M","E","T","NM"],"character_chosen":"IRONCLAD","items_purchased":["Good Instincts"],"campfire_rested":0,"item_purchase_floors":[28],"current_hp_per_floor":[80,80,80,80,80,44,44,44,44,44,44,40,40,40,64,64,76,76,76,80,80,90,90,90,90,90,90,90,90,90,90,90,31,75,83,83,90,90,90,90,54,36,36,0,0],"gold":715,"neow_bonus":"BOSS_RELIC","is_daily":false,"chose_seed":false,"campfire_upgraded":6,"win_rate":0.0,"timestamp":1608942058,"path_taken":["M","?","M","$","?","E","?","R","T","M","R","M","R","M","R","BOSS","M","?","M","?","M","R","E","R","T","M","$","M","R","M","R","BOSS","M","?","M","$","?","R","M","E","T","NM"],"items_purchased_type":["Card"],"build_version":"2020-12-22","purchased_purges":0,"victory":false,"max_hp_per_floor":[80,80,80,80,80,80,80,80,80,80,80,80,80,80,80,80,80,80,80,80,80,90,90,90,90,90,90,90,90,90,90,90,90,90,90,90,90,90,90,90,90,90,90,90,90],"card_choices":[{"not_picked":["Clash","Anger","Intimidate"],"picked":"SKIP","floor":1},{"not_picked":["True Grit","Warcry"],"picked":"Battle Trance","floor":3},{"not_picked":["hubris:ReadiedAction","Iron Wave"],"picked":"Shrug It Off","floor":5},{"not_picked":["Replay:Undeath\u0027s Touch","Iron Wave"],"picked":"Uppercut","floor":6},{"not_picked":["ReplayTheSpireMod:Limb From Limb","Rage"],"picked":"Twin Strike","floor":10},{"not_picked":["Havoc","Clothesline"],"picked":"Headbutt","floor":12},{"not_picked":["Bludgeon","Combust"],"picked":"Pommel Strike","floor":14},{"not_picked":["Barricade","Brutality"],"picked":"Hemogenesis","floor":16},{"not_picked":["Spot Weakness","Flex","Clash"],"picked":"SKIP","floor":18},{"not_picked":["Clothesline","Pommel Strike"],"picked":"Twin Strike+1","floor":20},{"not_picked":["Run Through","Metallicize"],"picked":"Perfected Strike","floor":22},{"not_picked":["Warcry+1","Brutality","Life Link+1"],"picked":"SKIP","floor":24},{"not_picked":["Burning Pact+1","Thunderclap","Whirlwind"],"picked":"SKIP","floor":27},{"not_picked":["Havoc","Seeing Red+1"],"picked":"Perfected Strike+1","floor":29},{"not_picked":["Clash","Thunderclap+1"],"picked":"Twin Strike","floor":31},{"not_picked":["Corruption","Limit Break"],"picked":"Offering","floor":33},{"not_picked":["Body Slam+1","Bloodletting+1","infinitespire:OneForAll+1"],"picked":"Ghostly Armor+1","floor":35},{"not_picked":["ReplayTheSpireMod:Strike From Hell","Headbutt","Replay:Undeath\u0027s Touch"],"picked":"Berserk","floor":37},{"not_picked":["Searing Blow+1","Thunderclap+1","Abandon","Flex+1"],"picked":"SKIP","floor":41},{"not_picked":["Pommel Strike+1","Cleave+1","hubris:ReadiedAction+1"],"picked":"Dual Wield+1","floor":42}],"player_experience":389241,"relics_obtained":[{"floor":6,"key":"Anchor"},{"floor":9,"key":"Pen Nib"},{"floor":24,"key":"Shovel"},{"floor":26,"key":"Replay:Baseball"},{"floor":30,"key":"MawBank"},{"floor":32,"key":"Omamori"},{"floor":34,"key":"War Paint"},{"floor":34,"key":"Question Card"},{"floor":34,"key":"hubris:MedicalManual"},{"floor":42,"key":"aspiration:HatOfInfinitePower"},{"floor":43,"key":"aspiration:Lifesprig"}],"event_choices":[{"damage_healed":0,"gold_gain":0,"player_choice":"Ignored","damage_taken":0,"max_hp_gain":0,"max_hp_loss":0,"event_name":"betterNote:BetterNote","floor":2,"gold_loss":0,"cards_obtained":["Demon Form"]},{"damage_healed":0,"gold_gain":0,"player_choice":"Ignored","damage_taken":177,"max_hp_gain":0,"max_hp_loss":0,"event_name":"betterThird:BetterSerpent","floor":7,"gold_loss":0},{"damage_healed":0,"gold_gain":0,"player_choice":"Ignored","damage_taken":0,"max_hp_gain":0,"max_hp_loss":0,"event_name":"Vampires","floor":19,"gold_loss":0},{"cards_removed":["Bash"],"damage_healed":0,"gold_gain":0,"player_choice":"Upgrade and Remove","damage_taken":0,"max_hp_gain":0,"max_hp_loss":0,"event_name":"Designer","floor":21,"gold_loss":90,"cards_upgraded":["Strike_R"]}],"is_beta":false,"boss_relics":[{"not_picked":["infinitespire:Burning Sword","Replay:Drink Me"],"picked":"Replay:Grab Bag"},{"not_picked":["ReplayTheSpireMod:Onyx Gauntlets","infinitespire:Cupcake"],"picked":"Philosopher\u0027s Stone"},{"not_picked":["Sozu","Ooze Armor"],"picked":"hubris:TerracottaHorce"},{"not_picked":["hubris:Stopwatch","aspiration:RitualDagger"],"picked":"SacredBark"},{"not_picked":["aspiration:SilentSkillbook","Ring of Chaos"],"picked":"hubris:Backtick"},{"not_picked":["Tiny House","ChewingGum"],"picked":"Calling Bell"}],"items_purged_floors":[],"is_endless":false,"potions_floor_spawned":[6,12,22,29,31,33,42],"killed_by":"Nightmare","ascension_level":0}}