{"host":"qhhcmep1unj6mpf7","time":1608962173,"event":{"mods":["2.2 Compatiblity","AchievementEnabler","BaseMod","Colored Map","DeckTracker","Highlight Path","Keyboard Shortcuts","Minty Spire (QoL Compilation)","Permanent Neow","Quick Restart","Random Character Button","StSLib","SuperFastMode","everything is the same but u backflip on backflip"],"gold_per_floor":[111,63,80,5,20,20,50,125,204,204,204,218,218,233,233,329,329,346,271,53,71,71,71,170,188,188,188,188,205,205,205,205],"floor_reached":31,"playtime":1127,"items_purged":["Strike_B"],"score":338,"play_id":"6be878c3-3d37-423c-a5ee-3bcdee0e0e9f","local_time":"20201226145613","is_ascension_mode":true,"campfire_choices":[{"data":"Defragment","floor":6.0,"key":"SMITH"},{"data":"Loop","floor":11.0,"key":"SMITH"},{"floor":15.0,"key":"REST"},{"data":"Coolheaded","floor":23.0,"key":"SMITH"},{"data":"Blizzard","floor":28,"key":"SMITH"}],"circlet_count":0,"master_deck":["Strike_B","Defend_B","Defend_B","Defend_B","Defend_B","Zap","Dualcast","Ball Lightning","Loop+1","Defragment+1","Skim","Glacier","Buffer","Seek","Coolheaded+1","Thunder Strike","Blizzard+1"],"relics":["Inserter","Ancient Tea Set","InkBottle","Black Star","Art of War"],"acts_visited":["Exordium","TheCity"],"potions_floor_usage":[],"damage_taken":[{"damage":4.0,"enemies":"Small Slimes","floor":1.0,"turns":4.0},{"damage":8.0,"enemies":"Jaw Worm","floor":3.0,"turns":6.0},{"damage":0.0,"enemies":"Cultist","floor":5.0,"turns":4.0},{"damage":20.0,"enemies":"Lagavulin","floor":7.0,"turns":6.0},{"damage":12.0,"enemies":"Large Slime","floor":12.0,"turns":6.0},{"damage":8.0,"enemies":"Blue Slaver","floor":14.0,"turns":5.0},{"damage":20.0,"enemies":"Slime Boss","floor":16.0,"turns":8.0},{"damage":18.0,"enemies":"Spheric Guardian","floor":18.0,"turns":8.0},{"damage":16.0,"enemies":"2 Thieves","floor":19.0,"turns":5.0},{"damage":4.0,"enemies":"Centurion and Healer","floor":21.0,"turns":15.0},{"damage":0.0,"enemies":"Sentry and Sphere","floor":25.0,"turns":12.0},{"damage":0,"enemies":"Snecko","floor":29,"turns":7},{"damage":21,"enemies":"Snake Plant","floor":31,"turns":2}],"seed_played":"7945555072881060009","potions_obtained":[{"floor":7.0,"key":"LiquidBronze"},{"floor":14.0,"key":"PowerPotion"},{"floor":18.0,"key":"SteroidPotion"}],"is_trial":false,"path_per_floor":["M","$","M","$","M","R","E","?","T","?","R","M","?","M","R","B",null,"M","M","$","M","?","R","?","M","T","?","R","M","?","M"],"character_chosen":"DEFECT","items_purchased":["Ball Lightning","Loop","Art of War"],"campfire_rested":1,"item_purchase_floors":[2,4,20],"current_hp_per_floor":[64,64,56,56,56,56,36,25,25,25,25,13,13,5,27,7,58,40,24,24,20,20,20,20,20,20,20,20,20,20,0,0],"gold":205,"neow_bonus":"BOSS_RELIC","is_daily":false,"chose_seed":false,"campfire_upgraded":4,"win_rate":0.0,"timestamp":1608962173,"path_taken":["M","$","M","$","M","R","E","?","T","?","R","M","?","?","R","BOSS","M","M","$","M","?","R","?","M","T","?","R","M","?","?"],"items_purchased_type":["Card","Card","Relic"],"build_version":"2020-12-22","purchased_purges":1,"victory":false,"max_hp_per_floor":[75,75,75,75,75,75,75,75,75,75,75,75,75,75,75,75,75,75,75,75,75,75,75,75,75,75,75,75,75,75,75,75],"card_choices":[{"not_picked":["Gash","Streamline","Barrage"],"picked":"SKIP","floor":1.0},{"not_picked":["Steam","Cold Snap","Stack"],"picked":"SKIP","floor":3.0},{"not_picked":["Darkness","Leap"],"picked":"Defragment","floor":5.0},{"not_picked":["Redo","Heatsinks"],"picked":"Skim","floor":7.0},{"not_picked":["Go for the Eyes","Sweeping Beam"],"picked":"Multi-Cast","floor":12.0},{"not_picked":["Steam","Chaos","Sweeping Beam"],"picked":"SKIP","floor":14.0},{"not_picked":["Meteor Strike","Multi-Cast"],"picked":"Buffer","floor":16.0},{"not_picked":["Hologram","Chaos","Auto Shields+1"],"picked":"SKIP","floor":18.0},{"not_picked":["Streamline+1","Lockon","Gash"],"picked":"SKIP","floor":19.0},{"not_picked":["Go for the Eyes","Compile Driver"],"picked":"Seek","floor":21.0},{"not_picked":["Go for the Eyes","Streamline","Gash"],"picked":"SKIP","floor":25.0},{"not_picked":["Conserve Battery","Turbo","Gash"],"picked":"SKIP","floor":29}],"player_experience":311999,"relics_obtained":[{"floor":7.0,"key":"Ancient Tea Set"},{"floor":9.0,"key":"InkBottle"}],"event_choices":[{"damage_healed":0.0,"max_hp_gain":0.0,"max_hp_loss":0.0,"gold_gain":75.0,"event_name":"World of Goop","player_choice":"Gather Gold","floor":8.0,"gold_loss":0.0,"damage_taken":11.0},{"damage_healed":0.0,"max_hp_gain":0.0,"max_hp_loss":0.0,"gold_gain":0.0,"cards_transformed":["Strike_B"],"event_name":"Living Wall","player_choice":"Change","floor":10.0,"gold_loss":0.0,"damage_taken":0.0,"cards_obtained":["Glacier"]},{"damage_healed":0.0,"max_hp_gain":0.0,"max_hp_loss":0.0,"gold_gain":0.0,"event_name":"The Woman in Blue","player_choice":"Bought 0 Potions","floor":13.0,"gold_loss":0.0,"damage_taken":0.0},{"damage_healed":0.0,"max_hp_gain":0.0,"max_hp_loss":0.0,"gold_gain":0.0,"event_name":"The Library","player_choice":"Read","floor":22.0,"gold_loss":0.0,"damage_taken":0.0,"cards_obtained":["Coolheaded"]},{"damage_healed":0.0,"max_hp_gain":0.0,"max_hp_loss":0.0,"gold_gain":99.0,"event_name":"Nest","player_choice":"Stole From Cult","floor":24.0,"gold_loss":0.0,"damage_taken":0.0},{"damage_healed":0,"gold_gain":0,"cards_transformed":["Strike_B","Multi-Cast"],"player_choice":"Became Test Subject","damage_taken":0,"max_hp_gain":0,"max_hp_loss":0,"event_name":"Drug Dealer","floor":27,"gold_loss":0,"cards_obtained":["Thunder Strike","Blizzard"]},{"damage_healed":0,"gold_gain":0,"player_choice":"Ignored","damage_taken":0,"max_hp_gain":0,"max_hp_loss":0,"event_name":"Ghosts","floor":30,"gold_loss":0}],"is_beta":false,"boss_relics":[{"not_picked":["Coffee Dripper","SacredBark"],"picked":"Black Star"}],"items_purged_floors":[20],"is_endless":false,"potions_floor_spawned":[7,14,18],"killed_by":"Snake Plant","ascension_level":9}}