{"host":"2461dio7vetlq1z3","time":1608988803,"event":{"mods":["2.2 Compatiblity","AchievementEnabler","Aspiration","BaseMod","Better Third Choice","Friendly Minions","Hermit","Minty Spire (QoL Compilation)","Relic Stats","Spicy Shops","StSLib","Waifu the Spire"],"gold_per_floor":[116,136,151,151,162,162,193,193,193,224,224,290,340,390,390,467,467,477,490,520,228,3,3,37,37,60,79,79,129,146,173,173,173,173],"floor_reached":33,"playtime":996,"items_purged":["Strike_R","Strike_R","Defend_R"],"score":686,"play_id":"e3865cb1-abe8-4118-9097-0734360916bc","local_time":"20201226142003","is_ascension_mode":true,"campfire_choices":[{"data":"Combust","floor":6,"key":"SMITH"},{"data":"Bash","floor":8,"key":"SMITH"},{"data":"Offering","floor":11,"key":"SMITH"},{"data":"Iron Wave","floor":15,"key":"SMITH"},{"floor":23,"key":"REST"},{"floor":25,"key":"REST"},{"floor":28,"key":"REST"},{"data":"Demon Form","floor":32,"key":"SMITH"}],"circlet_count":0,"master_deck":["AscendersBane","Strike_R+1","Strike_R+1","Strike_R+1","Defend_R","Defend_R+1","Defend_R","Bash+1","Cleave","Combust+1","Battle Trance","Perfected Strike","Iron Wave+1","Offering+1","Shrug It Off","Demon Form+1","Shrug It Off","True Grit","Juggernaut","Ghostly Armor"],"relics":["Burning Blood","Whetstone","SsserpentHead","Bronze Scales","Pen Nib","Blood Vial","Sozu","Kunai","Unceasing Top","Ancient Tea Set","Happy Flower"],"acts_visited":["Exordium","TheCity"],"potions_floor_usage":[7,10,16,23],"damage_taken":[{"damage":7,"enemies":"Small Slimes","floor":1,"turns":4},{"damage":0,"enemies":"Cultist","floor":2,"turns":2},{"damage":12,"enemies":"2 Louse","floor":3,"turns":2},{"damage":12,"enemies":"Blue Slaver","floor":5,"turns":4},{"damage":13,"enemies":"3 Sentries","floor":7,"turns":4},{"damage":15,"enemies":"Gremlin Nob","floor":10,"turns":4},{"damage":0,"enemies":"3 Louse","floor":12,"turns":1},{"damage":7,"enemies":"Slime Boss","floor":16,"turns":4},{"damage":23,"enemies":"Chosen","floor":18,"turns":4},{"damage":21,"enemies":"Shell Parasite","floor":19,"turns":4},{"damage":59,"enemies":"Book of Stabbing","floor":24,"turns":6},{"damage":34,"enemies":"Snake Plant","floor":27,"turns":4},{"damage":27,"enemies":"Shelled Parasite and Fungi","floor":30,"turns":4},{"damage":40,"enemies":"Slavers","floor":31,"turns":5},{"damage":54,"enemies":"Automaton","floor":33,"turns":6}],"seed_played":"-7362958187977981577","potions_obtained":[{"floor":3,"key":"Fruit Juice"},{"floor":5,"key":"Explosive Potion"},{"floor":7,"key":"Block Potion"},{"floor":12,"key":"Strength Potion"}],"is_trial":false,"path_per_floor":["M","M","M","?","M","R","E","R","T","E","R","M","?","?","R","B",null,"M","M","?","$","$","R","E","R","T","M","R","?","M","E","R","B"],"character_chosen":"IRONCLAD","items_purchased":["Kunai"],"campfire_rested":3,"item_purchase_floors":[21],"current_hp_per_floor":[67,73,67,67,61,61,54,54,54,45,45,53,30,34,34,35,65,50,37,37,37,37,64,13,37,37,11,35,80,59,27,27,0,0],"gold":173,"neow_bonus":"RANDOM_COMMON_RELIC","is_daily":false,"chose_seed":false,"campfire_upgraded":5,"win_rate":0.0,"timestamp":1608988803,"path_taken":["M","M","M","?","M","R","E","R","T","E","R","?","?","?","R","BOSS","M","M","?","?","$","R","E","R","T","M","R","?","M","E","R","BOSS"],"items_purchased_type":["Relic"],"build_version":"2020-12-22","purchased_purges":3,"victory":false,"max_hp_per_floor":[75,75,75,75,75,75,75,75,75,75,75,75,75,75,75,75,75,75,75,75,75,75,80,80,80,80,80,80,80,80,80,80,80,80],"relic_stats":{"Blood Vial":16,"Sozu":5,"SsserpentHead":300,"Happy Flower":[2],"counters":[15,58],"Bronze Scales":[153],"Pen Nib":[7],"Whetstone":["Strike_R","Strike_R"],"Kunai":[5],"obtain_stats":[{"Blood Vial":10,"Sozu":17,"SsserpentHead":4,"Happy Flower":31,"Bronze Scales":7,"Pen Nib":9,"Whetstone":0,"Kunai":21,"Ancient Tea Set":26,"Burning Blood":0,"Unceasing Top":24},{"Blood Vial":6,"Sozu":8,"SsserpentHead":3,"Happy Flower":14,"Bronze Scales":5,"Pen Nib":5,"Whetstone":0,"Kunai":10,"Ancient Tea Set":11,"Burning Blood":0,"Unceasing Top":11},{"Blood Vial":20,"Sozu":25,"SsserpentHead":8,"Happy Flower":52,"Bronze Scales":16,"Pen Nib":16,"Whetstone":0,"Kunai":33,"Ancient Tea Set":39,"Burning Blood":0,"Unceasing Top":39}],"Burning Blood":84,"Unceasing Top":[0]},"card_choices":[{"not_picked":["Seeing Red","Sever Soul"],"picked":"Cleave","floor":1},{"not_picked":["Metallicize","Armaments"],"picked":"Combust","floor":2},{"not_picked":["Clash","Pummel"],"picked":"Battle Trance","floor":3},{"not_picked":["Second Wind","Cleave"],"picked":"Perfected Strike","floor":5},{"not_picked":["True Grit","Dropkick"],"picked":"Iron Wave","floor":7},{"not_picked":["Disarm","Pommel Strike"],"picked":"Offering","floor":10},{"not_picked":["Headbutt","Dual Wield"],"picked":"Shrug It Off","floor":12},{"not_picked":["Barricade","Fiend Fire"],"picked":"Demon Form","floor":16},{"not_picked":["Thunderclap","Cleave","Warcry"],"picked":"SKIP","floor":18},{"not_picked":["Thunderclap","Cleave","Warcry"],"picked":"SKIP","floor":18},{"not_picked":["Cleave","Flame Barrier"],"picked":"Shrug It Off","floor":19},{"not_picked":["Armaments","Feel No Pain"],"picked":"True Grit","floor":24},{"not_picked":["Armaments","Thunderclap"],"picked":"Inflame","floor":27},{"not_picked":["Armaments","Blood for Blood"],"picked":"Juggernaut","floor":30},{"not_picked":["Armaments","Body Slam"],"picked":"Ghostly Armor","floor":31}],"player_experience":939426,"relics_obtained":[{"floor":7,"key":"Bronze Scales"},{"floor":9,"key":"Pen Nib"},{"floor":10,"key":"Blood Vial"},{"floor":24,"key":"Unceasing Top"},{"floor":26,"key":"Ancient Tea Set"},{"floor":31,"key":"Happy Flower"}],"event_choices":[{"damage_healed":0,"gold_gain":0,"player_choice":"Trade","damage_taken":0,"relics_obtained":["SsserpentHead"],"max_hp_gain":0,"max_hp_loss":0,"event_name":"FaceTrader","floor":4,"gold_loss":0},{"damage_healed":53,"gold_gain":0,"player_choice":"Upgrade","damage_taken":23,"max_hp_gain":0,"max_hp_loss":75,"event_name":"betterThird:BetterShining","floor":13,"gold_loss":0,"cards_upgraded":["Strike_R","Defend_R"]},{"damage_healed":0,"gold_gain":0,"player_choice":"Bought 1 Potion","damage_taken":0,"max_hp_gain":0,"max_hp_loss":0,"event_name":"The Woman in Blue","floor":20,"gold_loss":0},{"cards_removed":["Inflame"],"damage_healed":45,"gold_gain":0,"player_choice":"Offered Uncommon","damage_taken":0,"max_hp_gain":0,"max_hp_loss":0,"event_name":"Bonfire Elementals","floor":29,"gold_loss":0}],"is_beta":false,"boss_relics":[{"not_picked":["Busted Crown","SlaversCollar"],"picked":"Sozu"}],"items_purged_floors":[21,22,22],"is_endless":false,"potions_floor_spawned":[3,5,7,12,18,19,30,31],"killed_by":"Automaton","ascension_level":20}}