{"host":"nh8rc3jipwgi5qu3","time":1608940951,"event":{"mods":["Act Like it!","Aspiration","BaseMod","Better Third Choice","Colored Map","Colored Powertips","DeckTracker","Elementarium","Energized Spire","GifTheSpireLib","GungeonMod","Hubris","Humility","Infinite Spire","Ironclad Rager","Lobotomy","Marked Mod","Mimic Mod","Minty Spire (QoL Compilation)","Relic Stats","Replay The Spire","Reworked Bosses","Spikes Relics","StSLib","Stuff the Spire","SuperFastMode"],"gold_per_floor":[117,135,148,165,44,73,73,73,73,4,4,24,42,42,42,142,142,157,207,207,262,326,326,103,148,148],"floor_reached":25,"playtime":5021,"items_purged":["Strike_G"],"score":203,"play_id":"e8b1cbc5-1b83-4acb-a5c1-4632668cf038","local_time":"20201226010231","is_ascension_mode":false,"campfire_choices":[{"floor":7,"key":"REST"},{"floor":11,"key":"REST"},{"data":"Night Terror","floor":15,"key":"SMITH"},{"data":"Accuracy","floor":23,"key":"SMITH"}],"circlet_count":0,"master_deck":["Strike_G","Strike_G","Strike_G","Strike_G","Defend_G","Defend_G","Defend_G","Defend_G","Defend_G","Survivor","Neutralize","Hidden Blade","Hidden Blade","Cloak And Dagger","Blade Dance","Thinking Ahead","Survey Options","PlatinumSkin","Accuracy+1","Dagger Throw","Night Terror+1","ReplayTheSpireMod:From All Sides","Underhanded Strike","StuffTheSpire:Shiver+1"],"relics":["Ring of the Snake","aspiration:Nostalgia","Sizzling Blood","ReplayTheSpireMod:ShopPack","infinitespire:BottledMercury","Shuriken","Ninja Scroll","energizedSpire:SpiderWeb","ReplayTheSpireMod:Ring of Challenge","Ring of Misfortune","DemoMod:LamentConfigurum"],"acts_visited":["Exordium","Elementarium:Elementarium"],"potions_floor_usage":[6,16,16,25,25],"damage_taken":[{"damage":2,"enemies":"Cultist","floor":1,"turns":5},{"damage":13,"enemies":"Jaw Worm","floor":2,"turns":7},{"damage":1,"enemies":"2 Louse","floor":3,"turns":5},{"damage":0,"enemies":"Large Slime","floor":4,"turns":9},{"damage":66,"enemies":"Gremlin Nob","floor":6,"turns":5},{"damage":1,"enemies":"2 Fungi Beasts","floor":12,"turns":3},{"damage":0,"enemies":"Red Slaver","floor":13,"turns":2},{"damage":53,"enemies":"The Guardian","floor":16,"turns":8},{"damage":13,"enemies":"Elementarium:2_ELEMENTALS","floor":18,"turns":4},{"damage":15,"enemies":"Elementarium:VoidCorruption","floor":21,"turns":7},{"damage":25,"enemies":"Elementarium:VoidBeast","floor":22,"turns":4},{"damage":34,"enemies":"Elementarium:Hydrostalker","floor":25,"turns":2}],"seed_played":"4430938795186836009","potions_obtained":[{"floor":4,"key":"ColorlessPotion"},{"floor":6,"key":"FearPotion"},{"floor":12,"key":"ColorlessPotion"},{"floor":18,"key":"Elixir"},{"floor":21,"key":"PowerPotion"}],"is_trial":false,"path_per_floor":["M","M","M","M","$","E","R","T","T","$","R","M","M","?","R","B",null,"M","?","?","M","M","R","$","M"],"character_chosen":"THE_SILENT","items_purchased":["ReplayTheSpireMod:ShopPack","Accuracy","DemoMod:LamentConfigurum"],"campfire_rested":2,"item_purchase_floors":[5,10,24],"current_hp_per_floor":[74,65,68,72,72,10,32,32,32,32,54,57,61,61,61,12,74,65,65,65,54,33,33,33,0,0],"gold":148,"neow_bonus":"NOSTALGIA","is_daily":false,"chose_seed":false,"campfire_upgraded":2,"win_rate":0.0,"timestamp":1608940951,"path_taken":["M","M","M","?","$","E","R","?","T","?","R","?","M","?","R","BOSS","M","?","?","M","M","R","$","M"],"items_purchased_type":["Relic","Card","Relic"],"build_version":"2020-12-22","purchased_purges":1,"victory":false,"max_hp_per_floor":[74,74,74,74,74,74,74,74,74,74,74,74,74,74,74,74,74,74,74,74,74,74,74,74,74,74],"relic_stats":{"counters":[12,61],"Shuriken":[19],"obtain_stats":[{"infinitespire:BottledMercury":6,"aspiration:Nostalgia":0,"Shuriken":8,"Ninja Scroll":9,"Ring of Misfortune":20,"DemoMod:LamentConfigurum":24,"DemoMod:GlassGuonStoneRelic":3,"Sizzling Blood":0,"energizedSpire:SpiderWeb":17,"ReplayTheSpireMod:Ring of Challenge":20,"Ring of the Snake":0,"ReplayTheSpireMod:ShopPack":5},{"infinitespire:BottledMercury":5,"aspiration:Nostalgia":0,"Shuriken":5,"Ninja Scroll":5,"Ring of Misfortune":9,"DemoMod:LamentConfigurum":11,"DemoMod:GlassGuonStoneRelic":3,"Sizzling Blood":0,"energizedSpire:SpiderWeb":8,"ReplayTheSpireMod:Ring of Challenge":9,"Ring of the Snake":0,"ReplayTheSpireMod:ShopPack":4},{"infinitespire:BottledMercury":31,"aspiration:Nostalgia":0,"Shuriken":31,"Ninja Scroll":31,"Ring of Misfortune":48,"DemoMod:LamentConfigurum":59,"DemoMod:GlassGuonStoneRelic":17,"Sizzling Blood":0,"energizedSpire:SpiderWeb":44,"ReplayTheSpireMod:Ring of Challenge":48,"Ring of the Snake":0,"ReplayTheSpireMod:ShopPack":26}],"Ring of the Snake":[24]},"card_choices":[{"not_picked":["Deadly Poison","ReplayTheSpireMod:Tripwire"],"picked":"Hidden Blade","floor":1},{"not_picked":["InfectiousVector","StuffTheSpire:Incursion"],"picked":"Hidden Blade","floor":2},{"not_picked":["StuffTheSpire:Python","Glass Knife"],"picked":"Cloak And Dagger","floor":3},{"not_picked":["InfectiousVector","Dodge and Roll"],"picked":"Blade Dance","floor":4},{"not_picked":["Panache","StuffTheSpire:Recharge"],"picked":"Thinking Ahead","floor":5},{"not_picked":["Discovery","Enlightenment"],"picked":"Survey Options","floor":5},{"not_picked":["StuffTheSpire:PlasmaPulse","Jack Of All Trades"],"picked":"PlatinumSkin","floor":5},{"not_picked":["Sucker Punch","Riddle With Holes","Underhanded Strike"],"picked":"SKIP","floor":6},{"not_picked":["hubris:TrickCloak","Draining Mist"],"picked":"Dagger Throw","floor":12},{"not_picked":["StuffTheSpire:Python","InfectiousVector"],"picked":"Night Terror","floor":13},{"not_picked":["Bullet Time","Storm of Steel"],"picked":"ReplayTheSpireMod:From All Sides","floor":16},{"not_picked":["Sucker Punch","Predator"],"picked":"Underhanded Strike","floor":18},{"not_picked":["hubris:SlightOfHand","Underhanded Strike","StuffTheSpire:Python+1"],"picked":"SKIP","floor":21},{"not_picked":["hubris:SlightOfHand+1","Well Laid Plans"],"picked":"StuffTheSpire:Shiver+1","floor":22}],"player_experience":186036,"relics_obtained":[{"floor":6,"key":"infinitespire:BottledMercury"},{"floor":8,"key":"Shuriken"},{"floor":9,"key":"Ninja Scroll"},{"floor":20,"key":"ReplayTheSpireMod:Ring of Challenge"},{"floor":20,"key":"Ring of Misfortune"}],"event_choices":[{"damage_healed":0,"gold_gain":0,"player_choice":"Leave","damage_taken":0,"max_hp_gain":0,"max_hp_loss":0,"event_name":"The Cleric","floor":14,"gold_loss":0},{"damage_healed":0,"gold_gain":50,"player_choice":"Take","damage_taken":0,"max_hp_gain":0,"max_hp_loss":0,"event_name":"Elementarium:StickySituation","floor":19,"gold_loss":0}],"is_beta":false,"boss_relics":[{"not_picked":["Empty Cage","Ring of Chaos"],"picked":"energizedSpire:SpiderWeb"}],"items_purged_floors":[24],"is_endless":false,"potions_floor_spawned":[4,6,12,18,21],"killed_by":"Elementarium:Hydrostalker","ascension_level":0}}