{"host":"2lrkmsuh7nz013qb","time":1608968070,"event":{"mods":["BaseMod","Colored Map","DeckTracker","Minty Spire (QoL Compilation)","SuperFastMode","everything is the same but u backflip on backflip"],"gold_per_floor":[118,135,22,33,47,47,63,63,63,63,88,88,115,133,133,228,228,238,30,46,56,67,67,67,67,67,0,0,0,0,11,11,11,11],"floor_reached":33,"playtime":912,"items_purged":["Strike_B"],"score":373,"play_id":"8357b311-9255-4fde-a75b-68c69723775b","local_time":"20201226163430","is_ascension_mode":true,"campfire_choices":[{"data":"Coolheaded","floor":6.0,"key":"SMITH"},{"data":"Defragment","floor":8.0,"key":"SMITH"},{"data":"Coolheaded","floor":10.0,"key":"SMITH"},{"data":"Dualcast","floor":15.0,"key":"SMITH"},{"data":"Static Discharge","floor":23,"key":"SMITH"},{"data":"Loop","floor":25,"key":"SMITH"},{"floor":32,"key":"REST"}],"circlet_count":0,"master_deck":["Strike_B","Strike_B","Strike_B","Defend_B","Defend_B","Defend_B","Zap","Dualcast+1","Ball Lightning","Conserve Battery","Sunder","Coolheaded+1","Coolheaded+1","Defragment+1","Self Repair","Darkness","Storm","Loop+1","Blizzard","Self Repair","Self Repair","Static Discharge+1","Ball Lightning+1","Cold Snap"],"relics":["Cracked Core","NeowsBlessing","Mummified Hand","The Courier","Inserter"],"acts_visited":["Exordium","TheCity"],"potions_floor_usage":[28,33],"damage_taken":[{"damage":0.0,"enemies":"2 Louse","floor":1.0,"turns":1.0},{"damage":0.0,"enemies":"Cultist","floor":2.0,"turns":1.0},{"damage":0.0,"enemies":"Jaw Worm","floor":4.0,"turns":1.0},{"damage":8.0,"enemies":"Large Slime","floor":5.0,"turns":4.0},{"damage":2.0,"enemies":"2 Fungi Beasts","floor":7.0,"turns":3.0},{"damage":2.0,"enemies":"Lagavulin","floor":11.0,"turns":6.0},{"damage":29.0,"enemies":"Gremlin Nob","floor":13.0,"turns":4.0},{"damage":7.0,"enemies":"Blue Slaver","floor":14.0,"turns":4.0},{"damage":33.0,"enemies":"Slime Boss","floor":16.0,"turns":10.0},{"damage":21.0,"enemies":"2 Thieves","floor":18.0,"turns":4.0},{"damage":0,"enemies":"Spheric Guardian","floor":20,"turns":2},{"damage":33,"enemies":"Snecko","floor":21,"turns":5},{"damage":20,"enemies":"Centurion and Healer","floor":22,"turns":5},{"damage":22,"enemies":"Colosseum Slavers","floor":28,"turns":3},{"damage":16,"enemies":"Snake Plant","floor":31,"turns":3},{"damage":70,"enemies":"Champ","floor":33,"turns":8}],"seed_played":"6855488720779398541","potions_obtained":[{"floor":1.0,"key":"Dexterity Potion"},{"floor":5.0,"key":"SneckoOil"},{"floor":7.0,"key":"Energy Potion"},{"floor":22,"key":"GamblersBrew"},{"floor":31,"key":"Block Potion"}],"is_trial":false,"path_per_floor":["M","M","$","M","M","R","M","R","T","R","E","?","E","M","R","B",null,"M","$","M","M","M","R","?","R","T","?","?","?","$","M","R","B"],"character_chosen":"DEFECT","items_purchased":["Sunder","Blizzard","Self Repair","Self Repair","Static Discharge"],"campfire_rested":1,"item_purchase_floors":[3,19,19,19,19],"current_hp_per_floor":[68,68,68,68,60,60,58,58,58,58,56,56,34,34,34,8,58,44,44,58,46,47,47,33,33,33,33,25,25,25,30,54,0,0],"gold":11,"neow_bonus":"THREE_ENEMY_KILL","is_daily":false,"chose_seed":false,"campfire_upgraded":6,"win_rate":0.0,"timestamp":1608968070,"path_taken":["M","M","$","M","M","R","M","R","T","R","E","?","E","M","R","BOSS","M","$","M","M","M","R","?","R","T","?","?","?","$","M","R","BOSS"],"items_purchased_type":["Card","Card","Card","Card","Card"],"build_version":"2020-12-22","purchased_purges":1,"victory":false,"max_hp_per_floor":[75,75,75,75,75,75,75,75,75,75,75,75,75,75,75,75,75,75,75,75,75,75,75,80,80,80,80,80,80,80,80,80,80,80],"card_choices":[{"not_picked":["Turbo","Conserve Battery"],"picked":"Ball Lightning","floor":1.0},{"not_picked":["Lockon","Barrage"],"picked":"Conserve Battery","floor":2.0},{"not_picked":["Go for the Eyes","Barrage"],"picked":"Coolheaded","floor":4.0},{"not_picked":["Hologram","White Noise"],"picked":"Coolheaded","floor":5.0},{"not_picked":["Turbo","Lockon"],"picked":"Defragment","floor":7.0},{"not_picked":["Sweeping Beam","Ball Lightning"],"picked":"Self Repair","floor":11.0},{"not_picked":["Hologram","Amplify"],"picked":"Storm","floor":13.0},{"not_picked":["Ball Lightning","Cold Snap","Streamline"],"picked":"SKIP","floor":14.0},{"not_picked":["Barrage","Hologram"],"picked":"Loop","floor":18.0},{"not_picked":["Sweeping Beam+1","Go for the Eyes+1","Multi-Cast"],"picked":"SKIP","floor":20},{"not_picked":["Reprogram","Sweeping Beam"],"picked":"Ball Lightning+1","floor":21},{"not_picked":["White Noise","Undo","Steam"],"picked":"SKIP","floor":22},{"not_picked":["Rebound","Leap"],"picked":"Cold Snap","floor":31}],"player_experience":697408,"relics_obtained":[{"floor":9.0,"key":"Mummified Hand"},{"floor":13.0,"key":"The Courier"}],"event_choices":[{"damage_healed":0.0,"max_hp_gain":0.0,"max_hp_loss":0.0,"gold_gain":0.0,"cards_transformed":["Defend_B"],"event_name":"Transmorgrifier","player_choice":"Transformed","floor":12.0,"gold_loss":0.0,"damage_taken":0.0,"cards_obtained":["Darkness"]},{"damage_healed":0,"gold_gain":0,"player_choice":"Shed Blood","damage_taken":19,"max_hp_gain":5,"max_hp_loss":0,"event_name":"Forgotten Altar","floor":24,"gold_loss":0},{"damage_healed":0,"gold_gain":0,"player_choice":"Paid Fearfully","damage_taken":0,"max_hp_gain":0,"max_hp_loss":0,"event_name":"Masked Bandits","floor":27,"gold_loss":67},{"damage_healed":0,"gold_gain":0,"player_choice":"Fight","damage_taken":0,"max_hp_gain":0,"max_hp_loss":0,"event_name":"Colosseum","floor":28,"gold_loss":0},{"damage_healed":0,"gold_gain":0,"player_choice":"Fled From Nobs","damage_taken":0,"max_hp_gain":0,"max_hp_loss":0,"event_name":"Colosseum","floor":28,"gold_loss":0},{"damage_healed":0,"gold_gain":0,"player_choice":"Ignored","damage_taken":0,"max_hp_gain":0,"max_hp_loss":0,"event_name":"The Mausoleum","floor":29,"gold_loss":0}],"is_beta":false,"boss_relics":[{"not_picked":["SlaversCollar","Coffee Dripper"],"picked":"Inserter"}],"items_purged_floors":[3],"is_endless":false,"potions_floor_spawned":[1,5,7,22,28,31],"killed_by":"Champ","ascension_level":9}}