{"host":"3a1ypf1irl30q4k8","time":1608994221,"event":{"mods":["AchievementEnabler","BaseMod","Bestiary","Colored Map","Minty Spire (QoL Compilation)","Relic Stats"],"gold_per_floor":[115,134,134,15,29,54,72,72,99,99,114,114,145,156,156,229,229,249,249,260,260,35,68,68,97,97,97,5,35,35,46,46,46,46],"floor_reached":33,"playtime":1166,"items_purged":["Strike_R"],"score":548,"play_id":"9ff3a558-0000-446d-b392-bb2be5e13de5","local_time":"20201226145021","is_ascension_mode":true,"campfire_choices":[{"data":"Shockwave","floor":8,"key":"SMITH"},{"data":"Combust","floor":10,"key":"SMITH"},{"data":"Bash","floor":12,"key":"SMITH"},{"data":"Inflame","floor":15,"key":"SMITH"},{"floor":24,"key":"REST"},{"floor":27,"key":"REST"},{"floor":32,"key":"REST"}],"circlet_count":0,"master_deck":["AscendersBane","Strike_R","Strike_R","Defend_R","Defend_R+1","Defend_R","Defend_R","Bash+1","CurseOfTheBell","Shockwave+1","Cleave+1","Inflame+1","Rampage+1","Cleave+1","Wild Strike+1","Combust+1","Inflame","Rampage+1","Twin Strike+1","Feed+1","Rage+1","Feed+1","Bloodletting","Corruption","Dramatic Entrance+1","Entrench","Pommel Strike+1"],"relics":["Calling Bell","Akabeko","Molten Egg 2","Thread and Needle","Pen Nib","Tiny Chest","Bag of Marbles","Velvet Choker","Toolbox","War Paint","Oddly Smooth Stone","Smiling Mask","Blood Vial","Calipers"],"acts_visited":["Exordium","TheCity"],"potions_floor_usage":[23,29,31],"damage_taken":[{"damage":0,"enemies":"Small Slimes","floor":1,"turns":4},{"damage":5,"enemies":"Jaw Worm","floor":2,"turns":3},{"damage":0,"enemies":"2 Louse","floor":5,"turns":2},{"damage":22,"enemies":"3 Sentries","floor":6,"turns":4},{"damage":0,"enemies":"Exordium Wildlife","floor":7,"turns":3},{"damage":3,"enemies":"3 Louse","floor":11,"turns":2},{"damage":12,"enemies":"Gremlin Nob","floor":13,"turns":3},{"damage":0,"enemies":"Blue Slaver","floor":14,"turns":2},{"damage":5,"enemies":"Hexaghost","floor":16,"turns":6},{"damage":0,"enemies":"Spheric Guardian","floor":18,"turns":3},{"damage":0,"enemies":"Shell Parasite","floor":20,"turns":2},{"damage":43,"enemies":"Book of Stabbing","floor":23,"turns":5},{"damage":32,"enemies":"Slavers","floor":25,"turns":4},{"damage":11,"enemies":"Gremlin Leader","floor":29,"turns":5},{"damage":0,"enemies":"Snake Plant","floor":31,"turns":3},{"damage":94,"enemies":"Champ","floor":33,"turns":9}],"seed_played":"-6617763146006368533","potions_obtained":[{"floor":2,"key":"SmokeBomb"},{"floor":7,"key":"ColorlessPotion"},{"floor":13,"key":"PowerPotion"},{"floor":14,"key":"Energy Potion"},{"floor":23,"key":"BlessingOfTheForge"},{"floor":29,"key":"Block Potion"}],"is_trial":false,"path_per_floor":["M","M","?","$","M","E","M","R","T","R","M","R","E","M","R","B",null,"M","?","M","?","$","E","R","E","T","R","$","E","T","M","R","B"],"character_chosen":"IRONCLAD","items_purchased":["Inflame","Rampage+1","Toolbox","Dramatic Entrance+1"],"campfire_rested":3,"item_purchase_floors":[4,4,22,28],"current_hp_per_floor":[68,63,68,68,68,46,46,46,46,46,43,43,31,31,31,26,67,67,67,67,67,67,24,48,24,24,50,50,39,39,41,67,0,0],"gold":46,"neow_bonus":"BOSS_RELIC","is_daily":false,"chose_seed":false,"campfire_upgraded":4,"win_rate":0.0,"timestamp":1608994221,"path_taken":["M","M","?","$","M","E","M","R","T","R","M","R","E","M","R","BOSS","M","?","M","?","$","E","R","E","T","R","?","E","?","M","R","BOSS"],"items_purchased_type":["Card","Card","Relic","Card"],"build_version":"2020-12-22","purchased_purges":1,"victory":false,"max_hp_per_floor":[75,75,80,80,80,80,80,80,80,80,80,80,80,80,80,80,80,80,80,80,80,80,80,80,88,88,88,88,88,88,88,88,88,88],"relic_stats":{"Blood Vial":4,"counters":[16,60],"Tiny Chest":1,"Pen Nib":[7],"War Paint":["Defend_R","Rage"],"Smiling Mask":0,"obtain_stats":[{"Calipers":30,"Velvet Choker":17,"Oddly Smooth Stone":25,"Thread and Needle":0,"Pen Nib":6,"War Paint":23,"Smiling Mask":26,"Burning Blood":0,"Akabeko":0,"Calling Bell":0,"Blood Vial":29,"Toolbox":22,"Molten Egg 2":0,"Tiny Chest":9,"Bag of Marbles":13},{"Calipers":14,"Velvet Choker":9,"Oddly Smooth Stone":13,"Thread and Needle":0,"Pen Nib":4,"War Paint":12,"Smiling Mask":13,"Burning Blood":0,"Akabeko":0,"Calling Bell":0,"Blood Vial":14,"Toolbox":11,"Molten Egg 2":0,"Tiny Chest":5,"Bag of Marbles":7},{"Calipers":48,"Velvet Choker":29,"Oddly Smooth Stone":43,"Thread and Needle":0,"Pen Nib":13,"War Paint":39,"Smiling Mask":43,"Burning Blood":0,"Akabeko":0,"Calling Bell":0,"Blood Vial":48,"Toolbox":34,"Molten Egg 2":0,"Tiny Chest":16,"Bag of Marbles":21}]},"card_choices":[{"not_picked":["Heavy Blade+1","Clash+1"],"picked":"Shockwave","floor":1},{"not_picked":["Sword Boomerang+1","True Grit"],"picked":"Cleave+1","floor":2},{"not_picked":["Reckless Charge+1","Infernal Blade"],"picked":"Cleave+1","floor":5},{"not_picked":["Anger+1","Feel No Pain"],"picked":"Wild Strike+1","floor":6},{"not_picked":["Dark Embrace","Warcry"],"picked":"Combust","floor":7},{"not_picked":["Havoc","Twin Strike+1"],"picked":"Inflame","floor":11},{"not_picked":["Combust","Fire Breathing"],"picked":"Rampage+1","floor":13},{"not_picked":["Inflame","Cleave+1"],"picked":"Twin Strike+1","floor":14},{"not_picked":["Berserk","Bludgeon+1"],"picked":"Feed+1","floor":16},{"not_picked":["Clash+1","Thunderclap+1"],"picked":"Rage","floor":18},{"not_picked":["Thunderclap+1","Twin Strike+1","Havoc"],"picked":"SKIP","floor":20},{"not_picked":["Infernal Blade","Havoc","Clothesline+1"],"picked":"SKIP","floor":23},{"not_picked":["Uppercut+1","Sword Boomerang+1","Perfected Strike+1"],"picked":"SKIP","floor":25},{"not_picked":["Hemokinesis+1","Rage"],"picked":"Entrench","floor":29},{"not_picked":["Wild Strike+1","Headbutt+1"],"picked":"Pommel Strike+1","floor":31}],"player_experience":891232,"relics_obtained":[{"floor":0,"key":"Akabeko"},{"floor":0,"key":"Molten Egg 2"},{"floor":0,"key":"Thread and Needle"},{"floor":6,"key":"Pen Nib"},{"floor":9,"key":"Tiny Chest"},{"floor":13,"key":"Bag of Marbles"},{"floor":23,"key":"War Paint"},{"floor":25,"key":"Oddly Smooth Stone"},{"floor":26,"key":"Smiling Mask"},{"floor":29,"key":"Blood Vial"},{"floor":30,"key":"Calipers"}],"event_choices":[{"damage_healed":0,"gold_gain":0,"player_choice":"Donut","damage_taken":0,"max_hp_gain":5,"max_hp_loss":0,"event_name":"Big Fish","floor":3,"gold_loss":0},{"damage_healed":0,"gold_gain":0,"cards_transformed":["Strike_R","Strike_R"],"player_choice":"Became Test Subject","damage_taken":0,"max_hp_gain":0,"max_hp_loss":0,"event_name":"Drug Dealer","floor":19,"gold_loss":0,"cards_obtained":["Feed","Bloodletting"]},{"damage_healed":0,"gold_gain":0,"player_choice":"Read","damage_taken":0,"max_hp_gain":0,"max_hp_loss":0,"event_name":"The Library","floor":21,"gold_loss":0,"cards_obtained":["Corruption"]}],"is_beta":false,"boss_relics":[{"not_picked":["Cursed Key","Snecko Eye"],"picked":"Velvet Choker"}],"items_purged_floors":[22],"is_endless":false,"potions_floor_spawned":[2,7,11,13,14,23,25,29],"killed_by":"Champ","ascension_level":15}}