{"host":"tpad8qsc9e0g0pa5","time":1608990023,"event":{"mods":["BaseMod","Minty Spire (QoL Compilation)","Quick Restart","StSLib","The Bug Knight","The Servant 0.9.4"],"gold_per_floor":[113,113,127,52,71,104,104,135,135,145,159,190,204,221,221,325,325,339,38,38,0,0,0,0,0,0,26,39,39,39,57,57,155,155,165,238,238,238,251,251,281,298,298,46,46,78,78,89,89,89],"floor_reached":51,"playtime":6255,"items_purged":["Defend_S","Strike_S"],"score":875,"play_id":"134cd2db-f70e-49b0-80a0-3cedff62f891","local_time":"20201226214023","is_ascension_mode":true,"campfire_choices":[{"data":"KidneyShot","floor":7.0,"key":"SMITH"},{"data":"1","floor":15.0,"key":"LIFT"},{"data":"BestPractice","floor":23.0,"key":"SMITH"},{"data":"Initiator","floor":25.0,"key":"SMITH"},{"data":"Alleviate","floor":32.0,"key":"SMITH"},{"floor":45,"key":"REST"},{"data":"2","floor":49,"key":"LIFT"}],"circlet_count":0,"master_deck":["Strike_S","Strike_S","Defend_S","Defend_S","Defend_S","KidneyShot+1","Exchange","InstantArmor+1","Starlight","BottledTime","Snipe","Initiator+1","Contraction","Duplication","SoulSculpture","BestPractice+1","RealityMarble+1","SurpressingFire+1","Orbit","Comet","Alleviate+1","ForgedInTime","SoulSculpture","Defy","TheWorld+1","BottledTime"],"relics":["Uniform","Thread and Needle","Tiny Chest","Girya","Pear","Mango","Philosopher\u0027s Stone","Orrery","Oddly Smooth Stone","HollowMod:LifeEnderRelic","Frozen Egg 2","Black Star","InkBottle","Kunai","Pantograph","HollowMod:StagPassRelic","Sundial","Centennial Puzzle","Darkstone Periapt"],"acts_visited":["Exordium","TheCity","TheBeyond"],"potions_floor_usage":[46],"damage_taken":[{"damage":2.0,"enemies":"2 Louse","floor":1.0,"turns":3.0},{"damage":0.0,"enemies":"Cultist","floor":3.0,"turns":3.0},{"damage":0.0,"enemies":"Small Slimes","floor":5.0,"turns":3.0},{"damage":5.0,"enemies":"Gremlin Nob","floor":6.0,"turns":5.0},{"damage":11.0,"enemies":"Lagavulin","floor":8.0,"turns":10.0},{"damage":0.0,"enemies":"Looter","floor":10.0,"turns":2.0},{"damage":0.0,"enemies":"Exordium Wildlife","floor":11.0,"turns":3.0},{"damage":0.0,"enemies":"Gremlin Nob","floor":12.0,"turns":3.0},{"damage":0.0,"enemies":"3 Louse","floor":13.0,"turns":2.0},{"damage":0.0,"enemies":"Blue Slaver","floor":14.0,"turns":4.0},{"damage":7.0,"enemies":"The Guardian","floor":16.0,"turns":12.0},{"damage":0.0,"enemies":"Spheric Guardian","floor":18.0,"turns":3.0},{"damage":0.0,"enemies":"2 Thieves","floor":20.0,"turns":1.0},{"damage":7.0,"enemies":"Book of Stabbing","floor":27.0,"turns":3.0},{"damage":0.0,"enemies":"Sentry and Sphere","floor":28.0,"turns":4.0},{"damage":10.0,"enemies":"Shelled Parasite and Fungi","floor":31.0,"turns":3.0},{"damage":0.0,"enemies":"Collector","floor":33.0,"turns":7.0},{"damage":13.0,"enemies":"3 Shapes","floor":35.0,"turns":3.0},{"damage":15.0,"enemies":"3 Darklings","floor":39.0,"turns":4.0},{"damage":42.0,"enemies":"Reptomancer","floor":41.0,"turns":6.0},{"damage":0,"enemies":"Spire Growth","floor":42,"turns":6},{"damage":0,"enemies":"Giant Head","floor":46,"turns":9},{"damage":0,"enemies":"4 Shapes","floor":48,"turns":6},{"damage":49,"enemies":"Awakened One","floor":50,"turns":16}],"seed_played":"266352554215272235","potions_obtained":[{"floor":1.0,"key":"SmokeBomb"},{"floor":5.0,"key":"ColorlessPotion"},{"floor":10.0,"key":"Ancient Potion"},{"floor":11.0,"key":"FearPotion"},{"floor":14.0,"key":"Swift Potion"},{"floor":18.0,"key":"EntropicBrew"},{"floor":31.0,"key":"Strength Potion"},{"floor":33.0,"key":"ColorlessPotion"},{"floor":39.0,"key":"Fire Potion"},{"floor":41.0,"key":"AttackPotion"},{"floor":46,"key":"SpeedPotion"}],"is_trial":false,"path_per_floor":["M","?","M","$","M","E","R","E","T","M","M","E","M","M","R","B",null,"M","$","M","?","?","R","T","R","T","E","M","?","$","M","R","B",null,"M","T","?","?","M","T","E","M","T","$","R","E","?","M","R","B",null],"character_chosen":"THE_SERVANT","items_purchased":["Orrery","Oddly Smooth Stone","TheWorld"],"campfire_rested":1,"item_purchase_floors":[19,19,44],"current_hp_per_floor":[57,57,57,57,57,52,52,41,51,51,51,65,65,65,65,58,83,83,83,83,83,83,83,83,83,83,76,76,76,76,66,66,66,83,70,70,70,70,55,55,13,13,13,13,37,37,73,73,73,24],"gold":89,"neow_bonus":"ONE_RARE_RELIC","is_daily":false,"chose_seed":false,"campfire_upgraded":4,"win_rate":0.0,"timestamp":1608990023,"path_taken":["M","?","M","$","M","E","R","E","T","M","M","E","M","?","R","BOSS","M","$","M","?","?","R","?","R","T","E","?","?","?","M","R","BOSS","M","?","?","?","?","?","E","M","T","$","R","E","?","M","R","BOSS"],"items_purchased_type":["Relic","Relic","Card"],"build_version":"2020-12-22","purchased_purges":2,"victory":true,"max_hp_per_floor":[59,59,59,59,59,59,59,59,69,69,69,83,83,83,83,83,83,83,83,83,83,83,83,83,83,83,83,83,83,83,83,83,83,83,83,83,83,83,83,83,83,83,83,83,83,83,73,73,73,73],"card_choices":[{"not_picked":["Collapse","Potential"],"picked":"InstantArmor","floor":1.0},{"not_picked":["RealityMarble","ShiftingGears"],"picked":"Starlight","floor":3.0},{"not_picked":["TimeTheft","Shuttle","Replace"],"picked":"SKIP","floor":5.0},{"not_picked":["ReturningBlade","ShatteredReality","RealityMarble"],"picked":"SKIP","floor":6.0},{"not_picked":["Read","TimeWarp","Revamp"],"picked":"SKIP","floor":8.0},{"not_picked":["PendulumOfEternity","Rewind"],"picked":"BottledTime","floor":10.0},{"not_picked":["Alleviate","Defy"],"picked":"Snipe","floor":11.0},{"not_picked":["Unruled","TimeWarp"],"picked":"Initiator","floor":12.0},{"not_picked":["StarChef","BottledTime"],"picked":"Contraction","floor":13.0},{"not_picked":["Potential","Defy"],"picked":"Duplication","floor":14.0},{"not_picked":["FlawlessForm","LightFlow"],"picked":"SoulSculpture","floor":16.0},{"not_picked":["ShatteredReality","StarChef"],"picked":"BestPractice","floor":18.0},{"not_picked":["TimeWarp","Rewind"],"picked":"RealityMarble+1","floor":19.0},{"not_picked":["SpecialFormula","GearUp+1"],"picked":"SurpressingFire+1","floor":19.0},{"not_picked":["Replace","FastForward"],"picked":"Comet","floor":27.0},{"not_picked":["Desolation","DualDimension+1","Replace"],"picked":"SKIP","floor":28.0},{"not_picked":["Misdirection","Solidify"],"picked":"Alleviate","floor":31.0},{"not_picked":["FloweringNight+1","PendulumOfEternity"],"picked":"ForgedInTime","floor":33.0},{"not_picked":["FastForward","Starlight","InstantArmor+1"],"picked":"SKIP","floor":35.0},{"not_picked":["StarChef+1","Reset+1"],"picked":"Defy","floor":39.0},{"not_picked":["DualDimension+1","Unruled","SpecialFormula"],"picked":"SKIP","floor":41.0},{"not_picked":["InstantArmor+1","Starlight","Defy"],"picked":"SKIP","floor":42},{"not_picked":["DoubleEdge","Shuttle"],"picked":"BottledTime","floor":46},{"not_picked":["ShiftingGears","Duplication","Alleviate+1"],"picked":"SKIP","floor":48}],"player_experience":270565,"relics_obtained":[{"floor":6.0,"key":"Tiny Chest"},{"floor":8.0,"key":"Girya"},{"floor":9.0,"key":"Pear"},{"floor":12.0,"key":"Mango"},{"floor":26.0,"key":"HollowMod:LifeEnderRelic"},{"floor":27.0,"key":"Frozen Egg 2"},{"floor":36.0,"key":"InkBottle"},{"floor":40.0,"key":"Kunai"},{"floor":41.0,"key":"Pantograph"},{"floor":41.0,"key":"HollowMod:StagPassRelic"},{"floor":43,"key":"Sundial"},{"floor":46,"key":"Centennial Puzzle"},{"floor":46,"key":"Darkstone Periapt"}],"event_choices":[{"damage_healed":0.0,"max_hp_gain":0.0,"max_hp_loss":0.0,"gold_gain":0.0,"event_name":"Upgrade Shrine","player_choice":"Upgraded","floor":2.0,"gold_loss":0.0,"damage_taken":0.0,"cards_upgraded":["InstantArmor"]},{"damage_healed":0.0,"max_hp_gain":0.0,"max_hp_loss":0.0,"gold_gain":0.0,"event_name":"Masked Bandits","player_choice":"Paid Fearfully","floor":21.0,"gold_loss":38.0,"damage_taken":0.0},{"damage_healed":0.0,"max_hp_gain":0.0,"max_hp_loss":0.0,"gold_gain":0.0,"event_name":"The Library","player_choice":"Read","floor":22.0,"gold_loss":0.0,"damage_taken":0.0,"cards_obtained":["Orbit"]},{"cards_removed":["Strike_S"],"damage_healed":0.0,"max_hp_gain":0.0,"max_hp_loss":0.0,"gold_gain":0.0,"event_name":"Back to Basics","player_choice":"Elegance","floor":29.0,"gold_loss":0.0,"damage_taken":0.0},{"damage_healed":0.0,"max_hp_gain":0.0,"max_hp_loss":0.0,"gold_gain":0.0,"event_name":"Tomb of Lord Red Mask","player_choice":"Ignored","floor":37.0,"gold_loss":0.0,"damage_taken":0.0},{"damage_healed":0.0,"max_hp_gain":0.0,"max_hp_loss":0.0,"gold_gain":0.0,"event_name":"Duplicator","player_choice":"Copied","floor":38.0,"gold_loss":0.0,"damage_taken":0.0,"cards_obtained":["SoulSculpture"]},{"damage_healed":73,"gold_gain":0,"player_choice":"Heal","damage_taken":0,"max_hp_gain":0,"max_hp_loss":10,"event_name":"The Moai Head","floor":47,"gold_loss":0}],"is_beta":false,"boss_relics":[{"not_picked":["Astrolabe","SacredBark"],"picked":"Philosopher\u0027s Stone"},{"not_picked":["Runic Pyramid","MysterySword"],"picked":"Black Star"}],"items_purged_floors":[4,44],"is_endless":false,"potions_floor_spawned":[1,5,10,11,14,18,20,31,33,39,41,46],"ascension_level":2}}