{"host":"52ffv6k934cb8aj3","time":1608983254,"event":{"mods":["AchievementEnabler","BaseMod","Bestiary","Colored Map","Colored Powertips","DeckTracker","Highlight Path","Keyboard Shortcuts","Minty Spire (QoL Compilation)","Rare Cards Sparkle","Relic Sorter"],"gold_per_floor":[117,117,132,132,152,187,187,218,218,218,235,270,270,290,290,290,290],"floor_reached":16,"playtime":614,"items_purged":[],"score":150,"play_id":"f07f6efd-2209-4432-8f63-877a115c2a22","local_time":"20201226054734","is_ascension_mode":true,"campfire_choices":[{"floor":7,"key":"REST"},{"data":"Echo Form","floor":10,"key":"SMITH"},{"floor":15,"key":"REST"}],"circlet_count":0,"master_deck":["Strike_B","Defend_B","Defend_B","Defend_B","Zap","Dualcast","Hologram","Leap","Go for the Eyes","Echo Form+1","Cold Snap","Redo","Skim","Steam"],"relics":["Cracked Core","Frozen Egg 2","Dead Branch","Emotion Chip","Bag of Marbles"],"acts_visited":["Exordium"],"potions_floor_usage":[6],"damage_taken":[{"damage":0.0,"enemies":"Small Slimes","floor":1.0,"turns":3.0},{"damage":3,"enemies":"2 Louse","floor":3,"turns":3},{"damage":3,"enemies":"Jaw Worm","floor":5,"turns":3},{"damage":30,"enemies":"Gremlin Nob","floor":6,"turns":6},{"damage":1,"enemies":"Lagavulin","floor":8,"turns":8},{"damage":14,"enemies":"Red Slaver","floor":11,"turns":4},{"damage":18,"enemies":"3 Sentries","floor":12,"turns":9},{"damage":5,"enemies":"3 Louse","floor":14,"turns":3},{"damage":29,"enemies":"Hexaghost","floor":16,"turns":11}],"seed_played":"6287026264357151604","potions_obtained":[{"floor":3,"key":"Weak Potion"},{"floor":11,"key":"EssenceOfDarkness"}],"is_trial":false,"path_per_floor":["M","?","M","?","M","E","R","E","T","R","M","E","?","M","R","B"],"character_chosen":"DEFECT","items_purchased":[],"campfire_rested":2,"item_purchase_floors":[],"current_hp_per_floor":[68,61,58,58,55,25,45,44,44,44,30,12,12,7,27,0,0],"gold":290,"neow_bonus":"REMOVE_TWO","is_daily":false,"chose_seed":false,"campfire_upgraded":1,"win_rate":0.0,"timestamp":1608983254,"path_taken":["M","?","M","?","M","E","R","E","T","R","M","E","?","M","R","BOSS"],"items_purchased_type":[],"build_version":"2020-12-22","purchased_purges":0,"victory":false,"max_hp_per_floor":[68,68,68,68,68,68,68,68,68,68,68,68,68,68,68,68,68],"card_choices":[{"not_picked":["Stack","Coolheaded"],"picked":"Hologram","floor":1.0},{"not_picked":["Melter","Tempest"],"picked":"Leap","floor":3},{"not_picked":["Coolheaded","Reinforced Body"],"picked":"Echo Form","floor":5},{"not_picked":["Sweeping Beam","Double Energy"],"picked":"Cold Snap","floor":6},{"not_picked":["Cold Snap","Blizzard"],"picked":"Redo","floor":8},{"not_picked":["Rip and Tear","Cold Snap","Leap"],"picked":"SKIP","floor":11},{"not_picked":["Reprogram","FTL"],"picked":"Skim","floor":12},{"not_picked":["Double Energy","Redo"],"picked":"Steam","floor":14}],"player_experience":596452,"relics_obtained":[{"floor":6,"key":"Frozen Egg 2"},{"floor":8,"key":"Dead Branch"},{"floor":9,"key":"Emotion Chip"},{"floor":12,"key":"Bag of Marbles"}],"event_choices":[{"cards_removed":["Strike_B"],"damage_healed":0.0,"max_hp_gain":0.0,"max_hp_loss":0.0,"gold_gain":0.0,"event_name":"Golden Wing","player_choice":"Card Removal","floor":2.0,"gold_loss":0.0,"damage_taken":7.0},{"damage_healed":0,"gold_gain":0,"cards_transformed":["Defend_B"],"player_choice":"Change","damage_taken":0,"max_hp_gain":0,"max_hp_loss":0,"event_name":"Living Wall","floor":4,"gold_loss":0,"cards_obtained":["Go for the Eyes"]},{"damage_healed":0,"gold_gain":0,"player_choice":"Ignored","damage_taken":0,"max_hp_gain":0,"max_hp_loss":0,"event_name":"Shining Light","floor":13,"gold_loss":0}],"is_beta":false,"boss_relics":[],"items_purged_floors":[],"is_endless":false,"potions_floor_spawned":[3,11],"killed_by":"Hexaghost","ascension_level":5}}