{"host":"z9grmtg2w0nmz8n1","time":1608965951,"event":{"mods":["Aspiration","Bard","BaseMod","Beaked The Cultist","Better Altar","Better Match","Better Note","Better Sensory Stone","Better Skull","Better Third Choice","BetterRewards","CCEM","Colored Map","Conspire","Downfall","GifTheSpireLib","Googly Eyes","Halation","Hermit","Highlight Path","Hubris","Hunter ??","Jedi Mod","Jorbs\u0027s Wanderer Trilogy","Mad Scientist","Marisa????????","Minty Spire (QoL Compilation)","Permanent Neow","Replay The Spire","Shade Mod","Shop Mod","Spicy Shops","StSLib","Stuff the Spire","The Bug Knight","The Construct","The Necromancer","The Runesmith","The Witch"],"gold_per_floor":[115,209,209,209,236,236,253,274,346,371,407,485,529,553,553,662,662,688,707,233,260,287,287,337,337,361,204,204,204,232,262,262,382,382,423,15,38,78,78,136,174,221,221,264,264,317,367,431,431,447,447],"floor_reached":50,"playtime":3045,"items_purged":["Decay","Voices"],"score":878,"play_id":"b6552f4d-84ae-4dfd-85b8-22d285f5ebb0","local_time":"20201226045911","is_ascension_mode":true,"campfire_choices":[{"floor":6,"key":"RECALL"},{"floor":15,"key":"REST"},{"data":"Apotheosis","floor":23,"key":"SMITH"},{"floor":29,"key":"REST"},{"data":"Runesmith:Firestorm","floor":32,"key":"SMITH"},{"data":"Runesmith:GoWithTheFlow","floor":45,"key":"SMITH"},{"floor":49,"key":"REST"}],"circlet_count":0,"master_deck":["Runesmith:Defend_RS","Runesmith:Defend_RS","Runesmith:Defend_RS","Runesmith:CraftFirestone","Runesmith:Fortify","Runesmith:CraftMagma+1","Runesmith:Firestorm+1","Dramatic Entrance+1","Runesmith:RuneHurl","Runesmith:EarthShield+1","Runesmith:Attraction","Runesmith:FissionHammer+1","Runesmith:PoweredAnvil","Apotheosis+1","Runesmith:ChaoticBlast","Runesmith:GoWithTheFlow+1","Runesmith:Grindstone+1","Runesmith:RunicBlueprint+1","Runesmith:CraftMagma","Runesmith:FissionHammer","Runesmith:Firestorm+1"],"relics":["Runesmith:BrokenRuby","Replay:Bandana","Akabeko","CCEMRelics:Sandal","jedi:crownofsimplicity","Replay:Grab Bag","conspire:RoyalGoblet","jedi:paperlyon","Kintsugi","beaked:SacredDeck","Bag of Preparation","War Paint","Pondfish Scales","halation:PrussianBluePaint","CCEMRelics:BiPhaseBiplane","aspiration:Stabinomicon","Replay:Bronze Core","Guide Book","CCEMRelics:WrappedPresent","Replay:Towering Pillar of Hats","CCEMRelics:FestiveHat","conspire:Boomerang","aspiration:HiddenCompartment","Replay:Rubber Ducky","CCEMRelics:Barrel","Torii","Question Card"],"acts_visited":["Exordium","TheCity","TheBeyond"],"potions_floor_usage":[16,16,16,24,40,42,47,48,48],"damage_taken":[{"damage":0,"enemies":"2 Louse","floor":1,"turns":3},{"damage":0,"enemies":"Small Slimes","floor":5,"turns":4},{"damage":0,"enemies":"Cultist","floor":7,"turns":4},{"damage":3,"enemies":"Exordium Wildlife","floor":8,"turns":3},{"damage":1,"enemies":"2 Fungi Beasts","floor":10,"turns":3},{"damage":10,"enemies":"Lagavulin","floor":11,"turns":6},{"damage":26,"enemies":"Gremlin Nob","floor":13,"turns":4},{"damage":0,"enemies":"Looter","floor":14,"turns":2},{"damage":17,"enemies":"The Guardian","floor":16,"turns":7},{"damage":22,"enemies":"2 Thieves","floor":18,"turns":2},{"damage":11,"enemies":"Chosen","floor":19,"turns":6},{"damage":0,"enemies":"3 Cultists","floor":21,"turns":4},{"damage":0,"enemies":"Chosen and Byrds","floor":22,"turns":4},{"damage":10,"enemies":"Slavers","floor":24,"turns":3},{"damage":0,"enemies":"Shelled Parasite and Fungi","floor":30,"turns":3},{"damage":0,"enemies":"Book of Stabbing","floor":31,"turns":4},{"damage":0,"enemies":"Automaton","floor":33,"turns":8},{"damage":0,"enemies":"3 Shapes","floor":35,"turns":2},{"damage":0,"enemies":"Orb Walker","floor":37,"turns":4},{"damage":0,"enemies":"3 Darklings","floor":38,"turns":3},{"damage":0,"enemies":"Reptomancer","floor":40,"turns":4},{"damage":0,"enemies":"Transient","floor":41,"turns":5},{"damage":40,"enemies":"Nemesis","floor":42,"turns":5},{"damage":1,"enemies":"Giant Head","floor":44,"turns":8},{"damage":7,"enemies":"Nemesis","floor":46,"turns":5},{"damage":10,"enemies":"conspire:MimicChest","floor":47,"turns":4},{"damage":0,"enemies":"Reptomancer","floor":48,"turns":4},{"damage":38,"enemies":"Time Eater","floor":50,"turns":5}],"seed_played":"517792992438561646","potions_obtained":[{"floor":11,"key":"AttackPotion"},{"floor":13,"key":"conspire:TimeTravelPotion"},{"floor":14,"key":"Strength Potion"},{"floor":16,"key":"Elixir"},{"floor":18,"key":"Block Potion"},{"floor":30,"key":"Block Potion"},{"floor":37,"key":"PowerPotion"},{"floor":40,"key":"jedi:tentaclejuice"},{"floor":44,"key":"sneckomod:MuddlingPotion"},{"floor":47,"key":"Elixir"}],"is_trial":false,"path_per_floor":["M","?","?","?","M","R","M","M","T","M","E","T","E","M","R","B",null,"M","M","$","M","M","R","E","?","T","$","?","R","M","E","R","B",null,"M","$","M","M","?","E","M","E","T","E","R","E","?","E","R","B"],"character_chosen":"RUNESMITH_CLASS","items_purchased":["Bag of Preparation","War Paint","Runesmith:GoWithTheFlow","CCEMRelics:BiPhaseBiplane","Guide Book","CCEMRelics:WrappedPresent"],"campfire_rested":3,"item_purchase_floors":[20,20,20,27,36,36],"current_hp_per_floor":[70,53,53,53,53,53,53,50,50,49,39,39,13,13,34,31,70,48,37,37,37,37,37,27,27,27,27,27,48,48,48,48,48,70,70,75,75,75,75,75,75,35,35,34,34,27,17,17,39,1,1],"gold":447,"neow_bonus":"THREE_CARDS","is_daily":false,"chose_seed":false,"campfire_upgraded":3,"win_rate":0.0,"timestamp":1608965951,"path_taken":["M","?","?","?","M","R","M","M","T","?","E","?","E","M","R","BOSS","M","M","$","M","M","R","E","?","T","$","?","R","M","E","R","BOSS","M","$","M","M","?","E","?","E","T","E","R","E","?","E","R","BOSS"],"items_purchased_type":["Relic","Relic","Card","Relic","Relic","Relic"],"build_version":"2020-12-22","purchased_purges":2,"victory":false,"max_hp_per_floor":[70,70,70,70,70,70,70,70,70,70,70,70,70,70,70,70,70,70,70,70,70,70,70,70,70,70,70,70,70,70,70,70,70,70,70,75,75,75,75,75,75,75,75,75,75,75,75,75,75,75,75],"card_choices":[{"not_picked":["Runesmith:HammerThrow","Runesmith:ChiselStab"],"picked":"Runesmith:CraftMagma","floor":1},{"not_picked":["Runesmith:ShiftingStrike","Runesmith:ArcReactor"],"picked":"Runesmith:Firestorm","floor":2},{"not_picked":["jedi:cleanse","Enlightenment"],"picked":"Dramatic Entrance","floor":3},{"not_picked":["Runesmith:PerfectChisel","Runesmith:EnergizedChisel","Runesmith:UnstableHammer"],"picked":"SKIP","floor":5},{"not_picked":["Runesmith:Malloc","Runesmith:Electrocute"],"picked":"Runesmith:RuneHurl","floor":7},{"not_picked":["Runesmith:HeatedChisel","Runesmith:ChiselStab"],"picked":"Runesmith:EarthShield","floor":8},{"not_picked":["Runesmith:CraftPrismatica","Runesmith:CraftProtectio"],"picked":"Runesmith:Attraction","floor":10},{"not_picked":["Runesmith:Repurpose","Runesmith:MakeshiftArmor"],"picked":"Runesmith:FissionHammer","floor":11},{"not_picked":["Runesmith:HammerThrow","Runesmith:UnstableHammer"],"picked":"Runesmith:PoweredAnvil","floor":13},{"not_picked":["Runesmith:ElementalConversion","Runesmith:BackupBattery","Runesmith:MakeshiftArmor"],"picked":"SKIP","floor":14},{"not_picked":["Runesmith:CraftVitae","Runesmith:EnergizedChisel"],"picked":"Runesmith:ChaoticBlast","floor":18},{"not_picked":["Runesmith:CraftVitae","Runesmith:Overpower","Runesmith:BackupBattery"],"picked":"SKIP","floor":19},{"not_picked":["Runesmith:Malloc","Runesmith:CraftObretio","Runesmith:Grindstone+1"],"picked":"SKIP","floor":21},{"not_picked":["Runesmith:Malloc","Runesmith:CraftObretio"],"picked":"Runesmith:Grindstone+1","floor":21},{"not_picked":["Runesmith:BackupBattery","Runesmith:RuneHurl+1","Runesmith:HammerAndChisel"],"picked":"SKIP","floor":22},{"not_picked":["Runesmith:Grindstone+1","Runesmith:ElementalConversion","Runesmith:CraftSpiculum"],"picked":"SKIP","floor":24},{"not_picked":["Runesmith:Overpower+1","Runesmith:Augment+1","Runesmith:ChaoticBlast"],"picked":"SKIP","floor":30},{"not_picked":["Runesmith:ChargedHammer","Runesmith:Repurpose"],"picked":"Runesmith:RunicBlueprint","floor":31},{"not_picked":["Runesmith:EnergizedChisel+1","Runesmith:HammerThrow+1","Runesmith:CraftSpiculum"],"picked":"SKIP","floor":35},{"not_picked":["Runesmith:CraftProtectio+1","Runesmith:HeatedChisel+1","Runesmith:RuneHurl+1"],"picked":"SKIP","floor":37},{"not_picked":["Runesmith:Repurpose+1","Runesmith:GoWithTheFlow"],"picked":"Runesmith:CraftMagma","floor":38},{"not_picked":["Runesmith:RuneHurl+1","Runesmith:HeatedChisel+1"],"picked":"Runesmith:FissionHammer","floor":40},{"not_picked":["Runesmith:EarthShield+1","Runesmith:Grindstone+1"],"picked":"Runesmith:Firestorm+1","floor":41},{"not_picked":["expansioncontent:DonusPower+1","Master of Strategy+1","expansioncontent:Flail+1"],"picked":"SKIP","floor":41},{"not_picked":["hubris:Insight+1","expansioncontent:GoopSpray+1","Metamorphosis+1"],"picked":"SKIP","floor":42},{"not_picked":["Runesmith:NanitesCloud+1","Runesmith:EarthShield+1","Runesmith:Overpower+1"],"picked":"SKIP","floor":42},{"not_picked":["Blind+1","expansioncontent:DefensiveMode+1","Secret Technique+1"],"picked":"SKIP","floor":44},{"not_picked":["Runesmith:ShiftingStrike+1","Runesmith:Repurpose+1","Runesmith:MakeshiftArmor+1"],"picked":"SKIP","floor":44},{"not_picked":["Runesmith:Grindstone+1","Runesmith:UnstableHammer+1","Runesmith:RuneHurl+1"],"picked":"SKIP","floor":46},{"not_picked":["Runesmith:Firestorm+1","Runesmith:HeatExchange+1","Runesmith:BackupBattery"],"picked":"SKIP","floor":48}],"player_experience":716709,"relics_obtained":[{"floor":2,"key":"Replay:Bandana"},{"floor":11,"key":"Akabeko"},{"floor":12,"key":"CCEMRelics:Sandal"},{"floor":13,"key":"jedi:crownofsimplicity"},{"floor":24,"key":"Pondfish Scales"},{"floor":26,"key":"halation:PrussianBluePaint"},{"floor":31,"key":"aspiration:Stabinomicon"},{"floor":36,"key":"Replay:Towering Pillar of Hats"},{"floor":40,"key":"CCEMRelics:FestiveHat"},{"floor":42,"key":"conspire:Boomerang"},{"floor":43,"key":"aspiration:HiddenCompartment"},{"floor":44,"key":"Replay:Rubber Ducky"},{"floor":46,"key":"CCEMRelics:Barrel"},{"floor":47,"key":"Torii"},{"floor":48,"key":"Question Card"}],"event_choices":[{"damage_healed":0,"gold_gain":1,"player_choice":"1","damage_taken":0,"max_hp_gain":0,"max_hp_loss":0,"event_name":"betterStone:BetterStone","floor":3,"gold_loss":0},{"damage_healed":0,"gold_gain":0,"player_choice":"Bought 0 Potions","damage_taken":0,"max_hp_gain":0,"max_hp_loss":0,"event_name":"The Woman in Blue","floor":4,"gold_loss":0},{"damage_healed":0,"gold_gain":0,"player_choice":"Forge","damage_taken":0,"max_hp_gain":0,"max_hp_loss":0,"event_name":"Accursed Blacksmith","floor":39,"gold_loss":0,"cards_upgraded":["Runesmith:RunicBlueprint"]}],"is_beta":false,"boss_relics":[{"not_picked":["StuffTheSpire:Kangaroo","Abe\u0027s Treasure"],"picked":"Replay:Grab Bag"},{"not_picked":["Fusion Hammer","Runic Dome"],"picked":"conspire:RoyalGoblet"},{"not_picked":["hubris:VirtuousBlindfold","StuffTheSpire:RunicConfusion"],"picked":"jedi:paperlyon"},{"not_picked":["halation:MonkeysPaw","construct:WeddingRing"],"picked":"Kintsugi"},{"not_picked":["Astrolabe","halation:LoveArrow"],"picked":"beaked:SacredDeck"},{"not_picked":["halation:Yufonium","halation:CatFaceCupcake"],"picked":"Replay:Bronze Core"}],"items_purged_floors":[20,20],"is_endless":false,"potions_floor_spawned":[11,13,14,16,18,30,37,40,41,44,47],"killed_by":"Time Eater","ascension_level":1}}