{"host":"2lrkmsuh7nz013qb","time":1608968986,"event":{"mods":["BaseMod","Colored Map","DeckTracker","Minty Spire (QoL Compilation)","SuperFastMode","everything is the same but u backflip on backflip"],"gold_per_floor":[112,38,117,135,148,174,174,204,204,237,254,254,354,369,369,466,466,477,477,489,509,529,556,566,566,566,566,579,579,119,119,119],"floor_reached":31,"playtime":837,"items_purged":["Shame"],"score":402,"play_id":"d6f8b981-b984-4680-9148-a3955e0cc4cf","local_time":"20201226164946","is_ascension_mode":true,"campfire_choices":[{"data":"Dualcast","floor":7,"key":"SMITH"},{"data":"FTL","floor":12,"key":"SMITH"},{"data":"Lockon","floor":15,"key":"SMITH"},{"floor":25,"key":"REST"},{"data":"Defragment","floor":29,"key":"SMITH"}],"circlet_count":0,"master_deck":["Strike_B","Strike_B","Strike_B","Strike_B","Defend_B","Defend_B","Defend_B","Defend_B","Zap","Dualcast+1","FTL+1","Doom and Gloom","Coolheaded","Ball Lightning","Streamline","Core Surge","Turbo","Lockon+1","Cold Snap","Blizzard","Capacitor","Defragment+1","Cold Snap","Chill","Blizzard","Static Discharge","Heatsinks","Electrodynamics","Defragment","Self Repair"],"relics":["Cracked Core","NeowsBlessing","Du-Vu Doll","Bird Faced Urn","Torii","Bag of Preparation","Cursed Key","Strawberry","The Courier"],"acts_visited":["Exordium","TheCity"],"potions_floor_usage":[8,16,18,23,23,31,31],"damage_taken":[{"damage":0,"enemies":"Jaw Worm","floor":1,"turns":1},{"damage":0,"enemies":"Cultist","floor":4,"turns":1},{"damage":0,"enemies":"2 Louse","floor":5,"turns":1},{"damage":33,"enemies":"Gremlin Nob","floor":6,"turns":4},{"damage":13,"enemies":"Lagavulin","floor":8,"turns":6},{"damage":1,"enemies":"Gremlin Nob","floor":10,"turns":3},{"damage":1,"enemies":"2 Fungi Beasts","floor":11,"turns":3},{"damage":0,"enemies":"Large Slime","floor":14,"turns":2},{"damage":33,"enemies":"The Guardian","floor":16,"turns":8},{"damage":17,"enemies":"2 Thieves","floor":18,"turns":2},{"damage":5,"enemies":"3 Byrds","floor":20,"turns":4},{"damage":17,"enemies":"Snake Plant","floor":21,"turns":4},{"damage":9,"enemies":"Snecko","floor":22,"turns":4},{"damage":9,"enemies":"Slavers","floor":23,"turns":3},{"damage":11,"enemies":"Centurion and Healer","floor":24,"turns":8},{"damage":24,"enemies":"3 Cultists","floor":28,"turns":6},{"damage":18,"enemies":"Snake Plant","floor":31,"turns":3}],"seed_played":"-5672766574182812974","potions_obtained":[{"floor":1,"key":"Block Potion"},{"floor":6,"key":"FairyPotion"},{"floor":8,"key":"AttackPotion"},{"floor":11,"key":"SteroidPotion"},{"floor":18,"key":"AttackPotion"},{"floor":21,"key":"Dexterity Potion"},{"floor":23,"key":"LiquidMemories"},{"floor":28,"key":"Fire Potion"}],"is_trial":false,"path_per_floor":["M","$","?","M","M","E","R","E","T","E","M","R","?","M","R","B",null,"M","?","M","M","M","E","M","R","T","?","M","R","$","M"],"character_chosen":"DEFECT","items_purchased":["Doom and Gloom","Blizzard","Static Discharge","Heatsinks","Electrodynamics","Defragment","Self Repair"],"campfire_rested":1,"item_purchase_floors":[2,30,30,30,30,30,30],"current_hp_per_floor":[68,68,68,68,68,35,35,22,22,21,20,20,20,20,20,12,59,42,42,37,22,17,17,10,34,34,34,14,14,14,0,0],"gold":119,"neow_bonus":"THREE_ENEMY_KILL","is_daily":false,"chose_seed":false,"campfire_upgraded":4,"win_rate":0.0,"timestamp":1608968986,"path_taken":["M","$","?","M","M","E","R","E","T","E","M","R","?","?","R","BOSS","M","?","M","M","M","E","M","R","T","?","M","R","$","M"],"items_purchased_type":["Card","Card","Card","Card","Card","Card","Card"],"build_version":"2020-12-22","purchased_purges":1,"victory":false,"max_hp_per_floor":[75,75,75,75,75,75,75,75,75,75,75,75,75,75,75,75,75,75,75,75,75,75,82,82,82,82,82,82,82,82,82,82],"card_choices":[{"not_picked":["Compile Driver","Reinforced Body"],"picked":"FTL","floor":1},{"not_picked":["Skim","Reinforced Body"],"picked":"Coolheaded","floor":4},{"not_picked":["Undo","Barrage","Leap"],"picked":"SKIP","floor":5},{"not_picked":["Amplify","Leap"],"picked":"Ball Lightning","floor":6},{"not_picked":["Redo","Compile Driver"],"picked":"Streamline","floor":8},{"not_picked":["Steam","Cold Snap"],"picked":"Core Surge","floor":10},{"not_picked":["Redo","Leap"],"picked":"Turbo","floor":11},{"not_picked":["Leap","Hologram"],"picked":"Lockon","floor":14},{"not_picked":["Turbo","Double Energy"],"picked":"Cold Snap","floor":18},{"not_picked":["Sunder","Lockon"],"picked":"Capacitor","floor":20},{"not_picked":["Blizzard+1","Turbo+1"],"picked":"Defragment","floor":21},{"not_picked":["Sweeping Beam","Redo","Force Field"],"picked":"SKIP","floor":22},{"not_picked":["Tempest","Barrage","All For One"],"picked":"SKIP","floor":23},{"not_picked":["Compile Driver","Leap"],"picked":"Cold Snap","floor":24},{"not_picked":["Aggregate","Rebound"],"picked":"Chill","floor":28}],"player_experience":698379,"relics_obtained":[{"floor":6,"key":"Du-Vu Doll"},{"floor":8,"key":"Bird Faced Urn"},{"floor":9,"key":"Torii"},{"floor":10,"key":"Bag of Preparation"},{"floor":23,"key":"Strawberry"},{"floor":26,"key":"The Courier"}],"event_choices":[{"damage_healed":0,"gold_gain":79,"player_choice":"Gained Gold","damage_taken":0,"max_hp_gain":0,"max_hp_loss":0,"event_name":"Golden Wing","floor":3,"gold_loss":0},{"damage_healed":0,"gold_gain":100,"player_choice":"Pray","damage_taken":0,"max_hp_gain":0,"max_hp_loss":0,"event_name":"Golden Shrine","floor":13,"gold_loss":0},{"damage_healed":0,"gold_gain":0,"player_choice":"Read","damage_taken":0,"max_hp_gain":0,"max_hp_loss":0,"event_name":"The Library","floor":19,"gold_loss":0,"cards_obtained":["Blizzard"]},{"damage_healed":0,"gold_gain":0,"player_choice":"Ignored","damage_taken":0,"max_hp_gain":0,"max_hp_loss":0,"event_name":"The Mausoleum","floor":27,"gold_loss":0}],"is_beta":false,"boss_relics":[{"not_picked":["Nuclear Battery","Astrolabe"],"picked":"Cursed Key"}],"items_purged_floors":[30],"is_endless":false,"potions_floor_spawned":[1,6,8,11,18,21,23,28],"killed_by":"Snake Plant","ascension_level":9}}