{"host":"1637j8siz7lzgd5k","time":1608987255,"event":{"mods":["BaseMod","Colored Map","Minty Spire (QoL Compilation)","StSLib","SuperFastMode"],"gold_per_floor":[110,110,128,147,158,193,193,193,193],"floor_reached":8,"playtime":70,"items_purged":[],"score":116,"play_id":"7904b6d2-9840-4f6c-b7e4-46de0de05486","local_time":"20201226215415","is_ascension_mode":true,"campfire_choices":[{"data":"Wild Strike","floor":7,"key":"SMITH"}],"circlet_count":0,"master_deck":["AscendersBane","Strike_R","Strike_R","Strike_R","Strike_R","Defend_R","Defend_R","Defend_R","Defend_R","Bash","Body Slam","Wild Strike+1","Disarm"],"relics":["Burning Blood","NeowsBlessing","Calipers"],"acts_visited":["Exordium"],"potions_floor_usage":[6],"damage_taken":[{"damage":0,"enemies":"Jaw Worm","floor":1,"turns":1},{"damage":0,"enemies":"Cultist","floor":3,"turns":1},{"damage":0,"enemies":"2 Louse","floor":4,"turns":1},{"damage":19,"enemies":"Blue Slaver","floor":5,"turns":4},{"damage":37,"enemies":"Gremlin Nob","floor":6,"turns":4},{"damage":5,"enemies":"3 Sentries","floor":8,"turns":2}],"seed_played":"-4182408002752894062","potions_obtained":[{"floor":3,"key":"AttackPotion"},{"floor":4,"key":"GamblersBrew"}],"is_trial":false,"path_per_floor":["M","?","M","M","M","E","R","E"],"character_chosen":"IRONCLAD","items_purchased":[],"campfire_rested":0,"item_purchase_floors":[],"current_hp_per_floor":[74,74,75,75,62,31,31,26,26],"gold":193,"neow_bonus":"THREE_ENEMY_KILL","is_daily":false,"chose_seed":false,"campfire_upgraded":1,"win_rate":0.0,"timestamp":1608987255,"path_taken":["M","?","?","?","M","E","R","E"],"items_purchased_type":[],"build_version":"2020-12-22","purchased_purges":0,"victory":false,"max_hp_per_floor":[75,75,75,75,75,75,75,75,75],"card_choices":[{"not_picked":["Shrug It Off","Iron Wave"],"picked":"Body Slam","floor":1},{"not_picked":["Armaments","Second Wind"],"picked":"Wild Strike","floor":3},{"not_picked":["Twin Strike","Cleave","Rampage"],"picked":"SKIP","floor":4},{"not_picked":["Juggernaut","Havoc","Iron Wave"],"picked":"SKIP","floor":5},{"not_picked":["Fire Breathing","Hemokinesis"],"picked":"Disarm","floor":6}],"player_experience":818687,"relics_obtained":[{"floor":6,"key":"Calipers"}],"event_choices":[{"cards_removed":["Strike_R"],"damage_healed":0,"gold_gain":0,"player_choice":"Purged","damage_taken":0,"max_hp_gain":0,"max_hp_loss":0,"event_name":"Purifier","floor":2,"gold_loss":0}],"is_beta":false,"boss_relics":[],"items_purged_floors":[],"is_endless":false,"potions_floor_spawned":[3,4],"killed_by":"3 Sentries","ascension_level":20}}