{"host":"7z3jc42jktneum1n","time":1608981014,"event":{"mods":["Arknights The Spire","BaseMod","Minty Spire (QoL Compilation)","Quick Restart","StSLib","UnlockEverythingMod"],"gold_per_floor":[103,119,119,133,9,28,61,61,12,39,39,50,125,150,163,163,264,264,281,206,206,421,431,457,556,556,581,601,612,612,630,640,640,640,640],"floor_reached":33,"playtime":2989,"items_purged":["ats:Strike V"],"score":327,"play_id":"fdde4366-47cd-45ac-87f1-db558453d245","local_time":"20201226201014","is_ascension_mode":false,"campfire_choices":[{"data":"ats:Blood Oath","floor":7,"key":"SMITH"},{"data":"ats:Assault Order","floor":10,"key":"SMITH"},{"floor":15,"key":"REST"},{"floor":25,"key":"REST"},{"floor":29,"key":"REST"},{"floor":32,"key":"REST"}],"circlet_count":0,"master_deck":["ats:Strike C","ats:Strike G+1","ats:Strike S+1","ats:Armor Crushing Shot","ats:Defend","ats:Defend","ats:Defend","ats:Defend","ats:Emotion Absorption","ats:Revitalization","ats:Hammer On","ats:Blood Oath+1","ats:Apocalypse","ats:Revitalization","ats:Song Of Battle","ats:Assault Order+1","ats:Leaping Hammer","ats:Poison Spread","ats:Closed Bolt Burst Fire","ats:Wolf Pack","ats:Poison Spread","Necronomicurse","ats:Very Hot Blade","ats:Ignite+1","ats:Sword Rain","ats:Ignite","ats:Ignite+1"],"relics":["ats:Sanity","NeowsBlessing","ats:Originium","Orichalcum","Whetstone","ats:Originium","ats:Military Tradition","Black Star","Necronomicon","Old Coin","ats:Originium","Dead Branch","Mango","ats:Hidden Killer","Pantograph"],"acts_visited":["Exordium","TheCity"],"potions_floor_usage":[23,28],"damage_taken":[{"damage":0,"enemies":"Small Slimes","floor":1,"turns":1},{"damage":0,"enemies":"Cultist","floor":3,"turns":1},{"damage":0,"enemies":"2 Louse","floor":5,"turns":1},{"damage":0,"enemies":"Gremlin Nob","floor":6,"turns":1},{"damage":37,"enemies":"Exordium Wildlife","floor":11,"turns":8},{"damage":36,"enemies":"Lagavulin","floor":13,"turns":7},{"damage":1,"enemies":"3 Louse","floor":14,"turns":2},{"damage":96,"enemies":"Hexaghost","floor":16,"turns":15},{"damage":23,"enemies":"3 Byrds","floor":18,"turns":8},{"damage":10,"enemies":"Shell Parasite","floor":22,"turns":5},{"damage":44,"enemies":"Book of Stabbing","floor":23,"turns":7},{"damage":45,"enemies":"Snake Plant","floor":27,"turns":5},{"damage":25,"enemies":"Snecko","floor":28,"turns":6},{"damage":0,"enemies":"Cultist and Chosen","floor":30,"turns":1},{"damage":33,"enemies":"Snake Plant","floor":31,"turns":5},{"damage":85,"enemies":"Automaton","floor":33,"turns":8}],"seed_played":"6899203782075906144","potions_obtained":[{"floor":2,"key":"GamblersBrew"},{"floor":2,"key":"Energy Potion"},{"floor":2,"key":"Explosive Potion"},{"floor":11,"key":"ats:Top Emergency Sanity Potion"},{"floor":28,"key":"LiquidBronze"}],"is_trial":false,"path_per_floor":["M","?","M","$","M","E","R","$","T","R","M","?","E","M","R","B",null,"M","$","?","?","M","E","?","R","T","M","M","R","M","M","R","B"],"character_chosen":"DOCTOR_CLASS","items_purchased":["ats:Blood Oath","ats:Apocalypse","ats:Assault Order"],"campfire_rested":4,"item_purchase_floors":[4,4,8],"current_hp_per_floor":[52,72,72,72,72,72,72,72,72,72,72,64,53,39,43,64,15,72,65,65,49,49,44,22,22,47,47,20,5,30,30,5,30,0,0],"gold":640,"neow_bonus":"THREE_ENEMY_KILL","is_daily":false,"chose_seed":false,"campfire_upgraded":2,"win_rate":0.0,"timestamp":1608981014,"path_taken":["M","?","M","$","?","E","R","?","T","R","M","?","E","?","R","BOSS","M","$","?","?","M","E","?","R","T","M","M","R","?","M","R","BOSS"],"items_purchased_type":["Card","Card","Card"],"build_version":"2020-12-22","purchased_purges":1,"victory":false,"max_hp_per_floor":[72,72,72,72,72,72,72,72,72,72,72,72,72,72,72,72,72,72,72,72,72,72,72,86,86,86,86,86,86,86,86,86,86,86,86],"card_choices":[{"not_picked":["ats:Flexible Camouflage","ats:Red Shift"],"picked":"ats:Revitalization","floor":1},{"not_picked":["ats:Consecutive Shot Auto","ats:Blood Oath"],"picked":"ats:Hammer On","floor":3},{"not_picked":["ats:Flexible Camouflage","ats:Curse Doll"],"picked":"ats:Revitalization","floor":5},{"not_picked":["ats:Curse Doll","ats:True Silver Slash"],"picked":"ats:Song Of Battle","floor":6},{"not_picked":["ats:Powerful Strike","ats:LN2 Cannon"],"picked":"ats:Leaping Hammer","floor":11},{"not_picked":["ats:Powerful Strike","ats:Very Hot Blade"],"picked":"ats:Poison Spread","floor":13},{"not_picked":["ats:Curse Doll","ats:Assault Order"],"picked":"ats:Closed Bolt Burst Fire","floor":14},{"not_picked":["ats:Durian","ats:Nebulous Foxfire"],"picked":"ats:Wolf Pack","floor":16},{"not_picked":["ats:Hammer On+1","ats:Assault Order"],"picked":"ats:Poison Spread","floor":18},{"not_picked":["ats:Revitalization","ats:Hammer On"],"picked":"ats:Very Hot Blade","floor":22},{"not_picked":["ats:Hammer On+1","ats:Overload+1"],"picked":"ats:Ignite+1","floor":23},{"not_picked":["ats:Very Hot Blade","ats:Rat Pack"],"picked":"ats:Sword Rain","floor":27},{"not_picked":["ats:Curse Doll","ats:Cat Scratch","ats:Powerful Strike"],"picked":"SKIP","floor":28},{"not_picked":["ats:Flexible Camouflage","ats:Curse Doll"],"picked":"ats:Ignite","floor":30},{"not_picked":["ats:Durian","ats:Hammer On"],"picked":"ats:Ignite+1","floor":31}],"player_experience":53758,"relics_obtained":[{"floor":6,"key":"ats:Originium"},{"floor":6,"key":"Orichalcum"},{"floor":9,"key":"Whetstone"},{"floor":13,"key":"ats:Originium"},{"floor":13,"key":"ats:Military Tradition"},{"floor":20,"key":"Necronomicon"},{"floor":23,"key":"ats:Originium"},{"floor":23,"key":"Dead Branch"},{"floor":23,"key":"Mango"},{"floor":26,"key":"ats:Hidden Killer"}],"event_choices":[{"damage_healed":0,"gold_gain":0,"player_choice":"Got Potions","damage_taken":0,"max_hp_gain":0,"max_hp_loss":0,"event_name":"Lab","floor":2,"gold_loss":0},{"damage_healed":0,"gold_gain":75,"player_choice":"Gather Gold","damage_taken":11,"max_hp_gain":0,"max_hp_loss":0,"event_name":"World of Goop","floor":12,"gold_loss":0},{"damage_healed":0,"gold_gain":0,"player_choice":"Obtained Book","damage_taken":16,"max_hp_gain":0,"max_hp_loss":0,"event_name":"Cursed Tome","floor":20,"gold_loss":0},{"damage_healed":0,"gold_gain":0,"player_choice":"Obtained Relic","damage_taken":0,"relics_obtained":["Old Coin"],"max_hp_gain":0,"max_hp_loss":0,"event_name":"Addict","floor":21,"gold_loss":85},{"damage_healed":0,"gold_gain":99,"player_choice":"Stole From Cult","damage_taken":0,"max_hp_gain":0,"max_hp_loss":0,"event_name":"Nest","floor":24,"gold_loss":0}],"is_beta":false,"boss_relics":[{"not_picked":["Astrolabe","Ectoplasm"],"picked":"Black Star"}],"items_purged_floors":[19],"is_endless":false,"potions_floor_spawned":[3,11,13,16,28],"killed_by":"Automaton","ascension_level":0}}