{"host":"dntw6kil9p09eemm","time":1608957380,"event":{"mods":["Alarm Clock","Aspiration","BaseMod","Colored Powertips","Downfall","Hermit","Hubris","Minty Spire (QoL Compilation)","Permanent Neow","Shop Mod","Spicy Shops","StSLib","The Runesmith"],"gold_per_floor":[117,192,192,192,192,192,192,44,44,64,76,94,71,88,88,184,234,250,250,45,58,13,13,13,13],"floor_reached":23,"playtime":1134,"items_purged":[],"score":179,"play_id":"3f507986-f444-4dca-899a-3ef4b7ee645c","local_time":"20201226133620","is_ascension_mode":false,"campfire_choices":[{"data":"Guardian:ArmoredProtocol","floor":6,"key":"SMITH"},{"floor":15,"key":"REST"}],"circlet_count":0,"master_deck":["Guardian:Strike_Guardian","Guardian:Strike_Guardian","Guardian:Strike_Guardian","Guardian:Strike_Guardian","Guardian:Defend_Guardian","Guardian:Defend_Guardian","Guardian:Defend_Guardian","Guardian:CurlUp+1","Guardian:TwinSlam","Guardian:ShieldCharger","Guardian:ArmoredProtocol+1","Injury","Guardian:GuardianWhirl+1","Guardian:Gem_Fragmented","Guardian:RollAttack+1","Guardian:PiercingHide","Guardian:GatlingBeam+1","Guardian:GuardianWhirl+1","Guardian:Orbwalk","Guardian:Harden","Guardian:VentSteam+1","Guardian:Gem_Lightblue"],"relics":["Guardian:ModeShifter","aspiration:DSix","Molten Egg 2","Oddly Smooth Stone","Tiny House","MerchantsRug"],"acts_visited":["Exordium","TheCity"],"potions_floor_usage":[18],"damage_taken":[{"damage":0,"enemies":"Small Slimes","floor":1,"turns":3},{"damage":0,"enemies":"2 Louse","floor":10,"turns":2},{"damage":5,"enemies":"Jaw Worm","floor":11,"turns":3},{"damage":6,"enemies":"Large Slime","floor":12,"turns":9},{"damage":7,"enemies":"Looter","floor":14,"turns":4},{"damage":72,"enemies":"Hexaghost","floor":16,"turns":13},{"damage":14,"enemies":"2 Thieves","floor":18,"turns":3},{"damage":8,"enemies":"Shell Parasite","floor":21,"turns":6},{"damage":54,"enemies":"Gremlin Leader","floor":23,"turns":5}],"seed_played":"3747855032782422061","potions_obtained":[{"floor":10,"key":"SkillPotion"},{"floor":17,"key":"hexamod:EctoCoolerPotion"},{"floor":18,"key":"BlessingOfTheForge"}],"is_trial":false,"path_per_floor":["M","?","?","?","$","R","?","$","T","M","M","M","$","M","R","B",null,"M","?","$","M","$","E"],"character_chosen":"GUARDIAN","items_purchased":["Oddly Smooth Stone","Guardian:PiercingHide","MerchantsRug","Guardian:Harden","Guardian:Gem_Lightblue"],"campfire_rested":1,"item_purchase_floors":[8,13,20,20,22],"current_hp_per_floor":[80,69,69,69,69,69,69,69,69,69,64,58,58,51,75,3,85,71,55,55,47,47,0,0,0],"gold":13,"neow_bonus":"DSIX","is_daily":false,"chose_seed":false,"campfire_upgraded":1,"win_rate":0.0,"timestamp":1608957380,"path_taken":["M","?","?","?","$","R","?","$","T","M","M","M","$","M","R","BOSS","M","?","$","M","$","E"],"items_purchased_type":["Relic","Card","Relic","Card","Card"],"build_version":"2020-12-22","purchased_purges":0,"victory":false,"max_hp_per_floor":[80,80,80,80,80,80,80,80,80,80,80,80,80,80,80,80,85,85,90,90,90,90,90,90,90],"card_choices":[{"not_picked":["Guardian:Emergency","Guardian:Recover"],"picked":"Guardian:ShieldCharger","floor":1},{"not_picked":["Guardian:TemporalShield","Guardian:Gem_Green"],"picked":"Guardian:GuardianWhirl+1","floor":10},{"not_picked":["Guardian:CrystalBeam+1","Guardian:Gem_Yellow"],"picked":"Guardian:Gem_Fragmented","floor":11},{"not_picked":["Guardian:BronzeOrb+1","Guardian:ArmoredProtocol"],"picked":"Guardian:RollAttack+1","floor":12},{"not_picked":["Guardian:ShieldCharger","Guardian:EvasiveProtocol","Guardian:Gem_Cyan"],"picked":"SKIP","floor":14},{"not_picked":["Guardian:BaubleBeam+1","Guardian:CompilePackage"],"picked":"Guardian:GatlingBeam+1","floor":16},{"not_picked":["Guardian:Gem_Purple","Guardian:Gem_Crimson"],"picked":"Guardian:GuardianWhirl+1","floor":17},{"not_picked":["Guardian:BronzeOrb+1","Guardian:Recover"],"picked":"Guardian:Orbwalk","floor":18},{"not_picked":["Guardian:RollAttack+1","Guardian:Gem_Cyan"],"picked":"Guardian:VentSteam+1","floor":21}],"player_experience":466597,"relics_obtained":[],"event_choices":[{"damage_healed":0,"gold_gain":75,"player_choice":"Gather Gold","damage_taken":11,"max_hp_gain":0,"max_hp_loss":0,"event_name":"World of Goop","floor":2,"gold_loss":0},{"damage_healed":0,"gold_gain":0,"player_choice":"Ignored","damage_taken":0,"max_hp_gain":0,"max_hp_loss":0,"event_name":"Shining Light","floor":3,"gold_loss":0},{"damage_healed":0,"gold_gain":0,"cards_transformed":["Guardian:Defend_Guardian"],"player_choice":"Change","damage_taken":0,"max_hp_gain":0,"max_hp_loss":0,"event_name":"Living Wall","floor":4,"gold_loss":0,"cards_obtained":["Guardian:ArmoredProtocol"]},{"damage_healed":0,"gold_gain":0,"player_choice":"Shed Blood","damage_taken":21,"max_hp_gain":5,"max_hp_loss":0,"event_name":"Forgotten Altar","floor":19,"gold_loss":0}],"is_beta":false,"boss_relics":[{"not_picked":["hubris:HollowSoul","Coffee Dripper"],"picked":"Tiny House"}],"items_purged_floors":[],"is_endless":false,"potions_floor_spawned":[10,18],"killed_by":"Gremlin Leader","ascension_level":0}}