{"host":"qj91dvco5uhu9oti","time":1608981999,"event":{"mods":["BaseMod","Colored Map","Minty Spire (QoL Compilation)","Permanent Neow","Relic Stats","StSLib","SuperFastMode","everything is the same but u backflip on backflip"],"gold_per_floor":[114,127,59,59,59,59,70,70,93,93,16,16,28,62,62,139,139,149,349,368,380,392,392,392,392],"floor_reached":24,"playtime":577,"items_purged":[],"score":333,"play_id":"53453e2a-8d8f-4306-ab3f-45a57010fbc4","local_time":"20201226202639","is_ascension_mode":true,"campfire_choices":[{"data":"Deadly Poison","floor":6.0,"key":"SMITH"},{"data":"Catalyst","floor":8.0,"key":"SMITH"},{"data":"Neutralize","floor":10.0,"key":"SMITH"},{"floor":15.0,"key":"REST"},{"floor":23,"key":"REST"}],"circlet_count":0,"master_deck":["AscendersBane","Strike_G","Strike_G","Strike_G","Strike_G","Strike_G","Defend_G","Defend_G","Defend_G","Defend_G","Defend_G","Survivor","Neutralize+1","Deadly Poison+1","Catalyst+1","Tactician","Crippling Poison","Deadly Poison","Wraith Form v2","Backflip","Bouncing Flask"],"relics":["Ring of the Snake","CaptainsWheel","Boot","Darkstone Periapt","Cursed Key"],"acts_visited":["Exordium","TheCity"],"potions_floor_usage":[24],"damage_taken":[{"damage":9.0,"enemies":"Cultist","floor":1.0,"turns":5.0},{"damage":0.0,"enemies":"Small Slimes","floor":2.0,"turns":5.0},{"damage":0.0,"enemies":"Jaw Worm","floor":7.0,"turns":4.0},{"damage":10.0,"enemies":"Gremlin Gang","floor":13.0,"turns":6.0},{"damage":10.0,"enemies":"3 Sentries","floor":14.0,"turns":10.0},{"damage":13.0,"enemies":"The Guardian","floor":16.0,"turns":7.0},{"damage":3.0,"enemies":"Spheric Guardian","floor":18.0,"turns":4.0},{"damage":3.0,"enemies":"Chosen","floor":20.0,"turns":5.0},{"damage":32,"enemies":"Sentry and Sphere","floor":21,"turns":7},{"damage":15,"enemies":"Centurion and Healer","floor":22,"turns":8},{"damage":24,"enemies":"Slavers","floor":24,"turns":1}],"seed_played":"7088521326972196590","potions_obtained":[{"floor":2.0,"key":"EssenceOfSteel"},{"floor":13.0,"key":"Dexterity Potion"},{"floor":20.0,"key":"Fire Potion"},{"floor":22,"key":"Explosive Potion"}],"is_trial":false,"path_per_floor":["M","M","$","$","?","R","M","R","T","R","$","$","M","E","R","B",null,"M","?","M","M","M","R","E"],"character_chosen":"THE_SILENT","items_purchased":["Tactician","Crippling Poison"],"campfire_rested":2,"item_purchase_floors":[3,11],"current_hp_per_floor":[35,35,35,35,35,35,35,35,35,35,35,35,25,15,34,21,55,52,52,49,17,2,21,0,0],"gold":392,"neow_bonus":"ONE_RARE_RELIC","is_daily":false,"chose_seed":false,"campfire_upgraded":3,"win_rate":0.0,"timestamp":1608981999,"path_taken":["M","M","?","$","?","R","M","R","T","R","?","$","?","E","R","BOSS","M","?","?","M","M","R","E"],"items_purchased_type":["Card","Card"],"build_version":"2020-12-22","purchased_purges":0,"victory":false,"max_hp_per_floor":[66,66,66,66,66,66,66,66,66,66,66,66,66,66,66,66,66,66,66,66,66,66,66,66,66],"relic_stats":{"Darkstone Periapt":0,"counters":[11,62],"Boot":[13],"Cursed Key":0,"obtain_stats":[{"Darkstone Periapt":14,"CaptainsWheel":0,"Boot":9,"Cursed Key":17,"Ring of the Snake":0},{"Darkstone Periapt":5,"CaptainsWheel":0,"Boot":3,"Cursed Key":6,"Ring of the Snake":0},{"Darkstone Periapt":30,"CaptainsWheel":0,"Boot":14,"Cursed Key":37,"Ring of the Snake":0}],"Ring of the Snake":[22]},"card_choices":[{"not_picked":["Dodge and Roll","Riddle With Holes"],"picked":"Deadly Poison","floor":1.0},{"not_picked":["Dash","PiercingWail"],"picked":"Catalyst","floor":2.0},{"not_picked":["Setup","Flying Knee","Slice"],"picked":"SKIP","floor":7.0},{"not_picked":["Backflip","Concentrate"],"picked":"Deadly Poison","floor":13.0},{"not_picked":["Finisher","Underhanded Strike","Dodge and Roll"],"picked":"SKIP","floor":14.0},{"not_picked":["Adrenaline","Tools of the Trade"],"picked":"Wraith Form v2","floor":16.0},{"not_picked":["Dodge and Roll","Eviscerate","Deflect"],"picked":"SKIP","floor":18.0},{"not_picked":["Heel Hook+1","Backstab+1"],"picked":"Backflip","floor":20.0},{"not_picked":["Deadly Poison","Sucker Punch"],"picked":"Bouncing Flask","floor":21},{"not_picked":["Slice+1","Backflip","Outmaneuver"],"picked":"SKIP","floor":22}],"player_experience":282962,"relics_obtained":[{"floor":9.0,"key":"Boot"},{"floor":14.0,"key":"Darkstone Periapt"}],"event_choices":[{"damage_healed":0.0,"max_hp_gain":0.0,"max_hp_loss":0.0,"gold_gain":0.0,"event_name":"Golden Idol","player_choice":"Ignored","floor":5.0,"gold_loss":0.0,"damage_taken":0.0},{"damage_healed":0.0,"max_hp_gain":0.0,"max_hp_loss":0.0,"gold_gain":250.0,"event_name":"The Joust","player_choice":"Bet on Owner","floor":19.0,"gold_loss":50.0,"damage_taken":0.0}],"is_beta":false,"boss_relics":[{"not_picked":["Snecko Eye","Philosopher\u0027s Stone"],"picked":"Cursed Key"}],"items_purged_floors":[],"is_endless":false,"potions_floor_spawned":[2,13,20,22],"killed_by":"Slavers","ascension_level":14}}