{"host":"0cgp910o8339lr91","time":1608956192,"event":{"mods":["BaseMod","Colored Map","Filter the Spire","Minty Spire (QoL Compilation)","Relic Stats","Slay-I","ojb\u0027s Better Paths Mod","ojb\u0027s Info Mod"],"gold_per_floor":[116,136,150,161,161,190,209,235,235,67,67,83,83,124,124,198,198,127,127,155,205,234,275,275,314,365,126,143,143,170,183,183,268,268,295,295,53,53,33,68,89,124,194,194,194,194,194],"floor_reached":46,"playtime":4080,"items_purged":["Defend_G","Defend_G"],"score":1208,"play_id":"00237384-ffc8-47c7-a5aa-bddb0603e8e0","local_time":"20201226051632","is_ascension_mode":true,"campfire_choices":[{"data":"Noxious Fumes","floor":11.0,"key":"SMITH"},{"data":"Catalyst","floor":13.0,"key":"SMITH"},{"data":"Wraith Form v2","floor":15.0,"key":"SMITH"},{"data":"Tactician","floor":24.0,"key":"SMITH"},{"data":"Catalyst","floor":29.0,"key":"SMITH"},{"data":"Cloak And Dagger","floor":32.0,"key":"SMITH"},{"data":"Wraith Form v2","floor":44,"key":"SMITH"}],"circlet_count":0,"master_deck":["AscendersBane","Defend_G","Defend_G","Survivor","Neutralize+1","Noxious Fumes+1","Backflip","Outmaneuver","Wraith Form v2+1","Catalyst+1","Burst+1","Tactician+1","Cloak And Dagger+1","Infinite Blades+1","PiercingWail+1","Blade Dance","Outmaneuver+1","Catalyst+1","Wraith Form v2+1","Acrobatics","Blur","Crippling Poison+1","Dodge and Roll+1"],"relics":["Runic Pyramid","Gremlin Horn","Akabeko","Kunai","CeramicFish","Empty Cage","Darkstone Periapt","Whetstone","Bag of Preparation","War Paint","Ancient Tea Set","Velvet Choker","Membership Card","White Beast Statue","PreservedInsect"],"acts_visited":["Exordium","TheCity","TheBeyond"],"potions_floor_usage":[],"damage_taken":[{"damage":0.0,"enemies":"Jaw Worm","floor":1.0,"turns":6.0},{"damage":1.0,"enemies":"Cultist","floor":2.0,"turns":5.0},{"damage":4.0,"enemies":"2 Louse","floor":3.0,"turns":3.0},{"damage":7.0,"enemies":"Red Slaver","floor":4.0,"turns":6.0},{"damage":3.0,"enemies":"Lagavulin","floor":6.0,"turns":10.0},{"damage":0.0,"enemies":"Blue Slaver","floor":7.0,"turns":6.0},{"damage":8.0,"enemies":"Gremlin Nob","floor":8.0,"turns":6.0},{"damage":2.0,"enemies":"3 Louse","floor":12.0,"turns":4.0},{"damage":5.0,"enemies":"3 Sentries","floor":14.0,"turns":6.0},{"damage":5.0,"enemies":"Slime Boss","floor":16.0,"turns":7.0},{"damage":2.0,"enemies":"2 Thieves","floor":18.0,"turns":4.0},{"damage":0.0,"enemies":"Chosen","floor":20.0,"turns":5.0},{"damage":13.0,"enemies":"Snake Plant","floor":22.0,"turns":5.0},{"damage":16.0,"enemies":"Gremlin Leader","floor":23.0,"turns":7.0},{"damage":11.0,"enemies":"Slavers","floor":25.0,"turns":7.0},{"damage":3.0,"enemies":"Centurion and Healer","floor":28.0,"turns":7.0},{"damage":0.0,"enemies":"Book of Stabbing","floor":30.0,"turns":6.0},{"damage":0.0,"enemies":"3 Cultists","floor":31.0,"turns":5.0},{"damage":3.0,"enemies":"Collector","floor":33.0,"turns":5.0},{"damage":15.0,"enemies":"Orb Walker","floor":35.0,"turns":5.0},{"damage":19.0,"enemies":"Nemesis","floor":40.0,"turns":7.0},{"damage":6,"enemies":"3 Darklings","floor":41,"turns":9},{"damage":3,"enemies":"Reptomancer","floor":42,"turns":6},{"damage":11,"enemies":"Giant Head","floor":46,"turns":3}],"seed_played":"-2395715443725964537","potions_obtained":[{"floor":1.0,"key":"EntropicBrew"},{"floor":3.0,"key":"Fire Potion"},{"floor":7.0,"key":"BlessingOfTheForge"},{"floor":14.0,"key":"DistilledChaos"},{"floor":16.0,"key":"SkillPotion"},{"floor":23.0,"key":"GhostInAJar"},{"floor":25.0,"key":"BlessingOfTheForge"},{"floor":30.0,"key":"Block Potion"},{"floor":39.0,"key":"PowerPotion"},{"floor":42,"key":"Fruit Juice"}],"is_trial":false,"path_per_floor":["M","M","M","M","?","E","M","E","T","$","R","M","R","E","R","B",null,"M","?","M","?","M","E","R","E","T","$","M","R","E","M","R","B",null,"M","?","$","?","?","E","M","E","T","R","?","E"],"character_chosen":"THE_SILENT","items_purchased":["Burst","War Paint","Membership Card","Blur"],"campfire_rested":0,"item_purchase_floors":[10,27,37,37],"current_hp_per_floor":[59,58,54,47,47,44,44,36,36,36,36,34,34,29,29,24,56,54,54,54,54,41,25,25,14,14,14,11,11,11,11,11,8,52,37,37,37,37,37,18,12,9,9,9,9,0,0],"gold":194,"neow_bonus":"BOSS_RELIC","is_daily":false,"chose_seed":false,"campfire_upgraded":7,"win_rate":0.0,"timestamp":1608956192,"path_taken":["M","M","M","M","?","E","M","E","T","$","R","M","R","E","R","BOSS","M","?","?","?","?","E","R","E","T","$","M","R","E","M","R","BOSS","M","?","$","?","?","E","?","E","T","R","?","E"],"items_purchased_type":["Card","Relic","Relic","Card"],"build_version":"2020-12-22","purchased_purges":2,"victory":false,"max_hp_per_floor":[66,66,66,66,66,66,66,66,66,66,66,66,66,66,66,66,66,66,66,66,66,66,66,66,66,66,66,66,66,66,66,66,66,66,66,63,63,63,63,63,63,63,63,63,63,63,63],"relic_stats":{"Darkstone Periapt":0,"Gremlin Horn":[22,23],"counters":[24,140],"CeramicFish":99,"PreservedInsect":130,"Bag of Preparation":[18],"Kunai":[39],"Whetstone":["Strike_G","Neutralize"],"War Paint":["PiercingWail","Burst"],"obtain_stats":[{"Darkstone Periapt":23,"Gremlin Horn":6,"CeramicFish":14,"Velvet Choker":34,"PreservedInsect":42,"Bag of Preparation":26,"Whetstone":25,"War Paint":27,"Empty Cage":17,"Ancient Tea Set":30,"Akabeko":8,"White Beast Statue":40,"Kunai":9,"Membership Card":37,"Ring of the Snake":0,"Runic Pyramid":0},{"Darkstone Periapt":14,"Gremlin Horn":5,"CeramicFish":9,"Velvet Choker":19,"PreservedInsect":23,"Bag of Preparation":15,"Whetstone":15,"War Paint":15,"Empty Cage":10,"Ancient Tea Set":17,"Akabeko":7,"White Beast Statue":21,"Kunai":7,"Membership Card":20,"Ring of the Snake":0,"Runic Pyramid":0},{"Darkstone Periapt":80,"Gremlin Horn":30,"CeramicFish":52,"Velvet Choker":110,"PreservedInsect":137,"Bag of Preparation":87,"Whetstone":87,"War Paint":87,"Empty Cage":59,"Ancient Tea Set":100,"Akabeko":42,"White Beast Statue":122,"Kunai":42,"Membership Card":115,"Ring of the Snake":0,"Runic Pyramid":0}]},"card_choices":[{"not_picked":["Riddle With Holes","Prepared","Endless Agony"],"picked":"SKIP","floor":1.0},{"not_picked":["Flying Knee","Sucker Punch"],"picked":"Noxious Fumes","floor":2.0},{"not_picked":["Slice","Escape Plan"],"picked":"Backflip","floor":3.0},{"not_picked":["Outmaneuver","Flying Knee","Underhanded Strike"],"picked":"SKIP","floor":4.0},{"not_picked":["Flying Knee","Underhanded Strike"],"picked":"Outmaneuver","floor":4.0},{"not_picked":["Outmaneuver","Calculated Gamble","Infinite Blades"],"picked":"SKIP","floor":6.0},{"not_picked":["Dodge and Roll","Deadly Poison","Predator"],"picked":"SKIP","floor":7.0},{"not_picked":["Blade Dance","Endless Agony"],"picked":"Catalyst","floor":8.0},{"not_picked":["Underhanded Strike","Dagger Spray"],"picked":"Tactician","floor":12.0},{"not_picked":["Accuracy","Deadly Poison"],"picked":"Cloak And Dagger","floor":14.0},{"not_picked":["Quick Slash","Sucker Punch"],"picked":"Infinite Blades+1","floor":18.0},{"not_picked":["Terror","All Out Attack"],"picked":"PiercingWail","floor":20.0},{"not_picked":["Bane","Choke"],"picked":"Blade Dance","floor":22.0},{"not_picked":["Caltrops","Accuracy"],"picked":"Outmaneuver+1","floor":23.0},{"not_picked":["Bane","Blur"],"picked":"Catalyst","floor":25.0},{"not_picked":["Underhanded Strike","Deflect","Expertise"],"picked":"SKIP","floor":28.0},{"not_picked":["Caltrops","Slice","Grand Finale"],"picked":"SKIP","floor":30.0},{"not_picked":["Deadly Poison","Dodge and Roll","Poisoned Stab"],"picked":"SKIP","floor":31.0},{"not_picked":["Night Terror","Glass Knife"],"picked":"Wraith Form v2","floor":33.0},{"not_picked":["Reflex","Dodge and Roll"],"picked":"Acrobatics","floor":35.0},{"not_picked":["Bane","Backstab"],"picked":"Crippling Poison+1","floor":40.0},{"not_picked":["Slice","Backflip"],"picked":"Dodge and Roll+1","floor":41},{"not_picked":["Concentrate","Predator","Skewer"],"picked":"SKIP","floor":42}],"player_experience":1015304,"relics_obtained":[{"floor":6.0,"key":"Gremlin Horn"},{"floor":8.0,"key":"Akabeko"},{"floor":9.0,"key":"Kunai"},{"floor":14.0,"key":"CeramicFish"},{"floor":23.0,"key":"Darkstone Periapt"},{"floor":25.0,"key":"Whetstone"},{"floor":26.0,"key":"Bag of Preparation"},{"floor":30.0,"key":"Ancient Tea Set"},{"floor":40.0,"key":"White Beast Statue"},{"floor":42,"key":"PreservedInsect"}],"event_choices":[{"damage_healed":0.0,"max_hp_gain":0.0,"max_hp_loss":0.0,"gold_gain":0.0,"cards_transformed":["Strike_G"],"event_name":"Living Wall","player_choice":"Change","floor":5.0,"gold_loss":0.0,"damage_taken":0.0,"cards_obtained":["Wraith Form v2"]},{"cards_removed":["Strike_G"],"damage_healed":0.0,"max_hp_gain":0.0,"max_hp_loss":0.0,"gold_gain":0.0,"event_name":"Purifier","player_choice":"Purged","floor":19.0,"gold_loss":0.0,"damage_taken":0.0},{"damage_healed":0.0,"max_hp_gain":0.0,"max_hp_loss":0.0,"gold_gain":50.0,"event_name":"Golden Shrine","player_choice":"Pray","floor":21.0,"gold_loss":0.0,"damage_taken":0.0},{"damage_healed":0.0,"max_hp_gain":0.0,"max_hp_loss":3.0,"gold_gain":0.0,"event_name":"Winding Halls","player_choice":"Max HP","floor":36.0,"gold_loss":0.0,"damage_taken":0.0},{"cards_removed":["Strike_G"],"damage_healed":0.0,"max_hp_gain":0.0,"max_hp_loss":0.0,"gold_gain":0.0,"event_name":"Falling","player_choice":"Removed Attack","floor":38.0,"gold_loss":0.0,"damage_taken":0.0},{"damage_healed":0.0,"max_hp_gain":0.0,"max_hp_loss":0.0,"gold_gain":0.0,"event_name":"The Woman in Blue","player_choice":"Bought 1 Potion","floor":39.0,"gold_loss":0.0,"damage_taken":0.0},{"cards_removed":["Defend_G"],"damage_healed":0,"gold_gain":0,"player_choice":"Purged","damage_taken":0,"max_hp_gain":0,"max_hp_loss":0,"event_name":"Purifier","floor":45,"gold_loss":0}],"is_beta":false,"boss_relics":[{"not_picked":["Black Star","Tiny House"],"picked":"Empty Cage"},{"not_picked":["WristBlade","Snecko Eye"],"picked":"Velvet Choker"}],"items_purged_floors":[27,37],"is_endless":false,"potions_floor_spawned":[1,3,7,14,16,23,25,30,41,42],"killed_by":"Giant Head","ascension_level":20}}