{"host":"a1eatafr7pisesky","time":1608977677,"event":{"mods":["BaseMod","Colored Map","DeckTracker","Highlight Path","Keyboard Shortcuts","Minty Spire (QoL Compilation)","Permanent Neow","Random Character Button","StSLib","SuperFastMode"],"gold_per_floor":[117,135,153,171,171,199,211,211,283,283,300,80,99,113,113,215,215,229,10,38,38,52,52,67,67,67],"floor_reached":25,"playtime":758,"items_purged":["Strike_P"],"score":259,"play_id":"504fade9-1896-440b-8932-299e62b178e5","local_time":"20201226191437","is_ascension_mode":true,"campfire_choices":[{"floor":10.0,"key":"REST"},{"data":"Eruption","floor":15.0,"key":"SMITH"},{"floor":23.0,"key":"REST"}],"circlet_count":0,"master_deck":["Strike_P","Defend_P","Defend_P","Eruption+1","Vigilance","FlurryOfBlows","CutThroughFate","Tantrum","Halt","CrushJoints","MasterReality","Sanctity","Scrawl","Prostrate","ConjureBlade","Adaptation","TalkToTheHand","Halt","MasterReality","FollowUp"],"relics":["PureWater","Gambling Chip","InkBottle","Lee\u0027s Waffle","VioletLotus","Membership Card","Red Mask"],"acts_visited":["Exordium","TheCity"],"potions_floor_usage":[],"damage_taken":[{"damage":10.0,"enemies":"Cultist","floor":1.0,"turns":4.0},{"damage":0.0,"enemies":"Jaw Worm","floor":2.0,"turns":2.0},{"damage":9.0,"enemies":"2 Louse","floor":3.0,"turns":2.0},{"damage":11.0,"enemies":"Looter","floor":4.0,"turns":3.0},{"damage":35.0,"enemies":"3 Sentries","floor":6.0,"turns":5.0},{"damage":4.0,"enemies":"Red Slaver","floor":7.0,"turns":3.0},{"damage":0.0,"enemies":"Exordium Wildlife","floor":11.0,"turns":2.0},{"damage":18.0,"enemies":"Blue Slaver","floor":13.0,"turns":3.0},{"damage":0.0,"enemies":"Gremlin Gang","floor":14.0,"turns":2.0},{"damage":25.0,"enemies":"Hexaghost","floor":16.0,"turns":9.0},{"damage":0.0,"enemies":"Spheric Guardian","floor":18.0,"turns":2.0},{"damage":32.0,"enemies":"Masked Bandits","floor":20.0,"turns":3.0},{"damage":17.0,"enemies":"Shell Parasite","floor":22.0,"turns":4.0},{"damage":15.0,"enemies":"Snake Plant","floor":24.0,"turns":5.0},{"damage":0,"enemies":"Gremlin Leader","floor":25,"turns":1}],"seed_played":"-5099808753410760161","potions_obtained":[{"floor":6.0,"key":"SmokeBomb"},{"floor":11.0,"key":"Fire Potion"},{"floor":14.0,"key":"BottledMiracle"},{"floor":24.0,"key":"SpeedPotion"}],"is_trial":false,"path_per_floor":["M","M","M","M","?","E","M","?","T","R","M","$","M","M","R","B",null,"M","$","?","?","M","R","M","E"],"character_chosen":"WATCHER","items_purchased":["Lee\u0027s Waffle","Membership Card","Adaptation","TalkToTheHand"],"campfire_rested":2,"item_purchase_floors":[12,19,19,19],"current_hp_per_floor":[62,62,53,42,42,7,3,3,3,24,24,79,61,61,61,36,68,68,68,36,36,19,42,27,27,27],"gold":67,"neow_bonus":"REMOVE_CARD","is_daily":false,"chose_seed":false,"campfire_upgraded":1,"win_rate":0.0,"timestamp":1608977677,"path_taken":["M","M","?","M","?","E","?","?","T","R","?","$","M","M","R","BOSS","M","$","?","?","M","R","M","E"],"items_purchased_type":["Relic","Relic","Card","Card"],"build_version":"2020-12-22","purchased_purges":1,"victory":false,"max_hp_per_floor":[72,72,72,72,72,72,72,72,72,72,72,79,79,79,79,79,79,79,79,79,79,79,79,79,79,79],"card_choices":[{"not_picked":["Crescendo","EmptyBody"],"picked":"FlurryOfBlows","floor":1.0},{"not_picked":["BattleHymn","ThirdEye"],"picked":"CutThroughFate","floor":2.0},{"not_picked":["CutThroughFate","LikeWater","ThirdEye"],"picked":"SKIP","floor":3.0},{"not_picked":["Protect","FlyingSleeves"],"picked":"Tantrum","floor":4.0},{"not_picked":["LikeWater","Perseverance"],"picked":"Halt","floor":6.0},{"not_picked":["Nirvana","CarveReality"],"picked":"CrushJoints","floor":7.0},{"not_picked":["FlurryOfBlows","Weave"],"picked":"Sanctity","floor":11.0},{"not_picked":["TalkToTheHand","CrushJoints"],"picked":"Scrawl","floor":13.0},{"not_picked":["Consecrate","EmptyBody"],"picked":"Prostrate","floor":14.0},{"not_picked":["Scrawl","SpiritShield"],"picked":"ConjureBlade","floor":16.0},{"not_picked":["Nirvana","Crescendo","Wireheading"],"picked":"SKIP","floor":18.0},{"not_picked":["Sanctity","TalkToTheHand"],"picked":"Halt","floor":20.0},{"not_picked":["CarveReality","Consecrate+1","ClearTheMind"],"picked":"SKIP","floor":22.0},{"not_picked":["Consecrate","Crescendo"],"picked":"FollowUp","floor":24.0}],"player_experience":249538,"relics_obtained":[{"floor":6.0,"key":"Gambling Chip"},{"floor":9.0,"key":"InkBottle"},{"floor":20.0,"key":"Red Mask"}],"event_choices":[{"cards_removed":["Defend_P"],"damage_healed":0.0,"max_hp_gain":0.0,"max_hp_loss":0.0,"gold_gain":0.0,"event_name":"Bonfire Elementals","player_choice":"Offered Basic","floor":5.0,"gold_loss":0.0,"damage_taken":0.0},{"damage_healed":0.0,"max_hp_gain":0.0,"max_hp_loss":0.0,"gold_gain":0.0,"cards_transformed":["Strike_P"],"event_name":"Transmorgrifier","player_choice":"Transformed","floor":8.0,"gold_loss":0.0,"damage_taken":0.0,"cards_obtained":["MasterReality"]},{"damage_healed":0.0,"max_hp_gain":0.0,"max_hp_loss":0.0,"gold_gain":0.0,"event_name":"Masked Bandits","player_choice":"Fought Bandits","floor":20.0,"gold_loss":0.0,"damage_taken":0.0},{"damage_healed":0.0,"max_hp_gain":0.0,"max_hp_loss":0.0,"gold_gain":0.0,"cards_transformed":["Defend_P"],"event_name":"Transmorgrifier","player_choice":"Transformed","floor":21.0,"gold_loss":0.0,"damage_taken":0.0,"cards_obtained":["MasterReality"]}],"is_beta":false,"boss_relics":[{"not_picked":["Cursed Key","Runic Dome"],"picked":"VioletLotus"}],"items_purged_floors":[12],"is_endless":false,"potions_floor_spawned":[6,11,14,16,24],"killed_by":"Gremlin Leader","ascension_level":5}}