{"host":"aq6j0shg22k0vr7s","time":1608971844,"event":{"mods":["2.2 Compatiblity","AchievementEnabler","BaseMod","Better Note","Colored Map","Hermit","Marisa????????","Minty Spire (QoL Compilation)","Quick Restart","StSLib","The Bug Knight","The Cursed"],"gold_per_floor":[110,110,121,131,146,176,188,23,47,47,222,222,245,263,263,366,366,396,71,71,71,41,75,75,75,75],"floor_reached":25,"playtime":1981,"items_purged":["hermit:Combo","hermit:DeadOrAlive"],"score":221,"play_id":"fef98e06-8b9a-427c-80ae-9519178df7db","local_time":"20201226003724","is_ascension_mode":false,"campfire_choices":[{"floor":12,"key":"REST"},{"floor":15,"key":"REST"},{"floor":24,"key":"REST"}],"circlet_count":0,"master_deck":["hermit:Strike_Hermit","hermit:Strike_Hermit","hermit:Strike_Hermit","hermit:Strike_Hermit","hermit:Defend_Hermit","hermit:Defend_Hermit+1","hermit:Defend_Hermit","hermit:Defend_Hermit","hermit:Snapshot","hermit:Covet","Injury","hermit:Manifest+1","hermit:SprayPray","hermit:Midnight","hermit:CalledShot","hermit:Malice","hermit:ShadowCloak+1","Flash of Steel+1","Doubt","hermit:TrackingShot","hermit:Feint","hermit:Dive","CurseOfTheBell","hermit:Snipe","hermit:BigShot","hermit:BodyArmor","hermit:ShadowCloak","hermit:TakeCover+1","hermit:Maintenance"],"relics":["hermit:Momento","Gambling Chip","Dream Catcher","War Paint","Calling Bell","Art of War","HollowMod:LifeEnderRelic","hermit:RedScarf","Centennial Puzzle","Nunchaku"],"acts_visited":["Exordium","TheCity"],"potions_floor_usage":[5,5,16,16,22],"damage_taken":[{"damage":0,"enemies":"Cultist","floor":1,"turns":3},{"damage":0,"enemies":"Small Slimes","floor":3,"turns":4},{"damage":0,"enemies":"2 Louse","floor":4,"turns":2},{"damage":8,"enemies":"Looter","floor":5,"turns":4},{"damage":44,"enemies":"3 Sentries","floor":6,"turns":8},{"damage":13,"enemies":"Large Slime","floor":7,"turns":8},{"damage":18,"enemies":"Exordium Wildlife","floor":14,"turns":4},{"damage":24,"enemies":"The Guardian","floor":16,"turns":20},{"damage":26,"enemies":"Spheric Guardian","floor":18,"turns":6},{"damage":17,"enemies":"2 Thieves","floor":22,"turns":5},{"damage":45,"enemies":"Gremlin Leader","floor":23,"turns":11},{"damage":28,"enemies":"Cultist and Chosen","floor":25,"turns":4}],"seed_played":"-5597468837090305277","potions_obtained":[{"floor":1,"key":"DistilledChaos"},{"floor":4,"key":"hermit:Eclipse"},{"floor":7,"key":"Dexterity Potion"},{"floor":14,"key":"Ancient Potion"},{"floor":18,"key":"AttackPotion"}],"is_trial":false,"path_per_floor":["M","?","M","M","M","E","M","$","T","?","?","R","T","M","R","B",null,"M","$","?","?","M","E","R","M"],"character_chosen":"HERMIT","items_purchased":["Flash of Steel","hermit:BigShot","hermit:BodyArmor","Centennial Puzzle"],"campfire_rested":3,"item_purchase_floors":[8,19,19,19],"current_hp_per_floor":[89,89,89,89,81,37,24,24,24,6,6,32,32,14,40,16,89,63,63,63,63,46,1,27,0,0],"gold":75,"neow_bonus":"TWENTY_PERCENT_HP_BONUS","is_daily":false,"chose_seed":false,"campfire_upgraded":0,"win_rate":0.0,"timestamp":1608971844,"path_taken":["M","?","?","?","?","E","M","$","T","?","?","R","?","M","R","BOSS","M","$","?","?","M","E","R","M"],"items_purchased_type":["Card","Card","Card","Relic"],"build_version":"2020-12-22","purchased_purges":2,"victory":false,"max_hp_per_floor":[89,89,89,89,89,89,89,89,89,89,89,89,89,89,89,89,89,89,89,89,89,89,89,89,89,89],"card_choices":[{"not_picked":["hermit:Desperado","hermit:WideOpen"],"picked":"hermit:Manifest","floor":1},{"not_picked":["hermit:Snipe","hermit:Deadeye"],"picked":"hermit:Midnight","floor":3},{"not_picked":["hermit:Shortfuse","hermit:Virtue"],"picked":"hermit:CalledShot","floor":4},{"not_picked":["hermit:SprayPray","hermit:HeroicBravado"],"picked":"hermit:Combo","floor":5},{"not_picked":["hermit:HighCaliber","hermit:HoleUp"],"picked":"hermit:Malice","floor":6},{"not_picked":["hermit:Desperado","hermit:Roulette"],"picked":"hermit:ShadowCloak","floor":7},{"not_picked":["hermit:LowProfile","hermit:Coalescence"],"picked":"hermit:TrackingShot","floor":12},{"not_picked":["hermit:Manifest","hermit:HighCaliber"],"picked":"hermit:Feint","floor":14},{"not_picked":["hermit:GoldenBullet","hermit:FlashPowder"],"picked":"hermit:Dive","floor":15},{"not_picked":["hermit:Magnum","hermit:Purgatory"],"picked":"hermit:DeadOrAlive","floor":16},{"not_picked":["hermit:Feint","hermit:SprayPray"],"picked":"hermit:Snipe","floor":18},{"not_picked":["hermit:GhostlyPresence","hermit:Roulette+1"],"picked":"hermit:ShadowCloak","floor":22},{"not_picked":["hermit:Maintenance+1","hermit:LuckOfTheDraw"],"picked":"hermit:TakeCover+1","floor":23},{"not_picked":["hermit:Misfire","hermit:Snipe+1"],"picked":"hermit:Maintenance","floor":24}],"player_experience":65938,"relics_obtained":[{"floor":6,"key":"Gambling Chip"},{"floor":9,"key":"Dream Catcher"},{"floor":13,"key":"War Paint"},{"floor":17,"key":"Art of War"},{"floor":17,"key":"HollowMod:LifeEnderRelic"},{"floor":17,"key":"hermit:RedScarf"},{"floor":23,"key":"Nunchaku"}],"event_choices":[{"damage_healed":0,"gold_gain":0,"player_choice":"1 cards matched","damage_taken":0,"max_hp_gain":0,"max_hp_loss":0,"event_name":"Match and Keep!","floor":2,"gold_loss":0,"cards_obtained":["hermit:SprayPray"]},{"damage_healed":0,"gold_gain":0,"player_choice":"Entered Light","damage_taken":18,"max_hp_gain":0,"max_hp_loss":0,"event_name":"Shining Light","floor":10,"gold_loss":0,"cards_upgraded":["Flash of Steel","hermit:ShadowCloak"]},{"damage_healed":0,"gold_gain":175,"player_choice":"AGREE","damage_taken":0,"max_hp_gain":0,"max_hp_loss":0,"event_name":"Liars Game","floor":11,"gold_loss":0,"cards_obtained":["Doubt"]},{"cards_removed":["hermit:BodyArmor"],"damage_healed":0,"gold_gain":0,"player_choice":"Give","damage_taken":0,"max_hp_gain":0,"max_hp_loss":0,"event_name":"betterNote:BetterNote","floor":20,"gold_loss":0,"cards_obtained":["None"]},{"damage_healed":0,"gold_gain":0,"player_choice":"Ignored","damage_taken":0,"max_hp_gain":0,"max_hp_loss":0,"event_name":"Purifier","floor":21,"gold_loss":0}],"is_beta":false,"boss_relics":[{"not_picked":["Astrolabe","SlaversCollar"],"picked":"Calling Bell"}],"items_purged_floors":[8,19],"is_endless":false,"potions_floor_spawned":[1,4,7,14,18],"killed_by":"Cultist and Chosen","ascension_level":0}}