{"host":"0mf7robgulk01ko7","time":1608999613,"event":{"mods":["AchievementEnabler","BaseMod","Colored Map","DeckTracker","Minty Spire (QoL Compilation)","Quick Restart","Rare Cards Sparkle","Relic Stats","SuperFastMode"],"gold_per_floor":[118,43,43,63,83,83,111,111,158,158,158,176,176,226,226,301,301,315,315,327,327,95,95,120,137,163,163,183,183,194,194,194,194,194],"floor_reached":33,"playtime":706,"items_purged":["Strike_B"],"score":526,"play_id":"c8cc3fe9-188f-4f7f-bb04-4ca8c3fe8521","local_time":"20201227012013","is_ascension_mode":true,"campfire_choices":[{"data":"Sunder","floor":6.0,"key":"SMITH"},{"floor":11.0,"key":"REST"},{"data":"Zap","floor":13.0,"key":"SMITH"},{"data":"Ball Lightning","floor":15,"key":"SMITH"},{"data":"Turbo","floor":23,"key":"SMITH"},{"data":"Sunder","floor":27,"key":"SMITH"},{"data":"Glacier","floor":29,"key":"SMITH"},{"data":"Redo","floor":32,"key":"SMITH"}],"circlet_count":0,"master_deck":["AscendersBane","Strike_B+1","Defend_B+1","Defend_B","Zap+1","Dualcast","Turbo+1","Sunder+1","Ball Lightning+1","BootSequence","Electrodynamics","Electrodynamics","Glacier+1","Sunder+1","FTL","Undo","Steam Power","Redo+1","Leap"],"relics":["Cracked Core","NeowsBlessing","Potion Belt","Tiny Chest","SlaversCollar","MealTicket","OrangePellets","HornCleat","Bag of Marbles"],"acts_visited":["Exordium","TheCity"],"potions_floor_usage":[16,24,24,24,33,33,33],"damage_taken":[{"damage":0.0,"enemies":"Jaw Worm","floor":1.0,"turns":1.0},{"damage":0.0,"enemies":"2 Louse","floor":4.0,"turns":1.0},{"damage":0.0,"enemies":"Cultist","floor":5.0,"turns":1.0},{"damage":30.0,"enemies":"3 Sentries","floor":7.0,"turns":8.0},{"damage":2.0,"enemies":"Looter","floor":12.0,"turns":3.0},{"damage":23,"enemies":"Hexaghost","floor":16,"turns":8},{"damage":4,"enemies":"3 Byrds","floor":18,"turns":3},{"damage":15,"enemies":"2 Thieves","floor":20,"turns":3},{"damage":3,"enemies":"Gremlin Leader","floor":24,"turns":4},{"damage":0,"enemies":"Centurion and Healer","floor":25,"turns":5},{"damage":0,"enemies":"Snecko","floor":28,"turns":3},{"damage":24,"enemies":"Shelled Parasite and Fungi","floor":30,"turns":6},{"damage":28,"enemies":"Champ","floor":33,"turns":9}],"seed_played":"4371093991003410161","potions_obtained":[{"floor":4.0,"key":"Block Potion"},{"floor":7.0,"key":"Strength Potion"},{"floor":16,"key":"Swift Potion"},{"floor":19,"key":"Fire Potion"},{"floor":19,"key":"SkillPotion"},{"floor":20,"key":"AttackPotion"},{"floor":24,"key":"Swift Potion"},{"floor":30,"key":"Strength Potion"}],"is_trial":false,"path_per_floor":["M","?","?","M","M","R","E","?","T","?","R","M","R","?","R","B",null,"M","?","M","T","$","R","E","M","T","R","M","R","M","?","R","B"],"character_chosen":"DEFECT","items_purchased":["OrangePellets"],"campfire_rested":1,"item_purchase_floors":[22],"current_hp_per_floor":[64,64,64,64,64,64,34,13,13,13,34,32,32,25,25,2,54,50,50,35,35,50,50,47,47,47,47,47,47,23,23,23,0,0],"gold":194,"neow_bonus":"THREE_ENEMY_KILL","is_daily":false,"chose_seed":false,"campfire_upgraded":7,"win_rate":0.0,"timestamp":1608999613,"path_taken":["M","?","?","?","M","R","E","?","T","?","R","M","R","?","R","BOSS","M","?","M","?","$","R","E","M","T","R","M","R","M","?","R","BOSS"],"items_purchased_type":["Relic"],"build_version":"2020-12-22","purchased_purges":1,"victory":false,"max_hp_per_floor":[71,71,71,71,71,71,71,71,71,71,71,71,71,71,71,71,71,71,71,71,71,71,71,71,71,71,71,71,71,71,71,71,71,71],"relic_stats":{"OrangePellets":[3],"counters":[13,55],"Tiny Chest":1,"MealTicket":15,"obtain_stats":[{"Potion Belt":7,"SlaversCollar":17,"OrangePellets":22,"HornCleat":24,"NeowsBlessing":0,"Tiny Chest":9,"MealTicket":21,"Bag of Marbles":26,"Cracked Core":0},{"Potion Belt":4,"SlaversCollar":6,"OrangePellets":8,"HornCleat":9,"NeowsBlessing":0,"Tiny Chest":4,"MealTicket":8,"Bag of Marbles":10,"Cracked Core":0},{"Potion Belt":11,"SlaversCollar":22,"OrangePellets":28,"HornCleat":32,"NeowsBlessing":0,"Tiny Chest":11,"MealTicket":28,"Bag of Marbles":37,"Cracked Core":0}]},"card_choices":[{"not_picked":["Conserve Battery","Barrage"],"picked":"Turbo","floor":1.0},{"not_picked":["Gash","Chaos"],"picked":"Sunder","floor":4.0},{"not_picked":["Leap","Compile Driver"],"picked":"Ball Lightning","floor":5.0},{"not_picked":["Steam","Streamline"],"picked":"BootSequence","floor":7.0},{"not_picked":["Barrage","Ball Lightning"],"picked":"Electrodynamics","floor":12.0},{"not_picked":["Multi-Cast","Meteor Strike"],"picked":"Electrodynamics","floor":16},{"not_picked":["Steam","BootSequence","Compile Driver"],"picked":"SKIP","floor":18},{"not_picked":["Cold Snap","Rebound"],"picked":"Glacier","floor":20},{"not_picked":["Rebound","Beam Cell+1"],"picked":"Sunder","floor":24},{"not_picked":["Stack","Beam Cell+1"],"picked":"FTL","floor":25},{"not_picked":["Hologram","Leap+1"],"picked":"Undo","floor":28},{"not_picked":["Sunder","Streamline"],"picked":"Steam Power","floor":30}],"player_experience":411902,"relics_obtained":[{"floor":7.0,"key":"Potion Belt"},{"floor":9.0,"key":"Tiny Chest"},{"floor":21,"key":"MealTicket"},{"floor":24,"key":"HornCleat"},{"floor":26,"key":"Bag of Marbles"}],"event_choices":[{"cards_removed":["Strike_B"],"damage_healed":0.0,"max_hp_gain":0.0,"max_hp_loss":0.0,"gold_gain":0.0,"event_name":"The Cleric","player_choice":"Card Removal","floor":2.0,"gold_loss":75.0,"damage_taken":0.0},{"cards_removed":["Strike_B"],"damage_healed":0.0,"max_hp_gain":0.0,"max_hp_loss":0.0,"gold_gain":0.0,"event_name":"Purifier","player_choice":"Purged","floor":3.0,"gold_loss":0.0,"damage_taken":0.0},{"damage_healed":0.0,"max_hp_gain":0.0,"max_hp_loss":0.0,"gold_gain":0.0,"event_name":"Shining Light","player_choice":"Entered Light","floor":8.0,"gold_loss":0.0,"damage_taken":21.0,"cards_upgraded":["Defend_B","Strike_B"]},{"damage_healed":0.0,"max_hp_gain":0.0,"max_hp_loss":0.0,"gold_gain":0.0,"event_name":"Dead Adventurer","player_choice":"Searched \u00270\u0027 times","floor":10.0,"gold_loss":0.0,"damage_taken":0.0},{"damage_healed":0,"gold_gain":50,"player_choice":"Touch","damage_taken":7,"max_hp_gain":0,"max_hp_loss":0,"event_name":"FaceTrader","floor":14,"gold_loss":0},{"damage_healed":0,"gold_gain":0,"player_choice":"Got Potions","damage_taken":0,"max_hp_gain":0,"max_hp_loss":0,"event_name":"Lab","floor":19,"gold_loss":0},{"damage_healed":0,"gold_gain":0,"cards_transformed":["Defend_B","Defend_B"],"player_choice":"Became Test Subject","damage_taken":0,"max_hp_gain":0,"max_hp_loss":0,"event_name":"Drug Dealer","floor":31,"gold_loss":0,"cards_obtained":["Redo","Leap"]}],"is_beta":false,"boss_relics":[{"not_picked":["Coffee Dripper","Tiny House"],"picked":"SlaversCollar"}],"items_purged_floors":[22],"is_endless":false,"potions_floor_spawned":[4,7,16,20,24,30],"killed_by":"Champ","ascension_level":20}}