{"host":"rqgzkpsifhykr0rp","time":1608961655,"event":{"mods":["BaseMod","Colored Map","Downfall","Minty Spire (QoL Compilation)","StSLib"],"gold_per_floor":[99,99,99,99,8,20,99,24,9,9,20,20,5,30,45,145,145,145,161,161,176,194,207,233,249,174,200,215,315,335,355,355,355,355],"floor_reached":32,"playtime":3346,"items_purged":[],"score":287,"play_id":"102b4b22-a9ba-4bd9-a078-43cc9313a997","local_time":"20201226004735","is_ascension_mode":false,"campfire_choices":[{"floor":1,"key":"RECALL"},{"data":"champ:StanceDance","floor":8,"key":"SMITH"},{"data":"champ:Taunt","floor":10,"key":"SMITH"},{"data":"champ:StanceDance","floor":12,"key":"SMITH"},{"data":"champ:ShieldThrow","floor":18,"key":"SMITH"},{"data":"champ:ShieldThrow","floor":26,"key":"SMITH"}],"circlet_count":0,"master_deck":["champ:Execute","champ:Taunt+1","champ:BringItOn","champ:StanceDance+1","champ:CrookedStrike","champ:GladiatorStyle","champ:IronFortress","champ:ShieldWall","champ:StanceDance+1","champ:MurderStrike","champ:Lariat","champ:RisingSlash","champ:ShieldThrow+1","champ:ShieldThrow+1","champ:Devastate","champ:EnGarde","champ:ShieldThrow","champ:PerfectForm","champ:CalledShot","champ:EnGarde","champ:CalledShot+1","champ:FaceSlap","champ:Circumvent","champ:StanceDance","champ:Lariat","champ:ShieldSlam","champ:FlashCut","champ:DefensiveStyle+1","champ:FanOfKnives+1"],"relics":["champ:ChampionCrown","downfall:HeartsMalice","Meat on the Bone","downfall:HeartBlessingRed","InkBottle","Pandora\u0027s Box","downfall:HeartBlessingBlue","Thread and Needle"],"acts_visited":["Exordium","TheCity"],"potions_floor_usage":[14,16,19,27,27,28,32],"damage_taken":[{"damage":0,"enemies":"Cultist","floor":2,"turns":1},{"damage":0,"enemies":"2 Louse","floor":3,"turns":1},{"damage":0,"enemies":"Jaw Worm","floor":4,"turns":1},{"damage":5,"enemies":"downfall:FleeingMerchant","floor":5,"turns":4},{"damage":16,"enemies":"Large Slime","floor":6,"turns":7},{"damage":8,"enemies":"downfall:FleeingMerchant","floor":9,"turns":4},{"damage":5,"enemies":"3 Louse","floor":11,"turns":3},{"damage":5,"enemies":"downfall:FleeingMerchant","floor":13,"turns":4},{"damage":0,"enemies":"Gremlin Nob","floor":14,"turns":4},{"damage":5,"enemies":"Red Slaver","floor":15,"turns":5},{"damage":29,"enemies":"downfall:Defect","floor":16,"turns":6},{"damage":15,"enemies":"3 Byrds","floor":19,"turns":5},{"damage":9,"enemies":"3 Cultists","floor":21,"turns":6},{"damage":18,"enemies":"Sentry and Sphere","floor":22,"turns":6},{"damage":23,"enemies":"Centurion and Healer","floor":23,"turns":7},{"damage":28,"enemies":"Snecko","floor":25,"turns":5},{"damage":17,"enemies":"Book of Stabbing","floor":27,"turns":6},{"damage":26,"enemies":"3 Cultists","floor":28,"turns":5},{"damage":16,"enemies":"Shelled Parasite and Fungi","floor":30,"turns":5},{"damage":0,"enemies":"Snake Plant","floor":31,"turns":4},{"damage":45,"enemies":"3 Cultists","floor":32,"turns":5}],"seed_played":"4280240860647271749","potions_obtained":[{"floor":6,"key":"ColorlessPotion"},{"floor":11,"key":"AttackPotion"},{"floor":14,"key":"Block Potion"},{"floor":16,"key":"SpeedPotion"},{"floor":25,"key":"ColorlessPotion"},{"floor":27,"key":"EssenceOfSteel"},{"floor":30,"key":"SteroidPotion"},{"floor":31,"key":"Strength Potion"}],"is_trial":false,"path_per_floor":["R","M","M","M","$","M","T","R","$","R","M","R","$","E","M","B",null,"R","M","?","M","M","M","T","M","R","E","M","?","M","M","M"],"character_chosen":"THE_CHAMP","items_purchased":["champ:IronFortress"],"campfire_rested":0,"item_purchase_floors":[5],"current_hp_per_floor":[90,90,90,90,90,74,74,74,74,74,74,74,74,74,69,52,90,90,80,80,71,58,47,47,36,46,41,32,32,28,40,0,0,0],"gold":355,"neow_bonus":"THREE_ENEMY_KILL","is_daily":false,"chose_seed":false,"campfire_upgraded":5,"win_rate":0.0,"timestamp":1608961655,"path_taken":["R","M","M","M","$","M","T","R","$","R","M","R","?","E","M","BOSS","R","M","?","M","?","M","T","M","R","E","M","?","M","M","M"],"items_purchased_type":["Card"],"build_version":"2020-12-22","purchased_purges":0,"victory":false,"max_hp_per_floor":[90,90,90,90,90,90,90,90,90,90,90,90,90,90,90,90,90,90,90,90,90,90,90,90,90,100,100,100,100,100,100,100,100,100],"card_choices":[{"not_picked":["champ:Haymaker","champ:Circumvent"],"picked":"champ:BringItOn","floor":2},{"not_picked":["champ:AdrenalArmor","champ:FocusedBerserking"],"picked":"champ:StanceDance","floor":3},{"not_picked":["champ:GladiatorsShout","champ:GutPunch"],"picked":"champ:CrookedStrike","floor":4},{"not_picked":["champ:TornadoPunch","champ:BladeFlurry"],"picked":"champ:GladiatorStyle","floor":5},{"not_picked":["champ:FalseCounter","champ:PerfectedStrike"],"picked":"champ:ShieldWall","floor":6},{"not_picked":["champ:VampiricStrike","champ:BladeFlurry","champ:RapidStrikes"],"picked":"SKIP","floor":9},{"not_picked":["champ:EndlessRage","champ:Backstep"],"picked":"champ:StanceDance","floor":11},{"not_picked":["champ:GladiatorsShout","champ:RapidStrikes"],"picked":"champ:MurderStrike","floor":13},{"not_picked":["champ:HoldFirm","champ:RecklessLeap"],"picked":"champ:Lariat","floor":14},{"not_picked":["champ:FocusedBerserking","champ:CrookedStrike"],"picked":"champ:RisingSlash","floor":15},{"not_picked":["champ:ShieldSlam","champ:DancingMaster"],"picked":"champ:ShieldThrow","floor":16},{"not_picked":["champ:Backstep","champ:Haymaker"],"picked":"champ:CalledShot+1","floor":19},{"not_picked":["champ:BerserkerStyle","champ:EndlessRage"],"picked":"champ:Circumvent","floor":21},{"not_picked":["champ:GutPunch+1","champ:DefensiveShout"],"picked":"champ:StanceDance","floor":22},{"not_picked":["champ:CrookedStrike+1","champ:DefensiveShout","champ:StanceDance"],"picked":"SKIP","floor":23},{"not_picked":["champ:GladiatorsShout","champ:EnragedBash+1"],"picked":"champ:Lariat","floor":25},{"not_picked":["champ:GladiatorsShout+1","champ:Haymaker+1"],"picked":"champ:ShieldSlam","floor":27},{"not_picked":["champ:BladeFlurry+1","champ:FalseCounter"],"picked":"champ:FlashCut","floor":28},{"not_picked":["champ:Circumvent+1","champ:CrookedStrike"],"picked":"champ:DefensiveStyle+1","floor":30},{"not_picked":["champ:GladiatorsShout","champ:BladeFlurry"],"picked":"champ:FanOfKnives+1","floor":31}],"player_experience":312579,"relics_obtained":[{"floor":7,"key":"Meat on the Bone"},{"floor":14,"key":"InkBottle"},{"floor":27,"key":"Thread and Needle"}],"event_choices":[{"damage_healed":0,"gold_gain":0,"cards_transformed":["champ:PerfectedStrike"],"player_choice":"Transformed","damage_taken":0,"max_hp_gain":0,"max_hp_loss":0,"event_name":"Transmorgrifier","floor":20,"gold_loss":0,"cards_obtained":["champ:FaceSlap"]}],"is_beta":false,"boss_relics":[{"not_picked":["Calling Bell","Velvet Choker"],"picked":"Pandora\u0027s Box"}],"items_purged_floors":[],"is_endless":false,"potions_floor_spawned":[6,11,14,16,25,27,30,31],"killed_by":"3 Cultists","ascension_level":0}}