{"host":"v4tuy5ykrbdcm9o9","time":1608948561,"event":{"mods":["BaseMod","Duelist Mod","Minty Spire (QoL Compilation)","Replay The Spire","StSLib"],"gold_per_floor":[111,124,143,163,173,173,203,203,203,234,247,280,280,280,280,383,383,403,423,423,423,433,460,40,40,40,68,68,85,85,85],"floor_reached":30,"playtime":2611,"items_purged":["Writhe"],"score":319,"play_id":"46fe2c7b-f9b9-4cab-9be1-8abc49dd69af","local_time":"20201225210921","is_ascension_mode":true,"campfire_choices":[{"floor":6,"key":"REST"},{"data":"Static Discharge","floor":8,"key":"SMITH"},{"floor":15,"key":"REST"},{"floor":25,"key":"REST"},{"floor":28,"key":"REST"}],"circlet_count":0,"master_deck":["Strike_B","Strike_B","Strike_B","Strike_B","Defend_B","Defend_B","Defend_B","Defend_B","Zap+1","Dualcast","Scrape","Go for the Eyes","Barrage","Static Discharge+1","Beam Cell","BootSequence","Rip and Tear","Go for the Eyes","Scrape","Biased Cognition+1","Crystallizer+1","Go for the Eyes","Panic Button","Conserve Battery","FIFO Queue+1","Consume","Leap+1"],"relics":["Cracked Core","Geode","Pear","Frozen Egg 2","Replay:Towering Pillar of Hats","Blue Candle","Replay:Bronze Core","Replay:Mystery Machine","InkBottle","Onion Ring","Singing Bowl","Oddly Smooth Stone"],"acts_visited":["Exordium","TheCity"],"potions_floor_usage":[7,12,12,23,23],"damage_taken":[{"damage":1,"enemies":"Cultist","floor":1,"turns":3},{"damage":7,"enemies":"Jaw Worm","floor":2,"turns":3},{"damage":0,"enemies":"Small Slimes","floor":3,"turns":3},{"damage":12,"enemies":"3 Louse","floor":4,"turns":3},{"damage":6,"enemies":"Looter","floor":5,"turns":3},{"damage":11,"enemies":"Lagavulin","floor":7,"turns":5},{"damage":19,"enemies":"Replay:BlueRogue","floor":10,"turns":4},{"damage":0,"enemies":"2 Fungi Beasts","floor":11,"turns":4},{"damage":12,"enemies":"Gremlin Nob","floor":12,"turns":3},{"damage":52,"enemies":"Hexaghost","floor":16,"turns":8},{"damage":31,"enemies":"2 Thieves","floor":18,"turns":3},{"damage":6,"enemies":"Spheric Guardian","floor":19,"turns":3},{"damage":25,"enemies":"Snake Plant","floor":22,"turns":5},{"damage":6,"enemies":"theDuelist:KaibaA2","floor":23,"turns":5},{"damage":20,"enemies":"Gremlin Leader","floor":27,"turns":6},{"damage":41,"enemies":"Centurion and Healer","floor":29,"turns":6},{"damage":1,"enemies":"Shelled Parasite and Fungi","floor":30,"turns":3}],"seed_played":"-3016551859447045530","potions_obtained":[{"floor":1,"key":"Adrenaline Potion"},{"floor":3,"key":"Regen Potion"},{"floor":5,"key":"Milkshake"},{"floor":7,"key":"PotionOfCapacity"},{"floor":10,"key":"CultistPotion"},{"floor":11,"key":"SkillPotion"},{"floor":18,"key":"SkillPotion"},{"floor":22,"key":"FearPotion"}],"is_trial":false,"path_per_floor":["M","M","M","M","M","R","E","R","T","E","M","E","?","?","R","B",null,"M","M","?","?","M","E","$","R","T","E","R","M","M"],"character_chosen":"DEFECT","items_purchased":["Onion Ring","FIFO Queue+1","FocusPotion"],"campfire_rested":4,"item_purchase_floors":[24,24,24],"current_hp_per_floor":[74,67,67,55,49,71,78,78,78,59,59,47,47,47,72,20,85,54,48,48,48,23,17,17,42,42,22,47,6,5,5],"gold":85,"neow_bonus":"RANDOM_COMMON_RELIC","is_daily":false,"chose_seed":false,"campfire_upgraded":1,"win_rate":0.0,"timestamp":1608948561,"path_taken":["M","M","?","M","M","R","E","R","T","E","M","E","?","?","R","BOSS","M","M","?","?","M","E","$","R","T","E","R","M","M"],"items_purchased_type":["Relic","Card","Potion"],"build_version":"2020-12-22","purchased_purges":1,"victory":false,"max_hp_per_floor":[75,75,75,75,75,75,85,85,85,85,85,85,85,85,85,85,85,85,85,85,85,85,85,85,85,85,85,85,85,85,85],"card_choices":[{"not_picked":["Steam","Leap"],"picked":"Scrape","floor":1},{"not_picked":["Leap","Steam Power"],"picked":"Go for the Eyes","floor":2},{"not_picked":["ReplayTheSpireMod:Omega Cannon","Capacitor"],"picked":"Barrage","floor":3},{"not_picked":["Loop","Gash"],"picked":"Static Discharge","floor":4},{"not_picked":["BasicCrystalCard","Defragment"],"picked":"Beam Cell","floor":5},{"not_picked":["Beam Cell","Gash"],"picked":"BootSequence","floor":7},{"not_picked":["BasicCrystalCard","Chaos"],"picked":"Rip and Tear","floor":10},{"not_picked":["Stack","ReplayTheSpireMod:GoodbyeWorld+1"],"picked":"Go for the Eyes","floor":11},{"not_picked":["Cold Snap","Stack"],"picked":"Scrape","floor":12},{"not_picked":["Hyperbeam","ReplayRNGCard"],"picked":"Biased Cognition+1","floor":16},{"not_picked":["Skim","Hologram+1"],"picked":"Crystallizer+1","floor":18},{"not_picked":["Force Field+1","Coolheaded"],"picked":"Go for the Eyes","floor":19},{"not_picked":["Hologram+1","White Noise"],"picked":"Panic Button","floor":22},{"not_picked":["Beam Cell","White Noise"],"picked":"Conserve Battery","floor":23},{"not_picked":["Conserve Battery","Rebound"],"picked":"Consume","floor":27},{"not_picked":["Rebound+1","Redo"],"picked":"Leap+1","floor":29}],"player_experience":452021,"relics_obtained":[{"floor":7,"key":"Pear"},{"floor":9,"key":"Frozen Egg 2"},{"floor":10,"key":"Replay:Towering Pillar of Hats"},{"floor":12,"key":"Blue Candle"},{"floor":23,"key":"InkBottle"},{"floor":26,"key":"Singing Bowl"},{"floor":27,"key":"Oddly Smooth Stone"}],"event_choices":[{"damage_healed":0,"gold_gain":0,"player_choice":"Ignored","damage_taken":0,"max_hp_gain":0,"max_hp_loss":0,"event_name":"Golden Wing","floor":13,"gold_loss":0},{"damage_healed":0,"gold_gain":0,"player_choice":"Ignored","damage_taken":0,"max_hp_gain":0,"max_hp_loss":0,"event_name":"Liars Game","floor":14,"gold_loss":0},{"damage_healed":0,"gold_gain":0,"player_choice":"Opened","damage_taken":0,"relics_obtained":["Replay:Mystery Machine"],"max_hp_gain":0,"max_hp_loss":0,"event_name":"The Mausoleum","floor":20,"gold_loss":0,"cards_obtained":["Writhe"]},{"damage_healed":0,"gold_gain":0,"player_choice":"Forge","damage_taken":0,"max_hp_gain":0,"max_hp_loss":0,"event_name":"Accursed Blacksmith","floor":21,"gold_loss":0,"cards_upgraded":["Zap"]}],"is_beta":false,"boss_relics":[{"not_picked":["Sozu","ReplayTheSpireMod:DimensionalGlitch"],"picked":"Replay:Bronze Core"}],"items_purged_floors":[24],"is_endless":false,"potions_floor_spawned":[1,3,5,7,10,11,18,22],"killed_by":"Shelled Parasite and Fungi","ascension_level":2}}