{"host":"474oh00kq6ni8dn3","time":1608961523,"event":{"mods":["AchievementEnabler","Aspiration","BaseMod","Colored Map","Colored Powertips","Conspire","Custom Start","Downfall","Googly Eyes","Hubris","Infinite Spire","Lobotomy","Minty Spire (QoL Compilation)","Permanent Neow","Quick Restart","Replay The Spire","Shop Mod","StSLib","The Construct","The Jungle"],"gold_per_floor":[115,135,145,145,161,161,176,176,201,235,235,235,235,239,239,239,239],"floor_reached":16,"playtime":881,"items_purged":[],"score":110,"play_id":"3221d6bb-3831-4270-941b-ae694b124f70","local_time":"20201226054523","is_ascension_mode":false,"campfire_choices":[{"data":"Pommel Strike","floor":6,"key":"SMITH"},{"data":"hubris:StunningStrike","floor":8,"key":"SMITH"},{"data":"Bash","floor":11,"key":"SMITH"},{"data":"Armaments","floor":15,"key":"SMITH"}],"circlet_count":0,"master_deck":["Strike_R","Strike_R","Strike_R+1","Strike_R","Strike_R","Defend_R","Defend_R+1","Defend_R","Defend_R+1","Bash+1","Bloodbath","Pommel Strike+1","BeautyBeast","ReplayTheSpireMod:Corrosion Curse+1","Porccubus","CherryBlossoms","CrumblingArmor","hubris:StunningStrike+1","Freischutz","Armaments+1","GreedKing","Flex"],"relics":["Burning Blood","CogitoBucket","hubris:OldNail","War Paint","Potion Belt","Letter Opener"],"acts_visited":["Exordium"],"potions_floor_usage":[14,14,14],"damage_taken":[{"damage":5,"enemies":"Cultist","floor":1,"turns":4},{"damage":1,"enemies":"Jaw Worm","floor":2,"turns":3},{"damage":0,"enemies":"2 Louse","floor":3,"turns":2},{"damage":3,"enemies":"2 Fungi Beasts","floor":5,"turns":4},{"damage":25,"enemies":"Large Slime","floor":7,"turns":6},{"damage":27,"enemies":"3 Sentries","floor":10,"turns":13},{"damage":32,"enemies":"Gremlin Nob","floor":14,"turns":4},{"damage":12,"enemies":"Hexaghost","floor":16,"turns":5}],"seed_played":"4842565569122927453","potions_obtained":[{"floor":1,"key":"LifebloodPotion"},{"floor":5,"key":"Adrenaline Potion"},{"floor":10,"key":"DistilledChaos"}],"is_trial":false,"path_per_floor":["M","M","M","?","M","R","M","R","T","E","R","T","?","E","R","B"],"character_chosen":"IRONCLAD","items_purchased":[],"campfire_rested":0,"item_purchase_floors":[],"current_hp_per_floor":[80,80,80,64,69,69,52,52,52,36,36,36,36,10,10,0,0],"gold":239,"neow_bonus":"","is_daily":false,"chose_seed":false,"campfire_upgraded":4,"win_rate":0.0,"timestamp":1608961523,"path_taken":["M","M","M","?","M","R","M","R","T","E","R","?","?","E","R","BOSS"],"items_purchased_type":[],"build_version":"2020-12-22","purchased_purges":0,"victory":false,"max_hp_per_floor":[80,80,80,80,80,80,80,80,80,80,80,80,80,80,80,80,80],"card_choices":[{"not_picked":["SingingMachine","PunishingBird"],"picked":"Bloodbath","floor":1},{"not_picked":["Clothesline","Infernal Blade"],"picked":"Pommel Strike","floor":1},{"not_picked":["MHz","UniverseFragment"],"picked":"BeautyBeast","floor":2},{"not_picked":["Fire Breathing","True Grit"],"picked":"ReplayTheSpireMod:Corrosion Curse","floor":2},{"not_picked":["PunishingBird","CherryBlossoms"],"picked":"Porccubus","floor":3},{"not_picked":["Fire Breathing","Warcry","Pummel"],"picked":"SKIP","floor":3},{"not_picked":["DespairKnight","HappyTeddy"],"picked":"CherryBlossoms","floor":5},{"not_picked":["Warcry","Rage","hubris:ReadiedAction"],"picked":"SKIP","floor":5},{"not_picked":["Warcry","Rage","hubris:ReadiedAction"],"picked":"SKIP","floor":5},{"not_picked":["Murderer","PunishingBird"],"picked":"CrumblingArmor","floor":7},{"not_picked":["Iron Wave","Thunderclap"],"picked":"hubris:StunningStrike","floor":7},{"not_picked":["Scarecrow","UniverseFragment"],"picked":"Freischutz","floor":10},{"not_picked":["conspire:HitWhereItHurts","Life Link","Body Slam"],"picked":"SKIP","floor":10},{"not_picked":["LittleHelper","HeroicMonk"],"picked":"GreedKing","floor":14},{"not_picked":["Clothesline","Demon Form"],"picked":"Flex","floor":14}],"player_experience":27530,"relics_obtained":[{"floor":9,"key":"hubris:OldNail"},{"floor":10,"key":"War Paint"},{"floor":12,"key":"Potion Belt"},{"floor":14,"key":"Letter Opener"}],"event_choices":[{"damage_healed":0,"gold_gain":0,"player_choice":"Entered Light","damage_taken":16,"max_hp_gain":0,"max_hp_loss":0,"event_name":"Shining Light","floor":4,"gold_loss":0,"cards_upgraded":["ReplayTheSpireMod:Corrosion Curse","Strike_R"]}],"is_beta":false,"boss_relics":[],"items_purged_floors":[],"is_endless":false,"potions_floor_spawned":[1,5,10],"killed_by":"Hexaghost","ascension_level":0}}