{"host":"mqzixrakqjp3g00v","time":1608955879,"event":{"mods":["AchievementEnabler","BaseMod","BetterRewards","Colored Map","Colored Powertips","Custom Start","Highlight Path","Minty Spire (QoL Compilation)","Quick Restart","Shop Mod","StSLib"],"gold_per_floor":[31,44,44,47,64,90,90,124,124,124,145,173,185,52,52,156,156,175,274,284,308,318,233,52,52,76,76,95,295,313,330,330,427,427,427,427],"floor_reached":35,"playtime":2064,"items_purged":["Pain","Strike_P"],"score":423,"play_id":"98945399-53f7-45c4-b340-9927a604d064","local_time":"20201225221119","is_ascension_mode":false,"campfire_choices":[{"data":"Tantrum","floor":7,"key":"SMITH"},{"data":"LessonLearned","floor":10,"key":"SMITH"},{"data":"Vigilance","floor":15,"key":"SMITH"},{"data":"Establishment","floor":25,"key":"SMITH"},{"data":"Worship","floor":27,"key":"SMITH"},{"data":"Meditate","floor":32,"key":"SMITH"}],"circlet_count":0,"master_deck":["Strike_P","Strike_P","Defend_P","Defend_P","Defend_P+1","Defend_P","Eruption","Vigilance+1","BowlingBash","FlyingSleeves","CrushJoints","TalkToTheHand","Consecrate","Tantrum+1","LessonLearned+1","Prostrate","Establishment+1","Tantrum+1","SpiritShield+1","Adaptation","Protect+1","Worship+1","FlyingSleeves","Blasphemy","Meditate+1","DevaForm"],"relics":["PureWater","Ice Cream","ClockworkSouvenir","MerchantsRug","WarpedTongs","Kunai","Ancient Tea Set","Pear","Odd Mushroom","MawBank","DollysMirror","Coffee Dripper","Bag of Marbles","Turnip","Centennial Puzzle","Cursed Key"],"acts_visited":["Exordium","TheCity","TheBeyond"],"potions_floor_usage":[16,20,20,20,28,33,33],"damage_taken":[{"damage":0,"enemies":"2 Louse","floor":1,"turns":3},{"damage":0,"enemies":"Cultist","floor":2,"turns":2},{"damage":0,"enemies":"Jaw Worm","floor":5,"turns":3},{"damage":11,"enemies":"3 Sentries","floor":6,"turns":5},{"damage":0,"enemies":"Lagavulin","floor":8,"turns":2},{"damage":6,"enemies":"The Mushroom Lair","floor":11,"turns":3},{"damage":0,"enemies":"Gremlin Nob","floor":12,"turns":2},{"damage":28,"enemies":"The Guardian","floor":16,"turns":5},{"damage":0,"enemies":"Chosen","floor":18,"turns":3},{"damage":15,"enemies":"2 Thieves","floor":20,"turns":2},{"damage":2,"enemies":"Sentry and Sphere","floor":22,"turns":4},{"damage":0,"enemies":"3 Cultists","floor":28,"turns":4},{"damage":4,"enemies":"Shelled Parasite and Fungi","floor":30,"turns":6},{"damage":16,"enemies":"Snake Plant","floor":31,"turns":5},{"damage":13,"enemies":"Collector","floor":33,"turns":8},{"damage":0,"enemies":"3 Darklings","floor":35,"turns":2}],"seed_played":"7624651628268982431","potions_obtained":[{"floor":2,"key":"BottledMiracle"},{"floor":6,"key":"FearPotion"},{"floor":12,"key":"EntropicBrew"},{"floor":16,"key":"Dexterity Potion"},{"floor":28,"key":"LiquidMemories"},{"floor":33,"key":"SteroidPotion"}],"is_trial":false,"path_per_floor":["M","M","?","$","M","E","R","E","T","R","?","E","?","$","R","B",null,"M","?","M","T","M","?","$","R","T","R","M","?","M","M","R","B",null,"M"],"character_chosen":"WATCHER","items_purchased":["Ice Cream","ClockworkSouvenir","BowlingBash","FlyingSleeves","MerchantsRug","DollysMirror","Worship"],"campfire_rested":0,"item_purchase_floors":[0,0,0,0,0,14,24],"current_hp_per_floor":[72,72,72,72,72,61,61,61,71,71,65,65,65,65,65,37,82,82,82,67,67,65,65,65,65,65,65,65,65,61,45,45,32,82,82,82],"gold":427,"neow_bonus":"","is_daily":false,"chose_seed":false,"campfire_upgraded":6,"win_rate":0.0,"timestamp":1608955879,"path_taken":["M","M","?","?","?","E","R","E","T","R","?","E","?","$","R","BOSS","M","?","M","?","M","?","$","R","T","R","M","?","M","M","R","BOSS","M"],"items_purchased_type":["Relic","Relic","Card","Card","Relic","Relic","Card"],"build_version":"2020-12-22","purchased_purges":2,"victory":false,"max_hp_per_floor":[72,72,72,72,72,72,72,72,82,82,82,82,82,82,82,82,82,82,82,82,82,82,82,82,82,82,82,82,82,82,82,82,82,82,82,82],"card_choices":[{"not_picked":["SignatureMove","PathToVictory"],"picked":"CrushJoints","floor":1},{"not_picked":["Fasting2","BowlingBash"],"picked":"TalkToTheHand","floor":2},{"not_picked":["EmptyFist","Sanctity"],"picked":"Consecrate","floor":5},{"not_picked":["Worship","EmptyBody"],"picked":"Tantrum","floor":6},{"not_picked":["Worship","EmptyMind"],"picked":"LessonLearned","floor":8},{"not_picked":["Study","JustLucky"],"picked":"Prostrate","floor":11},{"not_picked":["Evaluate","ThirdEye"],"picked":"Establishment","floor":12},{"not_picked":["Establishment","Alpha"],"picked":"SpiritShield","floor":16},{"not_picked":["PathToVictory","MentalFortress"],"picked":"Adaptation","floor":18},{"not_picked":["WheelKick","WindmillStrike"],"picked":"Protect+1","floor":20},{"not_picked":["PathToVictory","Consecrate+1","Evaluate"],"picked":"SKIP","floor":22},{"not_picked":["BattleHymn","EmptyBody"],"picked":"FlyingSleeves","floor":28},{"not_picked":["FlyingSleeves","FlurryOfBlows+1"],"picked":"Blasphemy","floor":30},{"not_picked":["Consecrate","SashWhip"],"picked":"Meditate","floor":31},{"not_picked":["MasterReality","Brilliance"],"picked":"DevaForm","floor":33}],"player_experience":531967,"relics_obtained":[{"floor":6,"key":"Kunai"},{"floor":8,"key":"Ancient Tea Set"},{"floor":9,"key":"Pear"},{"floor":11,"key":"Odd Mushroom"},{"floor":12,"key":"MawBank"},{"floor":21,"key":"Bag of Marbles"},{"floor":26,"key":"Centennial Puzzle"}],"event_choices":[{"damage_healed":0,"gold_gain":0,"player_choice":"Rummage","damage_taken":0,"relics_obtained":["WarpedTongs"],"max_hp_gain":0,"max_hp_loss":0,"event_name":"Accursed Blacksmith","floor":3,"gold_loss":0,"cards_obtained":["Pain"]},{"damage_healed":0,"gold_gain":0,"player_choice":"Fought Mushrooms","damage_taken":0,"max_hp_gain":0,"max_hp_loss":0,"event_name":"Mushrooms","floor":11,"gold_loss":0},{"cards_removed":["Strike_P"],"damage_healed":0,"gold_gain":0,"player_choice":"Forget","damage_taken":0,"max_hp_gain":0,"max_hp_loss":0,"event_name":"Living Wall","floor":13,"gold_loss":0},{"damage_healed":0,"gold_gain":99,"player_choice":"Stole From Cult","damage_taken":0,"max_hp_gain":0,"max_hp_loss":0,"event_name":"Nest","floor":19,"gold_loss":0},{"damage_healed":0,"gold_gain":0,"player_choice":"Obtained Relic","damage_taken":0,"relics_obtained":["Turnip"],"max_hp_gain":0,"max_hp_loss":0,"event_name":"Addict","floor":23,"gold_loss":85},{"damage_healed":0,"gold_gain":250,"player_choice":"Bet on Owner","damage_taken":0,"max_hp_gain":0,"max_hp_loss":0,"event_name":"The Joust","floor":29,"gold_loss":50}],"is_beta":false,"boss_relics":[{"not_picked":["Runic Pyramid","Black Star"],"picked":"Coffee Dripper"},{"not_picked":["SacredBark","Philosopher\u0027s Stone"],"picked":"Cursed Key"}],"items_purged_floors":[4,24],"is_endless":false,"potions_floor_spawned":[2,6,12,16,20,22,28,30,33],"killed_by":"3 Darklings","ascension_level":0}}