{"host":"hu38hxukylnnynm2","time":1608963780,"event":{"mods":["AchievementEnabler","BaseMod","Card Forge","Colored Powertips","DNKmod","DeckTracker","Friendly Minions","Highlight Path","Minty Spire (QoL Compilation)","Spicy Shops","StSLib"],"gold_per_floor":[1019,1038,1052,1071,1083,1083,1118,1138,1138,1138,1166,1166,1201,1201,1201,1297,1297,1314,1364,1381,1395,1411,1439,1439,1457,1457,819,819,832,866,886,886,981,981,995,850,850,896,909,941,941,972,972,1022,53,88,105,125,125,125,125,125,125,150,150],"floor_reached":56,"playtime":1815,"items_purged":[],"score":1849,"play_id":"9d91e942-bffe-4135-a5aa-9e12ca413db7","local_time":"20201226012300","is_ascension_mode":true,"campfire_choices":[{"floor":6,"key":"RECALL"},{"floor":10,"key":"REST"},{"floor":15,"key":"REST"},{"floor":24,"key":"REST"},{"floor":32,"key":"REST"},{"floor":41,"key":"REST"},{"floor":49,"key":"REST"},{"floor":52,"key":"REST"}],"circlet_count":0,"master_deck":["Strike_B+1","Strike_B+1","Strike_B+1","Strike_B+1","Defend_B+1","Defend_B+1","Defend_B+1","Defend_B+1","Zap+1","Dualcast+1","Heatsinks+1","Mayhem+1","Panache+1","Mayhem+1","Panache+1","Mayhem+1","Panache+1","Mayhem+1","Panache+1","Mayhem+1","Panache+1","Cold Snap+1","Leap+1","Coolheaded+1","Storm+1","White Noise+1","Coolheaded+1","Turbo+1","Streamline+1","Electrodynamics+1","Storm+1","Hologram+1","Cold Snap+1","BootSequence+1","Stack+1","Fusion+1","Doom and Gloom+1"],"relics":["Cracked Core","Hammer of Thor","Seething Fire","Anvil of the Gods","Peace Pipe","Singing Bowl","Boot","Busted Crown","Shuriken","Matryoshka","InkBottle","Pantograph","Sundial","Bronze Scales","Runic Dome","TheAbacus","Pocketwatch","Omamori","Dream Catcher","Smiling Mask","Letter Opener","Dead Branch","Bird Faced Urn","DataDisk","HornCleat","Runic Capacitor","OrangePellets","Calipers","Lizard Tail"],"acts_visited":["Exordium","TheCity","TheBeyond","TheEnding"],"potions_floor_usage":[13,23,30,30,30,39,50,50],"damage_taken":[{"damage":2,"enemies":"Jaw Worm","floor":1,"turns":3},{"damage":0,"enemies":"2 Louse","floor":2,"turns":2},{"damage":0,"enemies":"Cultist","floor":3,"turns":2},{"damage":7,"enemies":"3 Louse","floor":4,"turns":2},{"damage":0,"enemies":"Lots of Slimes","floor":5,"turns":1},{"damage":0,"enemies":"Gremlin Nob","floor":7,"turns":2},{"damage":0,"enemies":"Blue Slaver","floor":8,"turns":2},{"damage":8,"enemies":"3 Sentries","floor":11,"turns":3},{"damage":13,"enemies":"Gremlin Nob","floor":13,"turns":3},{"damage":0,"enemies":"Slime Boss","floor":16,"turns":3},{"damage":10,"enemies":"Chosen","floor":18,"turns":2},{"damage":0,"enemies":"Spheric Guardian","floor":20,"turns":2},{"damage":23,"enemies":"Centurion and Healer","floor":21,"turns":2},{"damage":19,"enemies":"Snake Plant","floor":22,"turns":2},{"damage":19,"enemies":"Book of Stabbing","floor":23,"turns":3},{"damage":0,"enemies":"3 Cultists","floor":25,"turns":2},{"damage":1,"enemies":"Centurion and Healer","floor":29,"turns":2},{"damage":20,"enemies":"Gremlin Leader","floor":30,"turns":3},{"damage":16,"enemies":"Snecko","floor":31,"turns":4},{"damage":22,"enemies":"Champ","floor":33,"turns":5},{"damage":0,"enemies":"Orb Walker","floor":35,"turns":1},{"damage":1,"enemies":"2 Orb Walkers","floor":38,"turns":2},{"damage":23,"enemies":"3 Darklings","floor":39,"turns":2},{"damage":0,"enemies":"Giant Head","floor":40,"turns":4},{"damage":20,"enemies":"Reptomancer","floor":42,"turns":3},{"damage":0,"enemies":"Mind Bloom Boss Battle","floor":44,"turns":3},{"damage":0,"enemies":"Giant Head","floor":46,"turns":4},{"damage":0,"enemies":"Maw","floor":47,"turns":3},{"damage":4,"enemies":"Sphere and 2 Shapes","floor":48,"turns":2},{"damage":10,"enemies":"Time Eater","floor":50,"turns":5},{"damage":56,"enemies":"Shield and Spear","floor":54,"turns":4},{"damage":32,"enemies":"The Heart","floor":55,"turns":4}],"seed_played":"-5395255047890721353","potions_obtained":[{"floor":0,"key":"Swift Potion"},{"floor":0,"key":"SmokeBomb"},{"floor":0,"key":"Dexterity Potion"},{"floor":2,"key":"Regen Potion"},{"floor":7,"key":"ColorlessPotion"},{"floor":18,"key":"DuplicationPotion"},{"floor":22,"key":"SkillPotion"},{"floor":25,"key":"ColorlessPotion"},{"floor":31,"key":"Energy Potion"},{"floor":39,"key":"Fruit Juice"},{"floor":40,"key":"Ancient Potion"},{"floor":44,"key":"LiquidBronze"}],"is_trial":false,"path_per_floor":["M","M","M","M","M","R","E","M","T","R","E","?","E","?","R","B",null,"M","?","M","M","M","E","R","M","T","$","?","M","E","M","R","B",null,"M","$","?","?","M","E","R","E","T","?","$","E","M","M","R","B",null,"R","$","E","B",null],"character_chosen":"DEFECT","items_purchased":["InkBottle","Pantograph","Sundial","TheAbacus","Bird Faced Urn","DataDisk","HornCleat","Runic Capacitor","OrangePellets"],"campfire_rested":7,"item_purchase_floors":[27,27,27,36,45,45,45,45,45],"current_hp_per_floor":[98,98,98,91,91,91,91,91,91,100,92,92,79,84,105,105,105,95,95,97,76,57,38,70,72,72,72,72,73,53,39,73,78,107,109,109,111,112,94,94,128,110,110,132,132,134,136,136,138,138,138,140,140,96,119],"gold":150,"neow_bonus":"THREE_SMALL_POTIONS","is_daily":false,"chose_seed":false,"campfire_upgraded":0,"win_rate":0.0,"timestamp":1608963780,"path_taken":["M","M","M","M","M","R","E","M","T","R","E","?","E","?","R","BOSS","M","?","M","?","M","E","R","M","T","$","?","M","E","M","R","BOSS","M","?","?","?","M","E","R","E","T","?","$","E","M","M","R","BOSS","R","$","E","BOSS"],"items_purchased_type":["Relic","Relic","Relic","Relic","Relic","Relic","Relic","Relic","Relic"],"build_version":"2020-12-22","purchased_purges":0,"victory":true,"max_hp_per_floor":[100,100,100,100,100,100,100,100,100,100,100,100,100,105,105,105,105,105,105,107,109,109,109,109,111,111,111,111,113,113,115,115,117,117,119,119,121,123,128,128,128,130,130,132,132,134,136,136,138,138,138,140,140,142,142],"card_choices":[{"not_picked":["Cold Snap","Gash"],"picked":"Heatsinks","floor":1},{"not_picked":["Auto Shields","Stack"],"picked":"Cold Snap","floor":2},{"not_picked":["Steam Power","Stack"],"picked":"Leap","floor":3},{"not_picked":["Redo","Chill"],"picked":"Coolheaded","floor":4},{"not_picked":["Force Field","Biased Cognition"],"picked":"Storm","floor":5},{"not_picked":["Steam","Gash"],"picked":"White Noise","floor":7},{"not_picked":["Reinforced Body","Ball Lightning"],"picked":"Coolheaded","floor":8},{"not_picked":["Steam","Stack"],"picked":"Turbo","floor":11},{"not_picked":["Cold Snap","Aggregate"],"picked":"Streamline","floor":13},{"not_picked":["Biased Cognition","Hyperbeam"],"picked":"Electrodynamics","floor":16},{"not_picked":[],"picked":"Storm","floor":18},{"not_picked":["Beam Cell+1"],"picked":"Singing Bowl","floor":20},{"not_picked":["Barrage"],"picked":"Singing Bowl","floor":21},{"not_picked":[],"picked":"Hologram","floor":22},{"not_picked":[],"picked":"Cold Snap","floor":23},{"not_picked":["Rebound"],"picked":"Singing Bowl","floor":25},{"not_picked":["Rebound"],"picked":"Singing Bowl","floor":29},{"not_picked":[],"picked":"BootSequence","floor":30},{"not_picked":["Ball Lightning"],"picked":"Singing Bowl","floor":31},{"not_picked":["Fission"],"picked":"Singing Bowl","floor":33},{"not_picked":["Rebound"],"picked":"Singing Bowl","floor":35},{"not_picked":["Swift Strike"],"picked":"Singing Bowl","floor":37},{"not_picked":["Steam+1"],"picked":"Singing Bowl","floor":38},{"not_picked":[],"picked":"Stack+1","floor":39},{"not_picked":[],"picked":"Fusion","floor":40},{"not_picked":["Barrage"],"picked":"Singing Bowl","floor":42},{"not_picked":["Chaos"],"picked":"Singing Bowl","floor":44},{"not_picked":["Gash"],"picked":"Singing Bowl","floor":46},{"not_picked":["Sweeping Beam"],"picked":"Singing Bowl","floor":47},{"not_picked":[],"picked":"Doom and Gloom+1","floor":48},{"not_picked":["Streamline+1"],"picked":"Singing Bowl","floor":49},{"not_picked":["Genetic Algorithm+1"],"picked":"Singing Bowl","floor":52},{"not_picked":["Sweeping Beam"],"picked":"Singing Bowl","floor":54}],"player_experience":516566,"relics_obtained":[{"floor":7,"key":"Peace Pipe"},{"floor":11,"key":"Singing Bowl"},{"floor":13,"key":"Boot"},{"floor":23,"key":"Shuriken"},{"floor":26,"key":"Matryoshka"},{"floor":30,"key":"Bronze Scales"},{"floor":38,"key":"Pocketwatch"},{"floor":40,"key":"Omamori"},{"floor":42,"key":"Dream Catcher"},{"floor":43,"key":"Smiling Mask"},{"floor":43,"key":"Letter Opener"},{"floor":44,"key":"Dead Branch"},{"floor":46,"key":"Calipers"},{"floor":54,"key":"Lizard Tail"}],"event_choices":[{"damage_healed":0,"gold_gain":0,"player_choice":"Ignored","damage_taken":0,"max_hp_gain":0,"max_hp_loss":0,"event_name":"Golden Wing","floor":12,"gold_loss":0},{"damage_healed":0,"gold_gain":0,"player_choice":"Donut","damage_taken":0,"max_hp_gain":5,"max_hp_loss":0,"event_name":"Big Fish","floor":14,"gold_loss":0},{"damage_healed":0,"gold_gain":100,"player_choice":"Bet on Murderer","damage_taken":0,"max_hp_gain":0,"max_hp_loss":0,"event_name":"The Joust","floor":19,"gold_loss":50},{"damage_healed":0,"gold_gain":0,"player_choice":"Ignored","damage_taken":0,"max_hp_gain":0,"max_hp_loss":0,"event_name":"Upgrade Shrine","floor":28,"gold_loss":0},{"damage_healed":0,"gold_gain":0,"player_choice":"Memory 1","damage_taken":0,"max_hp_gain":0,"max_hp_loss":0,"event_name":"SensoryStone","floor":37,"gold_loss":0},{"damage_healed":0,"gold_gain":0,"player_choice":"Fight","damage_taken":0,"max_hp_gain":0,"max_hp_loss":0,"event_name":"Mysterious Sphere","floor":38,"gold_loss":0},{"damage_healed":0,"gold_gain":0,"player_choice":"Fight","damage_taken":0,"max_hp_gain":0,"max_hp_loss":0,"event_name":"MindBloom","floor":44,"gold_loss":0}],"is_beta":false,"boss_relics":[{"not_picked":["SlaversCollar","Velvet Choker"],"picked":"Busted Crown"},{"not_picked":["Pandora\u0027s Box","Snecko Eye"],"picked":"Runic Dome"}],"items_purged_floors":[],"is_endless":false,"potions_floor_spawned":[2,7,8,18,22,25,31,39,40,44],"ascension_level":5}}