{"host":"kiauivt48syq9iz6","time":1608999026,"event":{"mods":["BaseMod","Conspire","Downfall","Hermit","Minty Spire (QoL Compilation)","Replay The Spire","SIMod","StSLib","The Animator","The Construct","The Cursed","The Runesmith","The Servant 0.9.4"],"gold_per_floor":[112,128,128,203,220,220,232,232,259,259,273,12,12,38,38,38,38],"floor_reached":16,"playtime":538,"items_purged":[],"score":100,"play_id":"bf56bffa-a5e0-4c87-856c-eb70cc85b9cf","local_time":"20201226091026","is_ascension_mode":false,"campfire_choices":[{"data":"TheCursedMod:CircleOfBlood","floor":6,"key":"SMITH"},{"data":"Replay:SS_fish_2","floor":8,"key":"SMITH"},{"floor":15,"key":"REST"}],"circlet_count":0,"master_deck":["TheCursedMod:Strike_TheCursed","TheCursedMod:Strike_TheCursed","TheCursedMod:Strike_TheCursed","TheCursedMod:Strike_TheCursed","TheCursedMod:Defend_TheCursed","TheCursedMod:Defend_TheCursed","TheCursedMod:Defend_TheCursed","TheCursedMod:Defend_TheCursed","TheCursedMod:CursedWand","TheCursedMod:CleanUpWorkshop","TheCursedMod:Dregs","Replay:SS_fish_2+1","TheCursedMod:CircleOfCorruption","TheCursedMod:CircleOfBlood+1","TheCursedMod:CursedBlade","TheCursedMod:FleshFromBone","TheCursedMod:HellfireBreathing","TheCursedMod:CircleOfBlood","TheCursedMod:CursedBlade","Trip","TheCursedMod:LuckyCharm"],"relics":["TheCursedMod:BlackMagic101","Ring of Peace","Regal Pillow","Vajra","Centennial Puzzle"],"acts_visited":["Exordium"],"potions_floor_usage":[14,16,16],"damage_taken":[{"damage":0,"enemies":"conspire:RoseBush","floor":1,"turns":3},{"damage":0,"enemies":"2 Louse","floor":2,"turns":3},{"damage":0,"enemies":"Cultist","floor":5,"turns":4},{"damage":0,"enemies":"Red Slaver","floor":7,"turns":4},{"damage":0,"enemies":"2 Fungi Beasts","floor":11,"turns":4},{"damage":17,"enemies":"Gremlin Nob","floor":14,"turns":5},{"damage":86,"enemies":"Fading Forest","floor":16,"turns":8}],"seed_played":"-6462394040291462860","potions_obtained":[{"floor":2,"key":"Block Potion"},{"floor":5,"key":"BlessingOfTheForge"},{"floor":11,"key":"LiquidBronze"},{"floor":14,"key":"ColorlessPotion"}],"is_trial":false,"path_per_floor":["M","M","?","?","M","R","M","R","T","?","M","$","$","E","R","B"],"character_chosen":"THE_CURSED","items_purchased":["TheCursedMod:HellfireBreathing","TheCursedMod:CircleOfBlood","TheCursedMod:CursedBlade","Trip"],"campfire_rested":1,"item_purchase_floors":[12,12,12,12],"current_hp_per_floor":[75,75,75,64,75,75,75,75,75,75,75,75,75,58,75,0,0],"gold":38,"neow_bonus":"RANDOM_COLORLESS","is_daily":false,"chose_seed":false,"campfire_upgraded":2,"win_rate":0.0,"timestamp":1608999026,"path_taken":["M","M","?","?","M","R","M","R","T","?","?","?","$","E","R","BOSS"],"items_purchased_type":["Card","Card","Card","Card"],"build_version":"2020-12-22","purchased_purges":0,"victory":false,"max_hp_per_floor":[75,75,75,75,75,75,75,75,75,75,75,75,75,75,75,75,75],"card_choices":[{"not_picked":["Dark Shackles","expansioncontent:PolyBeam"],"picked":"Replay:SS_fish_2","floor":0},{"not_picked":["TheCursedMod:DoubleShield","TheCursedMod:BloodBarrier"],"picked":"TheCursedMod:CircleOfCorruption","floor":1},{"not_picked":["TheCursedMod:ReleasedKnowledge","TheCursedMod:CursedBoomerang"],"picked":"TheCursedMod:CircleOfBlood","floor":2},{"not_picked":["TheCursedMod:CircleOfFocus","TheCursedMod:CircleOfCorruption"],"picked":"TheCursedMod:CursedBlade","floor":5},{"not_picked":["TheCursedMod:VitalStrike","TheCursedMod:CircleOfCorruption"],"picked":"TheCursedMod:Stigma","floor":7},{"not_picked":["TheCursedMod:CircleOfCorruption","TheCursedMod:RavingStaff"],"picked":"TheCursedMod:FleshFromBone","floor":11},{"not_picked":["TheCursedMod:CursedBlade","TheCursedMod:HellfireBreathing"],"picked":"TheCursedMod:LuckyCharm","floor":14}],"player_experience":95665,"relics_obtained":[{"floor":3,"key":"Ring of Peace"},{"floor":9,"key":"Regal Pillow"},{"floor":14,"key":"Centennial Puzzle"}],"event_choices":[{"damage_healed":0,"gold_gain":75,"player_choice":"Gather Gold","damage_taken":11,"max_hp_gain":0,"max_hp_loss":0,"event_name":"World of Goop","floor":4,"gold_loss":0},{"cards_removed":["TheCursedMod:Stigma"],"damage_healed":0,"gold_gain":0,"player_choice":"Gave Card","damage_taken":0,"relics_obtained":["Vajra"],"max_hp_gain":0,"max_hp_loss":0,"event_name":"WeMeetAgain","floor":10,"gold_loss":0}],"is_beta":false,"boss_relics":[],"items_purged_floors":[],"is_endless":false,"potions_floor_spawned":[2,5,11,14],"killed_by":"Fading Forest","ascension_level":0}}