{"host":"o7j6aatxjwpw1421","time":1608978770,"event":{"mods":["2.2 Compatiblity","AchievementEnabler","BaseMod","Colored Map","DeckTracker","Highlight Path","Keyboard Shortcuts","Minty Spire (QoL Compilation)","Permanent Neow","Quick Restart","StSLib","SuperFastMode","everything is the same but u backflip on backflip"],"gold_per_floor":[10,21,21,40,58,58,83,116,116,116,137,162,162,237,237,330,330,343,343,361,286,299,299,339,354,354,374,407,430,91,104,104,194,194,218,158,174,195,214,214,253,253,253,272,162,162,176,209,209,209,209],"floor_reached":50,"playtime":2841,"items_purged":["Strike_R+1"],"score":949,"play_id":"b566a2d1-1b72-4076-b6cb-ae425298ec83","local_time":"20201226193250","is_ascension_mode":true,"campfire_choices":[{"data":"Pommel Strike","floor":6.0,"key":"SMITH"},{"data":"Armaments","floor":10.0,"key":"SMITH"},{"data":"Shockwave","floor":13.0,"key":"SMITH"},{"data":"Seeing Red","floor":15.0,"key":"SMITH"},{"data":"Limit Break","floor":23.0,"key":"SMITH"},{"data":"Demon Form","floor":32.0,"key":"SMITH"},{"data":"Body Slam","floor":40.0,"key":"SMITH"},{"floor":46.0,"key":"REST"},{"floor":49.0,"key":"REST"}],"circlet_count":0,"master_deck":["AscendersBane","Strike_R+1","Defend_R+1","Defend_R+1","Defend_R+1","Defend_R+1","Bash","Seeing Red+1","Shockwave+1","Pommel Strike+1","Shrug It Off","Armaments+1","Second Wind","Dropkick","Limit Break+1","Evolve","Demon Form+1","Sword Boomerang","Feel No Pain","Seeing Red","Berserk","Heavy Blade+1","Exhume","Body Slam+1","Battle Trance+1","Dual Wield+1","Entrench+1","Madness","Madness","Parasite"],"relics":["Burning Blood","Charon\u0027s Ashes","Golden Idol","Bronze Scales","Question Card","Mark of Pain","Red Skull","Orichalcum","Thread and Needle","Oddly Smooth Stone","Cursed Key","Ornamental Fan","Du-Vu Doll","Pen Nib"],"acts_visited":["Exordium","TheCity","TheBeyond"],"potions_floor_usage":[],"damage_taken":[{"damage":4.0,"enemies":"Jaw Worm","floor":1.0,"turns":5.0},{"damage":1.0,"enemies":"2 Louse","floor":2.0,"turns":2.0},{"damage":8.0,"enemies":"Cultist","floor":4.0,"turns":4.0},{"damage":12.0,"enemies":"2 Fungi Beasts","floor":5.0,"turns":3.0},{"damage":7.0,"enemies":"Gremlin Gang","floor":7.0,"turns":5.0},{"damage":17.0,"enemies":"3 Sentries","floor":8.0,"turns":5.0},{"damage":2.0,"enemies":"Exordium Wildlife","floor":11.0,"turns":6.0},{"damage":5.0,"enemies":"Blue Slaver","floor":12.0,"turns":3.0},{"damage":36.0,"enemies":"Hexaghost","floor":16.0,"turns":9.0},{"damage":0.0,"enemies":"3 Byrds","floor":18.0,"turns":3.0},{"damage":13.0,"enemies":"Spheric Guardian","floor":20.0,"turns":5.0},{"damage":2.0,"enemies":"3 Cultists","floor":22.0,"turns":5.0},{"damage":6.0,"enemies":"Slavers","floor":24.0,"turns":7.0},{"damage":7.0,"enemies":"Cultist and Chosen","floor":25.0,"turns":6.0},{"damage":1.0,"enemies":"Centurion and Healer","floor":27.0,"turns":6.0},{"damage":12.0,"enemies":"Book of Stabbing","floor":28.0,"turns":6.0},{"damage":0.0,"enemies":"Snake Plant","floor":29.0,"turns":4.0},{"damage":3.0,"enemies":"Cultist and Chosen","floor":31.0,"turns":6.0},{"damage":9.0,"enemies":"Champ","floor":33.0,"turns":6.0},{"damage":4.0,"enemies":"Orb Walker","floor":35.0,"turns":3.0},{"damage":14.0,"enemies":"3 Shapes","floor":37.0,"turns":4.0},{"damage":8.0,"enemies":"Maw","floor":38.0,"turns":6.0},{"damage":29.0,"enemies":"3 Darklings","floor":39.0,"turns":5.0},{"damage":25.0,"enemies":"Reptomancer","floor":41.0,"turns":6.0},{"damage":0.0,"enemies":"Writhing Mass","floor":44.0,"turns":5.0},{"damage":14.0,"enemies":"Jaw Worm Horde","floor":47.0,"turns":5.0},{"damage":23.0,"enemies":"Giant Head","floor":48.0,"turns":7.0},{"damage":43,"enemies":"Awakened One","floor":50,"turns":5}],"seed_played":"-9122377192719183323","potions_obtained":[{"floor":1.0,"key":"Weak Potion"},{"floor":2.0,"key":"BloodPotion"},{"floor":5.0,"key":"SkillPotion"},{"floor":7.0,"key":"BloodPotion"},{"floor":16.0,"key":"ColorlessPotion"},{"floor":22.0,"key":"Dexterity Potion"},{"floor":27.0,"key":"CultistPotion"},{"floor":28.0,"key":"Strength Potion"},{"floor":35.0,"key":"SpeedPotion"},{"floor":38.0,"key":"LiquidBronze"},{"floor":48.0,"key":"Ancient Potion"}],"is_trial":false,"path_per_floor":["M","M","?","M","M","R","M","E","T","R","M","M","R","?","R","B",null,"M","?","M","?","M","R","E","M","T","M","E","M","$","M","R","B",null,"M","?","M","M","M","R","E","?","T","M","?","R","M","E","R","B"],"character_chosen":"IRONCLAD","items_purchased":["Feel No Pain","Seeing Red","Oddly Smooth Stone"],"campfire_rested":2,"item_purchase_floors":[30,30,30],"current_hp_per_floor":[74,79,59,57,67,67,66,55,55,55,59,60,60,49,49,35,69,75,75,68,68,72,72,72,71,71,76,70,76,76,79,79,76,79,80,80,72,70,47,47,28,18,18,24,24,48,40,23,47,4,4],"gold":209,"neow_bonus":"ONE_RARE_RELIC","is_daily":false,"chose_seed":false,"campfire_upgraded":7,"win_rate":0.0,"timestamp":1608978770,"path_taken":["M","M","?","M","M","R","M","E","T","R","M","M","R","?","R","BOSS","M","?","M","?","M","R","E","M","T","M","E","M","$","M","R","BOSS","M","?","?","M","M","R","E","?","T","M","?","R","?","E","R","BOSS"],"items_purchased_type":["Card","Card","Relic"],"build_version":"2020-12-22","purchased_purges":1,"victory":false,"max_hp_per_floor":[80,80,80,80,80,80,80,80,80,80,80,80,80,80,80,80,80,80,80,80,80,80,80,80,80,80,80,80,80,80,80,80,80,80,80,80,80,80,80,80,80,80,80,80,80,80,80,80,80,80,80],"card_choices":[{"not_picked":["Disarm","Clash"],"picked":"Seeing Red","floor":1.0},{"not_picked":["Clothesline","Flex"],"picked":"Shockwave","floor":2.0},{"not_picked":["Thunderclap","Sword Boomerang"],"picked":"Pommel Strike","floor":4.0},{"not_picked":["Body Slam","Entrench"],"picked":"Shrug It Off","floor":5.0},{"not_picked":["Clothesline","Sword Boomerang"],"picked":"Armaments","floor":7.0},{"not_picked":["Hemokinesis","Metallicize","Cleave"],"picked":"SKIP","floor":8.0},{"not_picked":["Cleave","Flame Barrier","Combust"],"picked":"Second Wind","floor":11.0},{"not_picked":["Hemokinesis","Thunderclap","Intimidate"],"picked":"Dropkick","floor":12.0},{"not_picked":["Double Tap","Feed","Brutality"],"picked":"Limit Break","floor":16.0},{"not_picked":["Clothesline+1","Shrug It Off","Searing Blow","Headbutt"],"picked":"SKIP","floor":18.0},{"not_picked":["Rage+1","Searing Blow","Clothesline","Sever Soul"],"picked":"SKIP","floor":20.0},{"not_picked":["Uppercut","Rupture","Dual Wield","Clothesline+1"],"picked":"SKIP","floor":22.0},{"not_picked":["Body Slam","Havoc","Perfected Strike"],"picked":"Evolve","floor":24.0},{"not_picked":["Heavy Blade","Battle Trance","Combust","Carnage"],"picked":"SKIP","floor":25.0},{"not_picked":["Shockwave","Twin Strike","Sever Soul","Bloodletting"],"picked":"SKIP","floor":27.0},{"not_picked":["Disarm","Uppercut","Rampage"],"picked":"Demon Form","floor":28.0},{"not_picked":["Iron Wave","Rampage","Twin Strike"],"picked":"Sword Boomerang","floor":29.0},{"not_picked":["Metallicize","Armaments","Iron Wave","Spot Weakness"],"picked":"SKIP","floor":31.0},{"not_picked":["Metallicize","Armaments","Iron Wave","Spot Weakness"],"picked":"SKIP","floor":31.0},{"not_picked":["Corruption","Brutality","Double Tap"],"picked":"Berserk","floor":33.0},{"not_picked":["Sever Soul","Clothesline+1","Flex"],"picked":"Heavy Blade+1","floor":35.0},{"not_picked":["Shrug It Off","Iron Wave","Clothesline","Searing Blow"],"picked":"SKIP","floor":37.0},{"not_picked":["Wild Strike","Shrug It Off","Infernal Blade"],"picked":"Battle Trance+1","floor":38.0},{"not_picked":["Sword Boomerang","Shrug It Off","Bloodletting"],"picked":"Dual Wield+1","floor":39.0},{"not_picked":["Second Wind","Havoc","Disarm+1"],"picked":"Entrench+1","floor":41.0},{"not_picked":["Anger+1","Twin Strike","Headbutt","Rampage"],"picked":"SKIP","floor":44.0},{"not_picked":["Berserk","Clash","Warcry+1","Headbutt+1"],"picked":"SKIP","floor":47.0},{"not_picked":["Sword Boomerang","Clash+1","Body Slam","Uppercut+1"],"picked":"SKIP","floor":48.0}],"player_experience":364182,"relics_obtained":[{"floor":8.0,"key":"Bronze Scales"},{"floor":9.0,"key":"Question Card"},{"floor":24.0,"key":"Red Skull"},{"floor":26.0,"key":"Orichalcum"},{"floor":28.0,"key":"Thread and Needle"},{"floor":41.0,"key":"Ornamental Fan"},{"floor":48.0,"key":"Pen Nib"}],"event_choices":[{"damage_healed":0.0,"max_hp_gain":0.0,"max_hp_loss":0.0,"gold_gain":0.0,"event_name":"Golden Idol","player_choice":"Take Damage","floor":3.0,"gold_loss":0.0,"damage_taken":20.0,"relics_obtained":["Golden Idol"]},{"damage_healed":0.0,"max_hp_gain":0.0,"max_hp_loss":0.0,"gold_gain":75.0,"event_name":"World of Goop","player_choice":"Gather Gold","floor":14.0,"gold_loss":0.0,"damage_taken":11.0},{"damage_healed":0.0,"max_hp_gain":0.0,"max_hp_loss":0.0,"gold_gain":0.0,"event_name":"Back to Basics","player_choice":"Simplicity","floor":19.0,"gold_loss":0.0,"damage_taken":0.0,"cards_upgraded":["Strike_R","Strike_R","Strike_R","Strike_R","Strike_R","Defend_R","Defend_R","Defend_R","Defend_R"]},{"cards_removed":["Strike_R"],"damage_healed":0.0,"max_hp_gain":0.0,"max_hp_loss":0.0,"gold_gain":0.0,"event_name":"Beggar","player_choice":"Gave Gold","floor":21.0,"gold_loss":75.0,"damage_taken":0.0},{"damage_healed":0.0,"max_hp_gain":0.0,"max_hp_loss":0.0,"gold_gain":0.0,"cards_transformed":["Strike_R","Strike_R"],"event_name":"Designer","player_choice":"Transformed Cards","floor":36.0,"gold_loss":60.0,"damage_taken":0.0,"cards_obtained":["Exhume","Body Slam"]},{"damage_healed":0.0,"max_hp_gain":0.0,"max_hp_loss":0.0,"gold_gain":0.0,"event_name":"Winding Halls","player_choice":"Embrace Madness","floor":42.0,"gold_loss":0.0,"damage_taken":10.0,"cards_obtained":["Madness","Madness"]},{"damage_healed":0.0,"max_hp_gain":0.0,"max_hp_loss":0.0,"gold_gain":0.0,"event_name":"WeMeetAgain","player_choice":"Paid Gold","floor":45.0,"gold_loss":110.0,"damage_taken":0.0,"relics_obtained":["Du-Vu Doll"]}],"is_beta":false,"boss_relics":[{"not_picked":["SlaversCollar","Philosopher\u0027s Stone"],"picked":"Mark of Pain"},{"not_picked":["Runic Dome","Snecko Eye"],"picked":"Cursed Key"}],"items_purged_floors":[30],"is_endless":false,"potions_floor_spawned":[1,2,5,7,16,22,27,28,31,35,38,48],"killed_by":"Awakened One","ascension_level":13}}