{"host":"ttx8tv95o5vka1nm","time":1608985298,"event":{"mods":["BaseMod","Downfall","Minty Spire (QoL Compilation)","Replay The Spire","StSLib"],"gold_per_floor":[99,119,134,148,166,197,197,225,225,243,243,261,261,304,315,315,315,315],"floor_reached":16,"playtime":3635,"items_purged":[],"score":124,"play_id":"87495880-3f5f-4bfc-89c0-2883c0fdb47e","local_time":"20201226222138","is_ascension_mode":false,"campfire_choices":[{"data":"champ:Taunt","floor":1,"key":"SMITH"},{"data":"champ:GladiatorStyle","floor":13,"key":"SMITH"}],"circlet_count":0,"master_deck":["champ:Strike","champ:Strike","champ:Strike","champ:Strike","champ:Defend+1","champ:Defend","champ:Defend+1","champ:Defend","champ:Execute","champ:Taunt+1","champ:GladiatorsShout","champ:DeathBlow","champ:Backstep","champ:BringItOn","champ:CalledShot","champ:FlashCut","CommonCold","champ:GladiatorStyle+1","champ:IronFortress","champ:SteelEdge","champ:StanceDance"],"relics":["champ:ChampionCrown","Replay:Accelerometer","Gambling Chip","Thread and Needle","ReplayTheSpireMod:Ring of Challenge","Ring of Hypnosis","Simple Rune"],"acts_visited":["Exordium"],"potions_floor_usage":[14,16,16],"damage_taken":[{"damage":11,"enemies":"2 Louse","floor":2,"turns":4},{"damage":8,"enemies":"Small Slimes","floor":3,"turns":3},{"damage":15,"enemies":"Cultist","floor":4,"turns":3},{"damage":56,"enemies":"Large Slime","floor":5,"turns":9},{"damage":19,"enemies":"3 Sentries","floor":6,"turns":10},{"damage":38,"enemies":"Lagavulin","floor":8,"turns":7},{"damage":10,"enemies":"Lots of Slimes","floor":10,"turns":2},{"damage":5,"enemies":"Blue Slaver","floor":12,"turns":4},{"damage":32,"enemies":"Gremlin Nob","floor":14,"turns":5},{"damage":15,"enemies":"Large Slime","floor":15,"turns":5},{"damage":25,"enemies":"downfall:Defect","floor":16,"turns":6}],"seed_played":"597338483786310517","potions_obtained":[{"floor":3,"key":"champ:CounterPotion"},{"floor":8,"key":"Explosive Potion"},{"floor":12,"key":"AttackPotion"}],"is_trial":false,"path_per_floor":["R","M","M","M","M","E","T","E","?","M","?","M","R","E","M","B"],"character_chosen":"THE_CHAMP","items_purchased":[],"campfire_rested":0,"item_purchase_floors":[],"current_hp_per_floor":[99,93,90,90,72,68,68,50,50,50,45,45,45,23,23,0,0,0],"gold":315,"neow_bonus":"TEN_PERCENT_HP_BONUS","is_daily":false,"chose_seed":false,"campfire_upgraded":2,"win_rate":0.0,"timestamp":1608985298,"path_taken":["R","M","M","M","M","E","T","E","?","M","?","M","R","E","M","BOSS"],"items_purchased_type":[],"build_version":"2020-12-22","purchased_purges":0,"victory":false,"max_hp_per_floor":[99,99,99,99,99,99,99,99,99,99,99,99,99,99,99,99,99,99],"card_choices":[{"not_picked":["champ:GutPunch","champ:Haymaker"],"picked":"champ:GladiatorsShout","floor":2},{"not_picked":["champ:Lariat","champ:Circumvent"],"picked":"champ:DeathBlow","floor":3},{"not_picked":["champ:Circumvent","champ:FocusedGladiator"],"picked":"champ:Backstep","floor":4},{"not_picked":["champ:Shatter","champ:EndlessRage"],"picked":"champ:BringItOn","floor":5},{"not_picked":["champ:HoldFirm","champ:PerfectedStrike"],"picked":"champ:CalledShot","floor":6},{"not_picked":["champ:BladeFlurry","champ:Improvising"],"picked":"champ:FlashCut","floor":8},{"not_picked":["champ:Duel","champ:BringItOn"],"picked":"champ:GladiatorStyle","floor":10},{"not_picked":["champ:DefensiveShout","champ:EndlessRage"],"picked":"champ:IronFortress","floor":12},{"not_picked":["champ:EnragedBash","champ:GladiatorStyle"],"picked":"champ:SteelEdge","floor":14},{"not_picked":["champ:RisingSlash","champ:CrookedStrike"],"picked":"champ:StanceDance","floor":15}],"player_experience":439629,"relics_obtained":[{"floor":6,"key":"Replay:Accelerometer"},{"floor":7,"key":"Gambling Chip"},{"floor":8,"key":"Thread and Needle"},{"floor":9,"key":"ReplayTheSpireMod:Ring of Challenge"},{"floor":9,"key":"Ring of Hypnosis"},{"floor":14,"key":"Simple Rune"}],"event_choices":[],"is_beta":false,"boss_relics":[],"items_purged_floors":[],"is_endless":false,"potions_floor_spawned":[3,8,12],"killed_by":"downfall:Defect","ascension_level":0}}