{"host":"pl1fbpkom0aq337f","time":1608996933,"event":{"mods":["AchievementEnabler","BaseMod","Colored Map","Minty Spire (QoL Compilation)"],"gold_per_floor":[119,138,138,25,92,92,124,139,139,159,173,208,226,246,246,246,323,323,337,337,262,14,14,28,28,41,69,116,216,242,259,286,54,54,73,73,151,210,220,68,81,90,105,131,151,188,188,188,222,251,251,280,51,70,95,95,95,95,95,95,131,131,131],"floor_reached":62,"playtime":3470,"items_purged":["Iron Wave"],"score":1760,"play_id":"f2b49a72-0ff2-4902-af8f-32c3230a52b9","local_time":"20201226163533","is_ascension_mode":true,"campfire_choices":[{"data":"Armaments","floor":6,"key":"SMITH"},{"data":"Spot Weakness","floor":15,"key":"SMITH"},{"data":"Spot Weakness","floor":16,"key":"SMITH"},{"floor":25,"key":"REST"},{"floor":34,"key":"REST"},{"floor":36,"key":"RECALL"},{"floor":51,"key":"REST"},{"floor":56,"key":"REST"},{"floor":59,"key":"REST"}],"circlet_count":0,"master_deck":["AscendersBane","Bash","Combust","Metallicize","Clothesline+1","Armaments+1","Twin Strike","Barricade","Reaper+1","Spot Weakness+1","Sword Boomerang+1","Rupture+1","Shrug It Off","Spot Weakness+1","Shrug It Off+1","Flame Barrier+1","Offering+1","Limit Break+1","Headbutt","Whirlwind","J.A.X.+1","Hemokinesis","True Grit+1","Hemokinesis+1","Exhume+1","Limit Break+1","Rupture","Combust","True Grit+1","Spot Weakness+1","Reaper+1","Havoc+1","Impervious+1"],"relics":["Pandora\u0027s Box","HornCleat","Toxic Egg 2","InkBottle","Fusion Hammer","Vajra","CeramicFish","Champion Belt","Meat on the Bone","Paper Frog","HandDrill","Tiny House","Mango","Charon\u0027s Ashes","Pantograph","Torii","Whetstone","DollysMirror","Strawberry"],"acts_visited":["Exordium","TheCity","TheBeyond","TheEnding"],"potions_floor_usage":[10,12,29,32,37,43,44,45,54,55,61],"damage_taken":[{"damage":7,"enemies":"2 Louse","floor":1,"turns":4},{"damage":9,"enemies":"Small Slimes","floor":2,"turns":3},{"damage":12,"enemies":"3 Sentries","floor":7,"turns":5},{"damage":8,"enemies":"Jaw Worm","floor":8,"turns":4},{"damage":0,"enemies":"Looter","floor":10,"turns":3},{"damage":3,"enemies":"2 Fungi Beasts","floor":11,"turns":3},{"damage":45,"enemies":"Gremlin Nob","floor":12,"turns":5},{"damage":15,"enemies":"3 Louse","floor":13,"turns":3},{"damage":7,"enemies":"Gremlin Gang","floor":14,"turns":3},{"damage":11,"enemies":"Hexaghost","floor":17,"turns":6},{"damage":13,"enemies":"Chosen","floor":19,"turns":5},{"damage":19,"enemies":"Shell Parasite","floor":24,"turns":3},{"damage":13,"enemies":"Cultist and Chosen","floor":26,"turns":3},{"damage":19,"enemies":"Book of Stabbing","floor":27,"turns":3},{"damage":25,"enemies":"Colosseum Slavers","floor":29,"turns":3},{"damage":9,"enemies":"Colosseum Nobs","floor":29,"turns":2},{"damage":9,"enemies":"Snake Plant","floor":30,"turns":2},{"damage":16,"enemies":"Snecko","floor":31,"turns":5},{"damage":18,"enemies":"Gremlin Leader","floor":32,"turns":5},{"damage":8,"enemies":"3 Cultists","floor":35,"turns":2},{"damage":45,"enemies":"Automaton","floor":37,"turns":5},{"damage":2,"enemies":"Orb Walker","floor":39,"turns":3},{"damage":34,"enemies":"3 Darklings","floor":41,"turns":4},{"damage":9,"enemies":"Jaw Worm Horde","floor":43,"turns":1},{"damage":17,"enemies":"Reptomancer","floor":44,"turns":2},{"damage":45,"enemies":"4 Shapes","floor":45,"turns":7},{"damage":55,"enemies":"Giant Head","floor":46,"turns":5},{"damage":49,"enemies":"Mind Bloom Boss Battle","floor":49,"turns":3},{"damage":44,"enemies":"Nemesis","floor":50,"turns":7},{"damage":40,"enemies":"Writhing Mass","floor":52,"turns":5},{"damage":18,"enemies":"Jaw Worm Horde","floor":54,"turns":4},{"damage":21,"enemies":"Sphere and 2 Shapes","floor":55,"turns":3},{"damage":141,"enemies":"Awakened One","floor":57,"turns":11},{"damage":130,"enemies":"Shield and Spear","floor":61,"turns":5},{"damage":146,"enemies":"The Heart","floor":62,"turns":7}],"seed_played":"6776803069461331248","potions_obtained":[{"floor":7,"key":"Block Potion"},{"floor":8,"key":"Dexterity Potion"},{"floor":10,"key":"EssenceOfSteel"},{"floor":14,"key":"SpeedPotion"},{"floor":17,"key":"FearPotion"},{"floor":19,"key":"DistilledChaos"},{"floor":29,"key":"SpeedPotion"},{"floor":30,"key":"BlessingOfTheForge"},{"floor":35,"key":"SteroidPotion"},{"floor":38,"key":"FearPotion"},{"floor":39,"key":"Strength Potion"},{"floor":43,"key":"SpeedPotion"},{"floor":45,"key":"ColorlessPotion"},{"floor":50,"key":"Fire Potion"},{"floor":54,"key":"Explosive Potion"}],"is_trial":false,"path_per_floor":["M","M","?","$","?","R","E","M","T","M","M","E","M","M","R","R","B",null,"M","?","?","$","?","M","R","M","E","T","?","M","M","E","$","R","M","R","B",null,"M","$","M","?","M","E","M","E","?","T","?","E","R","M","$","M","M","R","B",null,"R","$","E","B"],"character_chosen":"IRONCLAD","items_purchased":["Rupture","Shrug It Off","Vajra","Whirlwind","HandDrill","Exhume+1","Spot Weakness+1","DollysMirror"],"campfire_rested":5,"item_purchase_floors":[4,4,22,22,33,40,53,53],"current_hp_per_floor":[69,67,44,44,44,44,52,49,49,57,70,31,46,62,62,62,74,75,62,62,62,62,62,55,75,69,75,75,44,53,49,46,46,68,60,60,27,68,80,80,80,80,71,92,94,94,89,89,89,45,71,43,43,56,71,89,28,74,89,89,96,0,0],"gold":131,"neow_bonus":"BOSS_RELIC","is_daily":false,"chose_seed":false,"campfire_upgraded":3,"win_rate":0.0,"timestamp":1608996933,"path_taken":["M","M","?","$","?","R","E","M","T","M","M","E","M","M","R","R","BOSS","M","?","?","$","?","M","R","M","E","T","?","M","M","E","?","R","M","R","BOSS","M","$","M","?","?","E","M","E","?","T","?","E","R","?","$","M","M","R","BOSS","R","$","E","BOSS"],"items_purchased_type":["Card","Card","Relic","Card","Relic","Card","Card","Relic"],"build_version":"2020-12-22","purchased_purges":1,"victory":false,"max_hp_per_floor":[75,75,75,75,75,75,75,75,75,75,75,75,75,75,75,75,75,75,75,75,75,75,75,75,75,75,75,75,75,75,75,75,75,75,75,75,75,80,80,80,80,80,80,94,94,94,89,89,89,89,89,89,89,89,89,89,89,89,89,89,96,96,96],"card_choices":[{"not_picked":["Wild Strike","Twin Strike"],"picked":"Iron Wave","floor":1},{"not_picked":["Reckless Charge","Dual Wield"],"picked":"Sword Boomerang","floor":2},{"not_picked":["Blood for Blood","Power Through"],"picked":"Spot Weakness","floor":7},{"not_picked":["Armaments","Havoc","Burning Pact"],"picked":"SKIP","floor":8},{"not_picked":["Body Slam","Hemokinesis"],"picked":"Shrug It Off+1","floor":10},{"not_picked":["Fire Breathing","Cleave"],"picked":"Flame Barrier+1","floor":11},{"not_picked":["True Grit+1","Carnage"],"picked":"Offering+1","floor":12},{"not_picked":["Carnage","Heavy Blade","Evolve"],"picked":"SKIP","floor":13},{"not_picked":["Havoc+1","True Grit+1","Heavy Blade"],"picked":"SKIP","floor":14},{"not_picked":["Impervious+1","Exhume+1"],"picked":"Limit Break+1","floor":17},{"not_picked":["Iron Wave","Pommel Strike"],"picked":"Headbutt","floor":19},{"not_picked":["Battle Trance+1","Heavy Blade"],"picked":"Hemokinesis","floor":24},{"not_picked":["Metallicize","Warcry+1","Twin Strike"],"picked":"SKIP","floor":26},{"not_picked":["Rage+1","Infernal Blade+1","Clothesline"],"picked":"SKIP","floor":27},{"not_picked":["Uppercut","Perfected Strike"],"picked":"True Grit+1","floor":30},{"not_picked":["Perfected Strike","Twin Strike","Clothesline"],"picked":"SKIP","floor":31},{"not_picked":["Wild Strike","Perfected Strike","True Grit+1"],"picked":"SKIP","floor":32},{"not_picked":["Body Slam","Havoc+1","Power Through+1"],"picked":"SKIP","floor":35},{"not_picked":["Intimidate+1","Flex+1"],"picked":"Hemokinesis","floor":38},{"not_picked":["Dropkick","Headbutt","Sword Boomerang"],"picked":"SKIP","floor":39},{"not_picked":["Ghostly Armor+1","Havoc+1","Headbutt"],"picked":"SKIP","floor":41},{"not_picked":["Blood for Blood","Perfected Strike","Entrench+1"],"picked":"SKIP","floor":43},{"not_picked":["Fiend Fire","Sever Soul","Body Slam"],"picked":"SKIP","floor":44},{"not_picked":["Perfected Strike+1","Dropkick","Reckless Charge+1"],"picked":"SKIP","floor":45},{"not_picked":["Iron Wave","Clothesline"],"picked":"Rupture","floor":46},{"not_picked":["Uppercut","Blood for Blood+1"],"picked":"Combust","floor":49},{"not_picked":["Sever Soul","Headbutt","Armaments+1"],"picked":"SKIP","floor":50},{"not_picked":["Pommel Strike","Inflame"],"picked":"True Grit+1","floor":52},{"not_picked":["Body Slam","Clothesline","Flex+1"],"picked":"SKIP","floor":54},{"not_picked":["Flex+1","Entrench+1"],"picked":"Havoc+1","floor":55},{"not_picked":["Reckless Charge+1","Heavy Blade"],"picked":"Impervious+1","floor":61}],"player_experience":403199,"relics_obtained":[{"floor":7,"key":"HornCleat"},{"floor":9,"key":"Toxic Egg 2"},{"floor":12,"key":"InkBottle"},{"floor":27,"key":"CeramicFish"},{"floor":29,"key":"Champion Belt"},{"floor":29,"key":"Meat on the Bone"},{"floor":32,"key":"Paper Frog"},{"floor":44,"key":"Mango"},{"floor":46,"key":"Charon\u0027s Ashes"},{"floor":48,"key":"Pantograph"},{"floor":49,"key":"Torii"},{"floor":50,"key":"Whetstone"},{"floor":61,"key":"Strawberry"}],"event_choices":[{"damage_healed":0,"gold_gain":0,"player_choice":"Entered Light","damage_taken":23,"max_hp_gain":0,"max_hp_loss":0,"event_name":"Shining Light","floor":3,"gold_loss":0,"cards_upgraded":["Sword Boomerang","Reaper"]},{"damage_healed":0,"gold_gain":67,"player_choice":"Gained Gold","damage_taken":0,"max_hp_gain":0,"max_hp_loss":0,"event_name":"Golden Wing","floor":5,"gold_loss":0},{"damage_healed":0,"gold_gain":0,"player_choice":"Ignored","damage_taken":0,"max_hp_gain":0,"max_hp_loss":0,"event_name":"Ghosts","floor":20,"gold_loss":0},{"cards_removed":["Flex"],"damage_healed":0,"gold_gain":0,"player_choice":"Gave Gold","damage_taken":0,"max_hp_gain":0,"max_hp_loss":0,"event_name":"Beggar","floor":21,"gold_loss":75},{"damage_healed":0,"gold_gain":0,"player_choice":"Obtain J.A.X.","damage_taken":0,"max_hp_gain":0,"max_hp_loss":0,"event_name":"Drug Dealer","floor":23,"gold_loss":0,"cards_obtained":["J.A.X."]},{"damage_healed":0,"gold_gain":0,"player_choice":"Fight","damage_taken":0,"max_hp_gain":0,"max_hp_loss":0,"event_name":"Colosseum","floor":29,"gold_loss":0},{"damage_healed":0,"gold_gain":0,"player_choice":"Fought Nobs","damage_taken":0,"max_hp_gain":0,"max_hp_loss":0,"event_name":"Colosseum","floor":29,"gold_loss":0},{"damage_healed":0,"gold_gain":0,"player_choice":"Copied","damage_taken":0,"max_hp_gain":0,"max_hp_loss":0,"event_name":"Duplicator","floor":42,"gold_loss":0,"cards_obtained":["Limit Break"]},{"damage_healed":0,"gold_gain":0,"player_choice":"Max HP","damage_taken":0,"max_hp_gain":0,"max_hp_loss":5,"event_name":"Winding Halls","floor":47,"gold_loss":0},{"damage_healed":0,"gold_gain":0,"player_choice":"Fight","damage_taken":0,"max_hp_gain":0,"max_hp_loss":0,"event_name":"MindBloom","floor":49,"gold_loss":0}],"is_beta":false,"boss_relics":[{"not_picked":["Ectoplasm","Calling Bell"],"picked":"Fusion Hammer"},{"not_picked":["Astrolabe","SacredBark"],"picked":"Tiny House"}],"items_purged_floors":[33],"is_endless":false,"potions_floor_spawned":[7,8,10,14,17,19,29,30,31,35,39,43,45,50,52,54],"killed_by":"The Heart","ascension_level":18}}