{"host":"87nh37ho6vfc76k4","time":1608963357,"event":{"mods":["AchievementEnabler","BaseMod","Colored Map","Googly Eyes","Highlight Path","Jorbs\u0027s Wanderer Trilogy","Minty Spire (QoL Compilation)","Permanent Neow","Random Character Button","StSLib","Waifu the Spire"],"gold_per_floor":[369,369,401,351,34,65,65,97,97,97,97],"floor_reached":10,"playtime":731,"items_purged":["stsjorbsmod:Strike_Wanderer"],"score":104,"play_id":"fbf86a29-a3da-4782-8709-e065d5309285","local_time":"20201226011557","is_ascension_mode":true,"campfire_choices":[{"data":"stsjorbsmod:SmithingStrike","floor":7,"key":"SMITH"}],"circlet_count":0,"master_deck":["stsjorbsmod:ForbiddenGrimoire+1","stsjorbsmod:Strike_Wanderer","stsjorbsmod:Strike_Wanderer","stsjorbsmod:Strike_Wanderer","stsjorbsmod:Defend_Wanderer","stsjorbsmod:Defend_Wanderer","stsjorbsmod:Defend_Wanderer","stsjorbsmod:Defend_Wanderer","stsjorbsmod:FreshAdventure","stsjorbsmod:EyeOfTheStorm","stsjorbsmod:ParryingBlow","stsjorbsmod:SmithingStrike+1","stsjorbsmod:ChatteringStrike","stsjorbsmod:Thorns","stsjorbsmod:ArcaneWeapon","stsjorbsmod:Withdraw"],"relics":["stsjorbsmod:GrimoireRelic","Gremlin Horn","Membership Card","Bag of Marbles","Gambling Chip","Boot","Tiny Chest"],"acts_visited":["Exordium"],"potions_floor_usage":[6,10],"damage_taken":[{"damage":2.0,"enemies":"Jaw Worm","floor":1.0,"turns":4.0},{"damage":2.0,"enemies":"Small Slimes","floor":3.0,"turns":2.0},{"damage":31,"enemies":"Gremlin Nob","floor":6,"turns":4},{"damage":26,"enemies":"Lagavulin","floor":8,"turns":5},{"damage":16,"enemies":"Gremlin Nob","floor":10,"turns":2}],"seed_played":"3350500326807041205","potions_obtained":[{"floor":1.0,"key":"DistilledChaos"},{"floor":8,"key":"SteroidPotion"}],"is_trial":false,"path_per_floor":["M","?","M","?","$","E","R","E","T","E"],"character_chosen":"WANDERER","items_purchased":["Membership Card","stsjorbsmod:ChatteringStrike","Bag of Marbles","stsjorbsmod:Thorns"],"campfire_rested":0,"item_purchase_floors":[5,5,5,5],"current_hp_per_floor":[61,61,60,60,60,29,29,6,6,0,0],"gold":97,"neow_bonus":"TWO_FIFTY_GOLD","is_daily":false,"chose_seed":false,"campfire_upgraded":1,"win_rate":0.0,"timestamp":1608963357,"path_taken":["M","?","M","?","$","E","R","E","T","E"],"items_purchased_type":["Relic","Card","Relic","Card"],"build_version":"2020-12-22","purchased_purges":1,"victory":false,"max_hp_per_floor":[62,62,62,62,62,62,62,62,62,62,62],"card_choices":[{"not_picked":["stsjorbsmod:WanderingMind","stsjorbsmod:Hibernate"],"picked":"stsjorbsmod:ParryingBlow","floor":1.0},{"not_picked":["stsjorbsmod:Stalwart","stsjorbsmod:Will"],"picked":"stsjorbsmod:SmithingStrike","floor":3.0},{"not_picked":["stsjorbsmod:ParryingBlow","stsjorbsmod:UnseenServant"],"picked":"stsjorbsmod:ArcaneWeapon","floor":6},{"not_picked":["stsjorbsmod:ColorSpray","stsjorbsmod:Aid"],"picked":"stsjorbsmod:Withdraw","floor":8}],"player_experience":1608168,"relics_obtained":[{"floor":6,"key":"Gambling Chip"},{"floor":8,"key":"Boot"},{"floor":9,"key":"Tiny Chest"}],"event_choices":[{"damage_healed":0.0,"max_hp_gain":0.0,"max_hp_loss":0.0,"gold_gain":0.0,"event_name":"Big Fish","player_choice":"Box","floor":2.0,"gold_loss":0.0,"damage_taken":0.0,"relics_obtained":["Gremlin Horn"],"cards_obtained":["Regret"]},{"cards_removed":["Regret"],"damage_healed":0.0,"max_hp_gain":0.0,"max_hp_loss":0.0,"gold_gain":0.0,"event_name":"The Cleric","player_choice":"Card Removal","floor":4.0,"gold_loss":50.0,"damage_taken":0.0}],"is_beta":false,"boss_relics":[],"items_purged_floors":[5],"is_endless":false,"potions_floor_spawned":[1,8],"killed_by":"Gremlin Nob","ascension_level":8}}