{"host":"u0f5uy314yz7olfc","time":1608986843,"event":{"mods":["AchievementEnabler","Aspiration","BaseMod","Better Altar","Better Match","Better Note","Better Sensory Stone","Better Skull","Better Third Choice","BetterRewards","Block Reminder","Colored Map","Colored Powertips","DeckTracker","Dota2Spire","Emptier Cage","Gold Saver","Highlight Path","Hubris","Infinite Spire","Marked Mod","Mimic Mod","Minty Spire (QoL Compilation)","Permanent Neow","Quick Restart","Rare Cards Sparkle","Relic Sorter","Shop Mod","StSLib","The Bladedancer","The Blue Laboratory","Watcher Patcher"],"gold_per_floor":[257,257,257,257,267,267,281,313,350,364,364,375,387,404,404,500,500,511,511,511,511,530,89,89,102,102,102,112,27,41,51,51,146,146,159,459,506,506,520,520,35,67,94,109,109,109,123,137,137,137,137,137,69,69,69],"floor_reached":54,"playtime":3689,"items_purged":["All For One"],"score":971,"play_id":"138f1c60-c37c-4ef8-9f4b-3edc56eb2949","local_time":"20201226194723","is_ascension_mode":false,"campfire_choices":[{"floor":6,"key":"REST"},{"floor":11,"key":"REST"},{"floor":15,"key":"REST"},{"floor":24,"key":"REST"},{"floor":32,"key":"RECALL"},{"data":"infinitespire:FutureSight","floor":40,"key":"SMITH"},{"floor":45,"key":"REST"},{"floor":49,"key":"REST"},{"data":"hubris:Fate","floor":52,"key":"SMITH"}],"circlet_count":0,"master_deck":["Strike_B","Strike_B","Strike_B","Defend_B","Defend_B","Defend_B","Defend_B","Zap","Dualcast","Coolheaded","Apotheosis+1","Feed","Conserve Battery","Electrodynamics","Consume","Force Field","Loop+1","Doom and Gloom","Ball Lightning","Sunder","Chaos","Capacitor","Double Energy","CurseOfTheBell","Turbo","infinitespire:FutureSight+1","hubris:Fate+1","BootSequence","Redo","Capacitor","FTL","Rainbow","Hologram","Doom and Gloom","Shrug It Off","blademaster:Cut","Bouncing Flask","blademaster:Quickstep+1","blademaster:BrainBloom+1","Venomology","blademaster:AwakeningStrike+1","Outmaneuver+1","Secret Technique","Coolheaded","Meteor Strike","BattleHymn","blademaster:AspectOfLightning+1","blademaster:AirSlash+1","blademaster:Stability","hubris:NaturalOne","Parasite","Ghostly Armor+1","blademaster:Flurry+1","Flex+1","Loop","Coolheaded"],"relics":["Cracked Core","hubris:Icosahedron","MerchantsRug","Dota2Spire:PowerTreads","TungstenRod","aspiration:Stellarator","Dota2Spire:MonkeyKingBar","Dota2Spire:Vanguard","infinitespire:Lychee Nut","hubris:SlimyHat","Anchor","Ice Cream"],"acts_visited":["Exordium","TheCity","TheBeyond","TheEnding"],"potions_floor_usage":[7,8,14,30,30,31,31,33,33,35,35,42,42,42,42,42,42,42,42,42,42,44,44,44,44,47,47,48,48,48,48,48,48,48,50,50,50,50,50,50,50,50],"damage_taken":[{"damage":7,"enemies":"Small Slimes","floor":1,"turns":3},{"damage":4,"enemies":"2 Louse","floor":5,"turns":4},{"damage":0,"enemies":"Jaw Worm","floor":7,"turns":3},{"damage":22,"enemies":"Lagavulin","floor":8,"turns":7},{"damage":4,"enemies":"Blue Slaver","floor":9,"turns":11},{"damage":10,"enemies":"Blue Slaver","floor":10,"turns":5},{"damage":14,"enemies":"Large Slime","floor":12,"turns":3},{"damage":0,"enemies":"2 Fungi Beasts","floor":13,"turns":4},{"damage":8,"enemies":"Lots of Slimes","floor":14,"turns":4},{"damage":45,"enemies":"The Guardian","floor":16,"turns":7},{"damage":62,"enemies":"2 Thieves","floor":18,"turns":4},{"damage":3,"enemies":"Spheric Guardian","floor":22,"turns":4},{"damage":10,"enemies":"Chosen and Byrds","floor":25,"turns":3},{"damage":18,"enemies":"Centurion and Healer","floor":28,"turns":5},{"damage":0,"enemies":"Snake Plant","floor":30,"turns":3},{"damage":22,"enemies":"Shelled Parasite and Fungi","floor":31,"turns":6},{"damage":48,"enemies":"Automaton","floor":33,"turns":8},{"damage":11,"enemies":"Orb Walker","floor":35,"turns":5},{"damage":19,"enemies":"3 Shapes","floor":39,"turns":3},{"damage":45,"enemies":"Giant Head","floor":42,"turns":8},{"damage":5,"enemies":"Spire Growth","floor":44,"turns":6},{"damage":33,"enemies":"Writhing Mass","floor":47,"turns":8},{"damage":11,"enemies":"Sphere and 2 Shapes","floor":48,"turns":6},{"damage":47,"enemies":"Donu and Deca","floor":50,"turns":9},{"damage":66,"enemies":"Shield and Spear","floor":54,"turns":5}],"seed_played":"2125569705237888536","potions_obtained":[{"floor":1,"key":"SkillPotion"},{"floor":7,"key":"blueLaboratory:PlasmaFuel"},{"floor":13,"key":"SkillPotion"},{"floor":22,"key":"Dexterity Potion"},{"floor":28,"key":"EssenceOfDarkness"},{"floor":42,"key":"blueLaboratory:StoneskinPotion"},{"floor":42,"key":"EssenceOfSteel"},{"floor":47,"key":"SteroidPotion"},{"floor":48,"key":"DuplicationPotion"},{"floor":50,"key":"blueLaboratory:BubblePotion"}],"is_trial":false,"path_per_floor":["M","?","?","?","M","R","M","E","MIM","M","R","M","M","M","R","B",null,"M","?","AVR","?","M","$","R","M","T","T","M","?","M","M","R","B",null,"M","?","T","?","M","R","$","E","T","M","R","?","M","M","R","B",null,"R","$","E"],"character_chosen":"DEFECT","items_purchased":["MerchantsRug","Capacitor","aspiration:ChemicalBlood","FTL","Rainbow","Hologram","Doom and Gloom","hubris:EmptyBottle","Secret Technique","Coolheaded","Meteor Strike","BattleHymn","Loop","Coolheaded","Ice Cream"],"campfire_rested":6,"item_purchase_floors":[0,23,23,23,23,23,23,41,41,41,41,41,53,53,53],"current_hp_per_floor":[68,75,75,61,57,75,75,53,49,39,61,47,47,39,61,16,75,13,13,13,13,14,14,58,48,48,48,30,30,35,22,46,4,59,49,49,49,49,35,59,59,14,14,15,59,59,26,24,62,29,62,62,62,0,0],"gold":69,"neow_bonus":"","is_daily":false,"chose_seed":false,"campfire_upgraded":2,"win_rate":0.0,"timestamp":1608986843,"path_taken":["M","?","?","?","M","R","M","E","MIM","M","R","M","M","M","R","BOSS","M","?","AVR","?","M","?","R","M","T","?","?","?","M","M","R","BOSS","M","?","?","?","M","R","$","E","T","M","R","?","M","M","R","BOSS","R","$","E"],"items_purchased_type":["Relic","Card","Relic","Card","Card","Card","Card","Relic","Card","Card","Card","Card","Card","Card","Relic"],"build_version":"2020-12-22","purchased_purges":1,"victory":false,"max_hp_per_floor":[75,75,75,75,75,75,75,75,75,75,75,75,75,75,75,75,75,75,75,75,75,79,79,79,79,79,79,79,59,59,59,59,59,59,59,59,59,59,59,59,59,59,59,59,59,59,59,62,62,62,62,62,62,62,62],"card_choices":[{"not_picked":["Go for the Eyes","Streamline"],"picked":"Coolheaded","floor":1},{"not_picked":["Cold Snap","Streamline"],"picked":"Conserve Battery","floor":5},{"not_picked":["JustLucky","Coolheaded"],"picked":"Electrodynamics","floor":6},{"not_picked":["Beam Cell","Compile Driver"],"picked":"Consume","floor":7},{"not_picked":["Evaluate","Coolheaded"],"picked":"Force Field","floor":8},{"not_picked":["Evaluate","CrushJoints"],"picked":"Loop","floor":9},{"not_picked":["Gash","JustLucky"],"picked":"Doom and Gloom","floor":10},{"not_picked":["hubris:DoWhile","Crescendo"],"picked":"Ball Lightning","floor":11},{"not_picked":["Evaluate","Sanctity"],"picked":"Sunder","floor":12},{"not_picked":["Force Field","Go for the Eyes"],"picked":"Chaos","floor":13},{"not_picked":["Crescendo","Undo"],"picked":"Capacitor","floor":14},{"not_picked":["CrushJoints","Rebound"],"picked":"Double Energy","floor":15},{"not_picked":["Thunder Strike","Seek"],"picked":"All For One","floor":16},{"not_picked":["Ball Lightning+1","Beam Cell"],"picked":"Turbo","floor":18},{"not_picked":["Protect","Panacea"],"picked":"Redo","floor":22},{"not_picked":["Heavy Blade+1","Impervious"],"picked":"Shrug It Off","floor":24},{"not_picked":["hubris:Sniper","Blade Dance"],"picked":"blademaster:Cut","floor":25},{"not_picked":["Combust","Blur"],"picked":"Bouncing Flask","floor":28},{"not_picked":["Prostrate+1","blademaster:ChargingUp+1"],"picked":"blademaster:Quickstep+1","floor":30},{"not_picked":["Halt","Slice"],"picked":"blademaster:BrainBloom+1","floor":31},{"not_picked":["LessonLearned","The Bomb"],"picked":"Venomology","floor":33},{"not_picked":["Shockwave+1","InnerPeace+1"],"picked":"blademaster:AwakeningStrike+1","floor":35},{"not_picked":["Leap+1","Wallop"],"picked":"Outmaneuver+1","floor":39},{"not_picked":["Good Instincts+1","Reboot"],"picked":"blademaster:AspectOfLightning+1","floor":42},{"not_picked":["Swift Strike","Crescendo+1"],"picked":"blademaster:AirSlash+1","floor":44},{"not_picked":["CrushJoints+1","EmptyFist+1"],"picked":"blademaster:Stability","floor":45},{"not_picked":["ClearTheMind","hubris:SharpeningStone"],"picked":"Ghostly Armor+1","floor":47},{"not_picked":["Coolheaded","blademaster:TraverseCut+1"],"picked":"blademaster:Flurry+1","floor":48},{"not_picked":["Recycle","blademaster:Cut+1"],"picked":"Flex+1","floor":49}],"player_experience":319504,"relics_obtained":[{"floor":8,"key":"Dota2Spire:PowerTreads"},{"floor":17,"key":"TungstenRod"},{"floor":17,"key":"aspiration:SeaSaltIceCream"},{"floor":17,"key":"Tiny Chest"},{"floor":26,"key":"Dota2Spire:MonkeyKingBar"},{"floor":27,"key":"Dota2Spire:Vanguard"},{"floor":37,"key":"hubris:SlimyHat"},{"floor":42,"key":"aspiration:HummingbirdHeart"},{"floor":43,"key":"Anchor"}],"event_choices":[{"damage_healed":75,"gold_gain":0,"player_choice":"Embrace","damage_taken":0,"max_hp_gain":0,"max_hp_loss":75,"event_name":"betterThird:BetterShining","floor":3,"gold_loss":0},{"damage_healed":0,"gold_gain":0,"player_choice":"Upgraded","damage_taken":0,"max_hp_gain":0,"max_hp_loss":0,"event_name":"Upgrade Shrine","floor":19,"gold_loss":0,"cards_upgraded":["Loop"]},{"cards_removed":["Apotheosis"],"damage_healed":0,"gold_gain":0,"player_choice":"Take \u0026 Give","damage_taken":0,"max_hp_gain":0,"max_hp_loss":0,"event_name":"betterNote:BetterNote","floor":21,"gold_loss":0,"cards_obtained":["BootSequence"]},{"damage_healed":0,"gold_gain":0,"player_choice":"Obtained Relic","damage_taken":0,"relics_obtained":["infinitespire:Lychee Nut"],"max_hp_gain":0,"max_hp_loss":0,"event_name":"Addict","floor":29,"gold_loss":85},{"damage_healed":0,"gold_gain":300,"player_choice":"Gold","damage_taken":0,"max_hp_gain":0,"max_hp_loss":0,"event_name":"Wheel of Change","floor":36,"gold_loss":0},{"cards_removed":["Strike_B"],"damage_healed":0,"gold_gain":0,"player_choice":"Removed Attack","damage_taken":0,"max_hp_gain":0,"max_hp_loss":0,"event_name":"Falling","floor":38,"gold_loss":0}],"is_beta":false,"boss_relics":[{"not_picked":["aspiration:FutureDiary","hubris:GrandSneckoEye"],"picked":"Calling Bell"},{"not_picked":["SacredBark","Runic Dome"],"picked":"aspiration:RunicSpoon"}],"items_purged_floors":[20],"is_endless":false,"potions_floor_spawned":[1,7,13,22,28,47,48],"killed_by":"Shield and Spear","ascension_level":0}}