{"host":"lvhfn8l5bvc4nolx","time":1608968761,"event":{"mods":["AchievementEnabler","BaseMod","Colored Map","Keyboard Shortcuts","Minty Spire (QoL Compilation)","Permanent Neow","Quick Restart","SuperFastMode"],"gold_per_floor":[114,131,131,141,69,69,97,97,97,197,1,1,16,40,40,40,40],"floor_reached":16,"playtime":349,"items_purged":["Strike_R"],"score":142,"play_id":"4bce0ee7-5099-4af7-8293-5f402a1c6477","local_time":"20201226164601","is_ascension_mode":true,"campfire_choices":[{"data":"Pommel Strike","floor":6,"key":"SMITH"},{"data":"Strike_R","floor":8,"key":"PURGE"},{"floor":12,"key":"REST"},{"floor":15,"key":"REST"}],"circlet_count":0,"master_deck":["Strike_R","Strike_R","Strike_R","Defend_R","Defend_R","Defend_R","Defend_R","Bash","Limit Break","Wild Strike","Shrug It Off+1","Pommel Strike+1","Reaper","Spot Weakness","Dark Embrace","Body Slam","Evolve"],"relics":["Burning Blood","Peace Pipe","Dead Branch","Orichalcum"],"acts_visited":["Exordium"],"potions_floor_usage":[13,16,16,16,16],"damage_taken":[{"damage":12,"enemies":"Jaw Worm","floor":1,"turns":3},{"damage":6,"enemies":"Cultist","floor":2,"turns":4},{"damage":9,"enemies":"2 Louse","floor":4,"turns":4},{"damage":70,"enemies":"3 Sentries","floor":7,"turns":10},{"damage":37,"enemies":"Exordium Thugs","floor":13,"turns":8},{"damage":31,"enemies":"Slime Boss","floor":16,"turns":5}],"seed_played":"-543137009675510456","potions_obtained":[{"floor":1,"key":"Block Potion"},{"floor":13,"key":"EntropicBrew"}],"is_trial":false,"path_per_floor":["M","M","?","M","$","R","E","R","T","?","$","R","M","T","R","B"],"character_chosen":"IRONCLAD","items_purchased":["Reaper","Dark Embrace","Body Slam"],"campfire_rested":2,"item_purchase_floors":[5,11,11],"current_hp_per_floor":[66,66,66,63,63,63,11,11,11,11,11,32,9,9,30,0,0],"gold":40,"neow_bonus":"THREE_RARE_CARDS","is_daily":false,"chose_seed":false,"campfire_upgraded":1,"win_rate":0.0,"timestamp":1608968761,"path_taken":["M","M","?","?","$","R","E","R","T","?","?","R","M","?","R","BOSS"],"items_purchased_type":["Card","Card","Card"],"build_version":"2020-12-22","purchased_purges":1,"victory":false,"max_hp_per_floor":[72,72,72,72,72,72,72,72,72,72,72,72,72,72,72,72,72],"card_choices":[{"not_picked":["Brutality","Berserk"],"picked":"Limit Break","floor":0},{"not_picked":["Sever Soul","Armaments"],"picked":"Wild Strike","floor":1},{"not_picked":["Entrench","Headbutt"],"picked":"Shrug It Off","floor":2},{"not_picked":["Shrug It Off","Headbutt"],"picked":"Pommel Strike","floor":4},{"not_picked":["Clash","Iron Wave"],"picked":"Spot Weakness","floor":7},{"not_picked":["Pommel Strike","Entrench"],"picked":"Evolve","floor":13}],"player_experience":333238,"relics_obtained":[{"floor":7,"key":"Peace Pipe"},{"floor":9,"key":"Dead Branch"},{"floor":14,"key":"Orichalcum"}],"event_choices":[{"damage_healed":0,"gold_gain":0,"player_choice":"Upgraded","damage_taken":0,"max_hp_gain":0,"max_hp_loss":0,"event_name":"Upgrade Shrine","floor":3,"gold_loss":0,"cards_upgraded":["Shrug It Off"]},{"damage_healed":0,"gold_gain":100,"player_choice":"Pray","damage_taken":0,"max_hp_gain":0,"max_hp_loss":0,"event_name":"Golden Shrine","floor":10,"gold_loss":0}],"is_beta":false,"boss_relics":[],"items_purged_floors":[11],"is_endless":false,"potions_floor_spawned":[1,13],"killed_by":"Slime Boss","ascension_level":9}}