{"host":"Rich","time":1608955486,"event":{"mods":["AchievementEnabler","BaseMod","Highlight Path","Minty Spire (QoL Compilation)","Relic Stats"],"gold_per_floor":[119,119,39,39,57,90,103,146,185,215,246,258,8,21,21,114,114,135,135,135,135,8,8,8,34,34,46,46,73,83,83,83,83,83],"floor_reached":33,"playtime":1034,"items_purged":["Strike_G+1"],"score":686,"play_id":"804b8c9d-a2ab-4209-aee5-24412c6be69f","local_time":"20201225230446","is_ascension_mode":true,"campfire_choices":[{"data":"Wraith Form v2","floor":12.0,"key":"SMITH"},{"data":"Cloak And Dagger","floor":15.0,"key":"SMITH"},{"data":"Infinite Blades","floor":23.0,"key":"SMITH"},{"data":"Phantasmal Killer","floor":28.0,"key":"SMITH"},{"data":"Venomology","floor":32.0,"key":"SMITH"}],"circlet_count":0,"master_deck":["AscendersBane","Strike_G+1","Strike_G+1","Strike_G+1","Strike_G+1","Defend_G+1","Defend_G+1","Defend_G+1","Defend_G+1","Survivor","Neutralize","Blade Dance","Noxious Fumes","Backstab","Footwork","Venomology+1","Finisher","PiercingWail","Backstab","Wraith Form v2+1","Cloak And Dagger+1","Burst","Backflip","Infinite Blades+1","Phantasmal Killer+1","Dodge and Roll+1","Corpse Explosion","Acrobatics"],"relics":["Ring of the Snake","NeowsBlessing","Bloody Idol","Smiling Mask","MawBank","Mummified Hand","Philosopher\u0027s Stone","MutagenicStrength","Regal Pillow","StrikeDummy","Pantograph"],"acts_visited":["Exordium","TheCity"],"potions_floor_usage":[33,33],"damage_taken":[{"damage":0.0,"enemies":"Small Slimes","floor":1.0,"turns":1.0},{"damage":0.0,"enemies":"2 Louse","floor":5.0,"turns":1.0},{"damage":0.0,"enemies":"Gremlin Nob","floor":6.0,"turns":1.0},{"damage":0.0,"enemies":"Cultist","floor":7.0,"turns":4.0},{"damage":9.0,"enemies":"Lagavulin","floor":8.0,"turns":6.0},{"damage":12.0,"enemies":"Looter","floor":10.0,"turns":4.0},{"damage":7.0,"enemies":"Blue Slaver","floor":11.0,"turns":3.0},{"damage":0.0,"enemies":"2 Fungi Beasts","floor":14.0,"turns":3.0},{"damage":14.0,"enemies":"Slime Boss","floor":16.0,"turns":6.0},{"damage":7.0,"enemies":"Spheric Guardian","floor":18.0,"turns":4.0},{"damage":12.0,"enemies":"Slavers","floor":25.0,"turns":8.0},{"damage":0.0,"enemies":"3 Byrds","floor":27.0,"turns":4.0},{"damage":0.0,"enemies":"Book of Stabbing","floor":29.0,"turns":6.0},{"damage":0.0,"enemies":"Sentry and Sphere","floor":30.0,"turns":2.0},{"damage":60,"enemies":"Collector","floor":33,"turns":7}],"seed_played":"-763193465402347789","potions_obtained":[{"floor":5.0,"key":"LiquidMemories"},{"floor":10.0,"key":"ColorlessPotion"},{"floor":14.0,"key":"PowerPotion"},{"floor":18.0,"key":"Ancient Potion"},{"floor":25.0,"key":"LiquidMemories"},{"floor":30.0,"key":"Explosive Potion"}],"is_trial":false,"path_per_floor":["M","?","$","?","M","E","M","E","T","M","M","R","$","M","R","B",null,"M","?","?","?","$","R","?","E","T","M","R","E","M","?","R","B"],"character_chosen":"THE_SILENT","items_purchased":["Noxious Fumes","Mummified Hand","Infinite Blades"],"campfire_rested":0,"item_purchase_floors":[3,13,22],"current_hp_per_floor":[59,59,59,59,59,59,59,50,50,38,31,31,31,31,31,17,49,42,42,42,42,42,42,42,35,35,40,40,45,50,50,50,0,0],"gold":83,"neow_bonus":"THREE_ENEMY_KILL","is_daily":false,"chose_seed":false,"campfire_upgraded":5,"win_rate":0.0,"timestamp":1608955486,"path_taken":["M","?","$","?","M","E","M","E","T","?","M","R","$","M","R","BOSS","M","?","?","?","$","R","?","E","T","M","R","E","M","?","R","BOSS"],"items_purchased_type":["Card","Relic","Card"],"build_version":"2020-12-18","purchased_purges":1,"victory":false,"max_hp_per_floor":[66,60,60,60,60,60,60,60,60,60,60,60,60,60,60,60,60,60,60,60,60,60,60,60,60,60,60,60,60,60,60,60,60,60],"relic_stats":{"Regal Pillow":0,"counters":[15,60],"Mummified Hand":[23],"Bloody Idol":20,"Pantograph":10,"Smiling Mask":25,"MawBank":60,"obtain_stats":[{"Regal Pillow":25,"NeowsBlessing":0,"Golden Idol":2,"Mummified Hand":13,"MutagenicStrength":19,"Bloody Idol":20,"Pantograph":29,"Philosopher\u0027s Stone":17,"Smiling Mask":6,"MawBank":8,"StrikeDummy":26,"Ring of the Snake":0},{"Regal Pillow":11,"NeowsBlessing":0,"Golden Idol":1,"Mummified Hand":7,"MutagenicStrength":10,"Bloody Idol":10,"Pantograph":13,"Philosopher\u0027s Stone":9,"Smiling Mask":3,"MawBank":5,"StrikeDummy":11,"Ring of the Snake":0},{"Regal Pillow":41,"NeowsBlessing":0,"Golden Idol":1,"Mummified Hand":20,"MutagenicStrength":33,"Bloody Idol":33,"Pantograph":51,"Philosopher\u0027s Stone":29,"Smiling Mask":3,"MawBank":13,"StrikeDummy":41,"Ring of the Snake":0}],"Ring of the Snake":[30]},"card_choices":[{"not_picked":["Underhanded Strike","Quick Slash"],"picked":"Blade Dance","floor":1.0},{"not_picked":["Terror","Heel Hook"],"picked":"Footwork","floor":5.0},{"not_picked":["Sucker Punch","Dodge and Roll"],"picked":"Venomology","floor":6.0},{"not_picked":["Concentrate","Deflect"],"picked":"Finisher","floor":7.0},{"not_picked":["Caltrops","Poisoned Stab"],"picked":"PiercingWail","floor":8.0},{"not_picked":["Prepared","Finisher"],"picked":"Backstab","floor":10.0},{"not_picked":["PiercingWail","Poisoned Stab"],"picked":"Wraith Form v2","floor":11.0},{"not_picked":["Terror","Escape Plan"],"picked":"Cloak And Dagger","floor":14.0},{"not_picked":["Storm of Steel","Night Terror"],"picked":"Burst","floor":16.0},{"not_picked":["Outmaneuver","Dagger Throw"],"picked":"Backflip","floor":18.0},{"not_picked":["Flechettes","Outmaneuver"],"picked":"Phantasmal Killer","floor":25.0},{"not_picked":["Bouncing Flask","Catalyst"],"picked":"Dodge and Roll+1","floor":27.0},{"not_picked":["Reflex","PiercingWail"],"picked":"Corpse Explosion","floor":29.0},{"not_picked":["Dodge and Roll","Bane"],"picked":"Acrobatics","floor":30.0}],"player_experience":1932171,"relics_obtained":[{"floor":6.0,"key":"Smiling Mask"},{"floor":8.0,"key":"MawBank"},{"floor":25.0,"key":"Regal Pillow"},{"floor":26.0,"key":"StrikeDummy"},{"floor":29.0,"key":"Pantograph"}],"event_choices":[{"damage_healed":0.0,"max_hp_gain":0.0,"max_hp_loss":6.0,"gold_gain":0.0,"event_name":"Golden Idol","player_choice":"Lose Max HP","floor":2.0,"gold_loss":0.0,"damage_taken":0.0,"relics_obtained":["Golden Idol"]},{"damage_healed":0.0,"max_hp_gain":0.0,"max_hp_loss":0.0,"gold_gain":0.0,"event_name":"Match and Keep!","player_choice":"1 cards matched","floor":4.0,"gold_loss":0.0,"damage_taken":0.0,"cards_obtained":["Backstab"]},{"damage_healed":0.0,"max_hp_gain":0.0,"max_hp_loss":0.0,"gold_gain":0.0,"event_name":"Drug Dealer","player_choice":"Inject Mutagens","floor":19.0,"gold_loss":0.0,"damage_taken":0.0,"relics_obtained":["MutagenicStrength"]},{"damage_healed":0.0,"max_hp_gain":0.0,"max_hp_loss":0.0,"gold_gain":0.0,"event_name":"Forgotten Altar","player_choice":"Gave Idol","floor":20.0,"relics_lost":["Golden Idol"],"gold_loss":0.0,"damage_taken":0.0,"relics_obtained":["Bloody Idol"]},{"damage_healed":0.0,"max_hp_gain":0.0,"max_hp_loss":0.0,"gold_gain":0.0,"event_name":"Back to Basics","player_choice":"Simplicity","floor":21.0,"gold_loss":0.0,"damage_taken":0.0,"cards_upgraded":["Strike_G","Strike_G","Strike_G","Strike_G","Strike_G","Defend_G","Defend_G","Defend_G","Defend_G","Defend_G"]},{"damage_healed":0.0,"max_hp_gain":0.0,"max_hp_loss":0.0,"gold_gain":0.0,"event_name":"Ghosts","player_choice":"Ignored","floor":24.0,"gold_loss":0.0,"damage_taken":0.0},{"cards_removed":["Defend_G"],"damage_healed":0.0,"max_hp_gain":0.0,"max_hp_loss":0.0,"gold_gain":0.0,"event_name":"Purifier","player_choice":"Purged","floor":31.0,"gold_loss":0.0,"damage_taken":0.0}],"is_beta":true,"boss_relics":[{"not_picked":["Coffee Dripper","Fusion Hammer"],"picked":"Philosopher\u0027s Stone"}],"items_purged_floors":[22],"is_endless":false,"potions_floor_spawned":[5,10,14,18,25,30],"killed_by":"Collector","ascension_level":20}}