{"host":"ktoxvvst1mwxww91","time":1608981863,"event":{"mods":["BaseMod","Hermit","Minty Spire (QoL Compilation)","StSLib","The Hierophant","The Mystic","The Necromancer"],"gold_per_floor":[113,113,129,140,157,185,185,185,238,252,252,283,283,133,133,231,231,243,257,307,319,337,357,390,401,401,401,401,401,414,430,430,525,525,541,541,554,116,116,116,132,132,132,13,25,36,36,136,136,136,136,136,136,170,170,170],"floor_reached":55,"playtime":2339,"items_purged":[],"score":901,"play_id":"05447bbd-4c3b-4edc-950a-04a45252e070","local_time":"20201226122423","daily_mods":["Draft","Hoarder"],"is_ascension_mode":false,"campfire_choices":[{"data":"hermit:Quickdraw","floor":7.0,"key":"SMITH"},{"data":"hermit:FlashPowder","floor":11.0,"key":"SMITH"},{"data":"hermit:FlashPowder","floor":15.0,"key":"SMITH"},{"floor":29.0,"key":"REST"},{"floor":32.0,"key":"REST"},{"floor":40.0,"key":"RECALL"},{"data":"hermit:FlashPowder","floor":42.0,"key":"SMITH"},{"floor":49.0,"key":"REST"},{"data":"hermit:FlashPowder","floor":52.0,"key":"SMITH"}],"circlet_count":0,"master_deck":["hermit:FlashPowder","hermit:FlashPowder+1","hermit:FlashPowder+1","hermit:CalledShot","hermit:CalledShot","hermit:CalledShot","hermit:Dive","hermit:Dive","hermit:Dive","hermit:Dive","hermit:Dive","hermit:Dive","hermit:ShadowCloak","hermit:ShadowCloak","hermit:ShadowCloak","hermit:Vantage","hermit:Vantage","hermit:Vantage","hermit:Misfire","hermit:Misfire","hermit:Misfire","hermit:Quickdraw+1","hermit:Quickdraw","hermit:Determination","hermit:Determination","hermit:Determination","hermit:Ricochet","hermit:Ricochet","hermit:Ricochet","hermit:Quickdraw","hermit:Quickdraw","hermit:Quickdraw","hermit:Dive","hermit:Dive","hermit:Dive","hermit:Misfire","hermit:Misfire","hermit:Misfire","hermit:Grudge","hermit:Grudge","hermit:Grudge","hermit:FlashPowder+1","hermit:FlashPowder","hermit:FlashPowder","hermit:FlashPowder","hermit:FlashPowder","hermit:FlashPowder","hermit:HighNoon","hermit:HighNoon","hermit:FlashPowder+1","hermit:FlashPowder","hermit:FlashPowder+1","hermit:BlackWind","hermit:BlackWind","hermit:BlackWind","CurseOfTheBell","CurseOfTheBell","CurseOfTheBell","hermit:FlashPowder+1","hermit:FlashPowder+1","hermit:FlashPowder","hermit:FromBeyond","hermit:FromBeyond","hermit:FromBeyond","Writhe","Writhe","Writhe","hermit:Deadeye+1","hermit:Deadeye+1","hermit:Deadeye+1","Parasite","Parasite","Parasite"],"relics":["hermit:ClaspedLocket","Sundial","War Paint","Ancient Tea Set","Toy Ornithopter","Calling Bell","Bronze Scales","Pantograph","Turnip","hermit:Horseshoe","Sling","Pen Nib","Bag of Preparation","The Courier","hermit:PetGhost","Centennial Puzzle"],"acts_visited":["Exordium","TheCity","TheBeyond","TheEnding"],"potions_floor_usage":[],"damage_taken":[{"damage":8.0,"enemies":"Jaw Worm","floor":1.0,"turns":2.0},{"damage":5.0,"enemies":"Small Slimes","floor":3.0,"turns":2.0},{"damage":0.0,"enemies":"Cultist","floor":4.0,"turns":3.0},{"damage":7.0,"enemies":"Looter","floor":5.0,"turns":2.0},{"damage":9.0,"enemies":"Lagavulin","floor":6.0,"turns":11.0},{"damage":0.0,"enemies":"Gremlin Gang","floor":10.0,"turns":1.0},{"damage":1.0,"enemies":"Gremlin Nob","floor":12.0,"turns":6.0},{"damage":19.0,"enemies":"Slime Boss","floor":16.0,"turns":12.0},{"damage":8.0,"enemies":"Shell Parasite","floor":18.0,"turns":9.0},{"damage":0.0,"enemies":"3 Byrds","floor":19.0,"turns":4.0},{"damage":14.0,"enemies":"Shelled Parasite and Fungi","floor":21.0,"turns":7.0},{"damage":2.0,"enemies":"Snecko","floor":22.0,"turns":7.0},{"damage":14.0,"enemies":"Cultist and Chosen","floor":23.0,"turns":8.0},{"damage":30.0,"enemies":"Gremlin Leader","floor":24.0,"turns":9.0},{"damage":6.0,"enemies":"Centurion and Healer","floor":25.0,"turns":10.0},{"damage":9.0,"enemies":"Snecko","floor":30.0,"turns":6.0},{"damage":32.0,"enemies":"Shelled Parasite and Fungi","floor":31.0,"turns":6.0},{"damage":38.0,"enemies":"Automaton","floor":33.0,"turns":22.0},{"damage":1.0,"enemies":"Orb Walker","floor":35.0,"turns":4.0},{"damage":28.0,"enemies":"3 Darklings","floor":37.0,"turns":10.0},{"damage":14.0,"enemies":"Jaw Worm Horde","floor":41.0,"turns":4.0},{"damage":11.0,"enemies":"Maw","floor":45.0,"turns":11.0},{"damage":22.0,"enemies":"Writhing Mass","floor":46.0,"turns":8.0},{"damage":57.0,"enemies":"Donu and Deca","floor":50.0,"turns":12.0},{"damage":83.0,"enemies":"Shield and Spear","floor":54.0,"turns":11.0},{"damage":100030,"enemies":"The Heart","floor":55,"turns":4}],"seed_played":"6355020674098508621","potions_obtained":[{"floor":4.0,"key":"Explosive Potion"},{"floor":6.0,"key":"Swift Potion"},{"floor":16.0,"key":"SkillPotion"},{"floor":18.0,"key":"EssenceOfSteel"},{"floor":24.0,"key":"SpeedPotion"},{"floor":25.0,"key":"BlessingOfTheForge"},{"floor":30.0,"key":"Weak Potion"},{"floor":33.0,"key":"Fire Potion"},{"floor":41.0,"key":"Swift Potion"}],"is_trial":true,"path_per_floor":["M","?","M","M","M","E","R","?","T","M","R","E","?","$","R","B",null,"M","M","?","M","M","M","E","M","T","?","?","R","M","M","R","B",null,"M","?","M","$","?","R","M","R","T","$","M","M","$","?","R","B",null,"R","$","E","B"],"character_chosen":"HERMIT","items_purchased":["Toy Ornithopter","Sling","Pen Nib","Bag of Preparation","hermit:PetGhost"],"campfire_rested":3,"item_purchase_floors":[14,38,38,38,44],"current_hp_per_floor":[67,67,62,62,55,46,46,46,46,46,46,45,45,45,45,26,75,67,67,67,58,56,42,12,6,6,6,31,53,44,17,39,31,75,74,85,57,57,78,78,64,64,64,64,58,36,36,36,61,28,85,85,85,2,0,0],"gold":170,"neow_bonus":"","is_daily":false,"chose_seed":false,"campfire_upgraded":5,"win_rate":0.0,"timestamp":1608981863,"path_taken":["M","?","M","M","M","E","R","?","T","?","R","E","?","$","R","BOSS","M","?","?","M","?","M","E","M","T","?","?","R","M","M","R","BOSS","M","?","M","?","?","R","M","R","T","$","M","?","$","?","R","BOSS","R","$","E","BOSS"],"items_purchased_type":["Relic","Relic","Relic","Relic","Relic"],"build_version":"2020-12-22","purchased_purges":0,"victory":false,"max_hp_per_floor":[75,75,75,75,75,75,75,75,75,75,75,75,75,75,75,75,75,75,75,75,75,75,75,75,75,75,75,75,75,75,75,75,75,75,75,85,85,85,85,85,85,85,85,85,85,85,85,85,85,85,85,85,85,85,85,85],"card_choices":[{"not_picked":["hermit:Dive","hermit:Misfire"],"picked":"hermit:FlashPowder","floor":0.0},{"not_picked":["hermit:TakeAim","hermit:Misfire"],"picked":"hermit:CalledShot","floor":0.0},{"not_picked":["hermit:Horror","hermit:Misfire"],"picked":"hermit:Dive","floor":0.0},{"not_picked":["hermit:DeadMansHand","hermit:SprayPray"],"picked":"hermit:Dive","floor":0.0},{"not_picked":["hermit:SprayPray","hermit:Manifest"],"picked":"hermit:ShadowCloak","floor":0.0},{"not_picked":["hermit:TakeCover","hermit:Roulette"],"picked":"hermit:Vantage","floor":0.0},{"not_picked":["hermit:Desperado","hermit:Ricochet"],"picked":"hermit:Misfire","floor":0.0},{"not_picked":["hermit:Ricochet","hermit:Combo"],"picked":"hermit:Quickdraw","floor":0.0},{"not_picked":["hermit:Shortfuse","hermit:Manifest"],"picked":"hermit:Determination","floor":0.0},{"not_picked":["hermit:ItchyTrigger","hermit:Brawl"],"picked":"hermit:Ricochet","floor":0.0},{"not_picked":["hermit:Glare","hermit:ItchyTrigger"],"picked":"hermit:Quickdraw","floor":0.0},{"not_picked":["hermit:Virtue","hermit:Ricochet"],"picked":"hermit:Dive","floor":0.0},{"not_picked":["hermit:TrackingShot","hermit:Ricochet"],"picked":"hermit:Misfire","floor":0.0},{"not_picked":["hermit:EyeOfTheStorm","hermit:Glare"],"picked":"hermit:Grudge","floor":0.0},{"not_picked":["hermit:Spite","hermit:Coalescence"],"picked":"hermit:FlashPowder","floor":0.0},{"not_picked":["hermit:HighCaliber","hermit:FullyLoaded","hermit:Roulette"],"picked":"SKIP","floor":1.0},{"not_picked":["hermit:Snipe","hermit:Misfire","hermit:Coalescence"],"picked":"SKIP","floor":3.0},{"not_picked":["hermit:Gestalt","hermit:HighCaliber"],"picked":"hermit:FlashPowder","floor":4.0},{"not_picked":["hermit:DeadMansHand","hermit:Headshot","hermit:Snipe"],"picked":"SKIP","floor":5.0},{"not_picked":["hermit:RoundhouseKick","hermit:Combo","hermit:Ricochet"],"picked":"SKIP","floor":6.0},{"not_picked":["hermit:Snipe","hermit:Coalescence"],"picked":"hermit:FlashPowder","floor":10.0},{"not_picked":["hermit:Manifest","hermit:TakeCover"],"picked":"hermit:BlackWind","floor":12.0},{"not_picked":["hermit:BodyArmor+1","hermit:Feint","hermit:Desperado"],"picked":"SKIP","floor":18.0},{"not_picked":["hermit:Headshot","hermit:SprayPray"],"picked":"hermit:FlashPowder","floor":19.0},{"not_picked":["hermit:Roughhouse","hermit:Roulette","hermit:HoleUp+1"],"picked":"SKIP","floor":21.0},{"not_picked":["hermit:HoleUp","hermit:Headshot","hermit:Glare"],"picked":"SKIP","floor":22.0},{"not_picked":["hermit:Malice","hermit:HighCaliber+1","hermit:FullyLoaded"],"picked":"SKIP","floor":23.0},{"not_picked":["hermit:Combo+1","hermit:Virtue+1","hermit:Misfire"],"picked":"SKIP","floor":24.0},{"not_picked":["hermit:Misfire+1","hermit:ShadowCloak","hermit:Glare+1"],"picked":"SKIP","floor":25.0},{"not_picked":["hermit:Glare","hermit:ItchyTrigger","hermit:HighCaliber+1"],"picked":"SKIP","floor":30.0},{"not_picked":["hermit:DeadMansHand","hermit:Misfire","hermit:Snipe+1"],"picked":"SKIP","floor":31.0},{"not_picked":["hermit:Gambit","hermit:OverwhelmingPower"],"picked":"hermit:FromBeyond","floor":33.0},{"not_picked":["hermit:BigShot","hermit:Dive","hermit:Ricochet"],"picked":"SKIP","floor":35.0},{"not_picked":["hermit:Roulette+1","hermit:Midnight","hermit:ShadowCloak"],"picked":"SKIP","floor":37.0},{"not_picked":["hermit:TrackingShot","hermit:Feint+1","hermit:Virtue+1"],"picked":"SKIP","floor":41.0},{"not_picked":["hermit:HoleUp+1","hermit:Snipe"],"picked":"hermit:Deadeye+1","floor":45.0},{"not_picked":["hermit:ItchyTrigger","hermit:SprayPray+1","hermit:Feint"],"picked":"SKIP","floor":46.0},{"not_picked":["hermit:CursedWeapon","hermit:Headshot","hermit:Horror+1"],"picked":"SKIP","floor":54.0}],"player_experience":930445,"relics_obtained":[{"floor":6.0,"key":"Sundial"},{"floor":9.0,"key":"War Paint"},{"floor":12.0,"key":"Ancient Tea Set"},{"floor":17.0,"key":"Bronze Scales"},{"floor":17.0,"key":"Pantograph"},{"floor":17.0,"key":"Turnip"},{"floor":24.0,"key":"hermit:Horseshoe"},{"floor":43.0,"key":"The Courier"},{"floor":54.0,"key":"Centennial Puzzle"}],"event_choices":[{"damage_healed":0.0,"max_hp_gain":0.0,"max_hp_loss":0.0,"gold_gain":0.0,"event_name":"Scrap Ooze","player_choice":"Fled","floor":2.0,"gold_loss":0.0,"damage_taken":0.0},{"damage_healed":0.0,"max_hp_gain":0.0,"max_hp_loss":0.0,"gold_gain":0.0,"cards_transformed":["hermit:Quickdraw"],"event_name":"Transmorgrifier","player_choice":"Transformed","floor":8.0,"gold_loss":0.0,"damage_taken":0.0,"cards_obtained":["hermit:HighNoon"]},{"damage_healed":0.0,"max_hp_gain":0.0,"max_hp_loss":0.0,"gold_gain":0.0,"event_name":"Accursed Blacksmith","player_choice":"Forge","floor":13.0,"gold_loss":0.0,"damage_taken":0.0,"cards_upgraded":["hermit:FlashPowder"]},{"damage_healed":0.0,"max_hp_gain":0.0,"max_hp_loss":0.0,"gold_gain":100.0,"event_name":"The Joust","player_choice":"Bet on Murderer","floor":20.0,"gold_loss":50.0,"damage_taken":0.0},{"damage_healed":0.0,"max_hp_gain":0.0,"max_hp_loss":0.0,"gold_gain":0.0,"event_name":"Cursed Tome","player_choice":"Ignored","floor":27.0,"gold_loss":0.0,"damage_taken":0.0},{"damage_healed":25.0,"max_hp_gain":0.0,"max_hp_loss":0.0,"gold_gain":0.0,"event_name":"The Library","player_choice":"Heal","floor":28.0,"gold_loss":0.0,"damage_taken":0.0},{"cards_removed":["hermit:HighNoon"],"damage_healed":1.0,"max_hp_gain":10.0,"max_hp_loss":0.0,"gold_gain":0.0,"event_name":"Bonfire Elementals","player_choice":"Offered Rare","floor":36.0,"gold_loss":0.0,"damage_taken":0.0},{"damage_healed":21.0,"max_hp_gain":0.0,"max_hp_loss":0.0,"gold_gain":0.0,"event_name":"Winding Halls","player_choice":"Writhe","floor":39.0,"gold_loss":0.0,"damage_taken":0.0,"cards_obtained":["Writhe"]},{"damage_healed":0.0,"max_hp_gain":0.0,"max_hp_loss":0.0,"gold_gain":100.0,"event_name":"Golden Shrine","player_choice":"Pray","floor":48.0,"gold_loss":0.0,"damage_taken":0.0}],"is_beta":false,"boss_relics":[{"not_picked":["Astrolabe","Sozu"],"picked":"Calling Bell"},{"not_picked":["Empty Cage","Runic Dome"],"picked":"hermit:ClaspedLocket"}],"items_purged_floors":[],"is_endless":false,"potions_floor_spawned":[4,6,16,18,24,25,30,33,41],"killed_by":"The Heart","ascension_level":0}}