{"host":"rqd50iigewdjy74u","time":1608999540,"event":{"mods":["AchievementEnabler","BaseMod","BetterRewards","Custom Start","Minty Spire (QoL Compilation)","Replay The Spire","StSLib"],"gold_per_floor":[113,113,113,113,113,148,199,199,199,220,243,96,109,123,123,247,247,270,270,270,288,228,228,264,264,264,264,285,285,285],"floor_reached":29,"playtime":1841,"items_purged":[],"score":416,"play_id":"2e780b11-664d-45ef-845f-157c1dd4f8fc","local_time":"20201226101900","daily_mods":["Draft"],"is_ascension_mode":false,"campfire_choices":[{"data":"ReplayTheSpireMod:Shiv Toss","floor":15,"key":"SMITH"},{"data":"Noxious Fumes","floor":23,"key":"SMITH"},{"data":"Noxious Fumes","floor":25,"key":"SMITH"}],"circlet_count":0,"master_deck":["Cloak And Dagger","Blade Dance","Slice","Bane","Noxious Fumes+1","Deflect+1","ReplayTheSpireMod:Shiv Toss+1","ReplayTheSpireMod:Scrap Shanks+1","Hidden Blade","Deflect","PiercingWail","Poisoned Stab","Deadly Poison","Blade Dance","Deflect+1","Blade Dance+1","Infinite Blades","Blade Dance+1","Concentrate+1","Terror+1","Night Terror+1","Noxious Fumes+1","Concentrate+1","Hidden Blade+1"],"relics":["Ring of the Snake","Golden Idol","Bag of Preparation","Happy Flower","The Specimen","Toxic Egg 2","Nunchaku","Coffee Dripper","Girya","Replay:Bottled Snecko"],"acts_visited":["Exordium","TheCity"],"potions_floor_usage":[24],"damage_taken":[{"damage":0,"enemies":"Jaw Worm","floor":1,"turns":3},{"damage":7,"enemies":"3 Sentries","floor":6,"turns":4},{"damage":6,"enemies":"Small Slimes","floor":10,"turns":3},{"damage":0,"enemies":"2 Louse","floor":11,"turns":3},{"damage":0,"enemies":"Large Slime","floor":13,"turns":2},{"damage":0,"enemies":"2 Fungi Beasts","floor":14,"turns":2},{"damage":0,"enemies":"Fading Forest","floor":16,"turns":10},{"damage":0,"enemies":"Shell Parasite","floor":18,"turns":2},{"damage":0,"enemies":"3 Byrds","floor":21,"turns":3},{"damage":36,"enemies":"Replay:Snechameleon","floor":24,"turns":3},{"damage":31,"enemies":"Snake Plant","floor":28,"turns":4},{"damage":20,"enemies":"Centurion and Healer","floor":29,"turns":1}],"seed_played":"-8629486693660902809","potions_obtained":[{"floor":1,"key":"FairyPotion"},{"floor":10,"key":"Cursed Concoction"},{"floor":14,"key":"DuplicationPotion"},{"floor":16,"key":"ColorlessPotion"},{"floor":18,"key":"Strength Potion"},{"floor":28,"key":"Ancient Potion"}],"is_trial":true,"path_per_floor":["M","?","?","?","?","E","T","?","T","M","M","$","M","M","R","B",null,"M","?","?","M","?","R","E","R","T","?","M","M"],"character_chosen":"THE_SILENT","items_purchased":["Nunchaku"],"campfire_rested":0,"item_purchase_floors":[12],"current_hp_per_floor":[70,56,56,56,39,32,32,20,20,14,14,14,14,14,14,26,70,70,57,57,57,57,57,21,21,21,21,15,0,0],"gold":285,"neow_bonus":"","is_daily":false,"chose_seed":false,"campfire_upgraded":3,"win_rate":0.0,"timestamp":1608999540,"path_taken":["M","?","?","?","?","E","?","?","T","M","M","?","M","?","R","BOSS","M","?","?","?","?","R","E","R","T","?","M","?"],"items_purchased_type":["Relic"],"build_version":"2020-12-22","purchased_purges":0,"victory":false,"max_hp_per_floor":[70,70,70,70,70,70,70,70,70,70,70,70,70,70,70,70,70,70,75,75,75,75,75,75,75,75,75,75,75,75],"card_choices":[{"not_picked":["All Out Attack","Well Laid Plans"],"picked":"Cloak And Dagger","floor":0},{"not_picked":["ReplayTheSpireMod:Tripwire","Well Laid Plans"],"picked":"Blade Dance","floor":0},{"not_picked":["Dodge and Roll","Dagger Spray"],"picked":"Slice","floor":0},{"not_picked":["ReplayTheSpireMod:Exploit Weakness","Choke"],"picked":"Bane","floor":0},{"not_picked":["Heel Hook","Deadly Poison"],"picked":"Noxious Fumes","floor":0},{"not_picked":["Dagger Throw","Masterful Stab"],"picked":"Deflect","floor":0},{"not_picked":["Deadly Poison","ReplayTheSpireMod:Speed Training"],"picked":"ReplayTheSpireMod:Shiv Toss","floor":0},{"not_picked":["Dagger Throw","Dagger Spray"],"picked":"ReplayTheSpireMod:Scrap Shanks","floor":0},{"not_picked":["Riddle With Holes","Deadly Poison"],"picked":"Hidden Blade","floor":0},{"not_picked":["Toxin Wave","Dagger Throw"],"picked":"Deflect","floor":0},{"not_picked":["Deadly Poison","Catalyst"],"picked":"PiercingWail","floor":0},{"not_picked":["Underhanded Strike","Flechettes"],"picked":"Poisoned Stab","floor":0},{"not_picked":["Dodge and Roll","All Out Attack"],"picked":"Deadly Poison","floor":0},{"not_picked":["PiercingWail","ReplayTheSpireMod:The Works"],"picked":"Blade Dance","floor":0},{"not_picked":["Dodge and Roll","Backflip"],"picked":"Deflect","floor":0},{"not_picked":["Caltrops","Underhanded Strike"],"picked":"Blade Dance","floor":1},{"not_picked":["Underhanded Strike","Prepared"],"picked":"Infinite Blades","floor":6},{"not_picked":["Deadly Poison+1","Deflect+1"],"picked":"Blade Dance+1","floor":10},{"not_picked":["Deflect+1","Deadly Poison+1"],"picked":"Concentrate+1","floor":11},{"not_picked":["Hidden Blade+1","Backstab"],"picked":"Terror+1","floor":13},{"not_picked":["Backflip+1","Sucker Punch","Dash"],"picked":"SKIP","floor":14},{"not_picked":["A Thousand Cuts","Unload"],"picked":"Night Terror+1","floor":16},{"not_picked":["Quick Slash","Poisoned Stab","Eviscerate"],"picked":"SKIP","floor":18},{"not_picked":["Flying Knee","Backflip+1","Bane"],"picked":"SKIP","floor":21},{"not_picked":["Backflip+1","Unload"],"picked":"Noxious Fumes","floor":24},{"not_picked":["Dagger Spray","Dagger Throw"],"picked":"Hidden Blade+1","floor":28}],"player_experience":110248,"relics_obtained":[{"floor":6,"key":"Bag of Preparation"},{"floor":7,"key":"Happy Flower"},{"floor":9,"key":"Toxic Egg 2"},{"floor":24,"key":"Girya"},{"floor":26,"key":"Replay:Bottled Snecko"}],"event_choices":[{"damage_healed":0,"gold_gain":0,"player_choice":"Entered Light","damage_taken":14,"max_hp_gain":0,"max_hp_loss":0,"event_name":"Shining Light","floor":2,"gold_loss":0,"cards_upgraded":["Deflect","Deflect"]},{"damage_healed":0,"gold_gain":0,"player_choice":"Grow","damage_taken":0,"max_hp_gain":0,"max_hp_loss":0,"event_name":"Living Wall","floor":3,"gold_loss":0,"cards_upgraded":["ReplayTheSpireMod:Scrap Shanks"]},{"damage_healed":0,"gold_gain":0,"player_choice":"Take Damage","damage_taken":17,"relics_obtained":["Golden Idol"],"max_hp_gain":0,"max_hp_loss":0,"event_name":"Golden Idol","floor":5,"gold_loss":0},{"damage_healed":0,"gold_gain":0,"player_choice":"Success","damage_taken":12,"relics_obtained":["The Specimen"],"max_hp_gain":0,"max_hp_loss":0,"event_name":"Scrap Ooze","floor":8,"gold_loss":0},{"damage_healed":0,"gold_gain":0,"player_choice":"Shed Blood","damage_taken":18,"max_hp_gain":5,"max_hp_loss":0,"event_name":"Forgotten Altar","floor":19,"gold_loss":0},{"damage_healed":0,"gold_gain":0,"player_choice":"Ignored","damage_taken":0,"max_hp_gain":0,"max_hp_loss":0,"event_name":"Cursed Tome","floor":20,"gold_loss":0},{"damage_healed":0,"gold_gain":0,"player_choice":"Copied","damage_taken":0,"max_hp_gain":0,"max_hp_loss":0,"event_name":"Duplicator","floor":27,"gold_loss":0,"cards_obtained":["Concentrate"]}],"is_beta":false,"boss_relics":[{"not_picked":["Snecko Eye","Ectoplasm"],"picked":"Coffee Dripper"}],"items_purged_floors":[],"is_endless":true,"potions_floor_spawned":[1,10,14,16,18,28],"killed_by":"Centurion and Healer","ascension_level":0}}