{"host":"5gs251imfkyqlzrh","time":1608990353,"event":{"mods":["BaseMod","Downfall","Hermit","Jorbs\u0027s Wanderer Trilogy","Marisa????????","Minty Spire (QoL Compilation)","Replay The Spire","StSLib","The Bug Knight","The Construct","The Cursed","The Disciple","The Hierophant","The Necromancer","The Runesmith","The Servant 0.9.4"],"gold_per_floor":[113,125,140,38,52,52,87,87,87,87,104,137,161,171,171,273,273,291,315,333,20,20,20,20,20,20,20,30,74,84,101,101],"floor_reached":31,"playtime":1527,"items_purged":["hermit:Defend_Hermit"],"score":269,"play_id":"a950bc45-faf1-4eec-8309-ad782ddea65d","local_time":"20201226134553","is_ascension_mode":false,"campfire_choices":[{"data":"hermit:Scavenge","floor":6,"key":"SMITH"},{"data":"hermit:Covet","floor":8,"key":"SMITH"},{"data":"hermit:Strike_Hermit","floor":15,"key":"PURGE"},{"data":"hermit:BigShot","floor":25,"key":"SMITH"},{"data":"hermit:CalledShot","floor":27,"key":"SMITH"}],"circlet_count":0,"master_deck":["hermit:Strike_Hermit","hermit:Strike_Hermit","hermit:Defend_Hermit","hermit:Defend_Hermit","hermit:Defend_Hermit","hermit:Snapshot","hermit:Covet+1","hermit:Ricochet","hermit:Scavenge+1","hermit:Ricochet","hermit:ItchyTrigger","hermit:TrackingShot","hermit:Vantage","hermit:Enervate","hermit:ItchyTrigger","hermit:Virtue","hermit:Misfire","hermit:Gambit","hermit:CalledShot+1","hermit:BigShot+1","hermit:Enervate","hermit:BigShot+1","hermit:Scavenge","ReplayTheSpireMod:Splinters","hermit:Dive","hermit:Scavenge","hermit:GhostlyPresence"],"relics":["hermit:Momento","Akabeko","Bottled Flame","hermit:CharredGlove","Cursed Key","hermit:Spyglass","Replay:Rubber Ducky"],"acts_visited":["Exordium","TheCity"],"potions_floor_usage":[16,16,29,31],"damage_taken":[{"damage":0.0,"enemies":"2 Louse","floor":1.0,"turns":1.0},{"damage":1.0,"enemies":"Jaw Worm","floor":2.0,"turns":2.0},{"damage":0.0,"enemies":"Small Slimes","floor":3.0,"turns":2.0},{"damage":2,"enemies":"3 Louse","floor":5,"turns":2},{"damage":21,"enemies":"Replay:BlueRogue","floor":7,"turns":5},{"damage":2,"enemies":"Blue Slaver","floor":11,"turns":2},{"damage":10,"enemies":"Lagavulin","floor":12,"turns":5},{"damage":0,"enemies":"Exordium Thugs","floor":13,"turns":4},{"damage":0,"enemies":"Looter","floor":14,"turns":2},{"damage":26,"enemies":"Hexaghost","floor":16,"turns":9},{"damage":6,"enemies":"Shell Parasite","floor":18,"turns":3},{"damage":10,"enemies":"Spheric Guardian","floor":19,"turns":4},{"damage":9,"enemies":"Chosen and Byrds","floor":20,"turns":5},{"damage":2,"enemies":"Snecko","floor":28,"turns":2},{"damage":8,"enemies":"Gremlin Leader","floor":29,"turns":6},{"damage":0,"enemies":"Sentry and Sphere","floor":30,"turns":3},{"damage":2,"enemies":"Cultist and Chosen","floor":31,"turns":4}],"seed_played":"-4122675972233877442","potions_obtained":[{"floor":2.0,"key":"ColorlessPotion"},{"floor":5,"key":"LiquidBronze"},{"floor":7,"key":"SpeedPotion"},{"floor":14,"key":"hermit:Tonic"},{"floor":19,"key":"FearPotion"},{"floor":20,"key":"SkillPotion"},{"floor":29,"key":"construct:ShiftPotion"}],"is_trial":false,"path_per_floor":["M","M","M","$","M","R","E","R","T","?","M","E","M","M","R","B",null,"M","M","M","$","?","?","$","R","T","R","M","E","M","M"],"character_chosen":"HERMIT","items_purchased":["hermit:TrackingShot","hermit:Vantage","hermit:Enervate","hermit:BigShot","hermit:Scavenge"],"campfire_rested":0,"item_purchase_floors":[4,4,21,21,21],"current_hp_per_floor":[75,74,74,74,72,72,51,51,51,51,49,39,39,39,39,13,75,69,59,50,50,50,50,50,50,50,50,48,40,40,38,38],"gold":101,"neow_bonus":"THREE_CARDS","is_daily":false,"chose_seed":false,"campfire_upgraded":4,"win_rate":0.0,"timestamp":1608990353,"path_taken":["M","M","M","$","M","R","E","R","T","?","M","E","M","M","R","BOSS","M","M","M","$","?","?","?","R","T","R","M","E","M","M"],"items_purchased_type":["Card","Card","Card","Card","Card"],"build_version":"2020-12-22","purchased_purges":1,"victory":false,"max_hp_per_floor":[75,75,75,75,75,75,75,75,75,75,75,75,75,75,75,75,75,75,75,75,75,75,75,75,75,75,75,75,75,75,75,75],"card_choices":[{"not_picked":["hermit:WideOpen","hermit:Coalescence"],"picked":"hermit:Ricochet","floor":0.0},{"not_picked":["hermit:TrackingShot","hermit:Desperado"],"picked":"hermit:Scavenge","floor":1.0},{"not_picked":["hermit:Glare","hermit:Feint"],"picked":"hermit:Ricochet","floor":2.0},{"not_picked":["hermit:Coalescence","hermit:OverwhelmingPower"],"picked":"hermit:ItchyTrigger","floor":3.0},{"not_picked":["hermit:LowProfile","hermit:Grudge"],"picked":"hermit:Enervate","floor":5},{"not_picked":["hermit:GoldenBullet","hermit:BlackWind"],"picked":"hermit:ItchyTrigger","floor":7},{"not_picked":["hermit:HighCaliber","hermit:ItchyTrigger","hermit:DeadMansHand"],"picked":"SKIP","floor":11},{"not_picked":["hermit:Cheat","hermit:CursedWeapon"],"picked":"hermit:Virtue","floor":12},{"not_picked":["hermit:Malice","hermit:Coalescence"],"picked":"hermit:Misfire","floor":13},{"not_picked":["hermit:Desperado","hermit:Snipe","hermit:Cheat"],"picked":"SKIP","floor":14},{"not_picked":["hermit:Reprieve","hermit:EternalForm"],"picked":"hermit:Gambit","floor":16},{"not_picked":["hermit:DeadMansHand+1","hermit:SprayPray+1"],"picked":"hermit:CalledShot","floor":18},{"not_picked":["hermit:Ricochet+1","hermit:HoleUp"],"picked":"hermit:BigShot+1","floor":19},{"not_picked":["hermit:Gestalt","hermit:WideOpen","hermit:Purgatory"],"picked":"SKIP","floor":20},{"not_picked":["hermit:DeadMansHand","hermit:HighCaliber"],"picked":"hermit:Dive","floor":28},{"not_picked":["hermit:SprayPray","hermit:WideOpen+1"],"picked":"hermit:Scavenge","floor":29},{"not_picked":["hermit:Glare+1","hermit:TrackingShot"],"picked":"hermit:GhostlyPresence","floor":30}],"player_experience":175659,"relics_obtained":[{"floor":7,"key":"Akabeko"},{"floor":9,"key":"Bottled Flame"},{"floor":12,"key":"hermit:CharredGlove"},{"floor":26,"key":"hermit:Spyglass"},{"floor":29,"key":"Replay:Rubber Ducky"}],"event_choices":[{"damage_healed":0,"gold_gain":0,"player_choice":"Ignored","damage_taken":0,"max_hp_gain":0,"max_hp_loss":0,"event_name":"Golden Idol","floor":10,"gold_loss":0},{"cards_removed":["hermit:Strike_Hermit"],"damage_healed":0,"gold_gain":0,"player_choice":"Elegance","damage_taken":0,"max_hp_gain":0,"max_hp_loss":0,"event_name":"Back to Basics","floor":23,"gold_loss":0}],"is_beta":false,"boss_relics":[{"not_picked":["Philosopher\u0027s Stone","Replay:Bronze Core"],"picked":"Cursed Key"}],"items_purged_floors":[21],"is_endless":false,"potions_floor_spawned":[2,5,7,14,19,20,29],"killed_by":"Cultist and Chosen","ascension_level":0}}