{"host":"zc4856jdpoxvjh7b","time":1608965395,"event":{"mods":["BaseMod","DeckTracker","Minty Spire (QoL Compilation)","Quick Restart","StSLib","SuperFastMode","everything is the same but u backflip on backflip"],"gold_per_floor":[111,128,144,154,174,174,199,199,246,171,181,194,206,236,236,236,236],"floor_reached":16,"playtime":444,"items_purged":["Strike_R"],"score":116,"play_id":"d1f70e60-b87a-4489-9eef-6bc65b05b29f","local_time":"20201226154955","is_ascension_mode":false,"campfire_choices":[{"data":"Trip","floor":6,"key":"SMITH"},{"data":"Carnage","floor":8,"key":"SMITH"},{"data":"Sever Soul","floor":15,"key":"SMITH"}],"circlet_count":0,"master_deck":["Strike_R","Strike_R","Strike_R","Strike_R","Defend_R","Defend_R","Defend_R","Defend_R","Bash","Trip+1","Carnage+1","Thunderclap","Thunderclap","Cleave","Fiend Fire","Sever Soul+1","Dark Embrace","Fire Breathing"],"relics":["Burning Blood","Ginger","Vajra","Kunai"],"acts_visited":["Exordium"],"potions_floor_usage":[],"damage_taken":[{"damage":6,"enemies":"Cultist","floor":1,"turns":3},{"damage":5,"enemies":"2 Louse","floor":2,"turns":3},{"damage":6,"enemies":"Jaw Worm","floor":3,"turns":2},{"damage":5,"enemies":"Looter","floor":4,"turns":2},{"damage":8,"enemies":"Red Slaver","floor":5,"turns":2},{"damage":22,"enemies":"3 Sentries","floor":7,"turns":5},{"damage":0,"enemies":"3 Louse","floor":11,"turns":2},{"damage":6,"enemies":"Exordium Wildlife","floor":12,"turns":2},{"damage":16,"enemies":"Exordium Thugs","floor":13,"turns":3},{"damage":14,"enemies":"Gremlin Nob","floor":14,"turns":3},{"damage":50,"enemies":"The Guardian","floor":16,"turns":7}],"seed_played":"1812988484717343182","potions_obtained":[{"floor":3,"key":"FearPotion"},{"floor":5,"key":"FearPotion"},{"floor":11,"key":"Dexterity Potion"},{"floor":12,"key":"Swift Potion"}],"is_trial":false,"path_per_floor":["M","M","M","M","M","R","E","R","T","$","M","M","M","E","R","B"],"character_chosen":"IRONCLAD","items_purchased":[],"campfire_rested":0,"item_purchase_floors":[],"current_hp_per_floor":[80,80,80,80,78,78,62,62,62,62,68,68,58,50,50,0,0],"gold":236,"neow_bonus":"RANDOM_COLORLESS","is_daily":false,"chose_seed":false,"campfire_upgraded":3,"win_rate":0.0,"timestamp":1608965395,"path_taken":["M","M","M","M","M","R","E","R","T","?","M","M","M","E","R","BOSS"],"items_purchased_type":[],"build_version":"2020-12-22","purchased_purges":1,"victory":false,"max_hp_per_floor":[80,80,80,80,80,80,80,80,80,80,80,80,80,80,80,80,80],"card_choices":[{"not_picked":["Panacea","Jack Of All Trades"],"picked":"Trip","floor":0},{"not_picked":["Perfected Strike","Flex"],"picked":"Carnage","floor":1},{"not_picked":["Reckless Charge","Perfected Strike"],"picked":"Thunderclap","floor":2},{"not_picked":["Inflame","Metallicize"],"picked":"Thunderclap","floor":3},{"not_picked":["Wild Strike","Perfected Strike"],"picked":"Cleave","floor":4},{"not_picked":["Headbutt","Body Slam"],"picked":"Fiend Fire","floor":5},{"not_picked":["Whirlwind","Corruption"],"picked":"Sever Soul","floor":7},{"not_picked":["Anger","Sword Boomerang","Thunderclap"],"picked":"SKIP","floor":11},{"not_picked":["Clash","Flex","Headbutt"],"picked":"SKIP","floor":12},{"not_picked":["Shrug It Off","Headbutt"],"picked":"Dark Embrace","floor":13},{"not_picked":["Intimidate","Anger"],"picked":"Fire Breathing","floor":14}],"player_experience":5627,"relics_obtained":[{"floor":7,"key":"Ginger"},{"floor":9,"key":"Vajra"},{"floor":14,"key":"Kunai"}],"event_choices":[],"is_beta":false,"boss_relics":[],"items_purged_floors":[10],"is_endless":false,"potions_floor_spawned":[3,5,11,12,14],"killed_by":"The Guardian","ascension_level":0}}