{"host":"03a85bwj0a5skoit","time":1608984654,"event":{"mods":["BaseMod","Block Reminder","Minty Spire (QoL Compilation)","Relic Stats","StSLib"],"gold_per_floor":[14,29,47,47,47,47,47,47,47,47,47,47],"floor_reached":11,"playtime":298,"items_purged":[],"score":122,"play_id":"382ecb98-37c9-4bc5-a6b0-5220f0a133e0","local_time":"20201226224054","is_ascension_mode":true,"campfire_choices":[{"data":"Body Slam","floor":6,"key":"SMITH"},{"data":"Shockwave","floor":8,"key":"SMITH"}],"circlet_count":0,"master_deck":["AscendersBane","Strike_R+1","Strike_R","Strike_R","Defend_R+1","Defend_R","Defend_R","Defend_R","Bash","Iron Wave","Shockwave+1","Battle Trance","Body Slam+1","Regret"],"relics":["Burning Blood","Pantograph","Meat on the Bone"],"acts_visited":[],"potions_floor_usage":[11],"damage_taken":[{"damage":1,"enemies":"Small Slimes","floor":1,"turns":4},{"damage":7,"enemies":"Jaw Worm","floor":2,"turns":5},{"damage":2,"enemies":"2 Louse","floor":3,"turns":3},{"damage":57,"enemies":"3 Sentries","floor":11,"turns":8}],"seed_played":"-2102846211519417049","potions_obtained":[{"floor":1,"key":"GamblersBrew"}],"is_trial":false,"path_per_floor":["M","M","M","?","?","R","$","R","T","?","E"],"character_chosen":"IRONCLAD","items_purchased":[],"campfire_rested":0,"item_purchase_floors":[],"current_hp_per_floor":[73,72,75,75,75,75,75,75,75,52,0,0],"gold":47,"neow_bonus":"TRANSFORM_TWO_CARDS","is_daily":false,"chose_seed":false,"campfire_upgraded":2,"win_rate":0.0,"timestamp":1608984654,"path_taken":["M","M","M","?","?","R","$","R","T","?","E"],"items_purchased_type":[],"build_version":"2020-12-22","purchased_purges":0,"victory":false,"max_hp_per_floor":[75,75,75,75,75,75,75,75,75,75,75,75],"relic_stats":{"counters":[4,20],"Pantograph":0,"obtain_stats":[{"Pantograph":4,"Burning Blood":0,"Meat on the Bone":9},{"Pantograph":3,"Burning Blood":0,"Meat on the Bone":3},{"Pantograph":12,"Burning Blood":0,"Meat on the Bone":12}],"Burning Blood":17,"Meat on the Bone":0},"card_choices":[{"not_picked":["Wild Strike","Iron Wave"],"picked":"Battle Trance","floor":1},{"not_picked":["Perfected Strike","Ghostly Armor","Thunderclap"],"picked":"SKIP","floor":2},{"not_picked":["Cleave","Battle Trance"],"picked":"Body Slam","floor":3}],"player_experience":2318609,"relics_obtained":[{"floor":9,"key":"Meat on the Bone"}],"event_choices":[{"damage_healed":0,"gold_gain":0,"player_choice":"Box","damage_taken":0,"relics_obtained":["Pantograph"],"max_hp_gain":0,"max_hp_loss":0,"event_name":"Big Fish","floor":4,"gold_loss":0,"cards_obtained":["Regret"]},{"damage_healed":0,"gold_gain":0,"player_choice":"Leave","damage_taken":0,"max_hp_gain":0,"max_hp_loss":0,"event_name":"The Cleric","floor":5,"gold_loss":0},{"damage_healed":0,"gold_gain":0,"player_choice":"Entered Light","damage_taken":23,"max_hp_gain":0,"max_hp_loss":0,"event_name":"Shining Light","floor":10,"gold_loss":0,"cards_upgraded":["Strike_R","Defend_R"]}],"is_beta":false,"boss_relics":[],"items_purged_floors":[],"is_endless":false,"potions_floor_spawned":[1],"killed_by":"3 Sentries","ascension_level":20}}