{"host":"6pgtslebjnyv5xmi","time":1608988974,"event":{"mods":["AchievementEnabler","BaseMod","Colored Map","Minty Spire (QoL Compilation)","Rare Cards Sparkle","StSLib","SuperFastMode","Td1madao Mod","everything is the same but u backflip on backflip"],"gold_per_floor":[118,133,133,146,96,130,130,130,130,130,50,50,50],"floor_reached":12,"playtime":220,"items_purged":[],"score":106,"play_id":"93f18a34-2f83-4333-b3c7-40170eef79b5","local_time":"20201226222254","is_ascension_mode":true,"campfire_choices":[{"data":"Carnage","floor":7,"key":"SMITH"}],"circlet_count":0,"master_deck":["Strike_R+1","Strike_R","Strike_R","Defend_R","Defend_R","Defend_R","Defend_R","Bash","Dark Embrace","Carnage+1","Seeing Red","Ghostly Armor+1","Feel No Pain+1"],"relics":["Burning Blood","NeowsBlessing","White Beast Statue","Frozen Egg 2"],"acts_visited":["Exordium"],"potions_floor_usage":[6],"damage_taken":[{"damage":0,"enemies":"Jaw Worm","floor":1,"turns":1},{"damage":0,"enemies":"2 Louse","floor":2,"turns":1},{"damage":0,"enemies":"Small Slimes","floor":4,"turns":1},{"damage":59,"enemies":"Gremlin Nob","floor":6,"turns":5},{"damage":21,"enemies":"Lagavulin","floor":12,"turns":6}],"seed_played":"-4672799918693157263","potions_obtained":[{"floor":4,"key":"PowerPotion"}],"is_trial":false,"path_per_floor":["M","M","?","M","?","E","R","?","T","?","$","E"],"character_chosen":"IRONCLAD","items_purchased":["Feel No Pain+1"],"campfire_rested":0,"item_purchase_floors":[11],"current_hp_per_floor":[78,80,85,85,85,32,32,32,32,15,15,0,0],"gold":50,"neow_bonus":"THREE_ENEMY_KILL","is_daily":false,"chose_seed":false,"campfire_upgraded":1,"win_rate":0.0,"timestamp":1608988974,"path_taken":["M","M","?","M","?","E","R","?","T","?","$","E"],"items_purchased_type":["Card"],"build_version":"2020-12-22","purchased_purges":0,"victory":false,"max_hp_per_floor":[80,80,85,85,85,85,85,85,85,85,85,85,85],"card_choices":[{"not_picked":["Havoc","Thunderclap"],"picked":"Dark Embrace","floor":1},{"not_picked":["Twin Strike","Armaments"],"picked":"Carnage","floor":2},{"not_picked":["Headbutt","Perfected Strike","Clothesline"],"picked":"SKIP","floor":4},{"not_picked":["Clash","Anger"],"picked":"Seeing Red","floor":6}],"player_experience":492714,"relics_obtained":[{"floor":6,"key":"White Beast Statue"},{"floor":9,"key":"Frozen Egg 2"}],"event_choices":[{"damage_healed":0,"gold_gain":0,"player_choice":"Donut","damage_taken":0,"max_hp_gain":5,"max_hp_loss":0,"event_name":"Big Fish","floor":3,"gold_loss":0},{"cards_removed":["Strike_R"],"damage_healed":0,"gold_gain":0,"player_choice":"Card Removal","damage_taken":0,"max_hp_gain":0,"max_hp_loss":0,"event_name":"The Cleric","floor":5,"gold_loss":50},{"damage_healed":0,"gold_gain":0,"cards_transformed":["Strike_R"],"player_choice":"Change","damage_taken":0,"max_hp_gain":0,"max_hp_loss":0,"event_name":"Living Wall","floor":8,"gold_loss":0,"cards_obtained":["Ghostly Armor"]},{"damage_healed":0,"gold_gain":0,"player_choice":"Entered Light","damage_taken":17,"max_hp_gain":0,"max_hp_loss":0,"event_name":"Shining Light","floor":10,"gold_loss":0,"cards_upgraded":["Ghostly Armor","Strike_R"]}],"is_beta":false,"boss_relics":[],"items_purged_floors":[],"is_endless":false,"potions_floor_spawned":[4],"killed_by":"Lagavulin","ascension_level":8}}