{"host":"p9jk0mlyvhgdzcz4","time":1608950447,"event":{"mods":["BaseMod","Colored Map","Minty Spire (QoL Compilation)","Quick Restart","SuperFastMode"],"gold_per_floor":[112,112,122,122,141,172,200,200,200,200,216,229,259,269,269,269,269],"floor_reached":16,"playtime":602,"items_purged":[],"score":112,"play_id":"41c4dc43-dadd-423c-b6c5-a102bcb7dd69","local_time":"20201225204047","is_ascension_mode":false,"campfire_choices":[{"floor":8,"key":"REST"},{"floor":10,"key":"RECALL"},{"data":"Zap","floor":15,"key":"SMITH"}],"circlet_count":0,"master_deck":["Strike_B","Strike_B","Strike_B","Strike_B","Defend_B","Defend_B","Defend_B","Defend_B","Zap+1","Dualcast","Glacier","Double Energy","Echo Form"],"relics":["Cracked Core","NeowsBlessing","Potion Belt","Odd Mushroom","Eternal Feather","Ice Cream"],"acts_visited":["Exordium"],"potions_floor_usage":[13,13,13,16],"damage_taken":[{"damage":0,"enemies":"Cultist","floor":1,"turns":1},{"damage":0,"enemies":"Jaw Worm","floor":3,"turns":1},{"damage":0,"enemies":"Small Slimes","floor":5,"turns":1},{"damage":4,"enemies":"3 Sentries","floor":6,"turns":14},{"damage":22,"enemies":"The Mushroom Lair","floor":7,"turns":7},{"damage":6,"enemies":"Looter","floor":11,"turns":4},{"damage":0,"enemies":"Exordium Wildlife","floor":12,"turns":4},{"damage":19,"enemies":"Gremlin Nob","floor":13,"turns":5},{"damage":6,"enemies":"Exordium Thugs","floor":14,"turns":7},{"damage":50,"enemies":"Slime Boss","floor":16,"turns":9}],"seed_played":"-5209160910296445782","potions_obtained":[{"floor":1,"key":"FocusPotion"},{"floor":3,"key":"BlessingOfTheForge"},{"floor":7,"key":"SmokeBomb"},{"floor":11,"key":"SteroidPotion"},{"floor":12,"key":"AttackPotion"}],"is_trial":false,"path_per_floor":["M","T","M","?","M","E","?","R","T","R","M","M","E","M","R","B"],"character_chosen":"DEFECT","items_purchased":[],"campfire_rested":1,"item_purchase_floors":[],"current_hp_per_floor":[75,75,75,75,75,71,49,71,71,75,69,69,50,44,50,0,0],"gold":269,"neow_bonus":"THREE_ENEMY_KILL","is_daily":false,"chose_seed":false,"campfire_upgraded":1,"win_rate":0.0,"timestamp":1608950447,"path_taken":["M","?","?","?","M","E","?","R","T","R","M","M","E","M","R","BOSS"],"items_purchased_type":[],"build_version":"2020-12-22","purchased_purges":0,"victory":false,"max_hp_per_floor":[75,75,75,75,75,75,75,75,75,75,75,75,75,75,75,75,75],"card_choices":[{"not_picked":["Recycle","Coolheaded","Static Discharge"],"picked":"SKIP","floor":1},{"not_picked":["Tempest","Gash","Turbo"],"picked":"SKIP","floor":3},{"not_picked":["Barrage","Go for the Eyes"],"picked":"Glacier","floor":5},{"not_picked":["Chaos","Gash"],"picked":"Double Energy","floor":6},{"not_picked":["Reprogram","Genetic Algorithm","Ball Lightning"],"picked":"SKIP","floor":11},{"not_picked":["Go for the Eyes","Coolheaded","Compile Driver"],"picked":"SKIP","floor":12},{"not_picked":["Turbo","Capacitor"],"picked":"Echo Form","floor":13},{"not_picked":["Beam Cell","Go for the Eyes","Streamline"],"picked":"SKIP","floor":14}],"player_experience":11114,"relics_obtained":[{"floor":6,"key":"Potion Belt"},{"floor":7,"key":"Odd Mushroom"},{"floor":9,"key":"Eternal Feather"},{"floor":13,"key":"Ice Cream"}],"event_choices":[{"damage_healed":0,"gold_gain":0,"player_choice":"Ignored","damage_taken":0,"max_hp_gain":0,"max_hp_loss":0,"event_name":"Shining Light","floor":4,"gold_loss":0},{"damage_healed":0,"gold_gain":0,"player_choice":"Fought Mushrooms","damage_taken":0,"max_hp_gain":0,"max_hp_loss":0,"event_name":"Mushrooms","floor":7,"gold_loss":0}],"is_beta":false,"boss_relics":[],"items_purged_floors":[],"is_endless":false,"potions_floor_spawned":[1,3,7,11,12],"killed_by":"Slime Boss","ascension_level":0}}