{"host":"k7ydf81uzdnp7fmx","time":1608956498,"event":{"mods":["AchievementEnabler","Act Like it!","BaseMod","Clockwork Mod","Colored Powertips","Grow up Mod","Minty Spire (QoL Compilation)","Relic Stats","Remove Card Discount Mod","Shade Mod","Shop Mod","StSLib","The Animator","The Cursed","The Hierophant","The Necromancer","The Servant 0.9.4"],"gold_per_floor":[113,10,85,85,105,105,136,136,136,152,171,199,218,236,236,333,333,372,391,387,416,432,460,477,520,545,545,545,564,577,586,586,682,691,707,731,740,758,807,807,126,146,146,21,47,75,109,125,125,125],"floor_reached":51,"playtime":4305,"items_purged":["Magnetism+1","KidneyShot","Writhe","Writhe"],"score":1061,"play_id":"135db2e4-1923-4bf1-8ad6-a017d1c751c8","local_time":"20201226012138","is_ascension_mode":false,"campfire_choices":[{"data":"BestPractice","floor":6.0,"key":"SMITH"},{"data":"Defend_S","floor":15.0,"key":"SMITH"},{"data":"Luminosity","floor":28,"key":"SMITH"},{"data":"MurderousAura","floor":32,"key":"SMITH"},{"data":"SilverBlades","floor":40,"key":"SMITH"},{"data":"Panache","floor":49,"key":"SMITH"}],"circlet_count":0,"master_deck":["Strike_S","Strike_S","Strike_S","Defend_S+1","Defend_S","Defend_S+1","Defend_S","Exchange","BestPractice+1","DevaForm+1","Creative AI+1","Clockwork:PerfectForm+1","Magnetism+1","MurderousAura+1","StarChef+1","Luminosity+1","FlawlessForm","CurseOfTheBell","SilverBlades+1","WasteNot","Panache+1","MoonPhase+1"],"relics":["SplendidAttire","Smiling Mask","Mummified Hand","Meat on the Bone","Nunchaku","Mummified Hand","Red Mask","Darkstone Periapt","CeramicFish","Anchor","CaptainsWheel","Calling Bell","Ancient Tea Set","The Courier","Girya","PocketWatch","Pen Nib","Lantern","Mercury Hourglass","TheAbacus","Bag of Preparation","Mango","Singing Bowl","Happy Flower"],"acts_visited":["Exordium","TheCity","TheBeyond"],"potions_floor_usage":[],"damage_taken":[{"damage":0.0,"enemies":"Jaw Worm","floor":1.0,"turns":6.0},{"damage":0.0,"enemies":"Small Slimes","floor":5.0,"turns":2.0},{"damage":0.0,"enemies":"Lagavulin","floor":7.0,"turns":5.0},{"damage":0.0,"enemies":"Cultist","floor":10.0,"turns":6.0},{"damage":0.0,"enemies":"2 Fungi Beasts","floor":11.0,"turns":4.0},{"damage":0.0,"enemies":"Gremlin Nob","floor":12.0,"turns":3.0},{"damage":0.0,"enemies":"3 Louse","floor":13.0,"turns":3.0},{"damage":5.0,"enemies":"Lots of Slimes","floor":14.0,"turns":4.0},{"damage":48.0,"enemies":"Hexaghost","floor":16.0,"turns":3.0},{"damage":0.0,"enemies":"Chosen","floor":18.0,"turns":4.0},{"damage":0.0,"enemies":"3 Byrds","floor":19.0,"turns":3.0},{"damage":0.0,"enemies":"Masked Bandits","floor":21.0,"turns":6.0},{"damage":0.0,"enemies":"3 Cultists","floor":22.0,"turns":3.0},{"damage":0,"enemies":"Book of Stabbing","floor":23,"turns":5},{"damage":9,"enemies":"Snake Plant","floor":24,"turns":4},{"damage":0,"enemies":"Gremlin Leader","floor":25,"turns":5},{"damage":0,"enemies":"Snecko","floor":29,"turns":4},{"damage":0,"enemies":"Shelled Parasite and Fungi","floor":30,"turns":3},{"damage":0,"enemies":"Automaton","floor":33,"turns":5},{"damage":0,"enemies":"3 Shapes","floor":35,"turns":3},{"damage":0,"enemies":"3 Darklings","floor":36,"turns":5},{"damage":0,"enemies":"Sphere and 2 Shapes","floor":38,"turns":5},{"damage":12,"enemies":"2 Orb Walkers","floor":39,"turns":5},{"damage":0,"enemies":"Maw","floor":42,"turns":4},{"damage":2,"enemies":"Nemesis","floor":45,"turns":3},{"damage":0,"enemies":"Transient","floor":46,"turns":4},{"damage":0,"enemies":"Reptomancer","floor":47,"turns":4},{"damage":0,"enemies":"Spire Growth","floor":48,"turns":3},{"damage":18,"enemies":"Time Eater","floor":50,"turns":5}],"seed_played":"5924422655679012910","potions_obtained":[{"floor":1.0,"key":"Weak Potion"},{"floor":7.0,"key":"Weak Potion"},{"floor":11.0,"key":"AttackPotion"}],"is_trial":false,"path_per_floor":["M","$","?","?","M","R","E","?","T","M","M","E","M","M","R","B",null,"M","M","$","?","M","E","M","E","T","?","R","M","M","?","R","B",null,"M","M","?","M","?","R","$","M","T","$","E","M","E","M","R","B",null],"character_chosen":"THE_SERVANT","items_purchased":["Fruit Juice","Pen Nib","Lantern","Mercury Hourglass","TheAbacus","Bag of Preparation","Panache"],"campfire_rested":0,"item_purchase_floors":[2,41,41,41,41,41,44],"current_hp_per_floor":[85,100,99,87,97,107,117,120,130,140,150,160,170,175,185,147,250,260,270,280,290,300,310,311,321,331,341,351,361,371,387,397,407,432,442,452,468,478,476,486,496,506,530,540,550,560,572,584,594,586],"gold":125,"neow_bonus":"RANDOM_COMMON_RELIC","is_daily":false,"chose_seed":false,"campfire_upgraded":6,"win_rate":0.0,"timestamp":1608956498,"path_taken":["M","$","?","?","M","R","E","?","T","M","M","E","?","M","R","BOSS","M","M","?","?","M","E","M","E","T","?","R","?","M","?","R","BOSS","M","M","?","M","?","R","$","M","T","?","E","M","E","M","R","BOSS"],"items_purchased_type":["Potion","Relic","Relic","Relic","Relic","Relic","Card"],"build_version":"2020-12-22","purchased_purges":4,"victory":true,"max_hp_per_floor":[85,100,110,120,130,140,150,160,170,180,190,200,210,220,230,240,250,260,270,280,290,300,310,320,330,340,350,360,370,380,396,406,416,432,442,452,468,478,488,498,508,518,542,552,564,574,586,598,608,618],"relic_stats":{"Darkstone Periapt":18,"Singing Bowl":6,"Happy Flower":[2],"counters":[29,119],"CeramicFish":72,"Pen Nib":[5],"Bag of Preparation":[12],"Smiling Mask":-192,"Mercury Hourglass":[82],"Nunchaku":[23],"TheAbacus":[42],"Mummified Hand":[650],"obtain_stats":[{"Darkstone Periapt":23,"Girya":34,"SplendidAttire":17,"Lantern":41,"Singing Bowl":45,"Happy Flower":47,"CeramicFish":25,"Mango":43,"The Courier":34,"Pen Nib":41,"Uniform":0,"Bag of Preparation":41,"Smiling Mask":0,"Ancient Tea Set":34,"Mercury Hourglass":41,"Calling Bell":34,"Nunchaku":12,"Anchor":26,"CaptainsWheel":31,"TheAbacus":41,"Mummified Hand":7,"Red Mask":21,"PocketWatch":39,"Meat on the Bone":9},{"Darkstone Periapt":14,"Girya":19,"SplendidAttire":9,"Lantern":23,"Singing Bowl":25,"Happy Flower":27,"CeramicFish":16,"Mango":24,"The Courier":19,"Pen Nib":23,"Uniform":0,"Bag of Preparation":23,"Smiling Mask":0,"Ancient Tea Set":19,"Mercury Hourglass":23,"Calling Bell":19,"Nunchaku":6,"Anchor":16,"CaptainsWheel":18,"TheAbacus":23,"Mummified Hand":3,"Red Mask":12,"PocketWatch":23,"Meat on the Bone":3},{"Darkstone Periapt":57,"Girya":78,"SplendidAttire":36,"Lantern":96,"Singing Bowl":103,"Happy Flower":111,"CeramicFish":66,"Mango":100,"The Courier":78,"Pen Nib":96,"Uniform":0,"Bag of Preparation":96,"Smiling Mask":0,"Ancient Tea Set":78,"Mercury Hourglass":96,"Calling Bell":78,"Nunchaku":26,"Anchor":66,"CaptainsWheel":73,"TheAbacus":96,"Mummified Hand":13,"Red Mask":49,"PocketWatch":96,"Meat on the Bone":13}],"Meat on the Bone":0},"card_choices":[{"not_picked":["Sabotage","DoubleEdge"],"picked":"BestPractice","floor":1.0},{"not_picked":["FastForward","Replace","Revamp"],"picked":"SKIP","floor":5.0},{"not_picked":["Desolation","Shuttle","Revamp"],"picked":"SKIP","floor":7.0},{"not_picked":["Sabotage","Desolation","Starlight"],"picked":"SKIP","floor":10.0},{"not_picked":["Unruled","Alleviate","Manipulate"],"picked":"SKIP","floor":11.0},{"not_picked":["TimeWarp","LightFlow","Potential"],"picked":"SKIP","floor":12.0},{"not_picked":["Snipe","Rearm","ShatteredReality"],"picked":"SKIP","floor":13.0},{"not_picked":["Read","Barrier","Unruled"],"picked":"SKIP","floor":14.0},{"not_picked":["ForgedInTime","LightFlow"],"picked":"MurderousAura","floor":16.0},{"not_picked":["Rewind+1","Misdirection+1"],"picked":"StarChef+1","floor":18.0},{"not_picked":["Potential","Revamp","ShiftingGears"],"picked":"SKIP","floor":19.0},{"not_picked":["Revamp","ShatteredReality","Potential"],"picked":"SKIP","floor":22},{"not_picked":["Manipulate","Barrier+1","Reset"],"picked":"SKIP","floor":23},{"not_picked":["Moondial+1","Misdirection"],"picked":"Luminosity","floor":24},{"not_picked":["Reset","Read"],"picked":"FlawlessForm","floor":25},{"not_picked":["Contraction+1","Ricochet+1","BottledTime"],"picked":"SKIP","floor":29},{"not_picked":["BottledTime","FastForward","Revamp"],"picked":"SKIP","floor":30},{"not_picked":["Replace","Potential+1","Unruled+1"],"picked":"SKIP","floor":35},{"not_picked":["Starlight+1","DoubleEdge"],"picked":"SilverBlades","floor":36},{"not_picked":["BottledTime","Potential","Revamp"],"picked":"SKIP","floor":38},{"not_picked":["Ricochet+1","SoulSculpture"],"picked":"WasteNot","floor":42},{"not_picked":["TimeWarp","Gouge+1","FanOfKnives"],"picked":"Singing Bowl","floor":45},{"not_picked":["Ricochet+1","FastForward"],"picked":"MoonPhase+1","floor":46},{"not_picked":["TimeWarp+1","Hightail+1","Rearm+1"],"picked":"Singing Bowl","floor":47},{"not_picked":["Rewind+1","ShatteredReality+1","Potential+1"],"picked":"Singing Bowl","floor":48}],"player_experience":174594,"relics_obtained":[{"floor":7.0,"key":"Mummified Hand"},{"floor":9.0,"key":"Meat on the Bone"},{"floor":12.0,"key":"Nunchaku"},{"floor":21.0,"key":"Red Mask"},{"floor":23,"key":"Darkstone Periapt"},{"floor":25,"key":"CeramicFish"},{"floor":26,"key":"Anchor"},{"floor":34,"key":"Ancient Tea Set"},{"floor":34,"key":"The Courier"},{"floor":34,"key":"Girya"},{"floor":39,"key":"PocketWatch"},{"floor":43,"key":"Mango"},{"floor":45,"key":"Singing Bowl"},{"floor":47,"key":"Happy Flower"}],"event_choices":[{"damage_healed":0.0,"max_hp_gain":0.0,"max_hp_loss":0.0,"gold_gain":75.0,"event_name":"World of Goop","player_choice":"Gather Gold","floor":3.0,"gold_loss":0.0,"damage_taken":11.0},{"damage_healed":0.0,"max_hp_gain":0.0,"max_hp_loss":0.0,"gold_gain":0.0,"event_name":"Shining Light","player_choice":"Entered Light","floor":4.0,"gold_loss":0.0,"damage_taken":22.0,"cards_upgraded":["Defend_S","Strike_S"]},{"cards_removed":["Strike_S"],"damage_healed":0.0,"max_hp_gain":0.0,"max_hp_loss":0.0,"gold_gain":0.0,"event_name":"Golden Wing","player_choice":"Card Removal","floor":8.0,"gold_loss":0.0,"damage_taken":7.0},{"damage_healed":0.0,"max_hp_gain":0.0,"max_hp_loss":0.0,"gold_gain":0.0,"event_name":"Masked Bandits","player_choice":"Fought Bandits","floor":21.0,"gold_loss":0.0,"damage_taken":0.0},{"damage_healed":0,"gold_gain":0,"player_choice":"Ignored","damage_taken":0,"max_hp_gain":0,"max_hp_loss":0,"event_name":"Duplicator","floor":27,"gold_loss":0},{"damage_healed":0,"gold_gain":0,"player_choice":"Opened","damage_taken":0,"relics_obtained":["CaptainsWheel"],"max_hp_gain":0,"max_hp_loss":0,"event_name":"The Mausoleum","floor":31,"gold_loss":0,"cards_obtained":["Writhe"]},{"damage_healed":113,"gold_gain":0,"player_choice":"Writhe","damage_taken":0,"max_hp_gain":0,"max_hp_loss":0,"event_name":"Winding Halls","floor":37,"gold_loss":0,"cards_obtained":["Writhe"]},{"damage_healed":0,"gold_gain":0,"player_choice":"Fight","damage_taken":0,"max_hp_gain":0,"max_hp_loss":0,"event_name":"Mysterious Sphere","floor":39,"gold_loss":0}],"is_beta":false,"boss_relics":[{"not_picked":["Black Star","Busted Crown"],"picked":"SplendidAttire"},{"not_picked":["Velvet Choker","SacredBark"],"picked":"Calling Bell"}],"items_purged_floors":[20,20,41,41],"is_endless":false,"potions_floor_spawned":[1,7,11,13,14,16,23,25,29,30,36,42,45,48],"ascension_level":0}}