{"host":"uhnxhbb06i42tamj","time":1608960045,"event":{"mods":["AchievementEnabler","BaseMod","Colored Map","Colored Powertips","FTL Soundtrack","Minty Spire (QoL Compilation)","StSLib","SuperFastMode"],"gold_per_floor":[119,119,132,207,217,217,236,271,294,306,339,349,349,156,156,259,259,269,269,42,222,233,233,263,263,313,313,324,352,366,395,395,499,499,519,421,421,93,113,124,124,153,153,186,186,186,216,216,216,216],"floor_reached":51,"playtime":3032,"items_purged":["Strike_R","Twin Strike","Defend_R"],"score":971,"play_id":"c2e65baf-e5d2-48a2-b016-d0438d4d1de2","local_time":"20201226002045","is_ascension_mode":true,"campfire_choices":[{"data":"Bash","floor":6.0,"key":"SMITH"},{"data":"Shrug It Off","floor":15.0,"key":"SMITH"},{"data":"Madness","floor":23.0,"key":"SMITH"},{"data":"Barricade","floor":25.0,"key":"SMITH"},{"data":"Metallicize","floor":27.0,"key":"SMITH"},{"data":"Shrug It Off","floor":32.0,"key":"SMITH"},{"data":"Strike_R+1","floor":49,"key":"PURGE"}],"circlet_count":0,"master_deck":["Defend_R+1","Defend_R+1","Bash+1","Metallicize+1","Body Slam+1","Shrug It Off+1","Shrug It Off+1","Madness+1","Barricade+1","Impervious+1","Metallicize+1","Body Slam+1","Uppercut+1","Metallicize+1","Shrug It Off+1","Body Slam+1"],"relics":["Burning Blood","Whetstone","Orichalcum","Anchor","Membership Card","Philosopher\u0027s Stone","Medical Kit","CaptainsWheel","Vajra","Juzu Bracelet","Dream Catcher","Ancient Tea Set","Mark of Pain","Magic Flower","PreservedInsect","Pen Nib","Lee\u0027s Waffle","Potion Belt","Peace Pipe","Regal Pillow","Mark of the Bloom","Frozen Egg 2","Strawberry"],"acts_visited":["TheCity","TheBeyond"],"potions_floor_usage":[47,50],"damage_taken":[{"damage":2.0,"enemies":"2 Louse","floor":1.0,"turns":4.0},{"damage":0.0,"enemies":"Small Slimes","floor":3.0,"turns":4.0},{"damage":1.0,"enemies":"Cultist","floor":5.0,"turns":4.0},{"damage":4.0,"enemies":"Large Slime","floor":7.0,"turns":6.0},{"damage":13.0,"enemies":"Gremlin Nob","floor":8.0,"turns":4.0},{"damage":1.0,"enemies":"Exordium Wildlife","floor":10.0,"turns":3.0},{"damage":14.0,"enemies":"Lagavulin","floor":11.0,"turns":6.0},{"damage":7.0,"enemies":"Exordium Thugs","floor":12.0,"turns":4.0},{"damage":14.0,"enemies":"Slime Boss","floor":16.0,"turns":15.0},{"damage":5.0,"enemies":"Shell Parasite","floor":18.0,"turns":3.0},{"damage":0.0,"enemies":"3 Byrds","floor":22.0,"turns":5.0},{"damage":14.0,"enemies":"Gremlin Leader","floor":24.0,"turns":5.0},{"damage":3.0,"enemies":"3 Cultists","floor":28.0,"turns":6.0},{"damage":0.0,"enemies":"Slavers","floor":29.0,"turns":6.0},{"damage":10.0,"enemies":"Snake Plant","floor":30.0,"turns":4.0},{"damage":0.0,"enemies":"Gremlin Leader","floor":31.0,"turns":5.0},{"damage":0.0,"enemies":"Automaton","floor":33.0,"turns":10.0},{"damage":0.0,"enemies":"3 Shapes","floor":35.0,"turns":4.0},{"damage":0.0,"enemies":"Orb Walker","floor":39.0,"turns":4.0},{"damage":0.0,"enemies":"3 Darklings","floor":40.0,"turns":5.0},{"damage":0.0,"enemies":"Nemesis","floor":42.0,"turns":3.0},{"damage":4.0,"enemies":"Reptomancer","floor":44.0,"turns":5.0},{"damage":7,"enemies":"Nemesis","floor":47,"turns":3},{"damage":10,"enemies":"Time Eater","floor":50,"turns":4}],"seed_played":"-9004795842263014017","potions_obtained":[{"floor":5.0,"key":"Weak Potion"},{"floor":7.0,"key":"FearPotion"},{"floor":8.0,"key":"Energy Potion"},{"floor":11.0,"key":"AttackPotion"},{"floor":12.0,"key":"Dexterity Potion"},{"floor":28.0,"key":"Dexterity Potion"},{"floor":29.0,"key":"Regen Potion"},{"floor":30.0,"key":"EntropicBrew"},{"floor":31.0,"key":"LiquidMemories"},{"floor":33.0,"key":"Block Potion"},{"floor":35.0,"key":"SmokeBomb"},{"floor":42.0,"key":"PowerPotion"}],"is_trial":false,"path_per_floor":["M","?","M","?","M","R","M","E","T","M","E","M","?","$","R","B",null,"M","?","$","?","M","R","E","R","T","R","M","E","M","E","R","B",null,"M","$","?","$","M","M","?","E","T","E","?","T","E","?","R","B",null],"character_chosen":"IRONCLAD","items_purchased":["Membership Card","Medical Kit","CaptainsWheel","Body Slam","Uppercut","Metallicize","PreservedInsect","Pen Nib","Lee\u0027s Waffle","PowerPotion"],"campfire_rested":0,"item_purchase_floors":[14,20,20,36,36,38,38,38,38,38],"current_hp_per_floor":[60,60,66,58,63,63,65,58,58,63,55,54,38,38,38,30,80,80,64,64,39,45,45,37,37,37,37,40,46,54,60,60,66,80,80,80,80,87,87,87,87,87,87,87,87,87,80,80,80,70],"gold":216,"neow_bonus":"REMOVE_TWO","is_daily":false,"chose_seed":false,"campfire_upgraded":6,"win_rate":0.0,"timestamp":1608960045,"path_taken":["M","?","M","?","?","R","M","E","T","M","E","M","?","?","R","BOSS","M","?","$","?","?","R","E","R","T","R","M","E","M","E","R","BOSS","M","$","?","$","M","M","?","E","T","E","?","?","E","?","R","BOSS"],"items_purchased_type":["Relic","Relic","Relic","Card","Card","Card","Relic","Relic","Relic","Potion"],"build_version":"2020-12-22","purchased_purges":3,"victory":true,"max_hp_per_floor":[80,80,80,80,80,80,80,80,80,80,80,80,80,80,80,80,80,80,80,80,80,80,80,80,80,80,80,80,80,80,80,80,80,80,80,80,80,87,87,87,87,87,87,87,87,87,94,94,94,94],"card_choices":[{"not_picked":["Pommel Strike","Second Wind","Armaments"],"picked":"SKIP","floor":1.0},{"not_picked":["Spot Weakness","Sever Soul","Power Through"],"picked":"SKIP","floor":3.0},{"not_picked":["Rage","Heavy Blade","Bloodletting"],"picked":"SKIP","floor":5.0},{"not_picked":["Armaments","Anger"],"picked":"Metallicize","floor":7.0},{"not_picked":["Shrug It Off","Clothesline"],"picked":"Twin Strike","floor":8.0},{"not_picked":["Pommel Strike","Limit Break"],"picked":"Body Slam","floor":10.0},{"not_picked":["Armaments","Clothesline"],"picked":"Shrug It Off","floor":11.0},{"not_picked":["Flex","Pommel Strike","Warcry"],"picked":"SKIP","floor":12.0},{"not_picked":["Searing Blow","Heavy Blade"],"picked":"Shrug It Off","floor":18.0},{"not_picked":["Clash","Sword Boomerang","Power Through"],"picked":"SKIP","floor":22.0},{"not_picked":["Clash","Sword Boomerang","Power Through"],"picked":"SKIP","floor":22.0},{"not_picked":["Clash","Sword Boomerang","Power Through"],"picked":"SKIP","floor":22.0},{"not_picked":["Heavy Blade","Feed"],"picked":"Barricade","floor":24.0},{"not_picked":["True Grit","Headbutt","Heavy Blade"],"picked":"SKIP","floor":28.0},{"not_picked":["Perfected Strike","Corruption","Heavy Blade"],"picked":"SKIP","floor":29.0},{"not_picked":["Rampage","Carnage","Cleave"],"picked":"SKIP","floor":30.0},{"not_picked":["Cleave+1","Searing Blow+1","Iron Wave"],"picked":"SKIP","floor":31.0},{"not_picked":["Offering","Double Tap"],"picked":"Impervious","floor":33.0},{"not_picked":["Iron Wave+1","Ghostly Armor"],"picked":"Metallicize+1","floor":35.0},{"not_picked":["Clothesline+1","Twin Strike"],"picked":"Shrug It Off+1","floor":39.0},{"not_picked":["Thunderclap+1","Clothesline","Infernal Blade+1"],"picked":"SKIP","floor":40.0},{"not_picked":["Feel No Pain+1","Reckless Charge","Searing Blow+1"],"picked":"SKIP","floor":42.0},{"not_picked":["Pummel+1","Uppercut+1"],"picked":"Body Slam+1","floor":44.0},{"not_picked":["Twin Strike","Barricade+1","Second Wind+1"],"picked":"SKIP","floor":47}],"player_experience":22290,"relics_obtained":[{"floor":8.0,"key":"Whetstone"},{"floor":9.0,"key":"Orichalcum"},{"floor":11.0,"key":"Anchor"},{"floor":24.0,"key":"Vajra"},{"floor":26.0,"key":"Juzu Bracelet"},{"floor":29.0,"key":"Dream Catcher"},{"floor":31.0,"key":"Ancient Tea Set"},{"floor":42.0,"key":"Potion Belt"},{"floor":43.0,"key":"Peace Pipe"},{"floor":44.0,"key":"Regal Pillow"},{"floor":46.0,"key":"Frozen Egg 2"},{"floor":47,"key":"Strawberry"}],"event_choices":[{"cards_removed":["Strike_R"],"damage_healed":0.0,"max_hp_gain":0.0,"max_hp_loss":0.0,"gold_gain":0.0,"event_name":"Living Wall","player_choice":"Forget","floor":2.0,"gold_loss":0.0,"damage_taken":0.0},{"damage_healed":0.0,"max_hp_gain":0.0,"max_hp_loss":0.0,"gold_gain":75.0,"event_name":"FaceTrader","player_choice":"Touch","floor":4.0,"gold_loss":0.0,"damage_taken":8.0},{"damage_healed":0.0,"max_hp_gain":0.0,"max_hp_loss":0.0,"gold_gain":0.0,"event_name":"Shining Light","player_choice":"Entered Light","floor":13.0,"gold_loss":0.0,"damage_taken":16.0,"cards_upgraded":["Body Slam","Defend_R"]},{"damage_healed":0.0,"max_hp_gain":0.0,"max_hp_loss":0.0,"gold_gain":0.0,"event_name":"Cursed Tome","player_choice":"Obtained Book","floor":19.0,"gold_loss":0.0,"damage_taken":16.0},{"damage_healed":0.0,"max_hp_gain":0.0,"max_hp_loss":0.0,"gold_gain":180.0,"event_name":"Knowing Skull","player_choice":"GOLD CARD GOLD ","floor":21.0,"potions_obtained":[],"gold_loss":0.0,"damage_taken":25.0,"cards_obtained":["Madness"]},{"damage_healed":0.0,"max_hp_gain":0.0,"max_hp_loss":0.0,"gold_gain":0.0,"event_name":"WeMeetAgain","player_choice":"Gave Potion","floor":37.0,"gold_loss":0.0,"damage_taken":0.0,"relics_obtained":["Magic Flower"]},{"cards_removed":["Strike_R"],"damage_healed":0.0,"max_hp_gain":0.0,"max_hp_loss":0.0,"gold_gain":0.0,"event_name":"Falling","player_choice":"Removed Attack","floor":41.0,"gold_loss":0.0,"damage_taken":0.0},{"damage_healed":0.0,"max_hp_gain":0.0,"max_hp_loss":0.0,"gold_gain":0.0,"event_name":"MindBloom","player_choice":"Upgrade","floor":45.0,"gold_loss":0.0,"damage_taken":0.0,"cards_upgraded":["Defend_R","Impervious","Body Slam","Uppercut","Metallicize"],"relics_obtained":["Mark of the Bloom"]},{"damage_healed":0,"gold_gain":0,"player_choice":"0 cards matched","damage_taken":0,"max_hp_gain":0,"max_hp_loss":0,"event_name":"Match and Keep!","floor":48,"gold_loss":0,"cards_obtained":[]}],"is_beta":false,"boss_relics":[{"not_picked":["Astrolabe","Empty Cage"],"picked":"Philosopher\u0027s Stone"},{"not_picked":["Black Star","Busted Crown"],"picked":"Mark of Pain"}],"items_purged_floors":[14,36,38],"is_endless":false,"potions_floor_spawned":[5,7,8,11,12,28,29,30,31,33,35,42],"ascension_level":1}}