{"host":"u0f5uy314yz7olfc","time":1608973884,"event":{"mods":["AchievementEnabler","Aspiration","BaseMod","Better Altar","Better Match","Better Note","Better Sensory Stone","Better Skull","Better Third Choice","BetterRewards","Block Reminder","Colored Map","Colored Powertips","DeckTracker","Dota2Spire","Emptier Cage","Gold Saver","Highlight Path","Hubris","Infinite Spire","Marked Mod","Mimic Mod","Minty Spire (QoL Compilation)","Permanent Neow","Quick Restart","Rare Cards Sparkle","Relic Sorter","Shop Mod","StSLib","The Bladedancer","The Blue Laboratory","Watcher Patcher"],"gold_per_floor":[900,297,297,297,30,43,43,60,97,97,97,112,132,162,162,265,265,285,285,200,216,216,241,241,272,302,316,316,316,327,339,339,436,436,450,450,25,38,38,68,86,101,101,117,117,35,35,64,64,14],"floor_reached":51,"playtime":3645,"items_purged":["Burn","Transmutation"],"score":1095,"play_id":"919a6b62-aea8-46b3-8cdf-188c109d8527","local_time":"20201226161124","is_ascension_mode":false,"campfire_choices":[{"floor":7,"key":"REST"},{"floor":10,"key":"REST"},{"floor":15,"key":"REST"},{"floor":24,"key":"REST"},{"floor":28,"key":"RECALL"},{"floor":32,"key":"REST"},{"data":"Mayhem","floor":45,"key":"SMITH"},{"data":"Dramatic Entrance","floor":49,"key":"SMITH"}],"circlet_count":0,"master_deck":["Strike_P","Strike_P","Strike_P","Strike_P","Defend_P","Defend_P","Defend_P","Defend_P","Eruption","Vigilance","BootSequence","Outmaneuver","PathToVictory","BootSequence","MarkedMod:GentlePulse","Fusion","MarkedMod:PinPointDefense","Secret Technique","ClearTheMind","FollowUp","FlurryOfBlows","BootSequence","Dramatic Entrance+1","EmptyFist","Wish","PathToVictory","Mayhem+1","FollowUp+1","FearNoEvil","EmptyMind+1","FlyingSleeves","PathToVictory","ReachHeaven+1","MarkedMod:SlowDance","FollowUp+1","MarkedMod:PinPointDefense","MarkedMod:OneThousandNeedles","FlurryOfBlows","Outmaneuver+1","EmptyFist","Storm","EmptyFist","FollowUp+1","infinitespire:Pacifist","ReachHeaven","Mayhem","PathToVictory+1"],"relics":["PureWater","aspiration:RitualStick","hubris:Icosahedron","Dota2Spire:UrnOfShadows","Dota2Spire:Dagon","MerchantsRug","Unceasing Top","Strange Spoon","Happy Flower","hubris:Towel","Letter Opener","aspiration:PoetsPen_weak","hubris:SlimyHat","Bronze Scales","Yang","CloakClasp","hubris:GlazedTorus","Cursed Key","Toxic Egg 2","aspiration:ChemicalBlood"],"acts_visited":["Exordium","TheCity","TheBeyond"],"potions_floor_usage":[6,9,26,31,33,42,50,50],"damage_taken":[{"damage":0,"enemies":"2 Louse","floor":1,"turns":3},{"damage":0,"enemies":"Jaw Worm","floor":6,"turns":3},{"damage":0,"enemies":"Small Slimes","floor":8,"turns":2},{"damage":31,"enemies":"Exordium Thugs","floor":9,"turns":9},{"damage":15,"enemies":"Exordium Thugs","floor":12,"turns":6},{"damage":0,"enemies":"Exordium Wildlife","floor":13,"turns":2},{"damage":18,"enemies":"3 Sentries","floor":14,"turns":6},{"damage":17,"enemies":"Hexaghost","floor":16,"turns":9},{"damage":23,"enemies":"Spheric Guardian","floor":18,"turns":4},{"damage":5,"enemies":"3 Byrds","floor":21,"turns":3},{"damage":0,"enemies":"Book of Stabbing","floor":23,"turns":2},{"damage":0,"enemies":"Slavers","floor":25,"turns":2},{"damage":11,"enemies":"Snake Plant","floor":26,"turns":8},{"damage":0,"enemies":"Snake Plant","floor":27,"turns":3},{"damage":28,"enemies":"3 Cultists","floor":30,"turns":3},{"damage":0,"enemies":"Cultist and Chosen","floor":31,"turns":4},{"damage":18,"enemies":"hubris:MusketHawk","floor":33,"turns":4},{"damage":0,"enemies":"3 Darklings","floor":35,"turns":3},{"damage":5,"enemies":"Orb Walker","floor":38,"turns":3},{"damage":4,"enemies":"Giant Head","floor":40,"turns":5},{"damage":6,"enemies":"Writhing Mass","floor":41,"turns":4},{"damage":0,"enemies":"Maw","floor":42,"turns":3},{"damage":16,"enemies":"3 Darklings","floor":44,"turns":4},{"damage":0,"enemies":"Reptomancer","floor":48,"turns":4},{"damage":36,"enemies":"Donu and Deca","floor":50,"turns":5}],"seed_played":"-58499536456328180","potions_obtained":[{"floor":1,"key":"Fire Potion"},{"floor":8,"key":"blueLaboratory:FruitPunch"},{"floor":21,"key":"FearPotion"},{"floor":23,"key":"Energy Potion"},{"floor":30,"key":"AttackPotion"},{"floor":40,"key":"Energy Potion"},{"floor":44,"key":"blueLaboratory:BottleOfVodka"}],"is_trial":false,"path_per_floor":["M","$","?","?","$","M","R","M","MIM","R","?","M","M","E","R","B",null,"M","?","?","M","AVR","E","R","E","MIM","M","R","?","M","M","R","B",null,"M","?","$","M","AVR","E","M","M","T","M","R","$","?","E","R","B",null],"character_chosen":"WATCHER","items_purchased":["MerchantsRug","BootSequence","Outmaneuver","PathToVictory","BootSequence","MarkedMod:GentlePulse","Strange Spoon","MarkedMod:PinPointDefense","Secret Technique","Dota2Spire:Dagon","Happy Flower","ClearTheMind","MarkedMod:PinPointDefense","MarkedMod:OneThousandNeedles","Toxic Egg 2","FlurryOfBlows","Outmaneuver+1","Mayhem"],"campfire_rested":5,"item_purchase_floors":[0,0,0,0,0,0,2,2,2,2,5,5,37,37,37,37,37,46],"current_hp_per_floor":[40,40,40,40,40,40,61,61,32,54,54,39,39,21,43,26,74,51,51,51,46,46,46,68,68,57,57,57,42,14,14,36,18,74,74,84,84,79,79,75,69,75,75,59,59,59,59,68,68,38],"gold":14,"neow_bonus":"","is_daily":false,"chose_seed":false,"campfire_upgraded":2,"win_rate":0.0,"timestamp":1608973884,"path_taken":["M","$","?","?","$","M","R","M","MIM","R","?","M","?","E","R","BOSS","M","?","?","M","AVR","E","R","E","MIM","M","R","?","M","M","R","BOSS","M","?","$","?","AVR","E","?","M","T","M","R","$","?","E","R","BOSS"],"items_purchased_type":["Relic","Card","Card","Card","Card","Card","Relic","Card","Card","Relic","Relic","Card","Card","Card","Relic","Card","Card","Card"],"build_version":"2020-12-22","purchased_purges":2,"victory":true,"max_hp_per_floor":[72,72,72,72,72,72,72,72,74,74,74,74,74,74,74,74,74,74,74,74,74,74,74,74,74,74,74,74,74,74,74,74,74,74,74,84,84,84,84,84,84,84,84,84,84,84,84,84,84,84],"card_choices":[{"not_picked":["Halt","CutThroughFate"],"picked":"Fusion","floor":1},{"not_picked":["Nirvana","Riddle With Holes"],"picked":"FollowUp","floor":6},{"not_picked":["EmptyFist","Halt"],"picked":"FlurryOfBlows","floor":8},{"not_picked":["Halt","MarkedMod:Acupuncture"],"picked":"BootSequence","floor":9},{"not_picked":["MarkedMod:GentlePulse","Reflex"],"picked":"Dramatic Entrance","floor":12},{"not_picked":["MarkedMod:ChiBlock","Underhanded Strike"],"picked":"EmptyFist","floor":13},{"not_picked":["MarkedMod:Acupuncture","Halt"],"picked":"Wish","floor":14},{"not_picked":["Unload","Alpha"],"picked":"Transmutation","floor":16},{"not_picked":["MarkedMod:Acupuncture","Outmaneuver+1"],"picked":"PathToVictory","floor":18},{"not_picked":["Stack","MarkedMod:GentlePulse"],"picked":"FollowUp+1","floor":21},{"not_picked":["InnerPeace","Collect"],"picked":"FearNoEvil","floor":23},{"not_picked":["Collect","MarkedMod:GentlePulse"],"picked":"EmptyMind+1","floor":25},{"not_picked":["MarkedMod:GentlePulse+1","Impatience"],"picked":"MasterReality","floor":26},{"not_picked":["ClearTheMind","Storm"],"picked":"FlyingSleeves","floor":27},{"not_picked":["FlurryOfBlows","EmptyFist"],"picked":"PathToVictory","floor":30},{"not_picked":["EmptyFist","MarkedMod:GentlePulse"],"picked":"ReachHeaven+1","floor":31},{"not_picked":["Machine Learning","ConjureBlade"],"picked":"MarkedMod:SlowDance","floor":33},{"not_picked":["MarkedMod:GentlePulse","Nirvana+1"],"picked":"FollowUp+1","floor":35},{"not_picked":["Warcry+1","Sever Soul+1"],"picked":"EmptyFist","floor":38},{"not_picked":["Impatience+1","Sentinel+1"],"picked":"Storm","floor":40},{"not_picked":["Clash","Wraith Form v2"],"picked":"EmptyFist","floor":41},{"not_picked":["Underhanded Strike+1","CutThroughFate"],"picked":"FollowUp+1","floor":42},{"not_picked":["Forethought+1","Vengeance+1"],"picked":"ReachHeaven","floor":44},{"not_picked":["Stack+1","Outmaneuver+1"],"picked":"PathToVictory+1","floor":48}],"player_experience":307587,"relics_obtained":[{"floor":14,"key":"Letter Opener"},{"floor":23,"key":"Bronze Scales"},{"floor":25,"key":"Yang"},{"floor":26,"key":"CloakClasp"},{"floor":26,"key":"hubris:GlazedTorus"},{"floor":40,"key":"Dota2Spire:UrnOfShadows"},{"floor":43,"key":"Dota2Spire:ShadowBlade"},{"floor":48,"key":"aspiration:ChemicalBlood"}],"event_choices":[{"damage_healed":40,"gold_gain":0,"player_choice":"Embrace Burn","damage_taken":0,"max_hp_gain":0,"max_hp_loss":72,"event_name":"betterThird:BetterShining","floor":3,"gold_loss":0},{"cards_removed":["BootSequence"],"damage_healed":0,"gold_gain":0,"player_choice":"Take \u0026 Give","damage_taken":0,"max_hp_gain":0,"max_hp_loss":0,"event_name":"betterNote:BetterNote","floor":19,"gold_loss":0,"cards_obtained":["Mayhem"]},{"damage_healed":0,"gold_gain":0,"player_choice":"Obtained Relic","damage_taken":0,"relics_obtained":["hubris:SlimyHat"],"max_hp_gain":0,"max_hp_loss":0,"event_name":"Addict","floor":20,"gold_loss":85},{"cards_removed":["MasterReality"],"damage_healed":0,"gold_gain":0,"player_choice":"Offered Rare","damage_taken":0,"max_hp_gain":10,"max_hp_loss":0,"event_name":"Bonfire Elementals","floor":36,"gold_loss":0}],"is_beta":false,"boss_relics":[{"not_picked":["aspiration:FutureDiary","VioletLotus"],"picked":"aspiration:PoetsPen_weak"},{"not_picked":["Black Star","hubris:VirtuousBlindfold"],"picked":"Cursed Key"}],"items_purged_floors":[5,22],"is_endless":false,"potions_floor_spawned":[1,8,21,23,30,40,44],"ascension_level":0}}