{"host":"wg33yb1rgt3nbe17","time":1608982685,"event":{"mods":["AchievementEnabler","BaseMod","Colored Map","Minty Spire (QoL Compilation)","Permanent Neow","Relic Stats","StSLib"],"gold_per_floor":[218,22,22,32,32,67,85,96,96,96,114,114,94,111,111,189,189,204,204,204,204],"floor_reached":20,"playtime":515,"items_purged":[],"score":331,"play_id":"e8454bf4-27c8-4f87-96dc-c3771875f365","local_time":"20201226063805","is_ascension_mode":true,"campfire_choices":[{"floor":10,"key":"REST"},{"floor":12,"key":"REST"},{"data":"Apotheosis","floor":15,"key":"SMITH"}],"circlet_count":0,"master_deck":["AscendersBane","Strike_R","Strike_R","Strike_R","Strike_R","Strike_R","Defend_R","Defend_R","Defend_R","Defend_R","Bash","Clothesline","Apotheosis+1","Spot Weakness","Twin Strike","Double Tap","Sword Boomerang","Power Through","Battle Trance","Reaper"],"relics":["Black Blood","Pantograph","Pen Nib","Smiling Mask","InkBottle"],"acts_visited":["Exordium","TheCity"],"potions_floor_usage":[7,16],"damage_taken":[{"damage":8,"enemies":"2 Louse","floor":1,"turns":5},{"damage":0,"enemies":"Cultist","floor":4,"turns":4},{"damage":41,"enemies":"Gremlin Nob","floor":6,"turns":4},{"damage":0,"enemies":"Small Slimes","floor":7,"turns":2},{"damage":7,"enemies":"3 Louse","floor":8,"turns":4},{"damage":23,"enemies":"Exordium Thugs","floor":11,"turns":5},{"damage":7,"enemies":"2 Fungi Beasts","floor":14,"turns":3},{"damage":38,"enemies":"The Guardian","floor":16,"turns":9},{"damage":51,"enemies":"Shell Parasite","floor":18,"turns":5},{"damage":25,"enemies":"Spheric Guardian","floor":20,"turns":3}],"seed_played":"7440659958597878462","potions_obtained":[{"floor":1,"key":"Weak Potion"},{"floor":6,"key":"ColorlessPotion"},{"floor":11,"key":"Energy Potion"},{"floor":13,"key":"LiquidBronze"}],"is_trial":false,"path_per_floor":["M","$","?","M","?","E","M","M","T","R","M","R","?","M","R","B",null,"M","?","M"],"character_chosen":"IRONCLAD","items_purchased":["Apotheosis"],"campfire_rested":2,"item_purchase_floors":[2],"current_hp_per_floor":[66,66,66,72,54,19,25,24,24,46,29,51,51,50,50,43,67,39,18,0,0],"gold":204,"neow_bonus":"HUNDRED_GOLD","is_daily":false,"chose_seed":false,"campfire_upgraded":1,"win_rate":0.0,"timestamp":1608982685,"path_taken":["M","$","?","?","?","E","M","M","T","R","M","R","?","M","R","BOSS","M","?","M"],"items_purchased_type":["Card"],"build_version":"2020-12-22","purchased_purges":0,"victory":false,"max_hp_per_floor":[75,75,75,75,75,75,75,75,75,75,75,75,75,75,75,75,75,75,80,80,80],"relic_stats":{"counters":[10,44],"Pantograph":25,"Black Blood":60,"Pen Nib":[6],"Smiling Mask":0,"obtain_stats":[{"Pantograph":3,"Black Blood":17,"Pen Nib":5,"Smiling Mask":6,"Burning Blood":0,"InkBottle":9},{"Pantograph":1,"Black Blood":8,"Pen Nib":2,"Smiling Mask":3,"Burning Blood":0,"InkBottle":5},{"Pantograph":5,"Black Blood":36,"Pen Nib":9,"Smiling Mask":13,"Burning Blood":0,"InkBottle":19}],"InkBottle":[3]},"card_choices":[{"not_picked":["Entrench","Pommel Strike"],"picked":"Clothesline","floor":1},{"not_picked":["Havoc","Evolve"],"picked":"Spot Weakness","floor":4},{"not_picked":["Havoc","Wild Strike"],"picked":"Twin Strike","floor":6},{"not_picked":["Clothesline","Wild Strike"],"picked":"Double Tap","floor":7},{"not_picked":["Heavy Blade","Headbutt"],"picked":"Sword Boomerang","floor":8},{"not_picked":["Wild Strike","True Grit"],"picked":"Power Through","floor":11},{"not_picked":["Perfected Strike","Wild Strike"],"picked":"Battle Trance","floor":14},{"not_picked":["Offering","Demon Form"],"picked":"Reaper","floor":16},{"not_picked":["Body Slam","Thunderclap","Rampage"],"picked":"SKIP","floor":18}],"player_experience":545402,"relics_obtained":[{"floor":6,"key":"Smiling Mask"},{"floor":9,"key":"InkBottle"}],"event_choices":[{"damage_healed":0,"gold_gain":0,"player_choice":"Gave Potion","damage_taken":0,"relics_obtained":["Pantograph"],"max_hp_gain":0,"max_hp_loss":0,"event_name":"WeMeetAgain","floor":3,"gold_loss":0},{"damage_healed":0,"gold_gain":0,"player_choice":"Success","damage_taken":18,"relics_obtained":["Pen Nib"],"max_hp_gain":0,"max_hp_loss":0,"event_name":"Scrap Ooze","floor":5,"gold_loss":0},{"damage_healed":0,"gold_gain":0,"player_choice":"Bought 1 Potion","damage_taken":0,"max_hp_gain":0,"max_hp_loss":0,"event_name":"The Woman in Blue","floor":13,"gold_loss":0},{"damage_healed":0,"gold_gain":0,"player_choice":"Shed Blood","damage_taken":26,"max_hp_gain":5,"max_hp_loss":0,"event_name":"Forgotten Altar","floor":19,"gold_loss":0}],"is_beta":false,"boss_relics":[{"not_picked":["Mark of Pain","Cursed Key"],"picked":"Black Blood"}],"items_purged_floors":[],"is_endless":false,"potions_floor_spawned":[1,6,11,14],"killed_by":"Spheric Guardian","ascension_level":18}}