{"host":"sav7uxregyirlf69","time":1608948272,"event":{"mods":["AchievementEnabler","BaseMod","Colored Map","DeckTracker","Keyboard Shortcuts","Minty Spire (QoL Compilation)","READ ME - Guardian Mod","StSLib","SuperFastMode"],"gold_per_floor":[114,129,144,159,174,204,204,219,219,234,234,234,249,195,195,295,295,310,409,184,184,199,229,229,259,284,299,299,314,314,329,329,429,429,444,459,474,474,489,519,27,42,67,42,42,0,50,65,65,65],"floor_reached":51,"playtime":1407,"items_purged":["Streamline"],"score":973,"play_id":"f5f86432-5785-447e-85d6-4af56785dd70","local_time":"20201226110432","daily_mods":["SealedDeck","Diverse","Binary"],"is_ascension_mode":false,"campfire_choices":[{"data":"Streamline","floor":7,"key":"SMITH"},{"data":"Beam Cell","floor":11,"key":"SMITH"},{"data":"Inflame","floor":15,"key":"SMITH"},{"data":"Bloodletting","floor":24,"key":"SMITH"},{"data":"Turbo","floor":28,"key":"SMITH"},{"data":"Skim","floor":32,"key":"SMITH"},{"data":"DevaForm","floor":49,"key":"SMITH"}],"circlet_count":0,"master_deck":["PiercingWail","Warcry","Ball Lightning","Genetic Algorithm","Sanctity","Beam Cell+1","Streamline+1","Feel No Pain","Skim+1","Turbo+1","Riddle With Holes","Pommel Strike","Bloodletting+1","Inflame+1","Go for the Eyes","Hologram","DevaForm+1","Escape Plan","Armaments+1","CrushJoints+1","Double Energy+1","Finesse","Gash"],"relics":["Burning Blood","Blood Vial","Sundial","PreservedInsect","Runic Cube","Orichalcum","Nilry\u0027s Codex","Champion Belt","Incense Burner","Bronze Scales","Coffee Dripper","Nunchaku","Juzu Bracelet","Ornamental Fan","Akabeko","Mercury Hourglass","Red Mask","Unceasing Top"],"acts_visited":["Exordium","TheCity","TheBeyond"],"potions_floor_usage":[16,25,33,50,50],"damage_taken":[{"damage":0,"enemies":"Cultist","floor":1,"turns":3},{"damage":0,"enemies":"Small Slimes","floor":2,"turns":2},{"damage":0,"enemies":"2 Louse","floor":3,"turns":2},{"damage":5,"enemies":"Large Slime","floor":4,"turns":3},{"damage":8,"enemies":"Gremlin Gang","floor":5,"turns":3},{"damage":18,"enemies":"Lagavulin","floor":6,"turns":5},{"damage":3,"enemies":"2 Fungi Beasts","floor":8,"turns":2},{"damage":11,"enemies":"Exordium Thugs","floor":10,"turns":3},{"damage":0,"enemies":"Exordium Wildlife","floor":13,"turns":2},{"damage":0,"enemies":"Slime Boss","floor":16,"turns":6},{"damage":3,"enemies":"Chosen","floor":18,"turns":3},{"damage":5,"enemies":"Shell Parasite","floor":22,"turns":3},{"damage":18,"enemies":"Book of Stabbing","floor":23,"turns":4},{"damage":6,"enemies":"Slavers","floor":25,"turns":3},{"damage":7,"enemies":"Chosen and Byrds","floor":27,"turns":3},{"damage":3,"enemies":"Centurion and Healer","floor":29,"turns":4},{"damage":9,"enemies":"Shelled Parasite and Fungi","floor":31,"turns":6},{"damage":7,"enemies":"Collector","floor":33,"turns":6},{"damage":9,"enemies":"3 Darklings","floor":35,"turns":3},{"damage":8,"enemies":"Orb Walker","floor":36,"turns":2},{"damage":9,"enemies":"Maw","floor":37,"turns":5},{"damage":32,"enemies":"Sphere and 2 Shapes","floor":39,"turns":4},{"damage":6,"enemies":"Giant Head","floor":40,"turns":5},{"damage":15,"enemies":"Writhing Mass","floor":42,"turns":4},{"damage":8,"enemies":"Mind Bloom Boss Battle","floor":47,"turns":5},{"damage":1,"enemies":"Transient","floor":48,"turns":5},{"damage":23,"enemies":"Time Eater","floor":50,"turns":7}],"seed_played":"5451747836825439005","potions_obtained":[{"floor":3,"key":"Energy Potion"},{"floor":4,"key":"ElixirPotion"},{"floor":5,"key":"Fire Potion"},{"floor":6,"key":"AttackPotion"},{"floor":18,"key":"DistilledChaos"},{"floor":27,"key":"Explosive Potion"},{"floor":36,"key":"SneckoOil"},{"floor":39,"key":"SteroidPotion"},{"floor":40,"key":"ColorlessPotion"},{"floor":48,"key":"Strength Potion"}],"is_trial":false,"path_per_floor":["M","M","M","M","M","E","R","M","T","M","R","?","M","$","R","B",null,"M","?","$","?","M","E","R","E","T","M","R","M","?","M","R","B",null,"M","M","M","?","M","E","$","M","T","$","T","?","?","M","R","B",null],"character_chosen":"IRONCLAD","items_purchased":["Hologram","Orichalcum","Finesse","Juzu Bracelet","Ornamental Fan","Gash"],"campfire_rested":0,"item_purchase_floors":[14,20,41,41,41,44],"current_hp_per_floor":[80,80,80,80,78,66,66,71,71,68,68,68,76,76,76,80,80,80,80,80,64,67,57,57,59,59,60,60,65,65,64,64,65,80,77,77,76,76,52,54,54,47,47,47,47,47,47,54,54,39],"gold":65,"neow_bonus":"","is_daily":true,"chose_seed":false,"campfire_upgraded":7,"win_rate":0.0,"timestamp":1608948272,"path_taken":["M","M","M","?","M","E","R","M","T","M","R","?","M","?","R","BOSS","M","?","$","?","M","E","R","E","T","M","R","M","?","M","R","BOSS","M","M","?","?","M","E","?","M","T","$","?","?","?","M","R","BOSS"],"items_purchased_type":["Card","Relic","Card","Relic","Relic","Card"],"build_version":"2020-12-22","purchased_purges":1,"victory":true,"max_hp_per_floor":[80,80,80,80,80,80,80,80,80,80,80,80,80,80,80,80,80,80,80,80,80,80,80,80,80,80,80,80,80,80,80,80,80,80,80,80,80,80,80,80,80,80,80,80,80,80,80,80,80,80],"card_choices":[{"not_picked":["Turbo"],"picked":"Riddle With Holes","floor":1},{"not_picked":["CarveReality"],"picked":"Streamline","floor":2},{"not_picked":["TalkToTheHand"],"picked":"Pommel Strike","floor":3},{"not_picked":["PathToVictory","Dagger Throw"],"picked":"SKIP","floor":4},{"not_picked":["Acrobatics","Outmaneuver"],"picked":"SKIP","floor":5},{"not_picked":["Turbo"],"picked":"Bloodletting","floor":6},{"not_picked":["Pray"],"picked":"Inflame","floor":8},{"not_picked":["Acrobatics","CarveReality"],"picked":"SKIP","floor":10},{"not_picked":["Acrobatics","CarveReality"],"picked":"SKIP","floor":10},{"not_picked":["WaveOfTheHand"],"picked":"Go for the Eyes","floor":13},{"not_picked":["Rainbow"],"picked":"DevaForm","floor":16},{"not_picked":["Coolheaded","Concentrate+1"],"picked":"SKIP","floor":18},{"not_picked":["Outmaneuver","Dropkick"],"picked":"SKIP","floor":22},{"not_picked":["SandsOfTime","ForeignInfluence"],"picked":"SKIP","floor":23},{"not_picked":["Turbo","Meditate"],"picked":"SKIP","floor":25},{"not_picked":["Cloak And Dagger","Twin Strike"],"picked":"SKIP","floor":27},{"not_picked":["Power Through","CarveReality"],"picked":"SKIP","floor":29},{"not_picked":["Wild Strike","Tantrum+1"],"picked":"SKIP","floor":31},{"not_picked":["Shrug It Off","Flex"],"picked":"SKIP","floor":35},{"not_picked":["Outmaneuver"],"picked":"Escape Plan","floor":36},{"not_picked":["Consecrate"],"picked":"Armaments+1","floor":37},{"not_picked":["Compile Driver+1"],"picked":"CrushJoints+1","floor":39},{"not_picked":["Sword Boomerang+1"],"picked":"Double Energy+1","floor":40},{"not_picked":["Acrobatics+1","Nirvana"],"picked":"SKIP","floor":42},{"not_picked":["Cleave+1","Rebound"],"picked":"SKIP","floor":48}],"player_experience":1013878,"relics_obtained":[{"floor":6,"key":"Blood Vial"},{"floor":9,"key":"Sundial"},{"floor":21,"key":"Nilry\u0027s Codex"},{"floor":23,"key":"Champion Belt"},{"floor":25,"key":"Incense Burner"},{"floor":26,"key":"Bronze Scales"},{"floor":40,"key":"Nunchaku"},{"floor":43,"key":"Akabeko"},{"floor":45,"key":"Mercury Hourglass"},{"floor":47,"key":"Unceasing Top"}],"event_choices":[{"damage_healed":0,"gold_gain":0,"player_choice":"Gave Potion","damage_taken":0,"relics_obtained":["PreservedInsect"],"max_hp_gain":0,"max_hp_loss":0,"event_name":"WeMeetAgain","floor":12,"gold_loss":0},{"damage_healed":0,"gold_gain":99,"player_choice":"Stole From Cult","damage_taken":0,"max_hp_gain":0,"max_hp_loss":0,"event_name":"Nest","floor":19,"gold_loss":0},{"damage_healed":0,"gold_gain":0,"player_choice":"Obtained Book","damage_taken":16,"max_hp_gain":0,"max_hp_loss":0,"event_name":"Cursed Tome","floor":21,"gold_loss":0},{"damage_healed":0,"gold_gain":0,"player_choice":"0 cards matched","damage_taken":0,"max_hp_gain":0,"max_hp_loss":0,"event_name":"Match and Keep!","floor":30,"gold_loss":0,"cards_obtained":[]},{"damage_healed":0,"gold_gain":0,"player_choice":"0 cards matched","damage_taken":0,"max_hp_gain":0,"max_hp_loss":0,"event_name":"Match and Keep!","floor":38,"gold_loss":0,"cards_obtained":[]},{"damage_healed":0,"gold_gain":0,"player_choice":"Paid","damage_taken":0,"relics_obtained":["Red Mask"],"max_hp_gain":0,"max_hp_loss":0,"event_name":"Tomb of Lord Red Mask","floor":46,"gold_loss":42},{"damage_healed":0,"gold_gain":0,"player_choice":"Fight","damage_taken":0,"max_hp_gain":0,"max_hp_loss":0,"event_name":"MindBloom","floor":47,"gold_loss":0}],"is_beta":false,"boss_relics":[{"not_picked":["Cursed Key","Velvet Choker"],"picked":"Runic Cube"},{"not_picked":["Fusion Hammer","SlaversCollar"],"picked":"Coffee Dripper"}],"items_purged_floors":[20],"is_endless":false,"potions_floor_spawned":[3,4,5,6,10,18,27,36,39,40,48],"ascension_level":0}}