{"host":"rkizb0bayd67deyv","time":1608977453,"event":{"mods":["2.2 Compatiblity","AchievementEnabler","Astrologer","BaseMod","Beaked The Cultist","BetterRewards","CapriCore","Colored Map","Colored Powertips","GifTheSpireLib","Gremlin Mod","KinomotoSakuraMod(ñÿîVñ{?)","Koishi","Mad Scientist","MarisaÅiñ∂âJÅ@ñÇóùçπÅj","Minty Spire (QoL Compilation)","Quick Restart","StSLib","SuperFastMode","The Bladedancer","The Cursed","The Death Knight","The Immortal","The Mystic","The Poker Player","Unknown Chances","YoumuÅiç∞ÈÆódöÎÅj"],"gold_per_floor":[116,136,136,150,160,160,189,189,212,224,46,75,75,75,75,203,203,227,241,241,241,260,303,303,303,328,347,387,86,121,146,146,270,270,291,354,354,65,398,431,431,431,431,130,150,183,193,206,206,206],"floor_reached":51,"playtime":1513,"items_purged":["Gremlin:Strike","Gremlin:Defend","Gremlin:Strike","Gremlin:Defend"],"score":1228,"play_id":"40d920fa-51d9-43c0-82cc-b8b1f8e037b1","local_time":"20201226191053","is_ascension_mode":true,"campfire_choices":[{"data":"Trip","floor":6.0,"key":"SMITH"},{"data":"Gremlin:Flurry","floor":8.0,"key":"SMITH"},{"data":"Gremlin:GremlinArms","floor":15.0,"key":"SMITH"},{"data":"Gremlin:Duplicate","floor":25.0,"key":"SMITH"},{"data":"beaked:WalkersFury","floor":32.0,"key":"SMITH"},{"data":"Gremlin:Erupt","floor":41,"key":"SMITH"},{"data":"Secret Weapon","floor":49,"key":"SMITH"}],"circlet_count":0,"master_deck":["Gremlin:Strike","Gremlin:Defend","Gremlin:Defend","Gremlin:TagTeam","Gremlin:GremlinDance+1","Gremlin:Revel+1","Gremlin:Flurry+1","Gremlin:GremlinArms","Trip+1","Secret Weapon+1","Gremlin:ProperTools+1","Gremlin:GlitterGuard+1","Gremlin:GremlinMeal","Gremlin:GremlinMeal","Gremlin:GremlinArms+1","Gremlin:GremlinArms","Gremlin:Duplicate+1","beaked:WalkersFury+1","Gremlin:ShowOfHands","Gremlin:SecondVolley","Gremlin:Pinprick+1","Gremlin:Erupt+1","Gremlin:GlitterGuard+1","Gremlin:SecondVolley","beaked:WalkersFury+1"],"relics":["Gremlin:GremlinKnob","Mango","Gremlin:WizardStaff","Vajra","Boot","Pen Nib","Juzu Bracelet","beaked:SacredDeck","MutagenicStrength","Gremlin:PricklyShields","Regal Pillow","Meat on the Bone","Orrery","Ancient Tea Set","Coffee Dripper","CatCart","ClockworkSouvenir","Shovel","Gremlin Horn","DollysMirror","Whetstone","Mercury Hourglass"],"acts_visited":["Exordium","TheCity","TheBeyond"],"potions_floor_usage":[46,50,50],"damage_taken":[{"damage":1.0,"enemies":"Jaw Worm","floor":1.0,"turns":2.0},{"damage":0.0,"enemies":"Cultist","floor":2.0,"turns":2.0},{"damage":0.0,"enemies":"Small Slimes","floor":4.0,"turns":1.0},{"damage":0.0,"enemies":"2 Fungi Beasts","floor":5.0,"turns":2.0},{"damage":0.0,"enemies":"Lagavulin","floor":7.0,"turns":2.0},{"damage":0.0,"enemies":"Exordium Thugs","floor":10.0,"turns":3.0},{"damage":6.0,"enemies":"3 Sentries","floor":12.0,"turns":5.0},{"damage":4.0,"enemies":"Hexaghost","floor":16.0,"turns":6.0},{"damage":0.0,"enemies":"Chosen","floor":18.0,"turns":3.0},{"damage":6.0,"enemies":"3 Byrds","floor":19.0,"turns":3.0},{"damage":0.0,"enemies":"3 Cultists","floor":22.0,"turns":2.0},{"damage":5.0,"enemies":"Slavers","floor":23.0,"turns":3.0},{"damage":1.0,"enemies":"Shelled Parasite and Fungi","floor":27.0,"turns":2.0},{"damage":0.0,"enemies":"Gremlin Leader","floor":28.0,"turns":4.0},{"damage":0.0,"enemies":"Slavers","floor":30.0,"turns":3.0},{"damage":0.0,"enemies":"Snake Plant","floor":31.0,"turns":1.0},{"damage":15.0,"enemies":"Champ","floor":33.0,"turns":5.0},{"damage":5.0,"enemies":"3 Shapes","floor":35.0,"turns":5.0},{"damage":0,"enemies":"Orin","floor":36,"turns":3},{"damage":0,"enemies":"Reptomancer","floor":40,"turns":1},{"damage":0,"enemies":"3 Darklings","floor":45,"turns":2},{"damage":35,"enemies":"Nemesis","floor":46,"turns":3},{"damage":0,"enemies":"4 Shapes","floor":47,"turns":1},{"damage":0,"enemies":"Sphere and 2 Shapes","floor":48,"turns":1},{"damage":21,"enemies":"Awakened One","floor":50,"turns":4}],"seed_played":"-211836964848431974","potions_obtained":[{"floor":4.0,"key":"SpeedPotion"},{"floor":7.0,"key":"Fire Potion"},{"floor":12.0,"key":"FearPotion"},{"floor":23.0,"key":"Fruit Juice"},{"floor":30.0,"key":"Fire Potion"},{"floor":31.0,"key":"SkillPotion"},{"floor":45,"key":"DeathKnight:BottledBloodEchoes"},{"floor":46,"key":"Strength Potion"},{"floor":47,"key":"GamblersBrew"}],"is_trial":false,"path_per_floor":["M","M","?","M","M","R","E","R","T","M","$","E","?","?","R","B",null,"M","M","?","?","M","E","?","R","T","M","E","$","E","M","R","B",null,"M","?","?","$","?","E","R","?","T","$","M","E","M","M","R","B",null],"character_chosen":"GREMLIN","items_purchased":["Gremlin:Revel","Gremlin:Flurry","Gremlin:GremlinArms","Gremlin:WizardStaff","Vajra","Trip","Secret Weapon","Gremlin:GremlinArms","Orrery","ClockworkSouvenir","Gremlin:SecondVolley","DollysMirror","Whetstone"],"campfire_rested":0,"item_purchase_floors":[0,0,0,0,0,0,0,11,29,38,38,44,44],"current_hp_per_floor":[10,10,10,23,23,23,23,23,23,23,23,23,23,22,22,18,22,22,22,22,22,22,17,17,17,17,15,22,22,22,22,22,19,22,22,22,22,22,22,22,22,22,22,22,22,23,23,23,23,23],"gold":206,"neow_bonus":"","is_daily":false,"chose_seed":false,"campfire_upgraded":7,"win_rate":0.0,"timestamp":1608977453,"path_taken":["M","M","?","M","M","R","E","R","T","?","$","E","?","?","R","BOSS","M","M","?","?","M","E","?","R","T","M","E","?","E","M","R","BOSS","M","?","?","?","?","E","R","?","T","$","M","E","M","M","R","BOSS"],"items_purchased_type":["Card","Card","Card","Relic","Relic","Card","Card","Card","Relic","Relic","Card","Relic","Relic"],"build_version":"2020-12-22","purchased_purges":4,"victory":true,"max_hp_per_floor":[23,23,23,23,23,23,23,23,23,23,23,23,23,22,22,22,22,22,22,22,22,22,22,22,22,22,22,22,22,22,22,22,22,22,22,22,22,22,22,22,22,22,22,22,22,23,23,23,23,23],"card_choices":[{"not_picked":["Gremlin:GlitterGuard","Gremlin:ToeStub"],"picked":"Gremlin:ProperTools","floor":1.0},{"not_picked":["Gremlin:FanOfKnives","Gremlin:Stupend"],"picked":"Gremlin:GlitterGuard","floor":2.0},{"not_picked":["Gremlin:ToeStub","Gremlin:DaggerDance"],"picked":"Gremlin:GremlinMeal","floor":4.0},{"not_picked":["Gremlin:Tadah","Gremlin:Exacerbate","Gremlin:Changeo"],"picked":"SKIP","floor":5.0},{"not_picked":["Gremlin:BurlyBlow","Gremlin:TwistTheKnife","Gremlin:AggressiveDefense"],"picked":"SKIP","floor":7.0},{"not_picked":["Gremlin:Jeer","Gremlin:Tadah"],"picked":"Gremlin:GremlinMeal","floor":10.0},{"not_picked":["Gremlin:Pretaliation","Gremlin:Revel"],"picked":"Gremlin:GremlinArms","floor":12.0},{"not_picked":["Gremlin:FairyDust","Gremlin:CongaLine"],"picked":"Gremlin:Duplicate","floor":16.0},{"not_picked":["Gremlin:EdibleArmor+1","Gremlin:Presto"],"picked":"Gremlin:ShowOfHands","floor":18.0},{"not_picked":["Gremlin:BulkUp","Gremlin:Presto","Gremlin:Tadah+1"],"picked":"SKIP","floor":19.0},{"not_picked":["Gremlin:GremlinMeal+1","Gremlin:AggressiveDefense+1","Gremlin:Stupend"],"picked":"SKIP","floor":22.0},{"not_picked":["Gremlin:ShowOfHands","Gremlin:Revel","Gremlin:Patsy+1"],"picked":"SKIP","floor":23.0},{"not_picked":["Gremlin:Dazzle","Gremlin:GremlinMeal","Gremlin:Pretaliation"],"picked":"SKIP","floor":27.0},{"not_picked":["Gremlin:ToeStub+1","Gremlin:FanOfKnives+1","Gremlin:ArmsTheft"],"picked":"SKIP","floor":28.0},{"not_picked":["Gremlin:Tricksy","Gremlin:FollowThrough+1"],"picked":"Gremlin:SecondVolley","floor":29.0},{"not_picked":["Gremlin:ArmsTheft","Gremlin:Scatter+1"],"picked":"Gremlin:Pinprick+1","floor":29.0},{"not_picked":["Gremlin:Jeer","Gremlin:BubbleBarrier","Gremlin:TwistTheKnife"],"picked":"SKIP","floor":30.0},{"not_picked":["Gremlin:TwistTheKnife+1","Gremlin:DaggerDance","Gremlin:CongaLine"],"picked":"SKIP","floor":31.0},{"not_picked":["Gremlin:TargetWeakness","Gremlin:Exacerbate"],"picked":"Gremlin:Erupt","floor":33.0},{"not_picked":["Gremlin:TwistTheKnife+1","Gremlin:Tadah+1","Gremlin:Heckle+1"],"picked":"SKIP","floor":35.0},{"not_picked":["Gremlin:Heckle+1","Gremlin:PinNeedle+1"],"picked":"Gremlin:GlitterGuard+1","floor":36},{"not_picked":["Gremlin:BubbleBarrier+1","Gremlin:BurlyBlow+1","Gremlin:BulkUp"],"picked":"SKIP","floor":40},{"not_picked":["Gremlin:TwistTheKnife","Gremlin:Tricksy+1","Gremlin:FanOfKnives+1"],"picked":"SKIP","floor":45},{"not_picked":["Gremlin:BulkUp","Gremlin:GlitterGuard","Gremlin:GremlinToss"],"picked":"SKIP","floor":46},{"not_picked":["Gremlin:GremlinArms","Gremlin:BubbleBarrier+1","Gremlin:Dazzle+1"],"picked":"SKIP","floor":47},{"not_picked":["Gremlin:Irritability","Gremlin:Pretaliation+1","Gremlin:GlitterGuard"],"picked":"SKIP","floor":48}],"player_experience":270838,"relics_obtained":[{"floor":7.0,"key":"Boot"},{"floor":9.0,"key":"Pen Nib"},{"floor":12.0,"key":"Juzu Bracelet"},{"floor":23.0,"key":"Gremlin:PricklyShields"},{"floor":26.0,"key":"Regal Pillow"},{"floor":28.0,"key":"Meat on the Bone"},{"floor":30.0,"key":"Ancient Tea Set"},{"floor":36,"key":"CatCart"},{"floor":40,"key":"Shovel"},{"floor":43,"key":"Gremlin Horn"},{"floor":46,"key":"Mercury Hourglass"}],"event_choices":[{"damage_healed":0.0,"max_hp_gain":0.0,"max_hp_loss":0.0,"gold_gain":0.0,"event_name":"Accursed Blacksmith","player_choice":"Forge","floor":3.0,"gold_loss":0.0,"damage_taken":0.0,"cards_upgraded":["Gremlin:Revel"]},{"damage_healed":0.0,"max_hp_gain":0.0,"max_hp_loss":0.0,"gold_gain":0.0,"event_name":"Upgrade Shrine","player_choice":"Upgraded","floor":13.0,"gold_loss":0.0,"damage_taken":0.0,"cards_upgraded":["Gremlin:GlitterGuard"]},{"damage_healed":0.0,"max_hp_gain":0.0,"max_hp_loss":1.0,"gold_gain":0.0,"event_name":"Golden Idol","player_choice":"Lose Max HP","floor":14.0,"gold_loss":0.0,"damage_taken":0.0,"relics_obtained":["Golden Idol"]},{"damage_healed":0.0,"max_hp_gain":0.0,"max_hp_loss":0.0,"gold_gain":0.0,"event_name":"Drug Dealer","player_choice":"Inject Mutagens","floor":20.0,"gold_loss":0.0,"damage_taken":0.0,"relics_obtained":["MutagenicStrength"]},{"damage_healed":0.0,"max_hp_gain":0.0,"max_hp_loss":0.0,"gold_gain":0.0,"event_name":"Ghosts","player_choice":"Ignored","floor":21.0,"gold_loss":0.0,"damage_taken":0.0},{"damage_healed":0.0,"max_hp_gain":0.0,"max_hp_loss":0.0,"gold_gain":0.0,"event_name":"The Woman in Blue","player_choice":"Bought 0 Potions","floor":24.0,"gold_loss":0.0,"damage_taken":0.0},{"damage_healed":0,"gold_gain":0,"player_choice":"Fight","damage_taken":0,"max_hp_gain":0,"max_hp_loss":0,"event_name":"OrinTheCat","floor":36,"gold_loss":0},{"cards_removed":["Gremlin:Strike"],"damage_healed":0,"gold_gain":0,"player_choice":"Removed Attack","damage_taken":0,"max_hp_gain":0,"max_hp_loss":0,"event_name":"Falling","floor":37,"gold_loss":0},{"damage_healed":0,"gold_gain":333,"player_choice":"Gave Idol","damage_taken":0,"max_hp_gain":0,"max_hp_loss":0,"event_name":"The Moai Head","floor":39,"relics_lost":["Golden Idol"],"gold_loss":0},{"damage_healed":0,"gold_gain":0,"player_choice":"Ignored","damage_taken":0,"max_hp_gain":0,"max_hp_loss":0,"event_name":"Tomb of Lord Red Mask","floor":42,"gold_loss":0}],"is_beta":false,"boss_relics":[{"not_picked":["Runic Pyramid","Fusion Hammer"],"picked":"beaked:SacredDeck"},{"not_picked":["Cursed Key","SlaversCollar"],"picked":"Coffee Dripper"}],"items_purged_floors":[0,0,11,29],"is_endless":false,"potions_floor_spawned":[4,7,12,16,23,30,31,45,46,47],"ascension_level":2}}