{"host":"yvlk1m4foro8gl4v","time":1608990238,"event":{"mods":["AchievementEnabler","Act Like it!","BaseMod","Minty Spire (QoL Compilation)","Relic Stats","StSLib","The Servant 0.9.4","Uncapped","Wandering Minibosses"],"gold_per_floor":[115,133,60,60,60,98,98,133,187,201,166,189,229,248,248,371,371,390,415,204,217,217,217,217,217,217],"floor_reached":25,"playtime":3029,"items_purged":["Strike_S"],"score":344,"play_id":"f2941821-7721-4b36-80af-77aa04f468d7","local_time":"20201226134358","is_ascension_mode":true,"campfire_choices":[{"data":"SurpressingFire","floor":7,"key":"SMITH"},{"floor":15,"key":"REST"},{"floor":24,"key":"REST"}],"circlet_count":0,"master_deck":["Defend_S","Defend_S","Defend_S","Defend_S","KidneyShot+1","Exchange","Rewind","SurpressingFire+1","MoonPhase","ShiftingGears","Barrier","Replace","BestPractice","Duplication","BottledTime","Misdirection","Panacea","TimeWarp","BestPractice","Bite","Bite","Bite","Bite","Bite"],"relics":["SplendidAttire","NeowsBlessing","Golden Idol","Anchor","CaptainsWheel","Orichalcum","Singing Bowl"],"acts_visited":["Exordium","TheCity"],"potions_floor_usage":[8,10,13,16,23,23],"damage_taken":[{"damage":0,"enemies":"2 Louse","floor":1,"turns":1},{"damage":0,"enemies":"Small Slimes","floor":2,"turns":1},{"damage":0,"enemies":"3 Sentries","floor":6,"turns":2},{"damage":31,"enemies":"Lagavulin","floor":8,"turns":7},{"damage":0,"enemies":"Jaw Worm","floor":10,"turns":7},{"damage":5,"enemies":"Exordium Wildlife","floor":12,"turns":11},{"damage":8,"enemies":"3 Sentries","floor":13,"turns":17},{"damage":5,"enemies":"Exordium Thugs","floor":14,"turns":9},{"damage":8,"enemies":"Slime Boss","floor":16,"turns":30},{"damage":0,"enemies":"Spheric Guardian","floor":18,"turns":16},{"damage":12,"enemies":"3 Byrds","floor":19,"turns":9},{"damage":18,"enemies":"Snake Plant","floor":21,"turns":9},{"damage":28,"enemies":"Slavers","floor":23,"turns":4},{"damage":47,"enemies":"Chosen and Byrds","floor":25,"turns":7}],"seed_played":"7048610324954093335","potions_obtained":[{"floor":2,"key":"Regen Potion"},{"floor":6,"key":"ColorlessPotion"},{"floor":12,"key":"GamblersBrew"},{"floor":13,"key":"Swift Potion"},{"floor":14,"key":"SmokeBomb"},{"floor":18,"key":"Weak Potion"}],"is_trial":false,"path_per_floor":["M","M","$","?","?","E","R","E","T","M","?","M","E","M","R","B",null,"M","M","$","M","?","E","R","M"],"character_chosen":"THE_SERVANT","items_purchased":["SurpressingFire","Panacea","TimeWarp"],"campfire_rested":2,"item_purchase_floors":[3,20,20],"current_hp_per_floor":[65,65,65,65,49,49,49,18,18,33,49,44,36,31,50,42,65,65,53,53,35,35,14,27,0,0],"gold":217,"neow_bonus":"THREE_ENEMY_KILL","is_daily":false,"chose_seed":false,"campfire_upgraded":1,"win_rate":0.0,"timestamp":1608990238,"path_taken":["M","M","$","?","?","E","R","E","T","M","?","M","E","M","R","BOSS","M","M","$","M","?","E","R","M"],"items_purchased_type":["Card","Card","Card"],"build_version":"2020-12-22","purchased_purges":1,"victory":false,"max_hp_per_floor":[65,65,65,65,65,65,65,65,65,65,65,65,65,65,65,65,65,65,65,65,65,45,45,45,45,45],"relic_stats":{"Singing Bowl":0,"counters":[14,130],"Golden Idol":78,"Orichalcum":[78],"obtain_stats":[{"Anchor":6,"CaptainsWheel":8,"SplendidAttire":17,"NeowsBlessing":0,"Singing Bowl":13,"Golden Idol":5,"Uniform":0,"Orichalcum":9},{"Anchor":3,"CaptainsWheel":4,"SplendidAttire":9,"NeowsBlessing":0,"Singing Bowl":7,"Golden Idol":2,"Uniform":0,"Orichalcum":4},{"Anchor":4,"CaptainsWheel":11,"SplendidAttire":85,"NeowsBlessing":0,"Singing Bowl":46,"Golden Idol":2,"Uniform":0,"Orichalcum":11}]},"card_choices":[{"not_picked":["Starlight","Alleviate","Revamp"],"picked":"SKIP","floor":1},{"not_picked":["Alleviate","Snipe"],"picked":"Rewind","floor":2},{"not_picked":["RealityMarble","StarChef"],"picked":"MoonPhase","floor":6},{"not_picked":["Rewind","Misdirection"],"picked":"ShiftingGears","floor":8},{"not_picked":["Moondial","FastForward"],"picked":"Barrier","floor":10},{"not_picked":["Unruled","Potential","Revamp"],"picked":"SKIP","floor":12},{"not_picked":["DoubleEdge","FloweringNight"],"picked":"Replace","floor":13},{"not_picked":["TimeWarp","Rewind"],"picked":"BestPractice","floor":14},{"not_picked":["Solidify","ForgedInTime"],"picked":"Duplication","floor":16},{"not_picked":["Replace","Rewind"],"picked":"BottledTime","floor":18},{"not_picked":["DoubleEdge","ShatteredReality"],"picked":"Misdirection","floor":19},{"not_picked":["Revamp","Spin+1"],"picked":"BestPractice","floor":21}],"player_experience":699743,"relics_obtained":[{"floor":6,"key":"Anchor"},{"floor":8,"key":"CaptainsWheel"},{"floor":9,"key":"Orichalcum"},{"floor":13,"key":"Singing Bowl"}],"event_choices":[{"damage_healed":0,"gold_gain":0,"player_choice":"Grow","damage_taken":0,"max_hp_gain":0,"max_hp_loss":0,"event_name":"Living Wall","floor":4,"gold_loss":0,"cards_upgraded":["KidneyShot"]},{"damage_healed":0,"gold_gain":0,"player_choice":"Take Damage","damage_taken":16,"relics_obtained":["Golden Idol"],"max_hp_gain":0,"max_hp_loss":0,"event_name":"Golden Idol","floor":5,"gold_loss":0},{"damage_healed":16,"gold_gain":0,"player_choice":"Healed","damage_taken":0,"max_hp_gain":0,"max_hp_loss":0,"event_name":"The Cleric","floor":11,"gold_loss":35},{"damage_healed":0,"gold_gain":0,"player_choice":"Became a vampire","damage_taken":0,"max_hp_gain":0,"max_hp_loss":20,"event_name":"Vampires","floor":22,"gold_loss":0,"cards_obtained":["Bite","Bite","Bite","Bite","Bite"]}],"is_beta":false,"boss_relics":[{"not_picked":["Ectoplasm","SlaversCollar"],"picked":"SplendidAttire"}],"items_purged_floors":[20],"is_endless":false,"potions_floor_spawned":[2,6,12,13,14,18],"killed_by":"Chosen and Byrds","ascension_level":4}}