{"host":"h5acbxt0wmjo1kpm","time":1608947867,"event":{"mods":["2.2 Compatiblity","Act Like it!","AlwaysNeverKeys","Aspiration","Bartender","BaseMod","Better Third Choice","Colored Map","Elementarium","Gensokyo","GifTheSpireLib","Hallownest","Marisa????????","Minty Spire (QoL Compilation)","Permanent Neow","Potionbrewer","Relic Filter","Replay The Spire","Robot Space Explorer","RumiaBox-????????","Shade Mod","Spicy Shops","StSLib","Strawberry Spire","The Blackbeard","The Dragon Tamer","The Forsaken","The Gatherer","The Problem Sleuth","The Servant 0.9.4","Wandering Minibosses","vexMod"],"gold_per_floor":[111,76,28,28,243,276,276,307,307,326,326,326,338,349,377,377,377,377,377],"floor_reached":18,"playtime":725,"items_purged":[],"score":249,"play_id":"881dd4a3-610c-4679-817d-d5760c175fa9","local_time":"20201225175747","is_ascension_mode":true,"campfire_choices":[{"data":"strawberrySpire:Compressor","floor":7,"key":"SMITH"},{"floor":17,"key":"REST"}],"circlet_count":0,"master_deck":["AscendersBane","Strike_B","Strike_B","Defend_B","Defend_B","Defend_B","Zap","Dualcast","Rebound","Sweeping Beam","Steam","strawberrySpire:Compressor+1","strawberrySpire:Adapter","Cold Snap","Barrage","ReplayRNGCard","Choke","Endless Agony","strawberrySpire:DeltaFlow"],"relics":["Cracked Core","NeowsBlessing","Baka","strawberrySpire:KineticCharger","Oddly Smooth Stone","MagicDraw1","Replay:Wax Seal"],"acts_visited":["Hallownest:Greenpath"],"potions_floor_usage":[10,15,15],"damage_taken":[{"damage":0,"enemies":"Hallownest:2_MossCreeps","floor":1,"turns":1},{"damage":0,"enemies":"Hallownest:monsterHuskWarrior","floor":5,"turns":1},{"damage":0,"enemies":"Hallownest:eliteCrystalGuardian","floor":6,"turns":1},{"damage":17,"enemies":"Hallownest:eliteVengeflyKing","floor":8,"turns":8},{"damage":2,"enemies":"2_ Uuma","floor":10,"turns":3},{"damage":9,"enemies":"Hallownest:1_Baldur_1_Crawlid_1_Warrior","floor":13,"turns":4},{"damage":0,"enemies":"Hallownest:monsterMossCharger","floor":14,"turns":3},{"damage":43,"enemies":"Hallownest:eliteCrystalGuardian","floor":15,"turns":7},{"damage":37,"enemies":"Hallownest:BossBrokenVessel","floor":18,"turns":4}],"seed_played":"-2535501404462108099","potions_obtained":[{"floor":1,"key":"Fire Potion"},{"floor":13,"key":"Block Potion"}],"is_trial":false,"path_per_floor":["M","?","$","?","M","E","R","E","T","M","PTL","PTL","M","M","E","?","R","B"],"character_chosen":"DEFECT","items_purchased":["Sweeping Beam"],"campfire_rested":1,"item_purchase_floors":[3],"current_hp_per_floor":[64,69,69,69,69,69,69,52,52,50,50,50,41,41,13,13,35,0,0],"gold":377,"neow_bonus":"THREE_ENEMY_KILL","is_daily":false,"chose_seed":false,"campfire_upgraded":1,"win_rate":0.0,"timestamp":1608947867,"path_taken":["M","?","$","?","M","E","R","E","T","M","PTL","PTL","M","M","E","?","R","BOSS"],"items_purchased_type":["Card"],"build_version":"2020-12-22","purchased_purges":0,"victory":false,"max_hp_per_floor":[71,76,76,76,76,76,76,76,76,76,76,76,76,76,76,76,76,76,76],"card_choices":[{"not_picked":["BootSequence","Steam"],"picked":"Rebound","floor":1},{"not_picked":["Redo","aspiration:Polymerization"],"picked":"Steam","floor":5},{"not_picked":["Scrape","Force Field"],"picked":"strawberrySpire:Compressor","floor":6},{"not_picked":["Gash","Cold Snap"],"picked":"strawberrySpire:Adapter","floor":8},{"not_picked":["strawberrySpire:FocalLaser","strawberrySpire:Package"],"picked":"Cold Snap","floor":10},{"not_picked":["Blizzard","ReplayTheSpireMod:Reroute Power","Rebound"],"picked":"SKIP","floor":13},{"not_picked":["strawberrySpire:HateBit","strawberrySpire:Compressor"],"picked":"Barrage","floor":14},{"not_picked":["strawberrySpire:BreederCore","Sweeping Beam"],"picked":"ReplayRNGCard","floor":15}],"player_experience":1939359,"relics_obtained":[{"floor":1,"key":"Baka"},{"floor":6,"key":"strawberrySpire:KineticCharger"},{"floor":8,"key":"Oddly Smooth Stone"},{"floor":9,"key":"MagicDraw1"},{"floor":15,"key":"Replay:Wax Seal"}],"event_choices":[],"is_beta":false,"boss_relics":[],"items_purged_floors":[],"is_endless":false,"potions_floor_spawned":[1,5,13,14],"killed_by":"Hallownest:BossBrokenVessel","ascension_level":15}}