{"host":"yn1175etg9ni8l0q","time":1608986335,"event":{"mods":["AchievementEnabler","BaseMod","Colored Map","Colored Powertips","DeckTracker","Minty Spire (QoL Compilation)","Rare Cards Sparkle","Relic Stats","SuperFastMode","everything is the same but u backflip on backflip"],"gold_per_floor":[111,125,137,212,231,231,251,251,299,316,281,309,328,328,328,328,328],"floor_reached":16,"playtime":458,"items_purged":[],"score":141,"play_id":"9f5db9c9-8680-47a6-a293-45d1291dfb5f","local_time":"20201226213855","is_ascension_mode":true,"campfire_choices":[{"data":"Neutralize","floor":6.0,"key":"SMITH"},{"floor":8.0,"key":"REST"},{"floor":15.0,"key":"REST"}],"circlet_count":0,"master_deck":["AscendersBane","Strike_G","Strike_G","Strike_G","Strike_G","Strike_G","Defend_G","Defend_G","Defend_G","Defend_G","Defend_G","Survivor","Neutralize+1","Choke","Deflect","Backflip","PiercingWail","Masterful Stab","Acrobatics","Cloak And Dagger","Cloak And Dagger"],"relics":["Ring of the Snake","Vajra","Odd Mushroom","Question Card"],"acts_visited":["Exordium"],"potions_floor_usage":[],"damage_taken":[{"damage":6.0,"enemies":"Small Slimes","floor":1.0,"turns":3.0},{"damage":0.0,"enemies":"2 Louse","floor":2.0,"turns":3.0},{"damage":1.0,"enemies":"Cultist","floor":3.0,"turns":5.0},{"damage":6.0,"enemies":"Looter","floor":5.0,"turns":4.0},{"damage":30.0,"enemies":"Exordium Wildlife","floor":7.0,"turns":11.0},{"damage":2.0,"enemies":"3 Louse","floor":10.0,"turns":3.0},{"damage":15.0,"enemies":"The Mushroom Lair","floor":12.0,"turns":4.0},{"damage":0.0,"enemies":"Looter","floor":13.0,"turns":3.0},{"damage":52,"enemies":"Hexaghost","floor":16,"turns":15}],"seed_played":"-8537148639541480367","potions_obtained":[{"floor":1.0,"key":"SkillPotion"},{"floor":7.0,"key":"SneckoOil"},{"floor":10.0,"key":"FearPotion"},{"floor":13.0,"key":"SteroidPotion"}],"is_trial":false,"path_per_floor":["M","M","M","?","M","R","M","R","T","M","?","?","M","T","R","B"],"character_chosen":"THE_SILENT","items_purchased":[],"campfire_rested":2,"item_purchase_floors":[],"current_hp_per_floor":[57,57,56,45,39,39,9,30,30,28,45,30,30,30,51,0,0],"gold":328,"neow_bonus":"THREE_CARDS","is_daily":false,"chose_seed":false,"campfire_upgraded":1,"win_rate":0.0,"timestamp":1608986335,"path_taken":["M","M","M","?","M","R","M","R","T","M","?","?","M","?","R","BOSS"],"items_purchased_type":[],"build_version":"2020-12-22","purchased_purges":0,"victory":false,"max_hp_per_floor":[70,70,70,70,70,70,70,70,70,70,70,70,70,70,70,70,70],"relic_stats":{"counters":[9,51],"Question Card":0,"obtain_stats":[{"Vajra":9,"Odd Mushroom":12,"Question Card":14,"Ring of the Snake":0},{"Vajra":5,"Odd Mushroom":7,"Question Card":8,"Ring of the Snake":0},{"Vajra":26,"Odd Mushroom":33,"Question Card":36,"Ring of the Snake":0}],"Ring of the Snake":[18]},"card_choices":[{"not_picked":["Footwork","Slice"],"picked":"Choke","floor":0.0},{"not_picked":["Expertise","Backflip"],"picked":"Deflect","floor":1.0},{"not_picked":["Infinite Blades","Predator"],"picked":"Backflip","floor":2.0},{"not_picked":["Underhanded Strike","Distraction"],"picked":"PiercingWail","floor":3.0},{"not_picked":["Underhanded Strike","Dodge and Roll","Tools of the Trade"],"picked":"SKIP","floor":5.0},{"not_picked":["Flechettes","Poisoned Stab"],"picked":"Masterful Stab","floor":7.0},{"not_picked":["Deadly Poison","Dodge and Roll"],"picked":"Acrobatics","floor":10.0},{"not_picked":["Dagger Throw","Deflect"],"picked":"Cloak And Dagger","floor":12.0},{"not_picked":["Flying Knee","Deflect"],"picked":"Cloak And Dagger","floor":13.0}],"player_experience":284181,"relics_obtained":[{"floor":9.0,"key":"Vajra"},{"floor":12.0,"key":"Odd Mushroom"},{"floor":14.0,"key":"Question Card"}],"event_choices":[{"damage_healed":0.0,"max_hp_gain":0.0,"max_hp_loss":0.0,"gold_gain":75.0,"event_name":"World of Goop","player_choice":"Gather Gold","floor":4.0,"gold_loss":0.0,"damage_taken":11.0},{"damage_healed":17.0,"max_hp_gain":0.0,"max_hp_loss":0.0,"gold_gain":0.0,"event_name":"The Cleric","player_choice":"Healed","floor":11.0,"gold_loss":35.0,"damage_taken":0.0},{"damage_healed":0.0,"max_hp_gain":0.0,"max_hp_loss":0.0,"gold_gain":0.0,"event_name":"Mushrooms","player_choice":"Fought Mushrooms","floor":12.0,"gold_loss":0.0,"damage_taken":0.0}],"is_beta":false,"boss_relics":[],"items_purged_floors":[],"is_endless":false,"potions_floor_spawned":[1,7,10,13],"killed_by":"Hexaghost","ascension_level":10}}