{"host":"cwd5s03r1oaxs6mx","time":1608995826,"event":{"mods":["Act Like it!","BaseMod","Better Third Choice","BetterRewards","CapriCore","Card Filter","Colored Map","Custom Start","DeckTracker","Friendly Minions","Hubris","Infinite Spire","Minty Spire (QoL Compilation)","Quick Restart","Relic Stats","Shop Mod","Spicy Shops","StSLib","SuperFastMode","The Gatherer"],"gold_per_floor":[110,122,133,150,150,150,181,181,250,284,302,302,312,181,181,252,252,266,100,150,170,170,170,200,54,54,79,79,108,122,135,135,210,210,230,245,298,312,327,327,327],"floor_reached":40,"playtime":1741,"items_purged":["Strike_R","Strike_R","Defend_R","Bash","Strike_R","Strike_R","Strike_R"],"score":1441,"play_id":"bdac3871-bd5c-42a3-b707-e1436f8b38ad","local_time":"20201227001706","is_ascension_mode":true,"campfire_choices":[{"data":"Apotheosis","floor":6.0,"key":"SMITH"},{"data":"Body Slam","floor":8.0,"key":"SMITH"},{"data":"Body Slam","floor":15.0,"key":"SMITH"},{"data":"Deep Breath","floor":23.0,"key":"SMITH"},{"data":"Corruption","floor":28.0,"key":"SMITH"},{"floor":32,"key":"REST"}],"circlet_count":0,"master_deck":["AscendersBane","Defend_R","Defend_R","Defend_R","Feel No Pain","Apotheosis+1","Feel No Pain","Shockwave","Evolve","Wild Strike","Deep Breath+1","Body Slam+1","Whirlwind","Wild Strike","Body Slam+1","Offering","Fire Breathing","Corruption+1","Power Through+1","Second Wind","infinitespire:OneForAll+1","Seeing Red","Barricade","Sentinel","Entrench","Impervious","Disarm+1","Power Through"],"relics":["Burning Blood","Membership Card","Letter Opener","Question Card","StoneCalendar","The Courier","infinitespire:Bottled Soul","Runic Pyramid","Medical Kit","hubris:Zylophone","Strange Spoon","hubris:Icosahedron","Bottled Flame","infinitespire:BottledMercury","infinitespire:ShieldingShard","Omamori","Mark of Pain","Mango"],"acts_visited":["Exordium","TheCity","TheBeyond"],"potions_floor_usage":[31,31,35],"damage_taken":[{"damage":0.0,"enemies":"Cultist","floor":1.0,"turns":3.0},{"damage":6.0,"enemies":"2 Louse","floor":2.0,"turns":2.0},{"damage":10.0,"enemies":"Jaw Worm","floor":3.0,"turns":4.0},{"damage":22.0,"enemies":"3 Louse","floor":4.0,"turns":4.0},{"damage":0.0,"enemies":"Lagavulin","floor":7.0,"turns":5.0},{"damage":25.0,"enemies":"3 Sentries","floor":10.0,"turns":4.0},{"damage":6.0,"enemies":"Exordium Thugs","floor":11.0,"turns":3.0},{"damage":6.0,"enemies":"Blue Slaver","floor":13.0,"turns":5.0},{"damage":22.0,"enemies":"The Guardian","floor":16.0,"turns":7.0},{"damage":27.0,"enemies":"2 Thieves","floor":18.0,"turns":3.0},{"damage":0.0,"enemies":"Spheric Guardian","floor":21.0,"turns":3.0},{"damage":14.0,"enemies":"Book of Stabbing","floor":24.0,"turns":3.0},{"damage":8.0,"enemies":"Gremlin Leader","floor":27.0,"turns":5.0},{"damage":23.0,"enemies":"Nightmare","floor":29.0,"turns":6.0},{"damage":3.0,"enemies":"3 Cultists","floor":30.0,"turns":5.0},{"damage":27,"enemies":"Shelled Parasite and Fungi","floor":31,"turns":4},{"damage":3,"enemies":"Collector","floor":33,"turns":4},{"damage":0,"enemies":"3 Shapes","floor":35,"turns":5},{"damage":37,"enemies":"3 Darklings","floor":36,"turns":6},{"damage":30,"enemies":"2 Orb Walkers","floor":37,"turns":4},{"damage":23,"enemies":"Jaw Worm Horde","floor":38,"turns":3},{"damage":0,"enemies":"Maw","floor":39,"turns":5},{"damage":51,"enemies":"Reptomancer","floor":40,"turns":2}],"seed_played":"1331941073491747289","potions_obtained":[{"floor":1.0,"key":"EntropicBrew"},{"floor":31,"key":"BloodPotion"},{"floor":35,"key":"Fruit Juice"},{"floor":38,"key":"SteroidPotion"}],"is_trial":false,"path_per_floor":["M","M","M","M","?","R","E","R","T","E","M","?","M","$","R","B",null,"M","$","?","M","?","R","E","$","T","E","R","NM","M","M","R","B",null,"M","M","?","M","M","E"],"character_chosen":"IRONCLAD","items_purchased":["Feel No Pain","Apotheosis","Feel No Pain","Membership Card","Shockwave","Letter Opener","Evolve","Wild Strike","Deep Breath","Body Slam","Whirlwind","Question Card","Fire Breathing","Second Wind","Medical Kit","hubris:Zylophone","Strange Spoon","Barricade","Sentinel"],"campfire_rested":1,"item_purchase_floors":[0,0,0,0,0,0,0,0,0,0,0,0,14,19,19,19,19,25,25],"current_hp_per_floor":[74,74,70,54,59,59,65,65,65,46,46,46,46,46,46,30,68,47,47,47,53,53,53,45,45,45,43,43,26,29,24,48,51,73,84,53,43,26,32,0,0],"gold":327,"neow_bonus":"","is_daily":false,"chose_seed":false,"campfire_upgraded":5,"win_rate":0.0,"timestamp":1608995826,"path_taken":["M","M","M","M","?","R","E","R","T","E","M","?","M","$","R","BOSS","M","$","?","M","?","R","E","$","T","E","R","NM","M","M","R","BOSS","M","M","?","M","M","E"],"items_purchased_type":["Card","Card","Card","Relic","Card","Relic","Card","Card","Card","Card","Card","Relic","Card","Card","Relic","Relic","Relic","Card","Card"],"build_version":"2020-12-22","purchased_purges":7,"victory":false,"max_hp_per_floor":[75,75,75,75,80,80,80,80,80,80,80,80,80,80,80,80,80,80,80,80,80,80,80,80,80,80,80,80,80,80,80,80,80,80,85,85,99,99,99,99,99],"relic_stats":{"Strange Spoon":[85],"counters":[51,215],"StoneCalendar":[0],"Letter Opener":[698],"Question Card":29,"Medical Kit":[226],"obtain_stats":[{"infinitespire:BottledMercury":26,"Magic Flower":9,"StoneCalendar":7,"Mango":37,"hubris:SlimyHat":0,"Burning Blood":0,"Sozu":34,"Centennial Puzzle":29,"hubris:Icosahedron":22,"infinitespire:ShieldingShard":27,"Mummified Hand":6,"infinitespire:Bottled Soul":10,"Prayer Wheel":31,"Chemical X":0,"hubris:ChampionShield":40,"Runic Pyramid":17,"hubris:MobiusCoin":45,"hubris:DuctTape":48,"The Courier":9,"Omamori":29,"Letter Opener":0,"Medical Kit":0,"MawBank":24,"Question Card":0,"White Beast Statue":55,"hubris:Zylophone":19,"Strange Spoon":19,"Anchor":10,"Bottled Flame":14,"Molten Egg 2":26,"Mark of Pain":34,"infinitespire:Burning Sword":17,"Membership Card":11},{"infinitespire:BottledMercury":40,"Magic Flower":5,"StoneCalendar":33,"Mango":48,"hubris:SlimyHat":0,"Burning Blood":0,"Sozu":17,"Centennial Puzzle":15,"hubris:Icosahedron":39,"infinitespire:ShieldingShard":41,"Mummified Hand":4,"infinitespire:Bottled Soul":34,"Prayer Wheel":16,"Chemical X":0,"hubris:ChampionShield":20,"Runic Pyramid":37,"hubris:MobiusCoin":22,"hubris:DuctTape":24,"The Courier":33,"Omamori":42,"Letter Opener":28,"Medical Kit":0,"MawBank":12,"Question Card":28,"White Beast Statue":27,"hubris:Zylophone":38,"Strange Spoon":38,"Anchor":6,"Bottled Flame":8,"Molten Egg 2":12,"Mark of Pain":45,"infinitespire:Burning Sword":9,"Membership Card":6},{"infinitespire:BottledMercury":166,"Magic Flower":34,"StoneCalendar":138,"Mango":205,"hubris:SlimyHat":0,"Burning Blood":0,"Sozu":85,"Centennial Puzzle":78,"hubris:Icosahedron":163,"infinitespire:ShieldingShard":171,"Mummified Hand":30,"infinitespire:Bottled Soul":142,"Prayer Wheel":81,"Chemical X":0,"hubris:ChampionShield":92,"Runic Pyramid":157,"hubris:MobiusCoin":97,"hubris:DuctTape":102,"The Courier":138,"Omamori":177,"Letter Opener":120,"Medical Kit":0,"MawBank":70,"Question Card":120,"White Beast Statue":114,"hubris:Zylophone":160,"Strange Spoon":160,"Anchor":38,"Bottled Flame":46,"Molten Egg 2":70,"Mark of Pain":190,"infinitespire:Burning Sword":56,"Membership Card":38}],"Burning Blood":348},"card_choices":[{"not_picked":["Thunderclap","Pommel Strike","Perfected Strike"],"picked":"Wild Strike","floor":1.0},{"not_picked":["Rupture","Flex","Dropkick","Rampage"],"picked":"SKIP","floor":2.0},{"not_picked":["Flex","Thunderclap","Pommel Strike","Wild Strike"],"picked":"SKIP","floor":3.0},{"not_picked":["Uppercut","Inflame","Clash","Infernal Blade"],"picked":"SKIP","floor":4.0},{"not_picked":["Dark Embrace","Cleave","Thunderclap"],"picked":"Body Slam","floor":7.0},{"not_picked":["Infernal Blade","Headbutt","Feel No Pain"],"picked":"Offering","floor":10.0},{"not_picked":["Anger","Entrench","Twin Strike","Heavy Blade"],"picked":"SKIP","floor":11.0},{"not_picked":["Flex","Warcry","Rage","Clash"],"picked":"SKIP","floor":13.0},{"not_picked":["Limit Break","Bludgeon","Impervious"],"picked":"Corruption","floor":16.0},{"not_picked":["Headbutt","Anger","Body Slam"],"picked":"Power Through+1","floor":18.0},{"not_picked":["Fire Breathing","Blood for Blood","Body Slam"],"picked":"infinitespire:OneForAll+1","floor":21.0},{"not_picked":["Perfected Strike+1","Iron Wave+1","Shrug It Off"],"picked":"Seeing Red","floor":24.0},{"not_picked":["Clothesline","Armaments+1","Sword Boomerang","Combust"],"picked":"SKIP","floor":27.0},{"not_picked":["Heavy Blade","Headbutt","Shrug It Off"],"picked":"Entrench","floor":29.0},{"not_picked":["Corruption","Headbutt","Wild Strike","True Grit"],"picked":"SKIP","floor":30.0},{"not_picked":["Searing Blow","Burning Pact","Bloodletting","Clothesline"],"picked":"SKIP","floor":31},{"not_picked":["Fiend Fire","Corruption","Berserk"],"picked":"Impervious","floor":33},{"not_picked":["True Grit+1","Metallicize","Ghostly Armor+1"],"picked":"Disarm+1","floor":35},{"not_picked":["Body Slam","Thunderclap","Combust"],"picked":"Power Through","floor":36},{"not_picked":["Twin Strike","Sentinel","Anger","Body Slam"],"picked":"SKIP","floor":38},{"not_picked":["infinitespire:OneForAll","Whirlwind","Body Slam","Metallicize"],"picked":"SKIP","floor":39}],"player_experience":957866,"relics_obtained":[{"floor":7.0,"key":"StoneCalendar"},{"floor":9.0,"key":"The Courier"},{"floor":10.0,"key":"infinitespire:Bottled Soul"},{"floor":24.0,"key":"Bottled Flame"},{"floor":26.0,"key":"infinitespire:BottledMercury"},{"floor":27.0,"key":"infinitespire:ShieldingShard"},{"floor":29.0,"key":"Omamori"},{"floor":37,"key":"Mango"}],"event_choices":[{"damage_healed":0.0,"max_hp_gain":5.0,"max_hp_loss":0.0,"gold_gain":0.0,"event_name":"Big Fish","player_choice":"Donut","floor":5.0,"gold_loss":0.0,"damage_taken":0.0},{"damage_healed":0.0,"max_hp_gain":0.0,"max_hp_loss":0.0,"gold_gain":50.0,"event_name":"betterThird:BetterNest","player_choice":"Steal","floor":20.0,"gold_loss":0.0,"damage_taken":0.0},{"damage_healed":0,"gold_gain":0,"player_choice":"Fight","damage_taken":0,"max_hp_gain":0,"max_hp_loss":0,"event_name":"Mysterious Sphere","floor":37,"gold_loss":0}],"is_beta":false,"boss_relics":[{"not_picked":["SlaversCollar","hubris:Stopwatch"],"picked":"Runic Pyramid"},{"not_picked":["Runic Dome","Empty Cage"],"picked":"Mark of Pain"}],"items_purged_floors":[0,0,0,0,0,0,14],"is_endless":false,"potions_floor_spawned":[1,10,13,18,21,27,31,35,38,39],"killed_by":"Reptomancer","ascension_level":20}}