{"host":"zn0mr865d8bdqt3v","time":1608991852,"event":{"mods":["BaseMod","Minty Spire (QoL Compilation)","Youmu£®ªÍ∆«—˝√Œ£©"],"gold_per_floor":[112,132,152,116,116,116,116,146,170,170,180,440,440,455,455,556,556,582,594,606,276,276,276,246,256,281,281,291,291,48,48,82,183,183,193,193,3,0,16,16,47,47,116,450,43,43,93,124,124,124],"floor_reached":51,"playtime":6680,"items_purged":["Defend_YM","Strike_YM"],"score":797,"play_id":"8010d110-9fc8-44d1-83bd-1f89dbaaca8c","local_time":"20201226221052","daily_mods":["Heirloom","Flight"],"is_ascension_mode":false,"campfire_choices":[{"data":"HumanRealmSword","floor":6,"key":"SMITH"},{"data":"SpiritMediumsBind","floor":7,"key":"SMITH"},{"data":"CelestialStarSword","floor":10,"key":"SMITH"},{"data":"ASingleThoughtAndInfiniteKalpas","floor":13,"key":"SMITH"},{"data":"SlashOfPresentWorld","floor":15,"key":"SMITH"},{"data":"SlashOfTheEternalFuture","floor":23,"key":"SMITH"},{"data":"HiganSword","floor":27,"key":"SMITH"},{"data":"HumanGodSword","floor":29,"key":"SMITH"},{"data":"FantasyOfEnteringEnlightenment","floor":32,"key":"SMITH"},{"data":"Chrysalis","floor":40,"key":"SMITH"},{"data":"SlashOfSaigyouSpringWind","floor":42,"key":"SMITH"},{"data":"Madness","floor":46,"key":"SMITH"},{"data":"Madness","floor":49,"key":"SMITH"}],"circlet_count":0,"master_deck":["Strike_YM","Strike_YM","Defend_YM","Defend_YM","Defend_YM","SlashOfPresentWorld+1","WheelOfPainOfLivingAndDead","SwordExtraction","FantasyOfEnteringEnlightenment+1","SpiritMediumsBind+1","HumanRealmSword+1","CelestialStarSword+1","HumanGodSword+1","ASingleThoughtAndInfiniteKalpas+1","CherryBlossomFlashing","SlashOfTheEternalFuture+1","CurseOfTheBell","KarmicPunishmentOfTheIdleAndUnfocused+1","HiganSword+1","Necronomicurse","LowerRealmReflectionSlash+1","CrescentMoonSlash","PhosphoricSlash+1","SlashOfSaigyouSpringWind+1","ObsessionWithThePresentWorld","Madness+1","Madness+1","Chrysalis+1","HeartExcerptSlash+1","LotusPostureSlash+1","AsTheSilentNirvana+1"],"relics":["HalfPhantom","FossilizedHelix","Boot","White Beast Statue","Anchor","Pocketwatch","Letter Opener","Calling Bell","FencingExperience","MawBank","Lizard Tail","Potion Belt","Lee\u0027s Waffle","Necronomicon","Roukanken","ChestCloth","MutagenicStrength","Runic Pyramid","Red Mask","Pen Nib","Question Card","Oddly Smooth Stone","Pantograph","Strange Spoon","OrangePellets","Lantern","Girya","Darkstone Periapt"],"acts_visited":["Exordium","TheCity","TheBeyond"],"potions_floor_usage":[16,16,33,33,48,50],"damage_taken":[{"damage":0,"enemies":"Cultist","floor":1,"turns":4},{"damage":0,"enemies":"Jaw Worm","floor":2,"turns":3},{"damage":0,"enemies":"2 Louse","floor":3,"turns":2},{"damage":41,"enemies":"3 Sentries","floor":8,"turns":11},{"damage":0,"enemies":"Large Slime","floor":11,"turns":5},{"damage":0,"enemies":"Exordium Wildlife","floor":14,"turns":4},{"damage":20,"enemies":"Hexaghost","floor":16,"turns":10},{"damage":17,"enemies":"3 Byrds","floor":18,"turns":5},{"damage":12,"enemies":"2 Thieves","floor":24,"turns":5},{"damage":17,"enemies":"Sentry and Sphere","floor":25,"turns":4},{"damage":1,"enemies":"Centurion and Healer","floor":28,"turns":3},{"damage":15,"enemies":"Automaton","floor":33,"turns":6},{"damage":0,"enemies":"Orb Walker","floor":35,"turns":2},{"damage":19,"enemies":"3 Shapes","floor":39,"turns":4},{"damage":1,"enemies":"Giant Head","floor":41,"turns":5},{"damage":21,"enemies":"Mind Bloom Boss Battle","floor":47,"turns":3},{"damage":0,"enemies":"Reptomancer","floor":48,"turns":4},{"damage":0,"enemies":"Awakened One","floor":50,"turns":8}],"seed_played":"3865133641977304095","potions_obtained":[{"floor":2,"key":"Block Potion"},{"floor":3,"key":"LiquidBronze"},{"floor":11,"key":"DistilledChaos"},{"floor":14,"key":"BlessingOfTheForge"},{"floor":16,"key":"FearPotion"},{"floor":18,"key":"SwordSoul"},{"floor":24,"key":"FairyPotion"},{"floor":25,"key":"Ancient Potion"},{"floor":33,"key":"FairyPotion"},{"floor":35,"key":"EssenceOfSteel"},{"floor":48,"key":"Block Potion"}],"is_trial":true,"path_per_floor":["M","M","M","$","?","R","R","E","T","R","M","$","R","M","R","B",null,"M","?","?","$","?","R","M","M","T","R","M","R","$","?","R","B",null,"M","?","$","?","M","R","E","R","T","$","$","R","?","E","R","B",null],"character_chosen":"YOUMU","items_purchased":["HumanRealmSword","ASingleThoughtAndInfiniteKalpas","PhantomPosion","Pocketwatch","Letter Opener","Potion Belt","HiganSword","Lee\u0027s Waffle","ChestCloth","Chrysalis","Oddly Smooth Stone","Pantograph","Strange Spoon","OrangePellets","Lantern"],"campfire_rested":0,"item_purchase_floors":[4,12,12,12,12,21,21,21,30,37,44,44,44,45,45],"current_hp_per_floor":[75,75,75,75,57,57,57,16,16,75,75,75,75,75,75,55,75,58,58,58,82,66,66,54,37,37,37,36,36,36,36,36,21,82,82,72,72,72,53,53,52,52,52,52,52,52,56,56,56,81],"gold":124,"neow_bonus":"","is_daily":false,"chose_seed":false,"campfire_upgraded":13,"win_rate":0.0,"timestamp":1608991852,"path_taken":["M","M","?","$","?","R","R","E","T","R","M","$","R","M","R","BOSS","M","?","?","$","?","R","M","?","T","R","M","R","?","?","R","BOSS","M","?","$","?","M","R","E","R","T","$","$","R","?","E","R","BOSS"],"items_purchased_type":["Card","Card","Potion","Relic","Relic","Relic","Card","Relic","Relic","Card","Relic","Relic","Relic","Relic","Relic"],"build_version":"2020-12-22","purchased_purges":2,"victory":true,"max_hp_per_floor":[75,75,75,75,75,75,75,75,75,75,75,75,75,75,75,75,75,75,75,75,82,82,82,82,82,82,82,82,82,82,82,82,82,82,82,82,82,82,82,82,82,82,82,82,82,82,82,82,82,82],"card_choices":[{"not_picked":["DispleasureOfTheSevenHakus","ConstancyOfTheConventionalTruth"],"picked":"SwordExtraction","floor":1},{"not_picked":["LightFlashOfTheNetherworld","SpiritCuttingSword"],"picked":"FantasyOfEnteringEnlightenment","floor":2},{"not_picked":["AsTheSilentNirvana","SwordExtraction"],"picked":"SpiritMediumsBind","floor":3},{"not_picked":["TransmigrationSlash","SlashOfMeditation"],"picked":"CelestialStarSword","floor":8},{"not_picked":["CrescentMoonSlash","ConstancyOfTheConventionalTruth"],"picked":"HumanGodSword","floor":11},{"not_picked":["DispleasureOfTheSevenHakus","ConstancyOfTheConventionalTruth"],"picked":"CherryBlossomFlashing","floor":14},{"not_picked":["AsuraSword","HeavenGodSword"],"picked":"SlashOfTheEternalFuture","floor":16},{"not_picked":["SpiderLilyBurial","CherryBlossomFlashing"],"picked":"KarmicPunishmentOfTheIdleAndUnfocused+1","floor":18},{"not_picked":["CherryBlossomFlashing","LifeCuttingSword+1"],"picked":"LowerRealmReflectionSlash+1","floor":24},{"not_picked":["CelestialStarSword","TenKingsRetributionOnThePreta"],"picked":"CrescentMoonSlash","floor":25},{"not_picked":["SanzenSekai+1","TwoHundredYojanaInOneSlash"],"picked":"PhosphoricSlash+1","floor":28},{"not_picked":["ReincarnationSword","HeavenSword"],"picked":"SlashOfSaigyouSpringWind","floor":33},{"not_picked":["LifeCuttingSword+1","SwordOfBindingDesires+1"],"picked":"ObsessionWithThePresentWorld","floor":35},{"not_picked":["KarmicPunishmentOfTheIdleAndUnfocused","DispleasureOfTheSevenHakus"],"picked":"HeartExcerptSlash+1","floor":39},{"not_picked":["ConstancyOfTheConventionalTruth","LowerRealmReflectionSlash","RapidSlash"],"picked":"SKIP","floor":41},{"not_picked":["FiveSignsOfTheDyingDeva","TwoHundredYojanaInOneSlash","SpiritMediumsBind+1"],"picked":"LotusPostureSlash+1","floor":47},{"not_picked":["SanzenSekai+1","HeavenlyHaloSlash+1","TwoHundredYojanaInOneSlash"],"picked":"AsTheSilentNirvana+1","floor":48}],"player_experience":7205,"relics_obtained":[{"floor":8,"key":"White Beast Statue"},{"floor":9,"key":"Anchor"},{"floor":17,"key":"FencingExperience"},{"floor":17,"key":"MawBank"},{"floor":17,"key":"Lizard Tail"},{"floor":22,"key":"Necronomicon"},{"floor":26,"key":"Roukanken"},{"floor":41,"key":"Pen Nib"},{"floor":43,"key":"Question Card"},{"floor":47,"key":"Girya"},{"floor":48,"key":"Darkstone Periapt"}],"event_choices":[{"damage_healed":0,"gold_gain":0,"player_choice":"Success","damage_taken":18,"relics_obtained":["Boot"],"max_hp_gain":0,"max_hp_loss":0,"event_name":"Scrap Ooze","floor":5,"gold_loss":0},{"cards_removed":["Strike_YM"],"damage_healed":0,"gold_gain":0,"player_choice":"Elegance","damage_taken":0,"max_hp_gain":0,"max_hp_loss":0,"event_name":"Back to Basics","floor":19,"gold_loss":0},{"damage_healed":0,"gold_gain":0,"player_choice":"Ignored","damage_taken":0,"max_hp_gain":0,"max_hp_loss":0,"event_name":"Vampires","floor":20,"gold_loss":0},{"damage_healed":0,"gold_gain":0,"player_choice":"Obtained Book","damage_taken":16,"max_hp_gain":0,"max_hp_loss":0,"event_name":"Cursed Tome","floor":22,"gold_loss":0},{"damage_healed":0,"gold_gain":0,"player_choice":"Inject Mutagens","damage_taken":0,"relics_obtained":["MutagenicStrength"],"max_hp_gain":0,"max_hp_loss":0,"event_name":"Drug Dealer","floor":31,"gold_loss":0},{"damage_healed":0,"gold_gain":0,"player_choice":"Embrace Madness","damage_taken":10,"max_hp_gain":0,"max_hp_loss":0,"event_name":"Winding Halls","floor":36,"gold_loss":0,"cards_obtained":["Madness","Madness"]},{"damage_healed":0,"gold_gain":0,"player_choice":"Paid","damage_taken":0,"relics_obtained":["Red Mask"],"max_hp_gain":0,"max_hp_loss":0,"event_name":"Tomb of Lord Red Mask","floor":38,"gold_loss":3},{"damage_healed":0,"gold_gain":0,"player_choice":"Fight","damage_taken":0,"max_hp_gain":0,"max_hp_loss":0,"event_name":"MindBloom","floor":47,"gold_loss":0}],"is_beta":false,"boss_relics":[{"not_picked":["Sozu","Snecko Eye"],"picked":"Calling Bell"},{"not_picked":["Tiny House","Coffee Dripper"],"picked":"Runic Pyramid"}],"items_purged_floors":[44,45],"is_endless":false,"potions_floor_spawned":[2,3,11,14,16,18,24,25,28,33,35,39,41,47,48],"ascension_level":0}}