{"host":"qxeepl7ydvsgmfdb","time":1608994217,"event":{"mods":["AchievementEnabler","BaseMod","Colored Powertips","Minty Spire (QoL Compilation)","Quick Restart","slay the spire mod where everything is the same but ironclad has a cowboy hat"],"gold_per_floor":[117,117,22,43,43,82,95,120,120,120,120,136,152,177,177,307,307,323,323,316,316,5,5,5,5,28,53,53,77,2,26,26,26,26],"floor_reached":33,"playtime":993,"items_purged":["Bullet Time+1"],"score":356,"play_id":"b4594b4d-a8e4-4912-a33a-d0a89ca12fa5","local_time":"20201226095017","is_ascension_mode":true,"campfire_choices":[{"floor":10.0,"key":"REST"},{"data":"Deadly Poison","floor":15.0,"key":"SMITH"},{"floor":23.0,"key":"REST"},{"data":"Bullet Time","floor":25.0,"key":"SMITH"},{"floor":32.0,"key":"REST"}],"circlet_count":0,"master_deck":["Strike_G","Strike_G","Strike_G","Defend_G","Defend_G+1","Defend_G","Defend_G","Defend_G+1","Survivor","Neutralize","Deadly Poison","Dramatic Entrance","Deflect","Acrobatics","Backstab","Die Die Die","Deadly Poison+1","Adrenaline","Cloak And Dagger+1","Poisoned Stab+1","Backflip"],"relics":["Ring of the Snake","NeowsBlessing","Golden Idol","Tiny Chest","Nloth\u0027s Gift","Singing Bowl","Lizard Tail","Bag of Marbles"],"acts_visited":["Exordium","TheCity"],"potions_floor_usage":[33,33],"damage_taken":[{"damage":0.0,"enemies":"2 Louse","floor":1.0,"turns":1.0},{"damage":0.0,"enemies":"Jaw Worm","floor":4.0,"turns":1.0},{"damage":0.0,"enemies":"Gremlin Nob","floor":6.0,"turns":1.0},{"damage":0.0,"enemies":"Cultist","floor":7.0,"turns":3.0},{"damage":12.0,"enemies":"Blue Slaver","floor":8.0,"turns":4.0},{"damage":0.0,"enemies":"Gremlin Gang","floor":12.0,"turns":3.0},{"damage":0.0,"enemies":"3 Louse","floor":13.0,"turns":2.0},{"damage":0.0,"enemies":"Lots of Slimes","floor":14.0,"turns":2.0},{"damage":52.0,"enemies":"Slime Boss","floor":16.0,"turns":15.0},{"damage":17.0,"enemies":"Shell Parasite","floor":18.0,"turns":5.0},{"damage":6.0,"enemies":"2 Thieves","floor":20.0,"turns":4.0},{"damage":20.0,"enemies":"Shelled Parasite and Fungi","floor":27.0,"turns":5.0},{"damage":2.0,"enemies":"Cultist and Chosen","floor":29.0,"turns":5.0},{"damage":21.0,"enemies":"Snecko","floor":31.0,"turns":6.0},{"damage":135,"enemies":"Collector","floor":33,"turns":7}],"seed_played":"-8505309985369908452","potions_obtained":[{"floor":1.0,"key":"SpeedPotion"},{"floor":4.0,"key":"Energy Potion"},{"floor":5.0,"key":"LiquidBronze"},{"floor":5.0,"key":"LiquidMemories"},{"floor":16.0,"key":"Block Potion"},{"floor":20.0,"key":"PowerPotion"},{"floor":27.0,"key":"FearPotion"},{"floor":31.0,"key":"Dexterity Potion"}],"is_trial":false,"path_per_floor":["M","?","$","M","?","E","M","M","T","R","?","M","M","M","R","B",null,"M","?","M","T","$","R","?","R","T","M","$","M","$","M","R","B"],"character_chosen":"THE_SILENT","items_purchased":["Dramatic Entrance","Lizard Tail"],"campfire_rested":3,"item_purchase_floors":[3,22],"current_hp_per_floor":[63,46,46,46,46,46,46,34,34,55,55,55,55,55,55,3,53,36,36,30,30,30,51,51,51,51,31,31,31,31,12,34,0,0],"gold":26,"neow_bonus":"THREE_ENEMY_KILL","is_daily":false,"chose_seed":false,"campfire_upgraded":2,"win_rate":0.0,"timestamp":1608994217,"path_taken":["M","?","?","?","?","E","?","M","T","R","?","?","M","M","R","BOSS","M","?","M","?","$","R","?","R","T","M","$","?","?","M","R","BOSS"],"items_purchased_type":["Card","Relic"],"build_version":"2020-12-22","purchased_purges":1,"victory":false,"max_hp_per_floor":[70,70,70,70,70,70,70,70,70,70,70,70,70,70,70,70,70,70,70,70,70,70,70,70,70,70,70,70,72,72,74,74,74,74],"card_choices":[{"not_picked":["Noxious Fumes","Deflect"],"picked":"Deadly Poison","floor":1.0},{"not_picked":["Dash","Tactician"],"picked":"Deflect","floor":4.0},{"not_picked":["Bouncing Flask","Finisher"],"picked":"Acrobatics","floor":6.0},{"not_picked":["Endless Agony","Infinite Blades","Skewer"],"picked":"SKIP","floor":7.0},{"not_picked":["Dodge and Roll","Bane"],"picked":"Backstab","floor":8.0},{"not_picked":["Outmaneuver","Dodge and Roll","Acrobatics"],"picked":"SKIP","floor":12.0},{"not_picked":["Dodge and Roll","Sucker Punch"],"picked":"Die Die Die","floor":13.0},{"not_picked":["Dagger Spray","Tactician"],"picked":"Deadly Poison","floor":14.0},{"not_picked":["Burst","Corpse Explosion"],"picked":"Adrenaline","floor":16.0},{"not_picked":["Predator+1","Deflect"],"picked":"Cloak And Dagger+1","floor":18.0},{"not_picked":["Masterful Stab+1","Setup"],"picked":"Poisoned Stab+1","floor":20.0},{"not_picked":["Prepared","Masterful Stab"],"picked":"Backflip","floor":27.0},{"not_picked":["Deflect","Prepared","Calculated Gamble"],"picked":"Singing Bowl","floor":29.0},{"not_picked":["Deflect+1","Expertise","Outmaneuver"],"picked":"Singing Bowl","floor":31.0}],"player_experience":388367,"relics_obtained":[{"floor":6.0,"key":"War Paint"},{"floor":9.0,"key":"Tiny Chest"},{"floor":21.0,"key":"Singing Bowl"},{"floor":26.0,"key":"Bag of Marbles"}],"event_choices":[{"damage_healed":0.0,"max_hp_gain":0.0,"max_hp_loss":0.0,"gold_gain":0.0,"event_name":"Golden Idol","player_choice":"Take Damage","floor":2.0,"gold_loss":0.0,"damage_taken":17.0,"relics_obtained":["Golden Idol"]},{"damage_healed":0.0,"max_hp_gain":0.0,"max_hp_loss":0.0,"gold_gain":0.0,"event_name":"Lab","player_choice":"Got Potions","floor":5.0,"gold_loss":0.0,"damage_taken":0.0},{"cards_removed":["Strike_G"],"damage_healed":0.0,"max_hp_gain":0.0,"max_hp_loss":0.0,"gold_gain":0.0,"event_name":"Purifier","player_choice":"Purged","floor":11.0,"gold_loss":0.0,"damage_taken":0.0},{"damage_healed":0.0,"max_hp_gain":0.0,"max_hp_loss":0.0,"gold_gain":0.0,"event_name":"N\u0027loth","player_choice":"Traded Relic","floor":19.0,"relics_lost":["War Paint"],"gold_loss":0.0,"damage_taken":0.0,"relics_obtained":["Nloth\u0027s Gift"]},{"damage_healed":0.0,"max_hp_gain":0.0,"max_hp_loss":0.0,"gold_gain":0.0,"cards_transformed":["Strike_G"],"event_name":"Transmorgrifier","player_choice":"Transformed","floor":24.0,"gold_loss":0.0,"damage_taken":0.0,"cards_obtained":["Bullet Time"]}],"is_beta":false,"boss_relics":[{"not_picked":["Runic Dome","Velvet Choker","Busted Crown"]}],"items_purged_floors":[30],"is_endless":false,"potions_floor_spawned":[1,4,8,16,20,27,31],"killed_by":"Collector","ascension_level":6}}