{"host":"npubv26u89aif4fa","time":1608971926,"event":{"mods":["Astrologer","BaseMod","Better Vampires","Better-Laid Plans","Colored Powertips","GifTheSpireLib","GungeonMod","HornydragonMod","Hubris","Jedi Mod","Minty Spire (QoL Compilation)","Quick Restart","Remilia（蕾米莉亚）","Replay The Spire","StSLib","Td1madao Mod","The Administrix","The Alterego","The Bug Knight","The Cursed","The Runesmith","Yuri Mod","残留之物"],"gold_per_floor":[112,287,303,303,336,367,367,380,380,380,410,410,430,138,138,242,242,293,310,235,235,12,38,38,71,71,89,101,121,147,163,163,260,260,278,278,278,298,317,317,349,366,448,448,448,561,286,286,286,286,286,286,88,117,127],"floor_reached":56,"playtime":5746,"items_purged":["DemoMod:Strike_Huntress","DemoMod:Strike_Huntress","DemoMod:Defend_Huntress","DemoMod:Defend_Huntress"],"score":1520,"play_id":"8a59be2c-e587-47e3-8bd7-07018e3f3cb5","local_time":"20201226163846","is_ascension_mode":false,"campfire_choices":[{"data":"DemoMod:HighKaliber","floor":7.0,"key":"SMITH"},{"data":"DemoMod:Polaris","floor":10.0,"key":"SMITH"},{"floor":15.0,"key":"DIG"},{"floor":24.0,"key":"RECALL"},{"data":"DemoMod:Strike_Huntress","floor":32.0,"key":"PURGE"},{"data":"DemoMod:FortunesFavor","floor":40.0,"key":"SMITH"},{"data":"Madness","floor":49.0,"key":"SMITH"},{"data":"Madness","floor":52.0,"key":"SMITH"}],"circlet_count":0,"master_deck":["DemoMod:Defend_Huntress+1","DemoMod:Roll","DemoMod:ManualReload","DemoMod:RustySidearm+1","DemoMod:CrossBow","DemoMod:HighKaliber+1","DemoMod:SniperShot+1","DemoMod:Polaris+1","DemoMod:FeignSurrender","DemoMod:SuppressiveFire+1","DemoMod:EasyReloadBullets","DemoMod:Gungine","DemoMod:PracticeMakesPerfect","DemoMod:PotionOfGunFriendShip+1","DemoMod:Eureka","DemoMod:Eureka","DemoMod:Evolver","DemoMod:ConditionalReflex+1","DemoMod:ChanceBullets","DemoMod:FortunesFavor+1","DemoMod:HungryBullets","DemoMod:Eureka","DemoMod:SpreadAmmo+1","DemoMod:SpreadAmmo","DemoMod:DoubleVision","DemoMod:ChanceBullets+1","Madness+1","Madness+1","DemoMod:TableSutra+1"],"relics":["DemoMod:Dog","NeowsBlessing","Replay:Accelerometer","hubris:BottledRain","Pocketwatch","ReplayTheSpireMod:Ring of Exchange","ReplayTheSpireMod:Ring of Addiction","Chameleon Ring","SacredBark","Guide Book","Runesmith:Locket","SlaversCollar","DemoMod:GlassGuonStoneRelic","hubris:BottledHeart","jedi:cryingmask","Gremlin Horn","Calipers","Sling","Regal Pillow","hubris:Metronome","hubris:Icosahedron","ReplayFunnel","hubris:PeanutButter"],"acts_visited":["Exordium","TheCity","TheBeyond","TheEnding"],"potions_floor_usage":[55,55],"damage_taken":[{"damage":0.0,"enemies":"2 Louse","floor":1.0,"turns":2.0},{"damage":0.0,"enemies":"Jaw Worm","floor":3.0,"turns":1.0},{"damage":0.0,"enemies":"Cultist","floor":5.0,"turns":2.0},{"damage":28.0,"enemies":"3 Sentries","floor":6.0,"turns":11.0},{"damage":0.0,"enemies":"Cultist","floor":8.0,"turns":2.0},{"damage":27.0,"enemies":"Gremlin Nob","floor":11.0,"turns":4.0},{"damage":0.0,"enemies":"Exordium Wildlife","floor":13.0,"turns":2.0},{"damage":0.0,"enemies":"Slime Boss","floor":16.0,"turns":2.0},{"damage":3.0,"enemies":"Spheric Guardian","floor":18.0,"turns":3.0},{"damage":2.0,"enemies":"2 Thieves","floor":19.0,"turns":2.0},{"damage":0.0,"enemies":"Book of Stabbing","floor":23.0,"turns":2.0},{"damage":0.0,"enemies":"Gremlin Leader","floor":25.0,"turns":6.0},{"damage":0.0,"enemies":"Snecko","floor":27.0,"turns":4.0},{"damage":0.0,"enemies":"3 Cultists","floor":28.0,"turns":5.0},{"damage":0.0,"enemies":"Shelled Parasite and Fungi","floor":29.0,"turns":4.0},{"damage":0.0,"enemies":"Book of Stabbing","floor":30.0,"turns":4.0},{"damage":0.0,"enemies":"Snecko","floor":31.0,"turns":5.0},{"damage":0.0,"enemies":"hubris:MusketHawk","floor":33.0,"turns":6.0},{"damage":0.0,"enemies":"Orb Walker","floor":35.0,"turns":3.0},{"damage":0.0,"enemies":"3 Darklings","floor":38.0,"turns":5.0},{"damage":0.0,"enemies":"Writhing Mass","floor":39.0,"turns":4.0},{"damage":0.0,"enemies":"Reptomancer","floor":41.0,"turns":4.0},{"damage":0.0,"enemies":"Transient","floor":42.0,"turns":5.0},{"damage":0.0,"enemies":"Sphere and 2 Shapes","floor":46.0,"turns":4.0},{"damage":0.0,"enemies":"hubris:GrandSnecko","floor":50.0,"turns":7.0},{"damage":0.0,"enemies":"Shield and Spear","floor":54.0,"turns":3.0},{"damage":0,"enemies":"The Heart","floor":55,"turns":5}],"seed_played":"8223268218979828208","potions_obtained":[{"floor":6.0,"key":"Energy Potion"},{"floor":12.0,"key":"DemoMod:LeadSkinPotion"},{"floor":12.0,"key":"AttackPotion"},{"floor":13.0,"key":"Explosive Potion"},{"floor":16.0,"key":"SkillPotion"},{"floor":19.0,"key":"Ancient Potion"},{"floor":23.0,"key":"Venom Potion"},{"floor":25.0,"key":"PowerPotion"},{"floor":30.0,"key":"Explosive Potion"},{"floor":31.0,"key":"SkillPotion"},{"floor":35.0,"key":"DemoMod:LeadSkinPotion"},{"floor":42.0,"key":"Fire Potion"},{"floor":46.0,"key":"Energy Potion"}],"is_trial":false,"path_per_floor":["M","?","M","?","?","E","R","M","T","R","E","?","M","$","R","B",null,"M","M","?","?","$","E","R","E","T","M","M","M","E","M","R","B",null,"M","?","?","M","M","R","E","M","T","?","?","M","$","?","R","B",null,"R","$","E","B",null],"character_chosen":"HUNTRESS","items_purchased":["Guide Book","DemoMod:EasyReloadBullets","DemoMod:Eureka","ReplayFunnel","DemoMod:LeadSkinPotion"],"campfire_rested":0,"item_purchase_floors":[14,14,22,47,53],"current_hp_per_floor":[70,70,70,56,56,28,28,28,28,28,1,1,1,1,1,1,70,67,65,65,1,1,1,1,1,1,1,1,1,1,1,1,1,1,1,1,1,1,1,1,1,1,1,1,1,1,1,1,1,1,1,1,1,1,1],"gold":127,"neow_bonus":"THREE_ENEMY_KILL","is_daily":false,"chose_seed":false,"campfire_upgraded":5,"win_rate":0.0,"timestamp":1608971926,"path_taken":["M","?","M","?","?","E","R","?","T","R","E","?","M","$","R","BOSS","M","M","?","?","$","E","R","E","T","M","M","M","E","M","R","BOSS","M","?","?","M","?","R","E","M","T","?","?","M","$","?","R","BOSS","R","$","E","BOSS"],"items_purchased_type":["Relic","Card","Card","Relic","Undefined"],"build_version":"2020-12-22","purchased_purges":4,"victory":true,"max_hp_per_floor":[70,70,70,70,70,70,70,70,70,70,70,70,70,70,70,70,70,70,70,70,1,1,1,1,1,1,1,1,1,1,1,1,1,1,1,1,1,1,1,1,1,1,1,1,1,1,1,1,1,1,1,1,1,1,1],"card_choices":[{"not_picked":["DemoMod:JK47","DemoMod:ConditionalReflex","DemoMod:Ejector"],"picked":"SKIP","floor":1.0},{"not_picked":["DemoMod:StickyCrossBow","DemoMod:TeaPot","DemoMod:SAA"],"picked":"SKIP","floor":3.0},{"not_picked":["DemoMod:Unmoved","DemoMod:HardPowerCard"],"picked":"DemoMod:HighKaliber","floor":5.0},{"not_picked":["DemoMod:HuntsMan","DemoMod:ShadowBullets"],"picked":"DemoMod:SniperShot","floor":6.0},{"not_picked":["DemoMod:RadGun","DemoMod:TeaPot"],"picked":"DemoMod:Polaris","floor":8.0},{"not_picked":["DemoMod:JK47","DemoMod:MachoBrace"],"picked":"DemoMod:FeignSurrender","floor":11.0},{"not_picked":["DemoMod:Camera","DemoMod:Polaris"],"picked":"DemoMod:SuppressiveFire","floor":13.0},{"not_picked":["DemoMod:Elimentaler","DemoMod:FullFirepower"],"picked":"DemoMod:Gungine","floor":16.0},{"not_picked":["DemoMod:GunShield+1","DemoMod:FeignSurrender+1"],"picked":"DemoMod:PracticeMakesPerfect","floor":18.0},{"not_picked":["DemoMod:DoubleSwitch+1","DemoMod:HuntsMan"],"picked":"DemoMod:PotionOfGunFriendShip+1","floor":19.0},{"not_picked":["DemoMod:DoubleSwitch","DemoMod:MachoBrace"],"picked":"DemoMod:Evolver","floor":23.0},{"not_picked":["DemoMod:AbyssalTentacle","DemoMod:BlackHoleGun"],"picked":"DemoMod:ConditionalReflex+1","floor":25.0},{"not_picked":["DemoMod:ConditionalReflex","DemoMod:AC15"],"picked":"DemoMod:ChanceBullets","floor":27.0},{"not_picked":["DemoMod:SAA+1","DemoMod:AWP","DemoMod:ConditionalReflex"],"picked":"SKIP","floor":28.0},{"not_picked":["DemoMod:JK47","DemoMod:BoxingGlove+1"],"picked":"DemoMod:FortunesFavor","floor":29.0},{"not_picked":["DemoMod:CursedBullets","DemoMod:FeignSurrender","DemoMod:Unmoved"],"picked":"SKIP","floor":30.0},{"not_picked":["DemoMod:ChanceBullets","DemoMod:PotionOfGunFriendShip"],"picked":"DemoMod:HungryBullets","floor":31.0},{"not_picked":["DemoMod:HuntsMan","DemoMod:Polaris","DemoMod:FortunesFavor"],"picked":"SKIP","floor":31.0},{"not_picked":["DemoMod:BlackHoleGun","DemoMod:GunslingerForm"],"picked":"DemoMod:Eureka","floor":33.0},{"not_picked":["DemoMod:HuntsMan+1","DemoMod:ConditionalReflex"],"picked":"DemoMod:SpreadAmmo+1","floor":35.0},{"not_picked":["DemoMod:GunstockTap+1","DemoMod:PotionOfGunFriendShip"],"picked":"DemoMod:DoubleVision","floor":38.0},{"not_picked":["DemoMod:HuntsMan+1","DemoMod:JK47+1"],"picked":"DemoMod:ChanceBullets+1","floor":39.0},{"not_picked":["DemoMod:MegaHand+1","DemoMod:ProbeStrike","DemoMod:Gungine"],"picked":"SKIP","floor":41.0},{"not_picked":["DemoMod:GunstockTap+1","DemoMod:DoubleSwitch","DemoMod:Unmoved"],"picked":"SKIP","floor":42.0},{"not_picked":["DemoMod:SpreadAmmo","DemoMod:HuntsMan","DemoMod:CursedBullets"],"picked":"SKIP","floor":46.0},{"not_picked":["DemoMod:FullFirepower","DemoMod:ChanceBullets+1"],"picked":"DemoMod:TableSutra+1","floor":54.0}],"player_experience":154222,"relics_obtained":[{"floor":6.0,"key":"Replay:Accelerometer"},{"floor":9.0,"key":"hubris:BottledRain"},{"floor":11.0,"key":"Pocketwatch"},{"floor":12.0,"key":"ReplayTheSpireMod:Ring of Exchange"},{"floor":12.0,"key":"ReplayTheSpireMod:Ring of Addiction"},{"floor":12.0,"key":"Chameleon Ring"},{"floor":12.0,"key":"SacredBark"},{"floor":15.0,"key":"Runesmith:Locket"},{"floor":25.0,"key":"jedi:cryingmask"},{"floor":26.0,"key":"Gremlin Horn"},{"floor":30.0,"key":"Calipers"},{"floor":41.0,"key":"Regal Pillow"},{"floor":43.0,"key":"hubris:Metronome"},{"floor":54.0,"key":"hubris:PeanutButter"}],"event_choices":[{"damage_healed":0.0,"max_hp_gain":0.0,"max_hp_loss":0.0,"gold_gain":175.0,"event_name":"Liars Game","player_choice":"AGREE","floor":2.0,"gold_loss":0.0,"damage_taken":0.0,"cards_obtained":["Doubt"]},{"damage_healed":0.0,"max_hp_gain":0.0,"max_hp_loss":0.0,"gold_gain":0.0,"event_name":"Shining Light","player_choice":"Entered Light","floor":4.0,"gold_loss":0.0,"damage_taken":14.0,"cards_upgraded":["DemoMod:RustySidearm","DemoMod:Defend_Huntress"]},{"cards_removed":["Doubt"],"damage_healed":0.0,"max_hp_gain":0.0,"max_hp_loss":0.0,"gold_gain":0.0,"event_name":"Beggar","player_choice":"Gave Gold","floor":20.0,"gold_loss":75.0,"damage_taken":0.0},{"damage_healed":0.0,"max_hp_gain":0.0,"max_hp_loss":0.0,"gold_gain":0.0,"cards_transformed":["DemoMod:Defend_Huntress"],"event_name":"Transmorgrifier","player_choice":"Transformed","floor":37.0,"gold_loss":0.0,"damage_taken":0.0,"cards_obtained":["DemoMod:SpreadAmmo"]},{"damage_healed":0.0,"max_hp_gain":0.0,"max_hp_loss":0.0,"gold_gain":0.0,"event_name":"Winding Halls","player_choice":"Embrace Madness","floor":44.0,"gold_loss":0.0,"damage_taken":0.0,"cards_obtained":["Madness","Madness"]},{"damage_healed":0.0,"max_hp_gain":0.0,"max_hp_loss":0.0,"gold_gain":0.0,"event_name":"The Woman in Blue","player_choice":"Bought 0 Potions","floor":48.0,"gold_loss":0.0,"damage_taken":0.0}],"is_beta":false,"boss_relics":[{"not_picked":["Orrery","Lee\u0027s Waffle"],"picked":"SlaversCollar"},{"not_picked":["hubris:GrandSneckoEye","Medical Kit"],"picked":"Sling"}],"items_purged_floors":[14,22,47,53],"is_endless":false,"potions_floor_spawned":[6,13,16,19,23,25,29,30,31,35,42,46],"ascension_level":0}}