{"host":"z9grmtg2w0nmz8n1","time":1608962235,"event":{"mods":["Aspiration","Bard","BaseMod","Beaked The Cultist","Better Altar","Better Match","Better Note","Better Sensory Stone","Better Skull","Better Third Choice","BetterRewards","CCEM","Colored Map","Conspire","Downfall","GifTheSpireLib","Googly Eyes","Halation","Hermit","Highlight Path","Hubris","Hunter ??","Jedi Mod","Jorbs\u0027s Wanderer Trilogy","Mad Scientist","Marisa????????","Minty Spire (QoL Compilation)","Permanent Neow","Replay The Spire","Shade Mod","Shop Mod","Spicy Shops","StSLib","Stuff the Spire","The Bug Knight","The Construct","The Necromancer","The Runesmith","The Witch"],"gold_per_floor":[119,119,51,69,86,113,113,147,170,189,189,219,219,238,238,334,334,350,124,124,124,124,156,166,166,193,228,246,262,262,276,276,372,372,392,145,145,160,160,174,184,28,54,88,106,106,121,150,150,150,150],"floor_reached":50,"playtime":3655,"items_purged":["Strike_MRS","Strike_MRS"],"score":587,"play_id":"60427d6b-c4c2-40a2-9589-15cd806d2c4d","local_time":"20201226035715","is_ascension_mode":false,"campfire_choices":[{"floor":7,"key":"RECALL"},{"floor":13,"key":"REST"},{"data":"OortCloud","floor":15,"key":"SMITH"},{"floor":25,"key":"REST"},{"floor":32,"key":"REST"},{"floor":46,"key":"REST"},{"floor":49,"key":"REST"}],"circlet_count":0,"master_deck":["Strike_MRS+1","Defend_MRS","Defend_MRS","Defend_MRS","Defend_MRS","MasterSpark","UpSweep","SuperPerseids","MysteriousBeam","GravityBeat+1","MysteriousBeam","DC","OortCloud+1","OortCloud","UltimateShortwave","GrandCross","PowerUp+1","MysteriousBeam","CasketOfStar","FinalSpark+1","CurseOfTheBell","OortCloud","Parasite","Parasite","EnergyRecoil+1","SprinkleStarSeal+1"],"relics":["MiniHakkero","aspiration:Lifesprig","aspiration:StickyExplosives_weak","Runesmith:AutoHammer","Torii","GremlinMask","CCEMRelics:OverlyComfyChair","conspire:SpecialSausage","CCEMRelics:BiPhaseBiplane","Bloody Idol","Blood Vial","ReplayTheSpireMod:TigerMarble","aspiration:EmptySkull","Gremlin Food","halation:PrussianBluePaint","Calling Bell","StuffTheSpire:Mouthbags","Quantum Egg","CCEMRelics:WarHorn","ShroomBag","Oddly Smooth Stone","Dream Catcher","Replay:Baseball","Vajra"],"acts_visited":["Exordium","TheCity","TheBeyond"],"potions_floor_usage":[6,6,16,18,27,33,33,38,44,48,48,50],"damage_taken":[{"damage":2,"enemies":"Jaw Worm","floor":1,"turns":4},{"damage":4,"enemies":"conspire:RoseBush","floor":4,"turns":5},{"damage":0,"enemies":"Cultist","floor":5,"turns":3},{"damage":10,"enemies":"Lagavulin","floor":6,"turns":7},{"damage":12,"enemies":"3 Sentries","floor":8,"turns":6},{"damage":0,"enemies":"Large Slime","floor":10,"turns":3},{"damage":9,"enemies":"Gremlin Nob","floor":12,"turns":4},{"damage":0,"enemies":"2 Fungi Beasts","floor":14,"turns":2},{"damage":22,"enemies":"Fading Forest","floor":16,"turns":11},{"damage":0,"enemies":"Chosen","floor":18,"turns":4},{"damage":1,"enemies":"conspire:SneckoGhost","floor":23,"turns":6},{"damage":6,"enemies":"Shell Parasite","floor":24,"turns":3},{"damage":40,"enemies":"Gremlin Leader","floor":27,"turns":5},{"damage":3,"enemies":"Sentry and Sphere","floor":28,"turns":3},{"damage":15,"enemies":"Snake Plant","floor":29,"turns":3},{"damage":0,"enemies":"Snecko","floor":31,"turns":4},{"damage":9,"enemies":"Collector","floor":33,"turns":7},{"damage":36,"enemies":"3 Shapes","floor":35,"turns":2},{"damage":0,"enemies":"Orb Walker","floor":38,"turns":4},{"damage":9,"enemies":"Transient","floor":40,"turns":5},{"damage":0,"enemies":"Jaw Worm Horde","floor":41,"turns":4},{"damage":8,"enemies":"Giant Head","floor":44,"turns":8},{"damage":0,"enemies":"Maw","floor":45,"turns":7},{"damage":73,"enemies":"4 Shapes","floor":47,"turns":4},{"damage":0,"enemies":"Nemesis","floor":48,"turns":7},{"damage":68,"enemies":"conspire:OrnateMirror","floor":50,"turns":6}],"seed_played":"-2402481227797289252","potions_obtained":[{"floor":1,"key":"LiquidBronze"},{"floor":5,"key":"Ancient Potion"},{"floor":14,"key":"Regen Potion"},{"floor":16,"key":"Weak Potion"},{"floor":24,"key":"Swift Potion"},{"floor":27,"key":"champ:CounterPotion"},{"floor":28,"key":"Swift Potion"},{"floor":33,"key":"DistilledChaos"},{"floor":38,"key":"Regen Potion"},{"floor":40,"key":"Adrenaline Potion"},{"floor":41,"key":"Fire Potion"},{"floor":44,"key":"Strength Potion"}],"is_trial":false,"path_per_floor":["M","?","$","M","M","E","R","E","T","M","?","E","R","M","R","B",null,"M","$","?","?","T","E","M","R","T","E","M","M","?","M","R","B",null,"M","$","?","M","$","M","M","$","T","E","M","R","M","E","R_BF","B"],"character_chosen":"MARISA","items_purchased":["OortCloud","CCEMRelics:BiPhaseBiplane","ShroomBag","Oddly Smooth Stone"],"campfire_rested":5,"item_purchase_floors":[3,19,36,42],"current_hp_per_floor":[73,51,51,47,47,37,37,25,25,25,25,16,38,38,38,45,75,75,75,75,17,17,32,33,55,60,35,39,31,31,38,60,58,75,44,44,52,61,61,63,73,73,75,73,75,75,9,24,46,0,0],"gold":150,"neow_bonus":"THREE_CARDS","is_daily":false,"chose_seed":false,"campfire_upgraded":1,"win_rate":0.0,"timestamp":1608962235,"path_taken":["M","?","$","M","M","E","R","E","T","M","?","E","R","?","R","BOSS","M","$","?","?","?","E","M","R","T","E","?","M","?","?","R","BOSS","M","?","?","M","?","M","M","$","T","E","?","R","M","E","R_BF","BOSS"],"items_purchased_type":["Card","Relic","Relic","Relic"],"build_version":"2020-12-22","purchased_purges":2,"victory":false,"max_hp_per_floor":[75,75,75,75,75,75,75,75,75,75,75,75,75,75,75,75,75,75,75,75,75,75,75,75,75,75,75,75,75,75,75,75,75,75,75,75,75,75,75,75,75,75,75,75,75,75,75,75,75,75,75],"card_choices":[{"not_picked":["WitchLeyline","AlicesGift"],"picked":"SuperPerseids","floor":0},{"not_picked":["Robbery","SporeBomb","AsteroidBelt"],"picked":"SKIP","floor":1},{"not_picked":["ManaConvection","Acceleration"],"picked":"MysteriousBeam","floor":4},{"not_picked":["WitchLeyline","MagicAbsorber"],"picked":"GravityBeat","floor":5},{"not_picked":["SuperPerseids","DarkSpark"],"picked":"MysteriousBeam","floor":6},{"not_picked":["LuminesStrike","MilkyWay"],"picked":"DC","floor":8},{"not_picked":["DeepEcoloBomb","SporeBomb"],"picked":"OortCloud","floor":10},{"not_picked":["ShootTheMoon","MagicAbsorber","PulseMagic"],"picked":"SKIP","floor":12},{"not_picked":["StarDustReverie","DragonMeteor"],"picked":"OortCloud","floor":14},{"not_picked":["TreasureHunter","JA"],"picked":"UltimateShortwave","floor":16},{"not_picked":["MagicAbsorber+1","ManaConvection"],"picked":"GrandCross","floor":18},{"not_picked":["MagicChant","DoubleSpark"],"picked":"PowerUp+1","floor":23},{"not_picked":["AlicesGift","GalacticHalo","Singularity"],"picked":"SKIP","floor":24},{"not_picked":["ManaRampage","WitchLeyline","GravityBeat"],"picked":"SKIP","floor":27},{"not_picked":["NonDirectionalLaser","IllusionStar"],"picked":"MysteriousBeam","floor":28},{"not_picked":["RefractionSpark","MeteoricShower","ChargingUp+1"],"picked":"SKIP","floor":29},{"not_picked":["Acceleration+1","LuminesStrike"],"picked":"CasketOfStar","floor":31},{"not_picked":["StarDustReverie","BinaryStars"],"picked":"FinalSpark","floor":33},{"not_picked":["MysteriousBeam","NonDirectionalLaser","PowerUp+1"],"picked":"SKIP","floor":35},{"not_picked":["PowerUp","MagicAbsorber","OneTimeOff"],"picked":"SKIP","floor":38},{"not_picked":["GalacticHalo","GravityBeat+1","AbsoluteMagnitude"],"picked":"SKIP","floor":40},{"not_picked":["GrandCross+1","PowerUp"],"picked":"EnergyRecoil+1","floor":41},{"not_picked":["PropBag+1","GasGiant+1"],"picked":"SprinkleStarSeal+1","floor":44},{"not_picked":["DeepEcoloBomb+1","IllusionStar+1","NonDirectionalLaser"],"picked":"SKIP","floor":45},{"not_picked":["ChargeUpSpray+1","StarlightTyphoon+1","AsteroidBelt"],"picked":"SKIP","floor":47},{"not_picked":["ShootTheMoon","SuperNova","WitchOfGreed+1"],"picked":"SKIP","floor":48}],"player_experience":712457,"relics_obtained":[{"floor":6,"key":"Runesmith:AutoHammer"},{"floor":8,"key":"Torii"},{"floor":12,"key":"CCEMRelics:OverlyComfyChair"},{"floor":22,"key":"ReplayTheSpireMod:TigerMarble"},{"floor":23,"key":"aspiration:EmptySkull"},{"floor":26,"key":"Gremlin Food"},{"floor":27,"key":"halation:PrussianBluePaint"},{"floor":34,"key":"StuffTheSpire:Mouthbags"},{"floor":34,"key":"Quantum Egg"},{"floor":34,"key":"CCEMRelics:WarHorn"},{"floor":43,"key":"Dream Catcher"},{"floor":44,"key":"Replay:Baseball"},{"floor":48,"key":"Vajra"}],"event_choices":[{"damage_healed":0,"gold_gain":1,"player_choice":"Relic Relic ","damage_taken":22,"max_hp_gain":0,"max_hp_loss":0,"event_name":"betterThird:BetterScrap","floor":2,"gold_loss":0,"cards_obtained":["Combust"]},{"damage_healed":0,"gold_gain":0,"player_choice":"Trade","damage_taken":0,"relics_obtained":["GremlinMask"],"max_hp_gain":0,"max_hp_loss":0,"event_name":"FaceTrader","floor":11,"gold_loss":0},{"cards_removed":["Strike_MRS"],"damage_healed":0,"gold_gain":0,"player_choice":"Give","damage_taken":0,"max_hp_gain":0,"max_hp_loss":0,"event_name":"betterNote:BetterNote","floor":20,"gold_loss":0,"cards_obtained":["Strike_G"]},{"damage_healed":0,"gold_gain":0,"player_choice":" Idol Vial ","damage_taken":58,"relics_obtained":["Bloody Idol","Blood Vial"],"max_hp_gain":75,"max_hp_loss":17,"event_name":"betterAltar:BetterAltar","floor":21,"potions_obtained":[],"relics_lost":[],"gold_loss":0},{"cards_removed":["Strike_MRS"],"damage_healed":0,"gold_gain":0,"player_choice":"Card Removal","damage_taken":0,"max_hp_gain":0,"max_hp_loss":0,"event_name":"Wheel of Change","floor":30,"gold_loss":0}],"is_beta":false,"boss_relics":[{"not_picked":["conspire:SlowCooker","StuffTheSpire:RunicConfusion"],"picked":"conspire:SpecialSausage"},{"not_picked":["Philosopher\u0027s Stone","Replay:Ancient Bell"],"picked":"Calling Bell"}],"items_purged_floors":[19,36],"is_endless":false,"potions_floor_spawned":[1,5,14,16,24,27,28,33,38,40,41,44],"killed_by":"conspire:OrnateMirror","ascension_level":0}}