{"host":"gy28cvaawxgarp7n","time":1608949291,"event":{"mods":["BaseMod","Conspire","Downfall","Minty Spire (QoL Compilation)","StSLib"],"gold_per_floor":[99,114,64,84,146,146,216,243,274,321,355,387,413,442,480,592,592,517,556,556,585,620,640,686,713,733,762,762,783,43,94,127,238,238,238,279,316,322,622,622,697,722,722,722],"floor_reached":42,"playtime":2621,"items_purged":[],"score":598,"play_id":"6b56f8d4-3046-4634-a2b6-4bf69de963b0","local_time":"20201226102131","is_ascension_mode":true,"campfire_choices":[{"data":"Slimebound:Split","floor":1.0,"key":"SMITH"},{"data":"Slimebound:MassFeed","floor":18.0,"key":"SMITH"},{"data":"Slimebound:Overexert","floor":28,"key":"SMITH"},{"data":"Slimebound:Darklings","floor":35,"key":"SMITH"},{"data":"Slimebound:SelfFormingGoo","floor":40,"key":"SMITH"}],"circlet_count":0,"master_deck":["Slimebound:Strike_Slimebound","Slimebound:Strike_Slimebound","Slimebound:Strike_Slimebound","Slimebound:Tackle","Slimebound:Defend_Slimebound","Slimebound:Defend_Slimebound","Slimebound:Defend_Slimebound","Slimebound:Defend_Slimebound","Slimebound:Split+1","Slimebound:CorrosiveSpit","Slimebound:GrowthPunch","conspire:SpireCoStock","Slimebound:RollThrough","Slimebound:RejuvenatingLick+1","Slimebound:SplitSpecialist","Slimebound:SlimeTap","Slimebound:SplitSpecialist","Slimebound:Darklings+1","Slimebound:TagTeam","Slimebound:LeechingTouch","Slimebound:Prepare","Slimebound:MassFeed+1","Slimebound:Overexert+1","CurseOfTheBell","Slimebound:LeadByExample","Slimebound:SelfFormingGoo+1","Slimebound:MassRepurpose","Slimebound:MassRepurpose","Slimebound:DisruptingSlam","Slimebound:OozeBath","Slimebound:SlimeSpikes","Slimebound:Replication","Slimebound:FirmFortitude","Slimebound:LevelUp","Slimebound:Equalize","Slimebound:SlimeBarrage","Slimebound:RollThrough+1","Slimebound:MinionMaster","Slimebound:FlameTackle+1","Slimebound:Replication+1","Slimebound:RollThrough","Slimebound:LevelUp+1"],"relics":["Slimebound:AbsorbEndCombat","Bag of Preparation","Matryoshka","conspire:TopHat","Calling Bell","Ancient Tea Set","Pantograph","conspire:Boomerang","downfall:HeartBlessingGreen","Nloth\u0027s Gift","Potion Belt","Slimebound:AggressiveSlimeRelic","Art of War","Prayer Wheel","CeramicFish","HandDrill","Meat on the Bone","Blue Candle","conspire:RoyalGoblet","conspire:BottledYoYo","Pear"],"acts_visited":["Exordium","TheCity","TheBeyond"],"potions_floor_usage":[25,25,26,30,42],"damage_taken":[{"damage":11.0,"enemies":"Small Slimes","floor":2.0,"turns":4.0},{"damage":14.0,"enemies":"Jaw Worm","floor":4.0,"turns":3.0},{"damage":36.0,"enemies":"Gremlin Nob","floor":5.0,"turns":5.0},{"damage":10.0,"enemies":"Cultist","floor":8.0,"turns":4.0},{"damage":19.0,"enemies":"Exordium Thugs","floor":9.0,"turns":4.0},{"damage":28.0,"enemies":"3 Sentries","floor":10.0,"turns":6.0},{"damage":20.0,"enemies":"Red Slaver","floor":11.0,"turns":3.0},{"damage":38.0,"enemies":"Gremlin Nob","floor":12.0,"turns":5.0},{"damage":28.0,"enemies":"Gremlin Gang","floor":13.0,"turns":4.0},{"damage":27.0,"enemies":"Large Slime","floor":14.0,"turns":3.0},{"damage":12.0,"enemies":"Blue Slaver","floor":15.0,"turns":5.0},{"damage":46.0,"enemies":"downfall:Watcher","floor":16.0,"turns":14.0},{"damage":12.0,"enemies":"Chosen","floor":19.0,"turns":5.0},{"damage":28.0,"enemies":"conspire:FuzzyDice","floor":21.0,"turns":6.0},{"damage":30.0,"enemies":"Snake Plant","floor":22.0,"turns":4.0},{"damage":54.0,"enemies":"Centurion and Healer","floor":23.0,"turns":6.0},{"damage":56,"enemies":"Slavers","floor":25,"turns":6},{"damage":49,"enemies":"Cultist and Chosen","floor":26,"turns":6},{"damage":29,"enemies":"conspire:Head Lice","floor":27,"turns":7},{"damage":39,"enemies":"Shelled Parasite and Fungi","floor":29,"turns":7},{"damage":29,"enemies":"downfall:FleeingMerchant","floor":30,"turns":4},{"damage":71,"enemies":"Book of Stabbing","floor":31,"turns":6},{"damage":30,"enemies":"Sentry and Sphere","floor":32,"turns":4},{"damage":50,"enemies":"downfall:Defect","floor":33,"turns":8},{"damage":26,"enemies":"Orb Walker","floor":36,"turns":3},{"damage":44,"enemies":"3 Shapes","floor":37,"turns":3},{"damage":46,"enemies":"3 Shapes","floor":38,"turns":6},{"damage":68,"enemies":"Writhing Mass","floor":42,"turns":3}],"seed_played":"4519106941388052793","potions_obtained":[{"floor":4.0,"key":"FairyPotion"},{"floor":8.0,"key":"SneckoOil"},{"floor":10.0,"key":"Fire Potion"},{"floor":12.0,"key":"Fire Potion"},{"floor":13.0,"key":"Guardian:BlockOnCardUsePotion"},{"floor":14.0,"key":"CultistPotion"},{"floor":21.0,"key":"hexamod:EctoCoolerPotion"},{"floor":25,"key":"ColorlessPotion"},{"floor":31,"key":"Guardian:BlockOnCardUsePotion"},{"floor":32,"key":"Swift Potion"},{"floor":33,"key":"Fire Potion"},{"floor":38,"key":"Block Potion"}],"is_trial":false,"path_per_floor":["R","M","?","M","?","?","T","M","M","E","M","E","M","M","M","B",null,"R","M","?","M","M","M","T","E","M","E","R","M","$","E","M","B",null,"R","M","M","?","?","R","T","M"],"character_chosen":"SLIMEBOUND","items_purchased":["CeramicFish","HandDrill","Slimebound:LevelUp","Fruit Juice","Meat on the Bone"],"campfire_rested":0,"item_purchase_floors":[30,30,30,30,30],"current_hp_per_floor":[66,66,66,64,40,40,40,48,37,31,35,29,23,24,30,21,69,69,69,69,67,61,39,39,45,20,41,41,44,56,23,29,58,90,90,84,60,46,46,46,56,0,0,0],"gold":722,"neow_bonus":"TEN_PERCENT_HP_BONUS","is_daily":false,"chose_seed":false,"campfire_upgraded":5,"win_rate":0.0,"timestamp":1608949291,"path_taken":["R","M","?","M","?","?","T","M","?","E","M","E","M","M","M","BOSS","R","M","?","M","?","M","T","E","M","E","R","?","$","E","M","BOSS","R","M","M","?","?","R","T","M"],"items_purchased_type":["Relic","Relic","Card","Potion","Relic"],"build_version":"2020-12-22","purchased_purges":0,"victory":false,"max_hp_per_floor":[66,66,66,66,66,66,66,66,66,66,66,66,66,66,66,69,69,69,69,69,69,73,73,73,77,77,81,81,85,90,90,90,90,90,90,90,90,90,90,90,100,100,100,100],"card_choices":[{"not_picked":["Slimebound:FinishingTackle","Slimebound:PressTheAttack"],"picked":"Slimebound:GrowthPunch","floor":2.0},{"not_picked":["Slimebound:GoopSpray","Slimebound:ServeAndProtect"],"picked":"Slimebound:RollThrough","floor":4.0},{"not_picked":["Slimebound:ServeAndProtect","Slimebound:DivideAndConquer"],"picked":"Slimebound:RejuvenatingLick","floor":5.0},{"not_picked":["Slimebound:RainOfGoop","Slimebound:GrowthPunch"],"picked":"Slimebound:SplitSpecialist","floor":8.0},{"not_picked":["Slimebound:SplitBruiser","Slimebound:LeechingTouch"],"picked":"Slimebound:SlimeTap","floor":9.0},{"not_picked":["Slimebound:ProtectTheBoss","Slimebound:RainOfGoop"],"picked":"Slimebound:SplitSpecialist","floor":10.0},{"not_picked":["Slimebound:LeadByExample","Slimebound:Schlurp"],"picked":"Slimebound:Darklings","floor":11.0},{"not_picked":["Slimebound:HauntingLick","Slimebound:SamplingLick"],"picked":"Slimebound:TagTeam","floor":12.0},{"not_picked":["Slimebound:ComboTackle","Slimebound:GoopSpray"],"picked":"Slimebound:LeechingTouch","floor":13.0},{"not_picked":["Slimebound:ViciousTackle","Slimebound:Schlurp"],"picked":"Slimebound:Prepare","floor":14.0},{"not_picked":["Slimebound:SamplingLick","Slimebound:FinishingTackle"],"picked":"Slimebound:MassFeed","floor":15.0},{"not_picked":["Slimebound:DouseInSlime","Slimebound:MinionMaster"],"picked":"Slimebound:Overexert","floor":16.0},{"not_picked":["Slimebound:Nibble","Slimebound:LeechEnergy"],"picked":"Slimebound:LeadByExample","floor":19.0},{"not_picked":["Slimebound:Chomp","Slimebound:FinishingTackle"],"picked":"Slimebound:SelfFormingGoo","floor":21.0},{"not_picked":["Slimebound:SplitMire","Slimebound:Grow"],"picked":"Slimebound:MassRepurpose","floor":22.0},{"not_picked":["Slimebound:Schlurp","Slimebound:PressTheAttack+1","Slimebound:GrowthPunch"],"picked":"SKIP","floor":23.0},{"not_picked":["Slimebound:Prepare","Slimebound:Chomp"],"picked":"Slimebound:MassRepurpose","floor":25},{"not_picked":["Slimebound:GrowthPunch","Slimebound:SlimeSpikes+1"],"picked":"Slimebound:DisruptingSlam","floor":26},{"not_picked":["Slimebound:SlimeTap+1","Slimebound:FirmFortitude"],"picked":"Slimebound:OozeBath","floor":27},{"not_picked":["Slimebound:SplitAcid","Slimebound:DisruptingSlam"],"picked":"Slimebound:SlimeSpikes","floor":29},{"not_picked":["Slimebound:PressTheAttack","Slimebound:LeechEnergy"],"picked":"Slimebound:Replication","floor":29},{"not_picked":["Slimebound:SplitSpecialist","Slimebound:LivingWall"],"picked":"Slimebound:FirmFortitude","floor":30},{"not_picked":["Slimebound:Nibble+1","Slimebound:SelfFormingGoo"],"picked":"Slimebound:Equalize","floor":31},{"not_picked":["Slimebound:SamplingLick","Slimebound:RollThrough"],"picked":"Slimebound:SlimeBarrage","floor":32},{"not_picked":["Slimebound:LeechingTouch+1","Slimebound:ComboTackle"],"picked":"Slimebound:RollThrough+1","floor":32},{"not_picked":["Slimebound:MassFeed","Slimebound:CheckThePlaybook"],"picked":"Slimebound:MinionMaster","floor":33},{"not_picked":["Slimebound:ComboTackle+1","Slimebound:SamplingLick"],"picked":"Slimebound:FlameTackle+1","floor":36},{"not_picked":["Slimebound:ForwardTackle","Slimebound:SplitBruiser+1"],"picked":"Slimebound:Replication+1","floor":36},{"not_picked":["Slimebound:SplitMire+1","Slimebound:FirmFortitude"],"picked":"Slimebound:RollThrough","floor":37},{"not_picked":["Slimebound:ServeAndProtect+1","Slimebound:ComboTackle+1"],"picked":"Slimebound:LevelUp+1","floor":37}],"player_experience":167503,"relics_obtained":[{"floor":5.0,"key":"Bag of Preparation"},{"floor":7.0,"key":"Matryoshka"},{"floor":10.0,"key":"conspire:TopHat"},{"floor":12.0,"key":"Juzu Bracelet"},{"floor":17.0,"key":"Ancient Tea Set"},{"floor":17.0,"key":"Pantograph"},{"floor":17.0,"key":"conspire:Boomerang"},{"floor":24.0,"key":"Potion Belt"},{"floor":24.0,"key":"Slimebound:AggressiveSlimeRelic"},{"floor":25,"key":"Art of War"},{"floor":27,"key":"Prayer Wheel"},{"floor":31,"key":"Blue Candle"},{"floor":41,"key":"conspire:BottledYoYo"},{"floor":41,"key":"Pear"}],"event_choices":[{"damage_healed":0.0,"max_hp_gain":0.0,"max_hp_loss":0.0,"gold_gain":0.0,"event_name":"conspire:Investor","player_choice":"Invest 1","floor":3.0,"gold_loss":0.0,"damage_taken":0.0},{"damage_healed":0.0,"max_hp_gain":0.0,"max_hp_loss":0.0,"gold_gain":0.0,"event_name":"Upgrade Shrine","player_choice":"Upgraded","floor":6.0,"gold_loss":0.0,"damage_taken":0.0,"cards_upgraded":["Slimebound:RejuvenatingLick"]},{"damage_healed":0,"gold_gain":300,"player_choice":"Gold","damage_taken":0,"max_hp_gain":0,"max_hp_loss":0,"event_name":"Wheel of Change","floor":39,"gold_loss":0}],"is_beta":false,"boss_relics":[{"not_picked":["Coffee Dripper","Runic Dome"],"picked":"Calling Bell"},{"not_picked":["Cursed Key","Velvet Choker"],"picked":"conspire:RoyalGoblet"}],"items_purged_floors":[],"is_endless":false,"potions_floor_spawned":[4,8,10,12,13,14,19,21,25,31,32,33,38],"killed_by":"Writhing Mass","ascension_level":1}}