{"host":"6xsbn6ynqlzwllfm","time":1608993289,"event":{"mods":["2.2 Compatiblity","BaseMod","Bestiary","Colored Map","Colored Powertips","Curses Come First","Downfall","Highlight Path","Keyboard Shortcuts","Minty Spire (QoL Compilation)","Quick Restart","Relic Stats","Slay the Relics Exporter","StSLib","SuperFastMode"],"gold_per_floor":[110,110,124,140,160,160,188,188,188,188,218,143,143,143,143,215,215,227,55,67,81,81,81,81,81,107,107,107,140,158,178,178,178,178],"floor_reached":33,"playtime":1070,"items_purged":["Strike_R"],"score":571,"play_id":"8ab7b656-4ce1-4ca1-a32e-63f223ca152b","local_time":"20201226093449","is_ascension_mode":true,"campfire_choices":[{"data":"Thunderclap","floor":6,"key":"SMITH"},{"data":"True Grit","floor":8,"key":"SMITH"},{"floor":10,"key":"RECALL"},{"data":"Pommel Strike","floor":15,"key":"SMITH"},{"floor":23,"key":"REST"},{"floor":25,"key":"REST"},{"floor":32,"key":"REST"}],"circlet_count":0,"master_deck":["AscendersBane","Strike_R+1","Strike_R+1","Strike_R+1","Defend_R+1","Defend_R+1","Defend_R+1","Defend_R+1","Bash","Thunderclap+1","Dropkick","Pommel Strike+1","True Grit+1","Regret","Offering","Armaments+1","Clothesline","Blood for Blood+1","Writhe"],"relics":["Burning Blood","Pear","Letter Opener","Self Forming Clay","Blue Candle","Philosopher\u0027s Stone","HandDrill","Orichalcum","Mummified Hand","Singing Bowl"],"acts_visited":["Exordium","TheCity"],"potions_floor_usage":[7,11,16,33],"damage_taken":[{"damage":1,"enemies":"2 Louse","floor":1,"turns":4},{"damage":9,"enemies":"Jaw Worm","floor":3,"turns":5},{"damage":10,"enemies":"Small Slimes","floor":4,"turns":3},{"damage":20,"enemies":"3 Louse","floor":5,"turns":4},{"damage":16,"enemies":"3 Sentries","floor":7,"turns":6},{"damage":8,"enemies":"Gremlin Nob","floor":11,"turns":3},{"damage":43,"enemies":"The Guardian","floor":16,"turns":18},{"damage":19,"enemies":"3 Byrds","floor":18,"turns":5},{"damage":27,"enemies":"Spheric Guardian","floor":20,"turns":7},{"damage":13,"enemies":"Centurion and Healer","floor":21,"turns":5},{"damage":31,"enemies":"Slavers","floor":29,"turns":5},{"damage":20,"enemies":"Sentry and Sphere","floor":30,"turns":5},{"damage":13,"enemies":"Snecko","floor":31,"turns":5},{"damage":56,"enemies":"Champ","floor":33,"turns":10}],"seed_played":"9213816447481296213","potions_obtained":[{"floor":5,"key":"DistilledChaos"},{"floor":7,"key":"FearPotion"},{"floor":11,"key":"Energy Potion"},{"floor":21,"key":"ElixirPotion"},{"floor":30,"key":"BlessingOfTheForge"}],"is_trial":false,"path_per_floor":["M","?","M","M","M","R","E","R","T","R","E","$","?","?","R","B",null,"M","$","M","M","?","R","?","R","T","?","?","E","M","M","R","B"],"character_chosen":"IRONCLAD","items_purchased":["HandDrill"],"campfire_rested":3,"item_purchase_floors":[19],"current_hp_per_floor":[80,80,77,73,59,59,59,59,59,59,57,57,50,50,50,13,72,59,59,38,31,4,33,33,62,62,62,62,39,27,22,52,0,0],"gold":178,"neow_bonus":"TEN_PERCENT_HP_BONUS","is_daily":false,"chose_seed":false,"campfire_upgraded":3,"win_rate":0.0,"timestamp":1608993289,"path_taken":["M","?","M","M","M","R","E","R","T","R","E","$","?","?","R","BOSS","M","$","M","M","?","R","?","R","T","?","?","E","M","M","R","BOSS"],"items_purchased_type":["Relic"],"build_version":"2020-12-22","purchased_purges":1,"victory":false,"max_hp_per_floor":[82,82,82,82,82,82,92,92,92,92,92,92,92,92,92,92,92,92,92,92,92,97,97,97,97,97,97,97,99,101,103,103,103,103],"relic_stats":{"Singing Bowl":6,"counters":[14,85],"Self Forming Clay":[126],"Mummified Hand":[0],"Blue Candle":[11],"HandDrill":[18],"Letter Opener":[75],"Orichalcum":[12],"obtain_stats":[{"Pear":7,"Singing Bowl":29,"Self Forming Clay":11,"Mummified Hand":28,"Blue Candle":14,"Philosopher\u0027s Stone":17,"HandDrill":19,"Letter Opener":9,"Orichalcum":26,"Burning Blood":0},{"Pear":5,"Singing Bowl":11,"Self Forming Clay":6,"Mummified Hand":10,"Blue Candle":6,"Philosopher\u0027s Stone":7,"HandDrill":8,"Letter Opener":5,"Orichalcum":10,"Burning Blood":0},{"Pear":22,"Singing Bowl":65,"Self Forming Clay":25,"Mummified Hand":60,"Blue Candle":25,"Philosopher\u0027s Stone":43,"HandDrill":48,"Letter Opener":22,"Orichalcum":60,"Burning Blood":0}],"Burning Blood":78},"card_choices":[{"not_picked":["Armaments","Warcry"],"picked":"Thunderclap","floor":1},{"not_picked":["Twin Strike","Dark Embrace"],"picked":"Dropkick","floor":3},{"not_picked":["Power Through","Perfected Strike"],"picked":"Pommel Strike","floor":4},{"not_picked":["Flex","Body Slam","Warcry"],"picked":"SKIP","floor":5},{"not_picked":["Metallicize","Uppercut"],"picked":"True Grit","floor":7},{"not_picked":["Perfected Strike","Sever Soul","Headbutt"],"picked":"SKIP","floor":11},{"not_picked":["Feed","Reaper"],"picked":"Offering","floor":16},{"not_picked":["Headbutt","Warcry"],"picked":"Armaments+1","floor":18},{"not_picked":["Pummel","Wild Strike"],"picked":"Clothesline","floor":20},{"not_picked":["Rage","Havoc+1"],"picked":"Blood for Blood+1","floor":21},{"not_picked":["Anger","Immolate","Disarm"],"picked":"Singing Bowl","floor":29},{"not_picked":["Clothesline+1","Anger","Pommel Strike"],"picked":"Singing Bowl","floor":30},{"not_picked":["Anger+1","Armaments","Sever Soul"],"picked":"Singing Bowl","floor":31}],"player_experience":1262811,"relics_obtained":[{"floor":7,"key":"Pear"},{"floor":9,"key":"Letter Opener"},{"floor":11,"key":"Self Forming Clay"},{"floor":26,"key":"Orichalcum"},{"floor":29,"key":"Singing Bowl"}],"event_choices":[{"damage_healed":0,"gold_gain":0,"player_choice":"Ignored","damage_taken":0,"max_hp_gain":0,"max_hp_loss":0,"event_name":"Liars Game","floor":2,"gold_loss":0},{"cards_removed":["Strike_R"],"damage_healed":0,"gold_gain":0,"player_choice":"Card Removal","damage_taken":7,"max_hp_gain":0,"max_hp_loss":0,"event_name":"Golden Wing","floor":13,"gold_loss":0},{"damage_healed":0,"gold_gain":0,"player_choice":"Box","damage_taken":0,"relics_obtained":["Blue Candle"],"max_hp_gain":0,"max_hp_loss":0,"event_name":"Big Fish","floor":14,"gold_loss":0,"cards_obtained":["Regret"]},{"damage_healed":0,"gold_gain":0,"player_choice":"Shed Blood","damage_taken":32,"max_hp_gain":5,"max_hp_loss":0,"event_name":"Forgotten Altar","floor":22,"gold_loss":0},{"damage_healed":0,"gold_gain":0,"player_choice":"Simplicity","damage_taken":0,"max_hp_gain":0,"max_hp_loss":0,"event_name":"Back to Basics","floor":24,"gold_loss":0,"cards_upgraded":["Strike_R","Strike_R","Strike_R","Defend_R","Defend_R","Defend_R","Defend_R"]},{"damage_healed":0,"gold_gain":0,"player_choice":"Ignored","damage_taken":0,"max_hp_gain":0,"max_hp_loss":0,"event_name":"Ghosts","floor":27,"gold_loss":0},{"damage_healed":0,"gold_gain":0,"player_choice":"Opened","damage_taken":0,"relics_obtained":["Mummified Hand"],"max_hp_gain":0,"max_hp_loss":0,"event_name":"The Mausoleum","floor":28,"gold_loss":0,"cards_obtained":["Writhe"]}],"is_beta":false,"boss_relics":[{"not_picked":["Runic Dome","Astrolabe"],"picked":"Philosopher\u0027s Stone"}],"items_purged_floors":[12],"is_endless":false,"potions_floor_spawned":[5,7,11,21,30],"killed_by":"Champ","ascension_level":20}}