{"host":"30jsp143e4v19aze","time":1608943214,"event":{"mods":["BaseMod","Colored Map","Colored Powertips","Curses Come First","DeckTracker","Highlight Path","Minty Spire (QoL Compilation)","Quick Restart","Relic Stats","StSLib","everything is the same but u backflip on backflip","slay the spire mod where everything is the same but ironclad has a cowboy hat"],"gold_per_floor":[114,129,129,144,42,42,57,87,87,117,132,162,162,177,177,277,277,292,307,7,7,7,7,37,37,87,126,225,264,288,318,318,427,427,442,110,110,110,110,149,149,188,213,213,252,102,102,441,441,441],"floor_reached":51,"playtime":2825,"items_purged":[],"score":1205,"play_id":"463709ea-2f22-4cc8-83c4-9f446ba41beb","local_time":"20201226014014","daily_mods":["Draft","Hoarder","Elite Swarm"],"is_ascension_mode":false,"campfire_choices":[{"data":"Armaments","floor":6,"key":"SMITH"},{"data":"Armaments","floor":13,"key":"SMITH"},{"data":"Armaments","floor":15,"key":"SMITH"},{"floor":23,"key":"REST"},{"data":"Feed","floor":25,"key":"SMITH"},{"data":"Feed","floor":32,"key":"SMITH"},{"data":"Demon Form","floor":41,"key":"SMITH"},{"data":"Demon Form","floor":44,"key":"SMITH"},{"data":"Impervious","floor":47,"key":"SMITH"},{"data":"Juggernaut","floor":49,"key":"SMITH"}],"circlet_count":0,"master_deck":["Iron Wave+1","Iron Wave+1","Iron Wave+1","Pommel Strike+1","Pommel Strike+1","Pommel Strike+1","Flame Barrier+1","Flame Barrier+1","Flame Barrier+1","Iron Wave+1","Iron Wave+1","Iron Wave+1","Bloodletting+1","Bloodletting+1","Bloodletting+1","Cleave+1","Cleave+1","Cleave+1","Cleave+1","Cleave+1","Cleave+1","Shrug It Off+1","Shrug It Off+1","Shrug It Off+1","Combust+1","Combust+1","Sword Boomerang+1","Sword Boomerang+1","Sword Boomerang+1","Thunderclap+1","Thunderclap+1","Thunderclap+1","Dropkick+1","Dropkick+1","Dropkick+1","Iron Wave+1","Iron Wave+1","Iron Wave+1","Disarm+1","Disarm+1","Disarm+1","Armaments+1","Armaments+1","Armaments+1","Shrug It Off+1","Shrug It Off+1","Shrug It Off+1","Shrug It Off+1","Shrug It Off+1","Shrug It Off+1","Shrug It Off+1","Shrug It Off+1","Shrug It Off+1","Immolate+1","Immolate+1","Immolate+1","Whirlwind+1","Whirlwind+1","Whirlwind+1","Reaper+1","Reaper+1","Reaper+1","Fiend Fire+1","Fiend Fire+1","Fiend Fire+1","Disarm+1","Disarm+1","Disarm+1","Warcry+1","Warcry+1","Warcry+1","Ghostly+1","Ghostly+1","Ghostly+1","Ghostly+1","Ghostly+1","Ghostly+1","Ghostly+1","Ghostly+1","Ghostly+1","Ghostly+1","Ghostly+1","Ghostly+1","Ghostly+1","Ghostly+1","Ghostly+1","Shame","Shame","Shame","Feed+1","Feed+1","Feed+1","Corruption+1","Corruption+1","Corruption+1","Exhume+1","Exhume+1","Exhume+1","Shockwave+1","Shockwave+1","Shockwave+1","Limit Break+1","Limit Break+1","Limit Break+1","Inflame+1","Inflame+1","Inflame+1","Seeing Red+1","Seeing Red+1","Seeing Red+1","Demon Form","Demon Form+1","Demon Form+1","Barricade","Barricade","Barricade","Impervious","Impervious","Impervious+1","Juggernaut+1","Juggernaut","Juggernaut"],"relics":["Burning Blood","Vajra","Pear","Potion Belt","InkBottle","SacredBark","Champion Belt","Red Skull","Centennial Puzzle","CeramicFish","HornCleat","Magic Flower","CaptainsWheel","Coffee Dripper","Bag of Preparation","Mark of the Bloom","Blue Candle","Bronze Scales","Orichalcum","Anchor","Old Coin"],"acts_visited":["Exordium","TheCity","TheBeyond"],"potions_floor_usage":[8,10,27,27,30,33,33,45,48,50,50,50],"damage_taken":[{"damage":5,"enemies":"Small Slimes","floor":1,"turns":2},{"damage":0,"enemies":"Cultist","floor":2,"turns":2},{"damage":2,"enemies":"2 Louse","floor":4,"turns":2},{"damage":13,"enemies":"Large Slime","floor":7,"turns":6},{"damage":9,"enemies":"3 Sentries","floor":8,"turns":2},{"damage":2,"enemies":"Gremlin Nob","floor":10,"turns":3},{"damage":2,"enemies":"Exordium Wildlife","floor":11,"turns":3},{"damage":14,"enemies":"Lagavulin","floor":12,"turns":5},{"damage":0,"enemies":"Blue Slaver","floor":14,"turns":4},{"damage":17,"enemies":"Slime Boss","floor":16,"turns":7},{"damage":14,"enemies":"Shell Parasite","floor":18,"turns":5},{"damage":22,"enemies":"Spheric Guardian","floor":19,"turns":4},{"damage":10,"enemies":"Gremlin Leader","floor":24,"turns":8},{"damage":5,"enemies":"Book of Stabbing","floor":27,"turns":20},{"damage":57,"enemies":"Slavers","floor":29,"turns":24},{"damage":5,"enemies":"3 Cultists","floor":30,"turns":8},{"damage":7,"enemies":"Book of Stabbing","floor":31,"turns":13},{"damage":134,"enemies":"Champ","floor":33,"turns":31},{"damage":1,"enemies":"3 Darklings","floor":35,"turns":4},{"damage":0,"enemies":"Reptomancer","floor":40,"turns":5},{"damage":0,"enemies":"Nemesis","floor":42,"turns":9},{"damage":0,"enemies":"Reptomancer","floor":45,"turns":6},{"damage":1,"enemies":"Giant Head","floor":48,"turns":11},{"damage":0,"enemies":"Donu and Deca","floor":50,"turns":8}],"seed_played":"-567031674859551473","potions_obtained":[{"floor":4,"key":"SteroidPotion"},{"floor":8,"key":"FearPotion"},{"floor":10,"key":"Regen Potion"},{"floor":12,"key":"Block Potion"},{"floor":16,"key":"Swift Potion"},{"floor":27,"key":"FairyPotion"},{"floor":29,"key":"Block Potion"},{"floor":33,"key":"SkillPotion"},{"floor":35,"key":"Swift Potion"},{"floor":45,"key":"EssenceOfSteel"}],"is_trial":false,"path_per_floor":["M","M","?","M","$","R","M","E","T","E","M","E","R","M","R","B",null,"M","M","$","?","?","R","E","R","T","E","?","E","M","E","R","B",null,"M","$","?","?","?","E","R","E","T","R","E","$","R","E","R","B",null],"character_chosen":"IRONCLAD","items_purchased":["Shrug It Off","Energy Potion","Champion Belt","Inflame","Bag of Preparation","Seeing Red","Swift Potion","SteroidPotion","Strength Potion","Strength Potion"],"campfire_rested":1,"item_purchase_floors":[5,5,20,36,36,36,36,46,46,46],"current_hp_per_floor":[80,80,72,76,76,76,69,66,76,80,84,76,76,82,82,78,90,82,66,66,45,45,45,45,45,45,49,49,18,70,74,74,27,74,78,78,78,78,74,74,74,74,74,74,74,74,74,73,73,73],"gold":441,"neow_bonus":"","is_daily":true,"chose_seed":false,"campfire_upgraded":9,"win_rate":0.0,"timestamp":1608943214,"path_taken":["M","M","?","M","$","R","M","E","T","E","M","E","R","M","R","BOSS","M","?","$","?","?","R","E","R","T","E","?","E","M","E","R","BOSS","M","$","?","?","?","E","R","E","T","R","E","$","R","E","R","BOSS"],"items_purchased_type":["Card","Potion","Relic","Card","Relic","Card","Potion","Potion","Potion","Potion"],"build_version":"2020-12-22","purchased_purges":0,"victory":true,"max_hp_per_floor":[80,80,80,80,80,80,80,80,90,90,90,90,90,90,90,90,90,90,90,90,45,45,45,45,45,45,49,49,59,70,74,74,74,74,78,78,78,78,74,78,78,78,78,78,78,78,78,82,82,82],"relic_stats":{"Mark of the Bloom":182,"counters":[24,192],"CeramicFish":90,"Blue Candle":[1],"Magic Flower":[47],"Bag of Preparation":[10],"Orichalcum":[12],"Burning Blood":89,"Centennial Puzzle":[19],"Bronze Scales":[63],"Champion Belt":[31],"obtain_stats":[{"Potion Belt":10,"Mark of the Bloom":38,"Pear":9,"SacredBark":17,"CeramicFish":26,"Blue Candle":40,"Vajra":8,"Magic Flower":29,"Bag of Preparation":36,"Orichalcum":43,"Burning Blood":0,"Old Coin":48,"Centennial Puzzle":24,"CaptainsWheel":31,"Anchor":45,"HornCleat":27,"Bronze Scales":42,"Coffee Dripper":34,"Champion Belt":20,"InkBottle":12,"Red Skull":22},{"Potion Belt":6,"Mark of the Bloom":19,"Pear":5,"SacredBark":10,"CeramicFish":13,"Blue Candle":20,"Vajra":5,"Magic Flower":15,"Bag of Preparation":19,"Orichalcum":21,"Burning Blood":0,"Old Coin":23,"Centennial Puzzle":13,"CaptainsWheel":17,"Anchor":22,"HornCleat":14,"Bronze Scales":21,"Coffee Dripper":18,"Champion Belt":12,"InkBottle":8,"Red Skull":12},{"Potion Belt":17,"Mark of the Bloom":153,"Pear":14,"SacredBark":36,"CeramicFish":53,"Blue Candle":158,"Vajra":14,"Magic Flower":97,"Bag of Preparation":153,"Orichalcum":167,"Burning Blood":0,"Old Coin":184,"Centennial Puzzle":53,"CaptainsWheel":118,"Anchor":173,"HornCleat":73,"Bronze Scales":167,"Coffee Dripper":149,"Champion Belt":45,"InkBottle":25,"Red Skull":45}],"InkBottle":[54]},"card_choices":[{"not_picked":["Havoc","Warcry"],"picked":"Iron Wave","floor":0},{"not_picked":["Reckless Charge","Seeing Red"],"picked":"Pommel Strike","floor":0},{"not_picked":["Searing Blow","Thunderclap"],"picked":"Flame Barrier","floor":0},{"not_picked":["Sentinel","Heavy Blade"],"picked":"Iron Wave","floor":0},{"not_picked":["Clothesline","Heavy Blade"],"picked":"Bloodletting","floor":0},{"not_picked":["Dual Wield","Heavy Blade"],"picked":"Cleave","floor":0},{"not_picked":["Heavy Blade","Clash"],"picked":"Cleave","floor":0},{"not_picked":["Power Through","Flex"],"picked":"Shrug It Off","floor":0},{"not_picked":["Heavy Blade","Seeing Red"],"picked":"Combust","floor":0},{"not_picked":["Clash","Armaments"],"picked":"Sword Boomerang","floor":0},{"not_picked":["Seeing Red","Perfected Strike"],"picked":"Thunderclap","floor":0},{"not_picked":["Wild Strike","Dual Wield"],"picked":"Dropkick","floor":0},{"not_picked":["Cleave","Havoc"],"picked":"Iron Wave","floor":0},{"not_picked":["Havoc","Body Slam"],"picked":"Disarm","floor":0},{"not_picked":["Clash","Rupture"],"picked":"Armaments","floor":0},{"not_picked":["Thunderclap","Combust","Sentinel"],"picked":"SKIP","floor":1},{"not_picked":["Entrench","Heavy Blade"],"picked":"Shrug It Off","floor":2},{"not_picked":["Seeing Red","Heavy Blade"],"picked":"Shrug It Off","floor":4},{"not_picked":["Headbutt","Power Through","Blood for Blood"],"picked":"SKIP","floor":7},{"not_picked":["Juggernaut","Barricade"],"picked":"Immolate","floor":8},{"not_picked":["Exhume","Bludgeon","Brutality"],"picked":"SKIP","floor":10},{"not_picked":["Warcry","Clothesline"],"picked":"Whirlwind","floor":11},{"not_picked":["Immolate","Juggernaut"],"picked":"Reaper","floor":12},{"not_picked":["Warcry","Flex","Pommel Strike"],"picked":"SKIP","floor":14},{"not_picked":["Demon Form","Reaper"],"picked":"Fiend Fire","floor":16},{"not_picked":["Disarm","Dual Wield+1","Sword Boomerang"],"picked":"SKIP","floor":18},{"not_picked":["Dual Wield+1","Sword Boomerang"],"picked":"Disarm","floor":18},{"not_picked":["Anger+1","Clothesline+1"],"picked":"Warcry+1","floor":19},{"not_picked":["Berserk","Impervious"],"picked":"Feed","floor":24},{"not_picked":["Impervious","Brutality"],"picked":"Corruption","floor":27},{"not_picked":["Juggernaut","Bludgeon"],"picked":"Exhume","floor":29},{"not_picked":["Infernal Blade","Cleave"],"picked":"Shockwave","floor":30},{"not_picked":["Juggernaut","Brutality","Corruption"],"picked":"SKIP","floor":31},{"not_picked":["Feed","Brutality"],"picked":"Limit Break","floor":33},{"not_picked":["Anger+1","Heavy Blade","Power Through"],"picked":"SKIP","floor":35},{"not_picked":["Corruption","Brutality"],"picked":"Demon Form","floor":40},{"not_picked":["Berserk","Double Tap"],"picked":"Barricade","floor":42},{"not_picked":["Bludgeon","Offering"],"picked":"Impervious","floor":45},{"not_picked":["Immolate","Feed"],"picked":"Juggernaut","floor":48}],"player_experience":3212189,"relics_obtained":[{"floor":8,"key":"Vajra"},{"floor":9,"key":"Pear"},{"floor":10,"key":"Potion Belt"},{"floor":12,"key":"InkBottle"},{"floor":24,"key":"Centennial Puzzle"},{"floor":26,"key":"CeramicFish"},{"floor":27,"key":"HornCleat"},{"floor":29,"key":"Magic Flower"},{"floor":31,"key":"CaptainsWheel"},{"floor":40,"key":"Blue Candle"},{"floor":42,"key":"Bronze Scales"},{"floor":43,"key":"Orichalcum"},{"floor":45,"key":"Anchor"},{"floor":48,"key":"Old Coin"}],"event_choices":[{"damage_healed":0,"gold_gain":0,"player_choice":"Damaged","damage_taken":8,"max_hp_gain":0,"max_hp_loss":0,"event_name":"Wheel of Change","floor":3,"gold_loss":0},{"damage_healed":0,"gold_gain":0,"player_choice":"Became a Ghost","damage_taken":0,"max_hp_gain":0,"max_hp_loss":45,"event_name":"Ghosts","floor":21,"gold_loss":0,"cards_obtained":["Ghostly","Ghostly","Ghostly","Ghostly","Ghostly"]},{"damage_healed":0,"gold_gain":0,"player_choice":"Stole Relic","damage_taken":0,"relics_obtained":["Red Skull"],"max_hp_gain":0,"max_hp_loss":0,"event_name":"Addict","floor":22,"gold_loss":0,"cards_obtained":["Shame"]},{"damage_healed":0,"gold_gain":99,"player_choice":"Stole From Cult","damage_taken":0,"max_hp_gain":0,"max_hp_loss":0,"event_name":"Nest","floor":28,"gold_loss":0},{"cards_removed":["Combust"],"damage_healed":0,"gold_gain":0,"player_choice":"Removed Power","damage_taken":0,"max_hp_gain":0,"max_hp_loss":0,"event_name":"Falling","floor":37,"gold_loss":0},{"damage_healed":0,"gold_gain":0,"player_choice":"Upgrade","damage_taken":0,"relics_obtained":["Mark of the Bloom"],"max_hp_gain":0,"max_hp_loss":0,"event_name":"MindBloom","floor":38,"gold_loss":0,"cards_upgraded":["Iron Wave","Iron Wave","Iron Wave","Pommel Strike","Pommel Strike","Pommel Strike","Flame Barrier","Flame Barrier","Flame Barrier","Iron Wave","Iron Wave","Iron Wave","Bloodletting","Bloodletting","Bloodletting","Cleave","Cleave","Cleave","Cleave","Cleave","Cleave","Shrug It Off","Shrug It Off","Shrug It Off","Combust","Combust","Sword Boomerang","Sword Boomerang","Sword Boomerang","Thunderclap","Thunderclap","Thunderclap","Dropkick","Dropkick","Dropkick","Iron Wave","Iron Wave","Iron Wave","Disarm","Disarm","Disarm","Shrug It Off","Shrug It Off","Shrug It Off","Shrug It Off","Shrug It Off","Shrug It Off","Shrug It Off","Shrug It Off","Shrug It Off","Immolate","Immolate","Immolate","Whirlwind","Whirlwind","Whirlwind","Reaper","Reaper","Reaper","Fiend Fire","Fiend Fire","Fiend Fire","Disarm","Disarm","Disarm","Ghostly","Ghostly","Ghostly","Ghostly","Ghostly","Ghostly","Ghostly","Ghostly","Ghostly","Ghostly","Ghostly","Ghostly","Ghostly","Ghostly","Ghostly","Feed","Corruption","Corruption","Corruption","Exhume","Exhume","Exhume","Shockwave","Shockwave","Shockwave","Limit Break","Limit Break","Limit Break","Inflame","Inflame","Inflame","Seeing Red","Seeing Red","Seeing Red"]},{"damage_healed":0,"gold_gain":0,"player_choice":"Max HP","damage_taken":0,"max_hp_gain":0,"max_hp_loss":4,"event_name":"Winding Halls","floor":39,"gold_loss":0}],"is_beta":false,"boss_relics":[{"not_picked":["Black Star","Astrolabe"],"picked":"SacredBark"},{"not_picked":["Cursed Key","Busted Crown"],"picked":"Coffee Dripper"}],"items_purged_floors":[],"is_endless":false,"potions_floor_spawned":[4,8,10,12,16,27,29,33,35,45],"ascension_level":0}}