{"host":"a1eatafr7pisesky","time":1608979846,"event":{"mods":["BaseMod","Colored Map","DeckTracker","Highlight Path","Keyboard Shortcuts","Minty Spire (QoL Compilation)","Permanent Neow","Random Character Button","StSLib","SuperFastMode"],"gold_per_floor":[112,112,12,12,12,12,22,33,87,106,135,35,61,72,72,170,170,189,189,189,119,129,129,129],"floor_reached":23,"playtime":522,"items_purged":["Strike_B","Strike_B"],"score":249,"play_id":"8106a2d5-b7a0-4e95-b929-de91c52ba309","local_time":"20201226195046","is_ascension_mode":true,"campfire_choices":[{"data":"Dualcast","floor":6.0,"key":"SMITH"},{"data":"Defragment","floor":15.0,"key":"SMITH"}],"circlet_count":0,"master_deck":["Strike_B","Defend_B","Defend_B","Defend_B","Zap+1","Dualcast+1","Steam","Cold Snap","Go for the Eyes","Defragment+1","Undo","Consume","Electrodynamics","Turbo","Ball Lightning","Buffer","CurseOfTheBell","Recycle","Heatsinks","Redo","Capacitor","Darkness"],"relics":["Cracked Core","Lantern","Unceasing Top","Tiny Chest","Calling Bell","Ancient Tea Set","Question Card","Dead Branch"],"acts_visited":["Exordium","TheCity"],"potions_floor_usage":[23],"damage_taken":[{"damage":0.0,"enemies":"Small Slimes","floor":1.0,"turns":2.0},{"damage":6.0,"enemies":"2 Louse","floor":7.0,"turns":2.0},{"damage":0.0,"enemies":"Cultist","floor":8.0,"turns":3.0},{"damage":17.0,"enemies":"Exordium Thugs","floor":10.0,"turns":5.0},{"damage":5.0,"enemies":"Lagavulin","floor":11.0,"turns":7.0},{"damage":10.0,"enemies":"Gremlin Nob","floor":13.0,"turns":4.0},{"damage":4.0,"enemies":"3 Louse","floor":14.0,"turns":2.0},{"damage":26.0,"enemies":"Hexaghost","floor":16.0,"turns":10.0},{"damage":14.0,"enemies":"Shell Parasite","floor":18.0,"turns":7.0},{"damage":42,"enemies":"2 Thieves","floor":22,"turns":4},{"damage":13,"enemies":"Slavers","floor":23,"turns":2}],"seed_played":"5441494329995693747","potions_obtained":[{"floor":7.0,"key":"Fruit Juice"},{"floor":8.0,"key":"DuplicationPotion"},{"floor":10.0,"key":"Strength Potion"},{"floor":16.0,"key":"Block Potion"}],"is_trial":false,"path_per_floor":["M","?","$","?","$","R","M","M","T","M","E","$","E","M","R","B",null,"M","?","?","$","M","E"],"character_chosen":"DEFECT","items_purchased":["Cold Snap","Capacitor"],"campfire_rested":0,"item_purchase_floors":[3,21],"current_hp_per_floor":[75,80,80,80,80,80,74,74,74,57,52,52,47,43,43,17,68,54,54,54,54,12,0,0],"gold":129,"neow_bonus":"UPGRADE_CARD","is_daily":false,"chose_seed":false,"campfire_upgraded":2,"win_rate":0.0,"timestamp":1608979846,"path_taken":["M","?","$","?","$","R","M","?","T","M","E","?","E","M","R","BOSS","M","?","?","$","M","E"],"items_purchased_type":["Card","Card"],"build_version":"2020-12-22","purchased_purges":2,"victory":false,"max_hp_per_floor":[75,80,80,80,80,80,80,80,80,80,80,80,85,85,85,85,85,85,85,85,85,85,85,85],"card_choices":[{"not_picked":["Fusion","Chaos"],"picked":"Steam","floor":1.0},{"not_picked":["Steam","Redo"],"picked":"Defragment","floor":7.0},{"not_picked":["Go for the Eyes","Storm"],"picked":"Undo","floor":8.0},{"not_picked":["Stack","Scrape"],"picked":"Consume","floor":10.0},{"not_picked":["Hologram","Loop"],"picked":"Electrodynamics","floor":11.0},{"not_picked":["Blizzard","Electrodynamics"],"picked":"Turbo","floor":13.0},{"not_picked":["Go for the Eyes","Fusion"],"picked":"Ball Lightning","floor":14.0},{"not_picked":["Amplify","Hyperbeam"],"picked":"Buffer","floor":16.0},{"not_picked":["Steam","Aggregate+1","BootSequence"],"picked":"Recycle","floor":18.0},{"not_picked":["Ball Lightning","Scrape","Coolheaded"],"picked":"Darkness","floor":22}],"player_experience":251770,"relics_obtained":[{"floor":9.0,"key":"Lantern"},{"floor":11.0,"key":"Unceasing Top"},{"floor":13.0,"key":"Tiny Chest"},{"floor":17.0,"key":"Ancient Tea Set"},{"floor":17.0,"key":"Question Card"},{"floor":17.0,"key":"Dead Branch"}],"event_choices":[{"damage_healed":0.0,"max_hp_gain":5.0,"max_hp_loss":0.0,"gold_gain":0.0,"event_name":"Big Fish","player_choice":"Donut","floor":2.0,"gold_loss":0.0,"damage_taken":0.0},{"damage_healed":0.0,"max_hp_gain":0.0,"max_hp_loss":0.0,"gold_gain":0.0,"event_name":"Match and Keep!","player_choice":"1 cards matched","floor":4.0,"gold_loss":0.0,"damage_taken":0.0,"cards_obtained":["Go for the Eyes"]},{"damage_healed":0.0,"max_hp_gain":0.0,"max_hp_loss":0.0,"gold_gain":0.0,"event_name":"Ghosts","player_choice":"Ignored","floor":19.0,"gold_loss":0.0,"damage_taken":0.0},{"damage_healed":0.0,"max_hp_gain":0.0,"max_hp_loss":0.0,"gold_gain":0.0,"cards_transformed":["Strike_B","Defend_B"],"event_name":"Drug Dealer","player_choice":"Became Test Subject","floor":20.0,"gold_loss":0.0,"damage_taken":0.0,"cards_obtained":["Heatsinks","Redo"]}],"is_beta":false,"boss_relics":[{"not_picked":["Ectoplasm","Fusion Hammer"],"picked":"Calling Bell"}],"items_purged_floors":[3,12],"is_endless":false,"potions_floor_spawned":[7,8,10,16],"killed_by":"Slavers","ascension_level":5}}