{"host":"gopu3kmfaoww0llm","time":1608987005,"event":{"mods":["BaseMod","DeckTracker","Minty Spire (QoL Compilation)","Quick Restart","StSLib","SuperFastMode"],"gold_per_floor":[116,130,147,72,72,100,100,100,100,120,120,144,179,209,221,307,319,345,374,39,39,39,39],"floor_reached":22,"playtime":394,"items_purged":["Strike_B","Strike_B"],"score":388,"play_id":"7afb8ad2-08fe-4aea-864b-deb7c10bf2d8","local_time":"20201226215005","is_ascension_mode":true,"campfire_choices":[{"data":"Rainbow","floor":7.0,"key":"SMITH"},{"data":"Barrage","floor":11.0,"key":"SMITH"},{"floor":15.0,"key":"REST"}],"circlet_count":0,"master_deck":["AscendersBane","Strike_B","Strike_B","Defend_B","Defend_B","Defend_B+1","Zap","Dualcast+1","Cold Snap","Rainbow+1","Barrage+1","FTL","Electrodynamics","Compile Driver","Fusion","Flash of Steel"],"relics":["Cracked Core","NeowsBlessing","Meat on the Bone","Odd Mushroom","MawBank","Inserter","ClockworkSouvenir"],"acts_visited":["Exordium","TheCity"],"potions_floor_usage":[],"damage_taken":[{"damage":0.0,"enemies":"Cultist","floor":1.0,"turns":1.0},{"damage":0.0,"enemies":"2 Louse","floor":2.0,"turns":1.0},{"damage":0.0,"enemies":"Small Slimes","floor":3.0,"turns":1.0},{"damage":24.0,"enemies":"3 Sentries","floor":6.0,"turns":8.0},{"damage":0.0,"enemies":"2 Fungi Beasts","floor":10.0,"turns":3.0},{"damage":16.0,"enemies":"The Mushroom Lair","floor":12.0,"turns":4.0},{"damage":16.0,"enemies":"Gremlin Nob","floor":13.0,"turns":4.0},{"damage":1.0,"enemies":"Large Slime","floor":14.0,"turns":4.0},{"damage":26.0,"enemies":"The Guardian","floor":16.0,"turns":9.0},{"damage":20.0,"enemies":"2 Thieves","floor":18.0,"turns":4.0},{"damage":33.0,"enemies":"Shell Parasite","floor":19.0,"turns":5.0},{"damage":21,"enemies":"Snake Plant","floor":22,"turns":2}],"seed_played":"-4721113863825969226","potions_obtained":[{"floor":1.0,"key":"EntropicBrew"},{"floor":3.0,"key":"BlessingOfTheForge"},{"floor":10.0,"key":"Strength Potion"},{"floor":13.0,"key":"EssenceOfSteel"},{"floor":14.0,"key":"Swift Potion"}],"is_trial":false,"path_per_floor":["M","M","M","$","?","E","R","?","T","M","R","?","E","M","R","B",null,"M","M","$","?","M"],"character_chosen":"DEFECT","items_purchased":["Flash of Steel","ClockworkSouvenir"],"campfire_rested":1,"item_purchase_floors":[20,20],"current_hp_per_floor":[64,64,64,64,43,19,19,12,12,24,24,20,16,27,48,34,62,42,21,21,21,0,0],"gold":39,"neow_bonus":"THREE_ENEMY_KILL","is_daily":false,"chose_seed":false,"campfire_upgraded":2,"win_rate":0.0,"timestamp":1608987005,"path_taken":["M","?","M","$","?","E","R","?","T","M","R","?","E","M","R","BOSS","M","M","$","?","M"],"items_purchased_type":["Card","Relic"],"build_version":"2020-12-22","purchased_purges":2,"victory":false,"max_hp_per_floor":[71,71,71,71,71,71,71,71,71,71,71,71,71,71,71,71,71,71,71,71,71,71,71],"card_choices":[{"not_picked":["Rip and Tear","Steam"],"picked":"Cold Snap","floor":1.0},{"not_picked":["Leap","Beam Cell","Loop"],"picked":"SKIP","floor":2.0},{"not_picked":["Genetic Algorithm","Turbo","Rebound"],"picked":"SKIP","floor":3.0},{"not_picked":["Sweeping Beam","Conserve Battery"],"picked":"Rainbow","floor":6.0},{"not_picked":["Rebound","Scrape"],"picked":"Barrage","floor":10.0},{"not_picked":["Leap","Hologram","Turbo"],"picked":"SKIP","floor":13.0},{"not_picked":["Redo","Conserve Battery"],"picked":"FTL","floor":14.0},{"not_picked":["Core Surge","Thunder Strike"],"picked":"Electrodynamics","floor":16.0},{"not_picked":["Tempest","Go for the Eyes"],"picked":"Compile Driver","floor":18.0},{"not_picked":["Steam","Rebound"],"picked":"Fusion","floor":19.0}],"player_experience":2895961,"relics_obtained":[{"floor":6.0,"key":"Meat on the Bone"},{"floor":12.0,"key":"Odd Mushroom"},{"floor":13.0,"key":"MawBank"}],"event_choices":[{"damage_healed":0.0,"max_hp_gain":0.0,"max_hp_loss":0.0,"gold_gain":0.0,"event_name":"Shining Light","player_choice":"Entered Light","floor":5.0,"gold_loss":0.0,"damage_taken":21.0,"cards_upgraded":["Defend_B","Dualcast"]},{"cards_removed":["Defend_B"],"damage_healed":0.0,"max_hp_gain":0.0,"max_hp_loss":0.0,"gold_gain":0.0,"event_name":"Golden Wing","player_choice":"Card Removal","floor":8.0,"gold_loss":0.0,"damage_taken":7.0},{"damage_healed":0.0,"max_hp_gain":0.0,"max_hp_loss":0.0,"gold_gain":0.0,"event_name":"Mushrooms","player_choice":"Fought Mushrooms","floor":12.0,"gold_loss":0.0,"damage_taken":0.0},{"damage_healed":0.0,"max_hp_gain":0.0,"max_hp_loss":0.0,"gold_gain":0.0,"event_name":"Vampires","player_choice":"Ignored","floor":21.0,"gold_loss":0.0,"damage_taken":0.0}],"is_beta":false,"boss_relics":[{"not_picked":["Astrolabe","Coffee Dripper"],"picked":"Inserter"}],"items_purged_floors":[4,20],"is_endless":false,"potions_floor_spawned":[1,3,10,13,14,18],"killed_by":"Snake Plant","ascension_level":20}}