{"host":"xrdu44lqyrrw1kvr","time":1608944469,"event":{"mods":["Aspiration","BaseMod","Colored Powertips","Hubris","Jedi Mod","Minty Spire (QoL Compilation)","Relic Stats","Replay The Spire","StSLib"],"gold_per_floor":[117,42,55,67,67,67,96,96,96,110,110,121,146,159,159,264,264,278,278,293,0,12,41,41,74,98,126,63,63,93,12,12,88,88,101,121,137,157,171,199,199,209,209,221,235,265,285,315,315,315,315,315,6,37,37,37],"floor_reached":55,"playtime":3160,"items_purged":["Strike_B","Strike_B","Strike_B"],"score":1306,"play_id":"d7c8df52-e9b6-4cff-a8bf-3d9a065f4b48","local_time":"20201226040109","is_ascension_mode":true,"campfire_choices":[{"data":"hubris:DoWhile","floor":6.0,"key":"SMITH"},{"data":"Defragment","floor":8.0,"key":"SMITH"},{"data":"Reboot","floor":15.0,"key":"SMITH"},{"data":"Apotheosis","floor":24.0,"key":"SMITH"},{"floor":32.0,"key":"RECALL"},{"floor":49,"key":"REST"},{"data":"Barrage","floor":52,"key":"SMITH"}],"circlet_count":0,"master_deck":["Strike_B","Defend_B","Defend_B","Defend_B","Defend_B","Zap","Dualcast","hubris:DoWhile+1","Gash","jedi:hex+1","Sweeping Beam","Cold Snap","Reboot+1","Gash","Reboot","Apotheosis+1","Glacier+1","Scrape","Flash of Steel","FIFO Queue+1","hubris:DuctTapeCard","Hologram","Gash","Glacier+1","All For One","Barrage+1","Scrape","hubris:EnhanceAbility","Defragment","Finesse","FIFO Queue+1"],"relics":["Cracked Core","hubris:TenFootPole","hubris:Reverence","Replay:Mystery Machine","hubris:TerracottaHorce","InkBottle","Membership Card","jedi:arcanewood","hubris:DuctTape","Oddly Smooth Stone","Akabeko","jedi:battlestandard","aspiration:EnhancedActuators","hubris:SoftwareUpdate","aspiration:HatOfInfinitePower","jedi:laserpointer","Nunchaku","aspiration:ChemicalBlood","Gremlin Food"],"acts_visited":["Exordium","TheCity","TheBeyond","TheEnding"],"potions_floor_usage":[37,46,50,50,54,55,55,55],"damage_taken":[{"damage":1.0,"enemies":"Cultist","floor":1.0,"turns":3.0},{"damage":0.0,"enemies":"Small Slimes","floor":3.0,"turns":3.0},{"damage":2.0,"enemies":"Jaw Worm","floor":4.0,"turns":4.0},{"damage":5.0,"enemies":"Lagavulin","floor":7.0,"turns":5.0},{"damage":1.0,"enemies":"Exordium Thugs","floor":10.0,"turns":2.0},{"damage":0.0,"enemies":"Large Slime","floor":12.0,"turns":3.0},{"damage":4.0,"enemies":"Gremlin Nob","floor":13.0,"turns":3.0},{"damage":1.0,"enemies":"Looter","floor":14.0,"turns":3.0},{"damage":2.0,"enemies":"Slime Boss","floor":16.0,"turns":8.0},{"damage":3.0,"enemies":"Shell Parasite","floor":18.0,"turns":3.0},{"damage":0.0,"enemies":"Chosen","floor":20.0,"turns":3.0},{"damage":0.0,"enemies":"3 Cultists","floor":22.0,"turns":2.0},{"damage":4.0,"enemies":"Slavers","floor":23.0,"turns":4.0},{"damage":0.0,"enemies":"Gremlin Leader","floor":25.0,"turns":4.0},{"damage":14.0,"enemies":"Replay:Snechameleon","floor":27.0,"turns":6.0},{"damage":1.0,"enemies":"Gremlin Leader","floor":30.0,"turns":7.0},{"damage":32.0,"enemies":"Automaton","floor":33.0,"turns":9.0},{"damage":0.0,"enemies":"3 Darklings","floor":35.0,"turns":2.0},{"damage":0.0,"enemies":"Orb Walker","floor":36.0,"turns":2.0},{"damage":6,"enemies":"Jaw Worm Horde","floor":37,"turns":2},{"damage":3,"enemies":"3 Darklings","floor":38,"turns":4},{"damage":7,"enemies":"Maw","floor":39,"turns":5},{"damage":0,"enemies":"Giant Head","floor":40,"turns":6},{"damage":0,"enemies":"Jaw Worm Horde","floor":42,"turns":2},{"damage":0,"enemies":"Transient","floor":44,"turns":5},{"damage":12,"enemies":"4 Shapes","floor":45,"turns":5},{"damage":0,"enemies":"Reptomancer","floor":46,"turns":3},{"damage":5,"enemies":"Sphere and 2 Shapes","floor":47,"turns":3},{"damage":1,"enemies":"Giant Head","floor":48,"turns":4},{"damage":4,"enemies":"hubris:GrandSnecko","floor":50,"turns":7},{"damage":62,"enemies":"Shield and Spear","floor":54,"turns":4},{"damage":52,"enemies":"The Heart","floor":55,"turns":2}],"seed_played":"5663448765806630370","potions_obtained":[{"floor":3.0,"key":"EssenceOfDarkness"},{"floor":4.0,"key":"SkillPotion"},{"floor":12.0,"key":"SmokeBomb"},{"floor":14.0,"key":"EssenceOfSteel"},{"floor":18.0,"key":"SteroidPotion"},{"floor":20.0,"key":"jedi:StrikingPotion"},{"floor":25.0,"key":"Swift Potion"},{"floor":35.0,"key":"Dexterity Potion"},{"floor":36.0,"key":"SneckoOil"},{"floor":44,"key":"Ancient Potion"},{"floor":45,"key":"ColorlessPotion"},{"floor":47,"key":"PowerPotion"},{"floor":48,"key":"SkillPotion"}],"is_trial":false,"path_per_floor":["M","$","M","M","?","R","E","R","T","M","?","M","E","M","R","B",null,"M","?","M","$","M","E","R","E","T","E","$","?","E","$","R","B",null,"M","M","M","M","M","E","?","M","T","M","M","E","M","E","R","B",null,"R","$","E","B"],"character_chosen":"DEFECT","items_purchased":["Membership Card","Apotheosis","Scrape","Flash of Steel","Nunchaku","aspiration:ChemicalBlood","hubris:EnhanceAbility","Defragment","Finesse"],"campfire_rested":1,"item_purchase_floors":[21,21,31,31,53,53,53,53,53],"current_hp_per_floor":[67,67,67,65,65,65,60,60,60,59,59,59,55,54,54,52,69,66,66,66,66,66,72,72,75,75,71,71,71,75,75,75,57,71,71,71,75,75,75,75,75,75,75,75,63,63,58,57,75,71,74,74,74,12,0,0],"gold":37,"neow_bonus":"ONE_RANDOM_RARE_CARD","is_daily":false,"chose_seed":false,"campfire_upgraded":5,"win_rate":0.0,"timestamp":1608944469,"path_taken":["M","$","M","M","?","R","E","R","T","?","?","M","E","M","R","BOSS","M","?","?","?","?","E","R","E","T","E","$","?","E","$","R","BOSS","M","M","M","M","M","E","?","M","T","M","?","E","M","E","R","BOSS","R","$","E","BOSS"],"items_purchased_type":["Relic","Card","Card","Card","Relic","Relic","Card","Card","Card"],"build_version":"2020-12-22","purchased_purges":3,"victory":false,"max_hp_per_floor":[75,75,75,75,75,75,75,75,75,75,75,75,75,75,75,75,75,75,75,75,75,75,75,75,75,75,75,75,75,75,75,75,75,75,75,75,75,75,75,75,75,75,75,75,75,75,75,75,75,75,75,75,75,75,75,75],"relic_stats":{"Nunchaku":[2],"counters":[32,128],"obtain_stats":[{"Gremlin Food":54,"hubris:DuctTape":25,"hubris:SoftwareUpdate":43,"Oddly Smooth Stone":27,"jedi:battlestandard":34,"Replay:Mystery Machine":13,"Akabeko":30,"hubris:TerracottaHorce":17,"Nunchaku":53,"aspiration:EnhancedActuators":40,"jedi:laserpointer":48,"hubris:TenFootPole":7,"Membership Card":21,"Cracked Core":0,"jedi:arcanewood":23,"aspiration:HatOfInfinitePower":46,"InkBottle":19,"hubris:Reverence":9,"aspiration:ChemicalBlood":53},{"Gremlin Food":31,"hubris:DuctTape":14,"hubris:SoftwareUpdate":24,"Oddly Smooth Stone":15,"jedi:battlestandard":17,"Replay:Mystery Machine":7,"Akabeko":16,"hubris:TerracottaHorce":9,"Nunchaku":30,"aspiration:EnhancedActuators":23,"jedi:laserpointer":29,"hubris:TenFootPole":4,"Membership Card":11,"Cracked Core":0,"jedi:arcanewood":13,"aspiration:HatOfInfinitePower":27,"InkBottle":10,"hubris:Reverence":4,"aspiration:ChemicalBlood":30},{"Gremlin Food":126,"hubris:DuctTape":50,"hubris:SoftwareUpdate":95,"Oddly Smooth Stone":56,"jedi:battlestandard":72,"Replay:Mystery Machine":23,"Akabeko":63,"hubris:TerracottaHorce":34,"Nunchaku":122,"aspiration:EnhancedActuators":93,"jedi:laserpointer":115,"hubris:TenFootPole":15,"Membership Card":40,"Cracked Core":0,"jedi:arcanewood":46,"aspiration:HatOfInfinitePower":108,"InkBottle":37,"hubris:Reverence":15,"aspiration:ChemicalBlood":122}],"InkBottle":[61]},"card_choices":[{"not_picked":["Turbo","Darkness"],"picked":"Gash","floor":1.0},{"not_picked":["Redo","Beam Cell","Compile Driver"],"picked":"SKIP","floor":3.0},{"not_picked":["Cold Snap","jedi:overflow"],"picked":"jedi:hex","floor":4.0},{"not_picked":["Redo","Coolheaded"],"picked":"Defragment","floor":7.0},{"not_picked":["Rainbow","Melter","jedi:spotbugs"],"picked":"SKIP","floor":10.0},{"not_picked":["Compile Driver","Go for the Eyes"],"picked":"Cold Snap","floor":12.0},{"not_picked":["Cold Snap","Ball Lightning"],"picked":"Reboot","floor":13.0},{"not_picked":["Go for the Eyes","Panic Button"],"picked":"Gash","floor":14.0},{"not_picked":["jedi:darknesscall","hubris:SpecializedCircuitry"],"picked":"Reboot","floor":16.0},{"not_picked":["Redo","jedi:sharpshooter","Panic Button"],"picked":"SKIP","floor":18.0},{"not_picked":["Compile Driver","ReplaySort+1"],"picked":"Self Repair","floor":20.0},{"not_picked":["Hologram","Coolheaded"],"picked":"Glacier+1","floor":22.0},{"not_picked":["jedi:locknload","BootSequence","Turbo"],"picked":"SKIP","floor":23.0},{"not_picked":["Turbo","Stack","jedi:spotbugs"],"picked":"SKIP","floor":25.0},{"not_picked":["Compile Driver","Panic Button","Melter"],"picked":"SKIP","floor":27.0},{"not_picked":["Chaos","Melter","Fusion"],"picked":"SKIP","floor":30.0},{"not_picked":["Cold Snap","jedi:overflow+1"],"picked":"FIFO Queue+1","floor":35.0},{"not_picked":["ReplayTheSpireMod:Reroute Power","Rip and Tear+1","Panic Button"],"picked":"SKIP","floor":36.0},{"not_picked":["Steam+1","BasicCrystalCard+1"],"picked":"Hologram","floor":37},{"not_picked":["Conserve Battery","BasicCrystalCard"],"picked":"Gash","floor":38},{"not_picked":["Stack","Go for the Eyes","ReplayGash"],"picked":"SKIP","floor":39},{"not_picked":["Sunder","Panic Button","Redo"],"picked":"SKIP","floor":40},{"not_picked":["Crystallizer","Turbo"],"picked":"Glacier+1","floor":42},{"not_picked":["jedi:spotbugs","White Noise"],"picked":"All For One","floor":44},{"not_picked":["Chaos+1","Panic Button+1","Barrage"],"picked":"SKIP","floor":45},{"not_picked":["Chaos+1","Panic Button+1"],"picked":"Barrage","floor":45},{"not_picked":["ReplayTheSpireMod:Reroute Power","Turbo","Ball Lightning"],"picked":"SKIP","floor":46},{"not_picked":["Compile Driver","hubris:Ukulele","jedi:BurstFrost"],"picked":"SKIP","floor":47},{"not_picked":["Static Discharge+1","ReplayGash"],"picked":"Scrape","floor":48},{"not_picked":["ReplayTheSpireMod:Calculation Training+1","Double Energy+1"],"picked":"FIFO Queue+1","floor":54}],"player_experience":1979914,"relics_obtained":[{"floor":7.0,"key":"hubris:TenFootPole"},{"floor":9.0,"key":"hubris:Reverence"},{"floor":13.0,"key":"Replay:Mystery Machine"},{"floor":23.0,"key":"jedi:arcanewood"},{"floor":25.0,"key":"hubris:DuctTape"},{"floor":27.0,"key":"Oddly Smooth Stone"},{"floor":30.0,"key":"Akabeko"},{"floor":40,"key":"aspiration:EnhancedActuators"},{"floor":43,"key":"hubris:SoftwareUpdate"},{"floor":46,"key":"aspiration:HatOfInfinitePower"},{"floor":48,"key":"jedi:laserpointer"},{"floor":54,"key":"Gremlin Food"}],"event_choices":[{"damage_healed":0.0,"max_hp_gain":0.0,"max_hp_loss":0.0,"gold_gain":0.0,"event_name":"Match and Keep!","player_choice":"2 cards matched","floor":5.0,"gold_loss":0.0,"damage_taken":0.0,"cards_obtained":["Sweeping Beam","Hyperbeam"]},{"damage_healed":0.0,"max_hp_gain":0.0,"max_hp_loss":0.0,"gold_gain":0.0,"event_name":"WeMeetAgain","player_choice":"Gave Potion","floor":19.0,"gold_loss":0.0,"damage_taken":0.0,"relics_obtained":["InkBottle"]},{"cards_removed":["Self Repair"],"damage_healed":0,"gold_gain":0,"player_choice":"Removed Power","damage_taken":0,"max_hp_gain":0,"max_hp_loss":0,"event_name":"Falling","floor":41,"gold_loss":0}],"is_beta":false,"boss_relics":[{"not_picked":["hubris:ScarierMask","Replay:Grab Bag"],"picked":"hubris:TerracottaHorce"},{"not_picked":["aspiration:IroncladSkillbook","aspiration:WatcherSkillbook"],"picked":"jedi:battlestandard"}],"items_purged_floors":[2,21,28],"is_endless":false,"potions_floor_spawned":[3,4,12,14,18,20,25,35,36,44,45,47,48],"killed_by":"The Heart","ascension_level":9}}