{"host":"8u40nq559zpgb6zp","time":1608996193,"event":{"mods":["Aspiration","Bard","BaseMod","Beaked The Cultist","Better Altar","Better Match","Better Note","Better Sensory Stone","Better Skull","Better Third Choice","BetterRewards","CCEM","Clawfect","Conspire","Duelist Mod","Googly Eyes","Halation","Hermit","Highlight Path","Infinite Spire","Jedi Mod","Jorbs\u0027s Wanderer Trilogy","Mad Scientist","Marisa（霧雨　魔理沙）","Minty Spire (QoL Compilation)","Permanent Neow","Replay The Spire","Shade Mod","Shop Mod","Spicy Shops","StSLib","The Bladedancer","The Construct","The Cursed","The Disciple","The Druid","The Gatherer","The Hierophant","The IronCluck","The Jungle","The Mystic","The Necromancer","The Runesmith","The Senshi","The Servant 0.9.4","The Spell Scribe","The Witch","slay the spire mod where everything is the same but ironclad has a cowboy hat"],"gold_per_floor":[111,145,223,223,30,30,30,65,65,82,95,111,111,0,0,97,97,112,112,127,145,8,33,33,62,62,97,115,125,125,13,13,117,167,177,0,49,49,49,82,95,95,122,141,173,20,112,123,123,223,223,225,225,225,222,222,222,188,188],"floor_reached":58,"playtime":4417,"items_purged":[],"score":875,"play_id":"22f82348-24df-434e-b35f-98e619dee1b5","local_time":"20201226102313","is_ascension_mode":false,"campfire_choices":[{"data":"Clawfect:ClawAndTear","floor":6.0,"key":"SMITH"},{"data":"Clawfect:ClawCell","floor":13.0,"key":"SMITH"},{"data":"Enlightenment","floor":15.0,"key":"SMITH"},{"data":"Static Discharge","floor":24.0,"key":"SMITH"},{"floor":49.0,"key":"REST"},{"data":"Panache","floor":57,"key":"SMITH"}],"circlet_count":0,"master_deck":["Gash+1","Gash","Gash","Gash","Gash","Defend_B","Defend_B","Defend_B","Defend_B+1","Defend_B","ReplayGash","Clawfect:ClawAndTear+1","Clawfect:ClawSnap","Clawfect:ClawCell+1","Clawfect:ClawCell","Clawfect:ClawSnap","Enlightenment+1","Meteor Strike+1","Clawfect:ClawForOne","Clawfect:ClawSnap","Skim","White Noise+1","Static Discharge+1","Clawfect:Clawrage","Clawfect:ClawForOne","Clawfect:ClawSnap+1","Blizzard","Clawfect:ClawSnap+1","Loop+1","Double Energy","Clawfect:ClawCell","Clawfect:ClawCell","Clawfect:ClawForOne","Stack","Clawfect:ClawCell+1","Storm","Mirror Shield","Glacier+1","Coolheaded+1","Storm+1","Storm","Panache+1","Crystallizer","ReplayTheSpireMod:Splinters","jedi:hex","BootSequence+1","FIFO Queue","ReplayTheSpireMod:Fabricate Wheel","Chill","Regret","FIFO Queue"],"relics":["Clawfect:DRClaw","conspire:BottledYoYo","Question Card","ReplayTheSpireMod:Ring of Collecting","Ring of Panic","Replay:Mystery Machine","Orichalcum","Ring of Hypnosis","CCEMRelics:DissonantTune","beaked:SacredDeck","ReplayTheSpireMod:TigerMarble","aspiration:ArtOfWarUpgrade","Ring of Peace","aspiration:TomeofQuesting","ReplayTheSpireMod:Ring of Sloth","conspire:Boomerang","Tiny House","Red Mask","conspire:GiftBox","Membership Card","Sundial","Smiling Mask","infinitespire:CheckeredPen","Replay:Wax Seal","Regal Pillow","ReplayTheSpireMod:Ring of Exchange","Ornamental Fan"],"acts_visited":["Exordium","TheCity","TheBeyond","Exordium"],"potions_floor_usage":[],"damage_taken":[{"damage":7.0,"enemies":"Small Slimes","floor":1.0,"turns":4.0},{"damage":9.0,"enemies":"conspire:MimicChest","floor":2.0,"turns":5.0},{"damage":32.0,"enemies":"Gremlin Nob","floor":8.0,"turns":5.0},{"damage":0.0,"enemies":"Jaw Worm","floor":10.0,"turns":6.0},{"damage":0.0,"enemies":"2 Louse","floor":11.0,"turns":4.0},{"damage":8.0,"enemies":"Exordium Wildlife","floor":12.0,"turns":4.0},{"damage":9.0,"enemies":"Hexaghost","floor":16.0,"turns":7.0},{"damage":4.0,"enemies":"Chosen","floor":18.0,"turns":5.0},{"damage":8.0,"enemies":"Shell Parasite","floor":20.0,"turns":2.0},{"damage":14.0,"enemies":"Shelled Parasite and Fungi","floor":21.0,"turns":5.0},{"damage":21.0,"enemies":"theDuelist:KaibaA2","floor":23.0,"turns":4.0},{"damage":11.0,"enemies":"Nightmare","floor":25.0,"turns":4.0},{"damage":0.0,"enemies":"theDuelist:KaibaA2","floor":27.0,"turns":3.0},{"damage":0.0,"enemies":"conspire:HollyBat","floor":28.0,"turns":5.0},{"damage":0.0,"enemies":"Centurion and Healer","floor":29.0,"turns":4.0},{"damage":4.0,"enemies":"Collector","floor":33.0,"turns":6.0},{"damage":8.0,"enemies":"3 Darklings","floor":35.0,"turns":3.0},{"damage":11.0,"enemies":"2 Orb Walkers","floor":37.0,"turns":5.0},{"damage":0.0,"enemies":"Giant Head","floor":40.0,"turns":1.0},{"damage":8.0,"enemies":"3 Shapes","floor":41.0,"turns":10.0},{"damage":20.0,"enemies":"Spire Growth","floor":44.0,"turns":4.0},{"damage":11.0,"enemies":"R_Hoarder","floor":45.0,"turns":5.0},{"damage":0.0,"enemies":"Jaw Worm Horde","floor":48.0,"turns":4.0},{"damage":18.0,"enemies":"Replay:Hell Engine","floor":50.0,"turns":7.0},{"damage":0.0,"enemies":"Small Slimes","floor":52.0,"turns":4.0},{"damage":0,"enemies":"Cultist","floor":55,"turns":4},{"damage":89,"enemies":"Nightmare","floor":58,"turns":7}],"seed_played":"-6604508991872846275","potions_obtained":[{"floor":8.0,"key":"EssenceOfSteel"},{"floor":10.0,"key":"Adrenaline Potion"},{"floor":16.0,"key":"BlessingOfTheForge"},{"floor":21.0,"key":"SteroidPotion"},{"floor":25.0,"key":"Block Potion"},{"floor":28.0,"key":"Weak Potion"},{"floor":34.0,"key":"jedi:tentaclejuice"},{"floor":37.0,"key":"Elixir"},{"floor":40.0,"key":"jedi:holywater"},{"floor":48.0,"key":"DuplicationPotion"}],"is_trial":false,"path_per_floor":["M","?","T","?","$","R","?","E","T","M","M","M","R","?","R","B",null,"M","?","M","M","$","E","R","NM","T","E","M","M","T","$","R","B",null,"M","?","?","?","AVR","E","M","R","T","M","E","$","?","M","R","B",null,"M","?","?","M","T","R","NM"],"character_chosen":"DEFECT","items_purchased":["Replay:Mystery Machine","Clawfect:ClawAndTear","Static Discharge","Clawfect:Clawrage","Double Energy","Clawfect:ClawCell","Panache","Crystallizer"],"campfire_rested":1,"item_purchase_floors":[5,5,22,22,31,31,46,46],"current_hp_per_floor":[68,59,59,59,59,59,67,35,35,35,35,27,27,33,33,24,81,77,77,69,55,55,34,34,23,23,23,23,23,23,23,23,19,86,78,78,67,67,67,67,59,59,59,39,28,28,28,28,53,35,86,86,86,69,69,69,69,0,0],"gold":188,"neow_bonus":"UPGRADE_CARD","is_daily":false,"chose_seed":false,"campfire_upgraded":5,"win_rate":0.0,"timestamp":1608996193,"path_taken":["M","?","?","?","$","R","?","E","T","?","M","M","R","?","R","BOSS","M","?","?","M","?","E","R","NM","T","E","M","?","?","$","R","BOSS","M","?","?","?","AVR","E","M","R","T","?","E","?","?","M","R","BOSS","M","?","?","?","?","R","NM"],"items_purchased_type":["Relic","Card","Card","Card","Card","Card","Card","Card"],"build_version":"2020-12-22","purchased_purges":0,"victory":false,"max_hp_per_floor":[75,75,75,75,75,75,75,75,75,75,75,75,75,81,81,81,81,81,81,81,81,81,81,81,81,81,81,81,81,81,81,81,81,86,86,86,86,86,86,86,86,86,86,86,86,86,86,86,86,86,86,86,86,86,86,86,86,86,86],"card_choices":[{"not_picked":["Aggregate","Turbo"],"picked":"ReplayGash","floor":1.0},{"not_picked":["Gash","Coolheaded","FTL"],"picked":"Clawfect:ClawSnap","floor":8.0},{"not_picked":["Gash","Clawfect:ClawForTheEyes","Clawfect:Clawline"],"picked":"Clawfect:ClawCell","floor":10.0},{"not_picked":["ReplayTheSpireMod:Calculation Training","Steam Power","Clawfect:ClawingBeam"],"picked":"Clawfect:ClawCell","floor":11.0},{"not_picked":["Stack","Clawfect:ClawAndGloom","Chill"],"picked":"Clawfect:ClawSnap","floor":12.0},{"not_picked":["Fission","ReplayRNGCard","jedi:readyaimfire"],"picked":"Meteor Strike","floor":16.0},{"not_picked":["ReplayTheSpireMod:Reroute Power+1","Stack","Chill"],"picked":"Clawfect:ClawSnap","floor":18.0},{"not_picked":["Turbo","Steam Power","Capacitor+1"],"picked":"Skim","floor":20.0},{"not_picked":["jedi:BurstFrost","Clawfect:Clawline","jedi:BurstLightning+1"],"picked":"White Noise","floor":21.0},{"not_picked":["FIFO Queue","Self Repair","FTL"],"picked":"Clawfect:ClawForOne","floor":23.0},{"not_picked":["Clawfect:ClawCell","Fusion+1","Tempest"],"picked":"Clawfect:ClawSnap+1","floor":25.0},{"not_picked":["Clawfect:ClawForTheEyes","jedi:BurstFrost+1","Clawfect:Clawter"],"picked":"Blizzard","floor":27.0},{"not_picked":["jedi:BurstLightning+1","Stack","Panic Button+1"],"picked":"Clawfect:ClawSnap","floor":28.0},{"not_picked":["Coolheaded","Hologram","jedi:locknload"],"picked":"Loop+1","floor":29.0},{"not_picked":["jedi:BurstDark","Electrodynamics","jedi:meditation"],"picked":"Clawfect:ClawForOne","floor":33.0},{"not_picked":["jedi:BurstFrost","Rebound","Leap"],"picked":"Stack","floor":34.0},{"not_picked":["Leap+1","Clawfect:ClawForTheEyes","jedi:BurstFrost+1"],"picked":"Clawfect:ClawCell+1","floor":35.0},{"not_picked":["jedi:blockon","Steam","Defragment+1"],"picked":"Storm","floor":37.0},{"not_picked":["Fission","Machine Learning","jedi:meditation"],"picked":"Mirror Shield","floor":37.0},{"not_picked":["Undo","Clawfect:ScrapingClaw+1","ReplayTheSpireMod:Omega Cannon"],"picked":"Glacier+1","floor":40.0},{"not_picked":["Steam+1","Rebound","Aggregate+1"],"picked":"Coolheaded+1","floor":41.0},{"not_picked":["jedi:sharpshooter","Redo","Clawfect:ClawForTheEyes"],"picked":"Storm+1","floor":44.0},{"not_picked":["Coolheaded","Glacier","BasicCrystalCard"],"picked":"Storm","floor":45.0},{"not_picked":["Auto Shields","Rebound+1","Steam Power+1"],"picked":"jedi:hex","floor":47.0},{"not_picked":["Clawfect:ClawingBeam","jedi:blockon+1","BasicCrystalCard+1"],"picked":"BootSequence+1","floor":47.0},{"not_picked":["Clawfect:ClawCell+1","FTL","Clawfect:ClawpileDriver+1"],"picked":"FIFO Queue","floor":48.0},{"not_picked":["jedi:meditation","Buffer","ReplayTheSpireMod:Omega Cannon"],"picked":"ReplayTheSpireMod:Fabricate Wheel","floor":50.0},{"not_picked":["Clawfect:ClawAndGloom","Clawfect:Clawrage","Turbo"],"picked":"Chill","floor":52.0},{"not_picked":["Clawfect:ScrapingClaw","Reinforced Body","Stack"],"picked":"FIFO Queue","floor":55}],"player_experience":979781,"relics_obtained":[{"floor":2.0,"key":"conspire:BottledYoYo"},{"floor":3.0,"key":"Question Card"},{"floor":4.0,"key":"ReplayTheSpireMod:Ring of Collecting"},{"floor":4.0,"key":"Ring of Panic"},{"floor":8.0,"key":"Orichalcum"},{"floor":9.0,"key":"Ring of Hypnosis"},{"floor":9.0,"key":"CCEMRelics:DissonantTune"},{"floor":23.0,"key":"ReplayTheSpireMod:TigerMarble"},{"floor":25.0,"key":"Art of War"},{"floor":26.0,"key":"Ring of Peace"},{"floor":27.0,"key":"aspiration:TomeofQuesting"},{"floor":30.0,"key":"ReplayTheSpireMod:Ring of Sloth"},{"floor":30.0,"key":"conspire:Boomerang"},{"floor":37.0,"key":"conspire:GiftBox"},{"floor":40.0,"key":"Sundial"},{"floor":43.0,"key":"Smiling Mask"},{"floor":45.0,"key":"infinitespire:CheckeredPen"},{"floor":47.0,"key":"Replay:Wax Seal"},{"floor":56,"key":"ReplayTheSpireMod:Ring of Exchange"},{"floor":56,"key":"Ornamental Fan"}],"event_choices":[{"damage_healed":0.0,"max_hp_gain":0.0,"max_hp_loss":0.0,"gold_gain":0.0,"event_name":"betterThird:BetterSerpent","player_choice":"RENOUNCE","floor":14.0,"gold_loss":111.0,"damage_taken":111.0,"cards_obtained":["Enlightenment"]},{"cards_removed":["Doubt"],"damage_healed":0.0,"max_hp_gain":0.0,"max_hp_loss":0.0,"gold_gain":0.0,"event_name":"Fountain of Cleansing","player_choice":"Removed Curses","floor":19.0,"gold_loss":0.0,"damage_taken":0.0},{"damage_healed":0.0,"max_hp_gain":0.0,"max_hp_loss":0.0,"gold_gain":0.0,"event_name":"Tomb of Lord Red Mask","player_choice":"Paid","floor":36.0,"gold_loss":177.0,"damage_taken":0.0,"relics_obtained":["Red Mask"]},{"damage_healed":0.0,"max_hp_gain":0.0,"max_hp_loss":0.0,"gold_gain":0.0,"event_name":"Mysterious Sphere","player_choice":"Fight","floor":37.0,"gold_loss":0.0,"damage_taken":0.0},{"damage_healed":0.0,"max_hp_gain":0.0,"max_hp_loss":0.0,"gold_gain":0.0,"event_name":"Accursed Blacksmith","player_choice":"Forge","floor":38.0,"gold_loss":0.0,"damage_taken":0.0,"cards_upgraded":["White Noise"]},{"damage_healed":0.0,"max_hp_gain":0.0,"max_hp_loss":0.0,"gold_gain":0.0,"event_name":"Big Fish","player_choice":"Box","floor":53.0,"gold_loss":0.0,"damage_taken":0.0,"relics_obtained":["Regal Pillow"],"cards_obtained":["Regret"]},{"damage_healed":86.0,"max_hp_gain":0.0,"max_hp_loss":86.0,"gold_gain":0.0,"event_name":"betterThird:BetterShining","player_choice":"Upgrade","floor":54.0,"gold_loss":0.0,"damage_taken":17.0,"cards_upgraded":["Meteor Strike","Clawfect:ClawSnap"]}],"is_beta":false,"boss_relics":[{"not_picked":["Nuclear Battery","aspiration:PoetsPen_weak"],"picked":"beaked:SacredDeck"},{"not_picked":["aspiration:FutureDiary","Replay:Ancient Bell"],"picked":"Tiny House"},{"not_picked":["conspire:SeveredTorchhead","halation:Risk","ChewingGum"]}],"items_purged_floors":[],"is_endless":true,"potions_floor_spawned":[8,10,16,21,25,28,37,40,44,48],"killed_by":"Nightmare","ascension_level":0}}