{"host":"97bfbul5vt0mksxl","time":1608964309,"event":{"mods":["BaseMod","Colored Powertips","Highlight Path","Infinite Spire","Minty Spire (QoL Compilation)","Replay The Spire","Shop Mod","StSLib","SuperFastMode"],"gold_per_floor":[118,38,38,38,52,85,85,111,111,122,90,90,90],"floor_reached":12,"playtime":383,"items_purged":[],"score":86,"play_id":"039f24df-3363-4665-85f8-4c15f7a568bf","local_time":"20201226033149","is_ascension_mode":false,"campfire_choices":[{"floor":7.0,"key":"REST"}],"circlet_count":0,"master_deck":["Strike_P","Strike_P","Strike_P","Strike_P","Defend_P","Defend_P","Eruption","Vigilance","Wallop","FlyingSleeves","Prostrate","Prostrate","Protect","Establishment+1","FlurryOfBlows"],"relics":["PureWater","Replay:Wax Seal","Golden Egg","Tiny Chest","infinitespire:Bottled Soul","Iron Hammer"],"acts_visited":["Exordium"],"potions_floor_usage":[12],"damage_taken":[{"damage":0.0,"enemies":"2 Louse","floor":1.0,"turns":2.0},{"damage":0.0,"enemies":"Small Slimes","floor":5.0,"turns":2.0},{"damage":32.0,"enemies":"Lagavulin","floor":6.0,"turns":4.0},{"damage":16.0,"enemies":"Replay:BlueRogue","floor":8.0,"turns":5.0},{"damage":0,"enemies":"Cultist","floor":10,"turns":4},{"damage":22,"enemies":"Lagavulin","floor":12,"turns":2}],"seed_played":"2009049157661362741","potions_obtained":[{"floor":5.0,"key":"CultistPotion"}],"is_trial":false,"path_per_floor":["M","$","?","?","M","E","R","E","T","M","?","E"],"character_chosen":"WATCHER","items_purchased":["Replay:Wax Seal"],"campfire_rested":1,"item_purchase_floors":[2],"current_hp_per_floor":[51,51,44,44,44,12,33,17,17,17,17,0,0],"gold":90,"neow_bonus":"TRANSFORM_TWO_CARDS","is_daily":false,"chose_seed":false,"campfire_upgraded":0,"win_rate":0.0,"timestamp":1608964309,"path_taken":["M","$","?","?","?","E","R","E","T","M","?","E"],"items_purchased_type":["Relic"],"build_version":"2020-12-22","purchased_purges":0,"victory":false,"max_hp_per_floor":[72,72,72,72,72,72,72,72,72,72,72,72,72],"card_choices":[{"not_picked":["Fasting2","BattleHymn"],"picked":"FlyingSleeves","floor":1.0},{"not_picked":["Replay:ManipulateFuture","Protect"],"picked":"Prostrate","floor":5.0},{"not_picked":["SignatureMove","Collect"],"picked":"Protect","floor":6.0},{"not_picked":["Replay:BluntJabs","ClearTheMind"],"picked":"Establishment","floor":8},{"not_picked":["ClearTheMind","Evaluate"],"picked":"FlurryOfBlows","floor":10}],"player_experience":157953,"relics_obtained":[{"floor":6.0,"key":"Tiny Chest"},{"floor":8,"key":"infinitespire:Bottled Soul"},{"floor":9,"key":"Iron Hammer"}],"event_choices":[{"damage_healed":0.0,"max_hp_gain":0.0,"max_hp_loss":0.0,"gold_gain":0.0,"event_name":"Scrap Ooze","player_choice":"Success","floor":3.0,"gold_loss":0.0,"damage_taken":7.0,"relics_obtained":["Golden Egg"]},{"damage_healed":0.0,"max_hp_gain":0.0,"max_hp_loss":0.0,"gold_gain":0.0,"cards_transformed":["ClearTheMind"],"event_name":"Transmorgrifier","player_choice":"Transformed","floor":4.0,"gold_loss":0.0,"damage_taken":0.0,"cards_obtained":["Prostrate"]},{"damage_healed":0,"gold_gain":0,"player_choice":"Left Gold","damage_taken":0,"max_hp_gain":0,"max_hp_loss":0,"event_name":"World of Goop","floor":11,"gold_loss":32}],"is_beta":false,"boss_relics":[],"items_purged_floors":[],"is_endless":false,"potions_floor_spawned":[5],"killed_by":"Lagavulin","ascension_level":0}}