{"host":"zekcc3vicrep0och","time":1608971636,"event":{"mods":["AchievementEnabler","BaseMod","Colored Map","Colored Powertips","Displayed Cursed Tome","Minty Spire (QoL Compilation)","Relic Stats","StSLib"],"gold_per_floor":[109,9,9,9,33,56,56,92,92,14,55,55,0,16,16,111,111,51,51,51,51,62,96,96,107,107,124,124,152,152,177,177,177,177],"floor_reached":33,"playtime":1417,"items_purged":["Defend_B"],"score":556,"play_id":"b0a37096-1573-4ba1-88c2-1f65de646dd6","local_time":"20201226113356","is_ascension_mode":true,"campfire_choices":[{"data":"Go for the Eyes","floor":7.0,"key":"SMITH"},{"floor":12.0,"key":"REST"},{"data":"Streamline","floor":15.0,"key":"SMITH"},{"data":"Chaos","floor":24.0,"key":"SMITH"},{"data":"Zap","floor":28.0,"key":"SMITH"},{"floor":30,"key":"REST"},{"floor":32,"key":"REST"}],"circlet_count":0,"master_deck":["AscendersBane","Strike_B","Strike_B","Defend_B","Defend_B","Zap+1","Dualcast","Conserve Battery","Conserve Battery","Injury","Streamline+1","Genetic Algorithm","Go for the Eyes+1","Rip and Tear","Glacier","Glacier","Reboot","Compile Driver","Redo","Chaos+1","Coolheaded+1","Undo","Ball Lightning"],"relics":["Cracked Core","NeowsBlessing","Bloody Idol","Kunai","Bottled Flame","InkBottle","Velvet Choker","HornCleat","Darkstone Periapt","DataDisk","Matryoshka"],"acts_visited":["TheCity"],"potions_floor_usage":[29,31],"damage_taken":[{"damage":0.0,"enemies":"Cultist","floor":1.0,"turns":1.0},{"damage":0.0,"enemies":"2 Louse","floor":5.0,"turns":1.0},{"damage":0.0,"enemies":"Small Slimes","floor":6.0,"turns":1.0},{"damage":30.0,"enemies":"3 Sentries","floor":8.0,"turns":7.0},{"damage":25.0,"enemies":"Gremlin Nob","floor":11.0,"turns":5.0},{"damage":0.0,"enemies":"Exordium Thugs","floor":14.0,"turns":5.0},{"damage":32.0,"enemies":"Slime Boss","floor":16.0,"turns":14.0},{"damage":14.0,"enemies":"2 Thieves","floor":18.0,"turns":4.0},{"damage":0.0,"enemies":"Chosen","floor":22.0,"turns":5.0},{"damage":11.0,"enemies":"Book of Stabbing","floor":23.0,"turns":7.0},{"damage":1.0,"enemies":"Centurion and Healer","floor":25.0,"turns":8.0},{"damage":0.0,"enemies":"Shelled Parasite and Fungi","floor":27.0,"turns":7.0},{"damage":34,"enemies":"Slavers","floor":29,"turns":8},{"damage":9,"enemies":"Gremlin Leader","floor":31,"turns":9},{"damage":51,"enemies":"Automaton","floor":33,"turns":12}],"seed_played":"-5746728867911904966","potions_obtained":[{"floor":8.0,"key":"LiquidBronze"},{"floor":11.0,"key":"SmokeBomb"},{"floor":14.0,"key":"Regen Potion"},{"floor":16.0,"key":"PowerPotion"},{"floor":25.0,"key":"SkillPotion"},{"floor":27.0,"key":"AttackPotion"},{"floor":29,"key":"SpeedPotion"}],"is_trial":false,"path_per_floor":["M","$","?","?","M","M","R","E","T","$","E","R","?","M","R","B",null,"M","?","?","$","M","E","R","M","T","M","R","E","R","E","R","B"],"character_chosen":"DEFECT","items_purchased":["Conserve Battery","Glacier"],"campfire_rested":3,"item_purchase_floors":[2,10],"current_hp_per_floor":[64,64,64,64,64,64,64,34,34,34,9,30,30,30,30,13,57,43,43,43,43,48,42,42,46,46,51,51,22,43,39,60,9,9],"gold":177,"neow_bonus":"THREE_ENEMY_KILL","is_daily":false,"chose_seed":false,"campfire_upgraded":4,"win_rate":0.0,"timestamp":1608971636,"path_taken":["M","?","?","?","?","M","R","E","T","$","E","R","?","M","R","BOSS","M","?","?","?","?","E","R","M","T","M","R","E","R","E","R","BOSS"],"items_purchased_type":["Card","Card"],"build_version":"2020-12-22","purchased_purges":1,"victory":false,"max_hp_per_floor":[71,71,71,71,71,71,71,71,71,71,71,71,71,71,71,71,71,71,71,71,71,71,71,71,71,71,71,71,71,71,71,71,71,71],"relic_stats":{"Darkstone Periapt":0,"counters":[15,94],"Bloody Idol":30,"Kunai":[13],"obtain_stats":[{"Darkstone Periapt":26,"Bottled Flame":9,"DataDisk":29,"HornCleat":23,"Matryoshka":31,"NeowsBlessing":0,"Golden Idol":3,"Bloody Idol":20,"Velvet Choker":17,"Kunai":8,"Cracked Core":0,"InkBottle":11},{"Darkstone Periapt":11,"Bottled Flame":4,"DataDisk":13,"HornCleat":10,"Matryoshka":14,"NeowsBlessing":0,"Golden Idol":1,"Bloody Idol":8,"Velvet Choker":7,"Kunai":4,"Cracked Core":0,"InkBottle":5},{"Darkstone Periapt":58,"Bottled Flame":10,"DataDisk":73,"HornCleat":50,"Matryoshka":82,"NeowsBlessing":0,"Golden Idol":1,"Bloody Idol":38,"Velvet Choker":34,"Kunai":10,"Cracked Core":0,"InkBottle":15}],"InkBottle":[29]},"card_choices":[{"not_picked":["Rebound","Steam"],"picked":"Conserve Battery","floor":1.0},{"not_picked":["Sweeping Beam","Reprogram"],"picked":"Genetic Algorithm","floor":5.0},{"not_picked":["Conserve Battery","Melter"],"picked":"Go for the Eyes","floor":6.0},{"not_picked":["Rebound","Cold Snap"],"picked":"Rip and Tear","floor":8.0},{"not_picked":["Go for the Eyes","Aggregate","Cold Snap"],"picked":"SKIP","floor":11.0},{"not_picked":["Reprogram","Sweeping Beam"],"picked":"Glacier","floor":14.0},{"not_picked":["Hyperbeam","Multi-Cast"],"picked":"Reboot","floor":16.0},{"not_picked":["Turbo","Compile Driver","Cold Snap"],"picked":"SKIP","floor":18.0},{"not_picked":["Blizzard","Recycle"],"picked":"Chaos","floor":22.0},{"not_picked":["Amplify","Redo"],"picked":"Coolheaded+1","floor":23.0},{"not_picked":["Cold Snap","Redo"],"picked":"Undo","floor":25.0},{"not_picked":["Skim","Hologram"],"picked":"Ball Lightning","floor":27.0},{"not_picked":["Cold Snap","Steam Power","Turbo"],"picked":"SKIP","floor":29},{"not_picked":["Steam","Go for the Eyes","Beam Cell"],"picked":"SKIP","floor":31}],"player_experience":464485,"relics_obtained":[{"floor":8.0,"key":"Kunai"},{"floor":9.0,"key":"Bottled Flame"},{"floor":11.0,"key":"InkBottle"},{"floor":23.0,"key":"HornCleat"},{"floor":26.0,"key":"Darkstone Periapt"},{"floor":29,"key":"DataDisk"},{"floor":31,"key":"Matryoshka"}],"event_choices":[{"damage_healed":0.0,"max_hp_gain":0.0,"max_hp_loss":0.0,"gold_gain":0.0,"event_name":"Golden Idol","player_choice":"Take Wound","floor":3.0,"gold_loss":0.0,"damage_taken":0.0,"relics_obtained":["Golden Idol"],"cards_obtained":["Injury"]},{"damage_healed":0.0,"max_hp_gain":0.0,"max_hp_loss":0.0,"gold_gain":0.0,"cards_transformed":["Strike_B"],"event_name":"Transmorgrifier","player_choice":"Transformed","floor":4.0,"gold_loss":0.0,"damage_taken":0.0,"cards_obtained":["Streamline"]},{"damage_healed":0.0,"max_hp_gain":0.0,"max_hp_loss":0.0,"gold_gain":0.0,"event_name":"World of Goop","player_choice":"Left Gold","floor":13.0,"gold_loss":55.0,"damage_taken":0.0},{"damage_healed":0.0,"max_hp_gain":0.0,"max_hp_loss":0.0,"gold_gain":0.0,"cards_transformed":["Strike_B","Defend_B"],"event_name":"Drug Dealer","player_choice":"Became Test Subject","floor":19.0,"gold_loss":0.0,"damage_taken":0.0,"cards_obtained":["Compile Driver","Redo"]},{"damage_healed":0.0,"max_hp_gain":0.0,"max_hp_loss":0.0,"gold_gain":0.0,"event_name":"Forgotten Altar","player_choice":"Gave Idol","floor":20.0,"relics_lost":["Golden Idol"],"gold_loss":0.0,"damage_taken":0.0,"relics_obtained":["Bloody Idol"]}],"is_beta":false,"boss_relics":[{"not_picked":["Ectoplasm","Runic Dome"],"picked":"Velvet Choker"}],"items_purged_floors":[2],"is_endless":false,"potions_floor_spawned":[8,11,14,16,25,27,29],"killed_by":"Automaton","ascension_level":16}}