{"host":"6to8m083wj0ro91z","time":1608982347,"event":{"mods":["Arknights The Spire","BaseMod","Better Third Choice","BetterRewards","CatGirl Mod","ChefMod","Friendly Minions","Hubris","Luminous","Mad Scientist","Marisa????????","Minty Spire (QoL Compilation)","Shade Mod","Spicy Shops","StSLib","The Blackbeard","The Death Knight","The Dragon Tamer","The Gatherer","The Marked","The Mystic","The Necromancer","The Servant 0.9.4"],"gold_per_floor":[110,126,145,45,58,83,83,99,99,199,199,215,215,229,229,229,229],"floor_reached":16,"playtime":937,"items_purged":["chefmod:Strike","chefmod:Strike"],"score":104,"play_id":"172b3d99-2e37-4c12-90c1-a522b53ba3b0","local_time":"20201226123227","is_ascension_mode":false,"campfire_choices":[{"data":"chefmod:KnifeFlurry","floor":7,"key":"SMITH"},{"floor":11,"key":"REST"},{"data":"chefmod:QuickThaw","floor":15,"key":"SMITH"}],"circlet_count":0,"master_deck":["chefmod:Strike","chefmod:Strike","chefmod:Defend","chefmod:Defend","chefmod:Defend","chefmod:QuickThaw+1","chefmod:TodaysSpecial","Blind+1","chefmod:Fillet","chefmod:KnifeFlurry+1","chefmod:BaoBuns+1","chefmod:FreshProduce+1"],"relics":["chefmod:TrustyPot","hubris:BottledRain","Toxic Egg 2","Mango","ats:Originium","Frozen Egg 2"],"acts_visited":["Exordium"],"potions_floor_usage":[6,16],"damage_taken":[{"damage":0,"enemies":"Small Slimes","floor":1,"turns":5},{"damage":0,"enemies":"Cultist","floor":2,"turns":4},{"damage":0,"enemies":"2 Louse","floor":3,"turns":3},{"damage":11,"enemies":"Gremlin Gang","floor":5,"turns":6},{"damage":26,"enemies":"Gremlin Nob","floor":6,"turns":5},{"damage":6,"enemies":"Exordium Wildlife","floor":8,"turns":4},{"damage":0,"enemies":"Looter","floor":12,"turns":5},{"damage":3,"enemies":"2 Fungi Beasts","floor":14,"turns":4},{"damage":36,"enemies":"Hexaghost","floor":16,"turns":9}],"seed_played":"4615210779201564207","potions_obtained":[{"floor":2,"key":"chefmod:PotionOfPlenty"},{"floor":12,"key":"Explosive Potion"},{"floor":14,"key":"LiquidBronze"}],"is_trial":false,"path_per_floor":["M","M","M","$","M","E","R","M","T","?","R","M","?","M","R","B"],"character_chosen":"THE_CHEF","items_purchased":["hubris:BottledRain","Toxic Egg 2","Blind+1","Mango"],"campfire_rested":1,"item_purchase_floors":[0,0,0,0],"current_hp_per_floor":[55,55,55,55,44,18,18,12,12,12,39,39,39,36,36,0,0],"gold":229,"neow_bonus":"","is_daily":false,"chose_seed":false,"campfire_upgraded":2,"win_rate":0.0,"timestamp":1608982347,"path_taken":["M","M","M","$","M","E","R","M","T","?","R","?","?","?","R","BOSS"],"items_purchased_type":["Relic","Relic","Card","Relic"],"build_version":"2020-12-22","purchased_purges":2,"victory":false,"max_hp_per_floor":[90,90,90,90,90,90,90,90,90,90,90,90,90,90,90,90,90],"card_choices":[{"not_picked":["chefmod:SpaghettiCarbonara+1","chefmod:ZaruSoba+1"],"picked":"chefmod:Fillet","floor":1},{"not_picked":["chefmod:Gelato+1","chefmod:FryPan","chefmod:DinoKale+1"],"picked":"SKIP","floor":2},{"not_picked":["chefmod:DinoKale+1","chefmod:Granita+1"],"picked":"chefmod:KnifeFlurry","floor":3},{"not_picked":["chefmod:SaveForLater+1","chefmod:FryPan","chefmod:Gelato+1"],"picked":"SKIP","floor":5},{"not_picked":["chefmod:SliceAndDice","chefmod:Cleavers"],"picked":"chefmod:BaoBuns+1","floor":6},{"not_picked":["chefmod:Chop","chefmod:FryPan","chefmod:BleedOut"],"picked":"SKIP","floor":8},{"not_picked":["chefmod:Mince","chefmod:Gelato+1","chefmod:Sorbet+1"],"picked":"SKIP","floor":12},{"not_picked":["chefmod:ColdSteel","chefmod:FreezeSolid+1"],"picked":"chefmod:FreshProduce+1","floor":14}],"player_experience":1041150,"relics_obtained":[{"floor":6,"key":"ats:Originium"},{"floor":6,"key":"Frozen Egg 2"}],"event_choices":[{"damage_healed":0,"gold_gain":100,"player_choice":"Pray","damage_taken":0,"max_hp_gain":0,"max_hp_loss":0,"event_name":"Golden Shrine","floor":10,"gold_loss":0},{"cards_removed":["chefmod:Strike"],"damage_healed":0,"gold_gain":0,"player_choice":"Purged","damage_taken":0,"max_hp_gain":0,"max_hp_loss":0,"event_name":"Purifier","floor":13,"gold_loss":0}],"is_beta":false,"boss_relics":[],"items_purged_floors":[0,4],"is_endless":false,"potions_floor_spawned":[2,12,14],"killed_by":"Hexaghost","ascension_level":0}}