{"host":"fdmexzkyss3ff9bv","time":1608983123,"event":{"mods":["BaseMod","Beaked The Cultist","BetterRewards","Downfall","Glutton Mod","Halation","Hubris","Infinite Spire","Minty Spire (QoL Compilation)","Replay The Spire","StSLib","The Animator","The Blackbeard","The Bug Knight","The Construct","The Mystic","The Servant 0.9.4","The Witch"],"gold_per_floor":[112,112,112,126,126,155,155,155,236,236,255,272,272,298,298,399,399,414,414,414,433,488,518,573,573,573,589,605,615,68,81,81,185,185,215,215,247,247,277,277,335,335,335,335,374,374,409,659,659,659,659],"floor_reached":50,"playtime":3384,"items_purged":["Voices"],"score":722,"play_id":"5eb11afd-006e-48f9-85a9-a7f59be10b9f","local_time":"20201226124523","is_ascension_mode":false,"campfire_choices":[{"floor":7,"key":"REST"},{"floor":10,"key":"RECALL"},{"data":"ReplayTheSpireMod:Muscle Training","floor":15,"key":"SMITH"},{"floor":25,"key":"REST"},{"data":"Double Tap","floor":32,"key":"SMITH"},{"floor":40,"key":"REST"},{"floor":42,"key":"REST"},{"data":"Hemokinesis","floor":46,"key":"SMITH"},{"floor":49,"key":"DIG"}],"circlet_count":0,"master_deck":["Strike_R","Strike_R","Strike_R","Strike_R","Strike_R","Defend_R","Defend_R","Defend_R","Defend_R","Bash","Sword Boomerang","Hemokinesis+1","ReplayTheSpireMod:Muscle Training+1","Regret","Iron Wave","Iron Wave","Uppercut","Double Tap+1","Pommel Strike+1","Pommel Strike+1","True Grit","Iron Wave+1","Hemokinesis+1","Twin Strike","Perfected Strike","Whirlwind","Replay:Undeath\u0027s Touch","Berserk","Carnage+1","ReplayTheSpireMod:Muscle Training","Doubt","Parasite","infinitespire:TheBestDefense","Rupture+1","ReplayTheSpireMod:Splinters","Heavy Blade","Dropkick+1","Twin Strike","Cleave+1","hubris:Envy","infinitespire:DeathsTouch"],"relics":["Burning Blood","halation:PinkSoulGem","hubris:Icosahedron","Garlic","Magic Flower","Gremlin Horn","Bottled Flame","Runic Cube","Ring of Peace","ReplayTheSpireMod:Ring of Challenge","hubris:AstralHammer","halation:TwoAmDonut","halation:WeightlessCrab","halation:ForbiddenBikini","infinitespire:EvilPickle","halation:EternalFortune","hubris:SphereOfDissonance","hubris:CrystalStatue","ReplayTheSpireMod:CursedCoin","Replay:Wanted Poster","PreservedInsect"],"acts_visited":["Exordium","TheCity","TheBeyond"],"potions_floor_usage":[14,18,23,27,27,31,31,31,33,50,50],"damage_taken":[{"damage":6,"enemies":"Cultist","floor":1,"turns":3},{"damage":1,"enemies":"2 Louse","floor":4,"turns":3},{"damage":43,"enemies":"HollowMod:MossKnight","floor":6,"turns":8},{"damage":2,"enemies":"Small Slimes","floor":11,"turns":2},{"damage":10,"enemies":"2 Fungi Beasts","floor":12,"turns":3},{"damage":23,"enemies":"Lagavulin","floor":14,"turns":4},{"damage":37,"enemies":"The Guardian","floor":16,"turns":7},{"damage":19,"enemies":"3 Byrds","floor":18,"turns":5},{"damage":14,"enemies":"Chosen","floor":21,"turns":4},{"damage":41,"enemies":"Slavers","floor":23,"turns":5},{"damage":0,"enemies":"3 Cultists","floor":24,"turns":1},{"damage":50,"enemies":"Centurion and Healer","floor":27,"turns":6},{"damage":24,"enemies":"Cultist and Chosen","floor":28,"turns":5},{"damage":20,"enemies":"Shelled Parasite and Fungi","floor":29,"turns":5},{"damage":23,"enemies":"Centurion and Healer","floor":31,"turns":6},{"damage":16,"enemies":"Pondfish","floor":33,"turns":9},{"damage":5,"enemies":"Orb Walker","floor":35,"turns":3},{"damage":38,"enemies":"3 Shapes","floor":37,"turns":3},{"damage":38,"enemies":"Spire Growth","floor":39,"turns":4},{"damage":28,"enemies":"Jaw Worm Horde","floor":45,"turns":5},{"damage":8,"enemies":"Maw","floor":47,"turns":6},{"damage":88,"enemies":"Time Eater","floor":50,"turns":8}],"seed_played":"8694651370255159689","potions_obtained":[{"floor":6,"key":"champ:CounterPotion"},{"floor":12,"key":"hexamod:EctoCoolerPotion"},{"floor":16,"key":"Explosive Potion"},{"floor":23,"key":"LiquidMemories"},{"floor":28,"key":"BlessingOfTheForge"},{"floor":31,"key":"Venom Potion"},{"floor":33,"key":"Ancient Potion"},{"floor":47,"key":"Slimebound:ThreeZeroPotion"}],"is_trial":false,"path_per_floor":["M","?","?","M","?","E","R","?","T","R","M","M","?","E","R","B",null,"M","?","?","M","T","E","M","R","T","M","M","M","$","M","R","B",null,"M","?","M","?","M","R","?","R","T","$","M","R","M","AVR","R","B"],"character_chosen":"IRONCLAD","items_purchased":["halation:WeightlessCrab","Fruit Juice","SkillPotion","Whirlwind"],"campfire_rested":4,"item_purchase_floors":[30,30,30,30],"current_hp_per_floor":[88,88,88,88,88,51,77,77,77,77,84,83,83,69,69,41,88,78,81,81,76,76,44,53,80,80,39,24,13,13,91,91,84,96,96,99,70,70,41,70,70,99,99,99,80,80,81,81,81,0,0],"gold":659,"neow_bonus":"TEN_PERCENT_HP_BONUS","is_daily":false,"chose_seed":false,"campfire_upgraded":3,"win_rate":0.0,"timestamp":1608983123,"path_taken":["M","?","?","M","?","E","R","?","T","R","M","M","?","E","R","BOSS","M","?","?","M","?","E","M","R","T","M","M","M","$","M","R","BOSS","M","?","M","?","M","R","?","R","T","?","M","R","M","AVR","R","BOSS"],"items_purchased_type":["Relic","Potion","Potion","Card"],"build_version":"2020-12-13","purchased_purges":1,"victory":false,"max_hp_per_floor":[88,88,88,88,88,88,88,88,88,88,88,88,88,88,88,88,88,88,91,91,91,91,91,91,91,91,91,91,91,91,96,96,96,96,96,99,99,99,99,99,99,99,99,99,99,99,99,99,99,99,99],"card_choices":[{"not_picked":["Dropkick","Anger"],"picked":"Sword Boomerang","floor":1},{"not_picked":["Ghostly Armor","Iron Wave"],"picked":"Hemokinesis","floor":4},{"not_picked":["Body Slam","Clash"],"picked":"ReplayTheSpireMod:Muscle Training","floor":6},{"not_picked":["Ghostly Armor","Warcry"],"picked":"Iron Wave","floor":11},{"not_picked":["Replay:Undeath\u0027s Touch","Disarm"],"picked":"Iron Wave","floor":12},{"not_picked":["Iron Wave","Headbutt"],"picked":"Uppercut","floor":14},{"not_picked":["Offering","Impervious"],"picked":"Double Tap","floor":16},{"not_picked":["Iron Wave+1","ReplayTheSpireMod:Limb From Limb+1"],"picked":"Pommel Strike+1","floor":18},{"not_picked":["Second Wind+1","Run Through"],"picked":"Pommel Strike+1","floor":21},{"not_picked":["Iron Wave","Replay:Many Hands"],"picked":"True Grit","floor":23},{"not_picked":["Twin Strike","True Grit"],"picked":"Iron Wave+1","floor":24},{"not_picked":["Carnage+1","Iron Wave+1"],"picked":"Hemokinesis","floor":27},{"not_picked":["Warcry","Massacre"],"picked":"Twin Strike","floor":28},{"not_picked":["Searing Blow","Iron Wave"],"picked":"Perfected Strike","floor":29},{"not_picked":["Body Slam","Demonic Infusion"],"picked":"Replay:Undeath\u0027s Touch","floor":31},{"not_picked":["Corruption","hubris:StunningStrike"],"picked":"Berserk","floor":33},{"not_picked":["hubris:ReadiedAction","Sword Boomerang"],"picked":"Carnage+1","floor":35},{"not_picked":["Twin Strike","True Grit"],"picked":"ReplayTheSpireMod:Muscle Training","floor":37},{"not_picked":["infinitespire:Starlight","infinitespire:Oblivion"],"picked":"infinitespire:TheBestDefense","floor":38},{"not_picked":["ReplayTheSpireMod:Corrosion Curse","Flex+1"],"picked":"Rupture+1","floor":39},{"not_picked":["Iron Wave+1","Thunderclap"],"picked":"Heavy Blade","floor":41},{"not_picked":["True Grit+1","Battle Trance"],"picked":"Dropkick+1","floor":41},{"not_picked":["Body Slam","Warcry"],"picked":"Twin Strike","floor":45},{"not_picked":["Anger","True Grit+1"],"picked":"Cleave+1","floor":47}],"player_experience":34895,"relics_obtained":[{"floor":6,"key":"Garlic"},{"floor":9,"key":"Gremlin Horn"},{"floor":14,"key":"Bottled Flame"},{"floor":20,"key":"Ring of Peace"},{"floor":20,"key":"ReplayTheSpireMod:Ring of Challenge"},{"floor":23,"key":"hubris:AstralHammer"},{"floor":26,"key":"halation:TwoAmDonut"},{"floor":41,"key":"hubris:SphereOfDissonance"},{"floor":43,"key":"hubris:CrystalStatue"},{"floor":49,"key":"PreservedInsect"}],"event_choices":[{"damage_healed":0,"gold_gain":0,"player_choice":"Grow","damage_taken":0,"max_hp_gain":0,"max_hp_loss":0,"event_name":"Living Wall","floor":5,"gold_loss":0,"cards_upgraded":["Hemokinesis"]},{"damage_healed":0,"gold_gain":0,"player_choice":"Box","damage_taken":0,"relics_obtained":["Magic Flower"],"max_hp_gain":0,"max_hp_loss":0,"event_name":"Big Fish","floor":8,"gold_loss":0,"cards_obtained":["Regret"]}],"is_beta":false,"boss_relics":[{"not_picked":["Snecko Eye","construct:WeddingRing"],"picked":"Runic Cube"},{"not_picked":["hubris:RunicObelisk","halation:Prosthetics"],"picked":"halation:ForbiddenBikini"}],"items_purged_floors":[30],"is_endless":false,"potions_floor_spawned":[6,12,16,23,28,31,33,47],"killed_by":"Time Eater","ascension_level":0}}