{"host":"0jm2u9rma46qko29","time":1608944527,"event":{"mods":["Act Like it!","BaseMod","Better Altar","Better Note","Better Skull","Better Third Choice","CapriCore","Hermit","JesterMod","Luminous","Marisa????????","Minty Spire (QoL Compilation)","Relic Stats","Robot Space Explorer","Shade Mod","StSLib","The Hierophant","Waifu the Spire"],"gold_per_floor":[115,115,190,203,38,38,65,65,65,65,65,101,1,19,19,19,19],"floor_reached":16,"playtime":570,"items_purged":["Strike_B","Pain"],"score":122,"play_id":"a2564444-f70f-4acc-ac67-5706a8974095","local_time":"20201225190207","is_ascension_mode":true,"campfire_choices":[{"data":"Dualcast","floor":6,"key":"SMITH"},{"data":"Genetic Algorithm","floor":15,"key":"SMITH"}],"circlet_count":0,"master_deck":["Strike_B","Defend_B","Defend_B","Defend_B","Defend_B","Zap","Dualcast+1","Doom and Gloom","Genetic Algorithm+1","Conserve Battery","Cold Snap","Conserve Battery","Doom and Gloom","Sunder","Feel No Pain","Stack","Lockon"],"relics":["Cracked Core","Boot","Bag of Marbles","Frozen Egg 2","Golden Idol","WarpedTongs","Dream Catcher"],"acts_visited":["Exordium"],"potions_floor_usage":[],"damage_taken":[{"damage":2,"enemies":"Jaw Worm","floor":1,"turns":3},{"damage":1,"enemies":"Small Slimes","floor":4,"turns":2},{"damage":13,"enemies":"Lagavulin","floor":7,"turns":5},{"damage":5,"enemies":"3 Sentries","floor":12,"turns":6},{"damage":0,"enemies":"Cultist","floor":14,"turns":4},{"damage":40,"enemies":"The Guardian","floor":16,"turns":9}],"seed_played":"-8451577639032023236","potions_obtained":[{"floor":4,"key":"PotionOfCapacity"}],"is_trial":false,"path_per_floor":["M","?","?","M","$","R","E","?","T","?","?","E","$","M","R","B"],"character_chosen":"DEFECT","items_purchased":["Conserve Battery","Doom and Gloom"],"campfire_rested":0,"item_purchase_floors":[5,5],"current_hp_per_floor":[73,73,62,61,61,61,48,43,43,43,43,38,38,38,38,0,0],"gold":19,"neow_bonus":"TRANSFORM_CARD","is_daily":false,"chose_seed":false,"campfire_upgraded":2,"win_rate":0.0,"timestamp":1608944527,"path_taken":["M","?","?","M","$","R","E","?","T","?","?","E","$","?","R","BOSS"],"items_purchased_type":["Card","Card"],"build_version":"2020-12-22","purchased_purges":2,"victory":false,"max_hp_per_floor":[75,75,75,75,75,75,75,75,75,69,69,69,69,69,69,69,69],"relic_stats":{"Dream Catcher":0,"counters":[6,29],"Golden Idol":11,"Boot":[4],"obtain_stats":[{"Dream Catcher":12,"Golden Idol":10,"Bag of Marbles":8,"Frozen Egg 2":9,"Cracked Core":0,"Boot":7,"WarpedTongs":11},{"Dream Catcher":4,"Golden Idol":3,"Bag of Marbles":3,"Frozen Egg 2":3,"Cracked Core":0,"Boot":3,"WarpedTongs":3},{"Dream Catcher":16,"Golden Idol":10,"Bag of Marbles":10,"Frozen Egg 2":10,"Cracked Core":0,"Boot":10,"WarpedTongs":10}],"WarpedTongs":[19]},"card_choices":[{"not_picked":["Rebound","Hologram"],"picked":"Genetic Algorithm","floor":1},{"not_picked":["BootSequence","Go for the Eyes"],"picked":"Cold Snap","floor":4},{"not_picked":["Biased Cognition","White Noise"],"picked":"Sunder","floor":7},{"not_picked":["Compile Driver","Blizzard"],"picked":"Stack","floor":12},{"not_picked":["Sweeping Beam","Beam Cell"],"picked":"Lockon","floor":14}],"player_experience":176596,"relics_obtained":[{"floor":7,"key":"Boot"},{"floor":9,"key":"Frozen Egg 2"},{"floor":12,"key":"Dream Catcher"}],"event_choices":[{"damage_healed":0,"gold_gain":0,"cards_transformed":["Strike_B"],"player_choice":"Change","damage_taken":0,"max_hp_gain":0,"max_hp_loss":0,"event_name":"Living Wall","floor":2,"gold_loss":0,"cards_obtained":["Conserve Battery"]},{"damage_healed":0,"gold_gain":75,"player_choice":"Gold","damage_taken":11,"max_hp_gain":0,"max_hp_loss":0,"event_name":"betterThird:BetterGoop","floor":3,"gold_loss":0},{"damage_healed":0,"gold_gain":0,"player_choice":"Lose Max HP","damage_taken":0,"relics_obtained":["Golden Idol"],"max_hp_gain":0,"max_hp_loss":6,"event_name":"Golden Idol","floor":10,"gold_loss":0},{"damage_healed":0,"gold_gain":0,"player_choice":"Rummage","damage_taken":0,"relics_obtained":["WarpedTongs"],"max_hp_gain":0,"max_hp_loss":0,"event_name":"Accursed Blacksmith","floor":11,"gold_loss":0,"cards_obtained":["Pain"]}],"is_beta":false,"boss_relics":[],"items_purged_floors":[5,13],"is_endless":false,"potions_floor_spawned":[4],"killed_by":"The Guardian","ascension_level":3}}