{"host":"uflv0e3ja7hvnij7","time":1608943737,"event":{"mods":["Aspiration","BaseMod","Better Altar","Better Match","Better Note","Better Sensory Stone","Better Skull","Better Third Choice","Hubris","Infinite Spire","Minty Spire (QoL Compilation)","Permanent Neow","Replay The Spire","Shop Mod","StSLib"],"gold_per_floor":[118,43,43,54,54,81,81,95,95,107,142,142,142,155,155,254,254,265,165,165,175,612,612,623,623,623,634,654,654,654,670,670,670,670],"floor_reached":33,"playtime":1669,"items_purged":["Strike_R","Strike_R"],"score":282,"play_id":"0f72f07a-9545-44ad-a006-8a3b12c0c17f","local_time":"20201225194857","is_ascension_mode":false,"campfire_choices":[{"floor":7,"key":"REST"},{"data":"Rampage","floor":13,"key":"SMITH"},{"data":"Battle Trance","floor":15,"key":"SMITH"},{"floor":23,"key":"REST"},{"data":"Shrug It Off","floor":25,"key":"SMITH"},{"data":"Feed","floor":30,"key":"SMITH"},{"data":"Bash","floor":32,"key":"SMITH"}],"circlet_count":0,"master_deck":["Strike_R","Strike_R","Defend_R+1","Defend_R","Defend_R","Defend_R","Bash+1","Rampage+1","Battle Trance+1","Feed+1","Shrug It Off+1"],"relics":["Black Blood","hubris:OldNail","Bag of Preparation","Iron Hammer","Dream Catcher","Pet Ghost","hubris:CuriousFeather"],"acts_visited":["Exordium","TheCity"],"potions_floor_usage":[16,24,24],"damage_taken":[{"damage":5,"enemies":"Cultist","floor":1,"turns":4},{"damage":5,"enemies":"Small Slimes","floor":4,"turns":3},{"damage":49,"enemies":"Gremlin Nob","floor":6,"turns":5},{"damage":0,"enemies":"2 Louse","floor":8,"turns":2},{"damage":2,"enemies":"Exordium Thugs","floor":10,"turns":4},{"damage":7,"enemies":"Lagavulin","floor":11,"turns":5},{"damage":0,"enemies":"Red Slaver","floor":14,"turns":3},{"damage":38,"enemies":"Hexaghost","floor":16,"turns":6},{"damage":2,"enemies":"Spheric Guardian","floor":18,"turns":3},{"damage":32,"enemies":"2 Thieves","floor":21,"turns":5},{"damage":5,"enemies":"Snake Plant","floor":24,"turns":4},{"damage":16,"enemies":"Centurion and Healer","floor":27,"turns":6},{"damage":5,"enemies":"3 Cultists","floor":28,"turns":5},{"damage":15,"enemies":"Snecko","floor":31,"turns":5},{"damage":78,"enemies":"Automaton","floor":33,"turns":8}],"seed_played":"5975674123492141430","potions_obtained":[{"floor":4,"key":"Doom Potion"},{"floor":10,"key":"Block Potion"},{"floor":11,"key":"Elixir"},{"floor":14,"key":"ColorlessPotion"},{"floor":21,"key":"AttackPotion"},{"floor":28,"key":"Cursed Concoction"}],"is_trial":false,"path_per_floor":["M","$","$","M","?","E","R","M","T","M","E","?","R","M","R","B",null,"M","$","?","M","?","R","M","R","T","M","M","?","R","M","R","B"],"character_chosen":"IRONCLAD","items_purchased":[],"campfire_rested":2,"item_purchase_floors":[],"current_hp_per_floor":[80,80,80,80,80,37,61,67,67,71,70,70,70,76,76,44,80,84,84,84,68,17,43,54,54,54,54,65,75,75,72,72,0,0],"gold":670,"neow_bonus":"RANDOM_COMMON_RELIC","is_daily":false,"chose_seed":false,"campfire_upgraded":5,"win_rate":0.0,"timestamp":1608943737,"path_taken":["M","?","$","M","?","E","R","M","T","M","E","?","R","M","R","BOSS","M","$","?","M","?","R","M","R","T","?","M","?","R","M","R","BOSS"],"items_purchased_type":[],"build_version":"2020-12-22","purchased_purges":2,"victory":false,"max_hp_per_floor":[80,80,80,80,80,80,80,80,80,80,80,80,80,80,80,80,80,84,84,84,88,88,88,92,92,92,96,100,100,100,100,100,100,100],"card_choices":[{"not_picked":["hubris:ReadiedAction","ReplayTheSpireMod:Stacked"],"picked":"Rampage","floor":1},{"not_picked":["Thunderclap","Pommel Strike"],"picked":"Battle Trance","floor":4},{"not_picked":["Abandon","Thunderclap","Replay:Undeath\u0027s Touch"],"picked":"SKIP","floor":6},{"not_picked":["Flex","Sword Boomerang","Battle Trance"],"picked":"SKIP","floor":8},{"not_picked":["Wild Strike","Clash","Burning Pact"],"picked":"SKIP","floor":10},{"not_picked":["hubris:CleavingFinish","Body Slam","Blood for Blood"],"picked":"SKIP","floor":11},{"not_picked":["ReplayTheSpireMod:Strike From Hell","Havoc","Abandon"],"picked":"SKIP","floor":14},{"not_picked":["Brutality","Demon Form"],"picked":"Feed","floor":16},{"not_picked":["Clash","Heavy Blade+1","ReplayTheSpireMod:Strike From Hell"],"picked":"SKIP","floor":18},{"not_picked":["Power Through","ReplayTheSpireMod:Strike From Hell","Sword Boomerang+1"],"picked":"SKIP","floor":21},{"not_picked":["Intimidate","ReplayTheSpireMod:Limb From Limb"],"picked":"Shrug It Off","floor":23},{"not_picked":["Massacre","Heavy Blade","Twin Strike"],"picked":"SKIP","floor":24},{"not_picked":["infinitespire:OneForAll","Uppercut","Armaments"],"picked":"SKIP","floor":27},{"not_picked":["Hemokinesis+1","Massacre","Anger+1"],"picked":"SKIP","floor":28},{"not_picked":["Thunderclap","Clash","Hemokinesis"],"picked":"SKIP","floor":31}],"player_experience":391674,"relics_obtained":[{"floor":6,"key":"Bag of Preparation"},{"floor":9,"key":"Iron Hammer"},{"floor":11,"key":"Dream Catcher"},{"floor":26,"key":"hubris:CuriousFeather"}],"event_choices":[{"cards_removed":["Strike_R"],"damage_healed":0,"gold_gain":0,"player_choice":"Offered Basic","damage_taken":0,"max_hp_gain":0,"max_hp_loss":0,"event_name":"Bonfire Elementals","floor":12,"gold_loss":0},{"damage_healed":0,"gold_gain":0,"player_choice":"Ignored","damage_taken":0,"max_hp_gain":0,"max_hp_loss":0,"event_name":"betterNote:BetterNote","floor":20,"gold_loss":0,"cards_obtained":["Demon Form"]},{"damage_healed":0,"gold_gain":437,"player_choice":"RE GO GO GO GO ","damage_taken":57,"relics_obtained":["Pet Ghost"],"max_hp_gain":0,"max_hp_loss":0,"event_name":"betterSkull:BetterSkull","floor":22,"gold_loss":0,"cards_upgraded":[]}],"is_beta":false,"boss_relics":[{"not_picked":["infinitespire:Cupcake","Astrolabe"],"picked":"Black Blood"}],"items_purged_floors":[2,19],"is_endless":false,"potions_floor_spawned":[4,10,11,14,21,28],"killed_by":"Automaton","ascension_level":0}}