{"host":"ormi09wwzv7sq47a","time":1608995287,"event":{"mods":["2.2 Compatiblity","AchievementEnabler","Act Like it!","BaseMod","Bestiary","Better Altar","Better Note","Better Sensory Stone","Better Skull","Better Third Choice","Better Vampires","BetterRewards","Block Reminder","Colored Map","Colored Powertips","Curses Come First","DeckTracker","Downfall","Highlight Path","Minty Spire (QoL Compilation)","Permanent Neow","Quick Restart","Rare Cards Sparkle","Relic Stats","Shop Mod","StSLib","The Jungle","The Servant 0.9.4"],"gold_per_floor":[117,67,67,67,77,77,110,110,133,133,9,284,284,295,295,368,368,387,8,23,33,45,45,45,45],"floor_reached":23,"playtime":1460,"items_purged":["Guardian:Strike_Guardian","Guardian:Strike_Guardian+1","Regret"],"score":491,"play_id":"7d55e746-6e16-4980-be3f-71860097ca7f","local_time":"20201226120807","is_ascension_mode":true,"campfire_choices":[{"data":"Guardian:TwinSlam","floor":6.0,"key":"SMITH"},{"data":"Guardian:BaubleBeam","floor":8.0,"key":"SMITH"},{"data":"Guardian:WalkerClaw","floor":10.0,"key":"SMITH"},{"data":"Guardian:Incinerate","floor":13.0,"key":"SMITH"},{"data":"Guardian:TimeCapacitor","floor":15.0,"key":"SMITH"}],"circlet_count":0,"master_deck":["AscendersBane","Guardian:Strike_Guardian","Guardian:Defend_Guardian","Guardian:Defend_Guardian","Guardian:Defend_Guardian","Guardian:Defend_Guardian+1","Guardian:CurlUp+1","Guardian:TwinSlam+1","Guardian:BaubleBeam+1","Guardian:TimeCapacitor+1","Guardian:Planning+1","Guardian:WalkerClaw+1","Guardian:Incinerate+1","Guardian:StasisStrike","Guardian:CrystalBeam","Guardian:Emergency","Guardian:MultiBeam","Guardian:PrimingBeam","Guardian:Gem_Yellow","Guardian:Repulse"],"relics":["Guardian:ModeShifterPlus","Sundial","Nunchaku","Turnip","Medical Kit","Guardian:PickAxe","Unceasing Top","War Paint","Anchor"],"acts_visited":["Exordium","TheCity"],"potions_floor_usage":[23,23],"damage_taken":[{"damage":0.0,"enemies":"Small Slimes","floor":1.0,"turns":4.0},{"damage":2.0,"enemies":"2 Louse","floor":5.0,"turns":5.0},{"damage":9.0,"enemies":"Lagavulin","floor":7.0,"turns":9.0},{"damage":0.0,"enemies":"Jaw Worm","floor":14.0,"turns":2.0},{"damage":28.0,"enemies":"The Guardian","floor":16.0,"turns":13.0},{"damage":12.0,"enemies":"Chosen","floor":18.0,"turns":6.0},{"damage":0.0,"enemies":"2 Thieves","floor":20.0,"turns":5.0},{"damage":3.0,"enemies":"Centurion and Healer","floor":21.0,"turns":7.0},{"damage":7.0,"enemies":"Snake Plant","floor":22.0,"turns":5.0},{"damage":42,"enemies":"Slavers","floor":23,"turns":7}],"seed_played":"4344955318642567112","potions_obtained":[{"floor":14.0,"key":"Weak Potion"},{"floor":16.0,"key":"Guardian:DefensiveModePotion"},{"floor":18.0,"key":"Block Potion"},{"floor":20.0,"key":"Swift Potion"}],"is_trial":false,"path_per_floor":["M","?","?","?","M","R","E","R","T","R","$","?","R","M","R","B",null,"M","$","M","M","M","E"],"character_chosen":"GUARDIAN","items_purchased":["Guardian:Gem_White","Sundial","Nunchaku","Guardian:BaubleBeam","Guardian:TimeCapacitor","Medical Kit","Guardian:Incinerate","Anchor","Guardian:Emergency","Guardian:MultiBeam"],"campfire_rested":0,"item_purchase_floors":[0,0,0,0,0,0,11,19,19,19],"current_hp_per_floor":[58,58,44,44,42,42,33,33,33,33,33,33,33,33,33,5,55,43,43,43,40,33,0,0,0],"gold":45,"neow_bonus":"","is_daily":false,"chose_seed":false,"campfire_upgraded":5,"win_rate":0.0,"timestamp":1608995287,"path_taken":["M","?","?","?","M","R","E","R","T","R","?","?","R","?","R","BOSS","M","$","M","M","M","E"],"items_purchased_type":["Card","Relic","Relic","Card","Card","Relic","Card","Relic","Card","Card"],"build_version":"2020-12-22","purchased_purges":3,"victory":false,"max_hp_per_floor":[72,72,72,72,72,72,72,72,72,72,72,72,72,72,72,72,72,72,72,72,72,72,72,72,72],"relic_stats":{"Nunchaku":[12],"counters":[76,412],"Sundial":[18],"Turnip":[12],"War Paint":["Guardian:Planning","Guardian:CurlUp"],"Medical Kit":[4],"obtain_stats":[{"Darkstone Periapt":17,"Guardian:StasisSlotReductionRelic":17,"Lantern":29,"Gremlin Horn":26,"Guardian:ModeShifterPlus":34,"Vajra":31,"Guardian:StasisCodex":54,"Incense Burner":7,"Ginger":0,"Ancient Tea Set":26,"Sling":0,"Guardian:PickAxe":14,"Blood Vial":23,"Dream Catcher":14,"Lizard Tail":0,"Centennial Puzzle":29,"Nunchaku":0,"HornCleat":22,"Sundial":30,"Prayer Wheel":17,"InkBottle":47,"Golden Idol":13,"Astrolabe":17,"Guardian:ModeShifter":0,"Oddly Smooth Stone":37,"Eternal Feather":9,"PreservedInsect":17,"Pen Nib":44,"Guardian:PocketSentry":6,"Orichalcum":43,"War Paint":9,"Medical Kit":0,"Calling Bell":17,"CaptainsWheel":9,"Anchor":9,"betterThird:SlimedRelic":2,"Pandora\u0027s Box":34,"Turnip":0,"Bag of Marbles":48,"Bottled Lightning":26,"hexamod:BolsterEngine":13,"FossilizedHelix":38,"Unceasing Top":7},{"Darkstone Periapt":25,"Guardian:StasisSlotReductionRelic":7,"Lantern":29,"Gremlin Horn":52,"Guardian:ModeShifterPlus":55,"Vajra":30,"Guardian:StasisCodex":65,"Incense Burner":4,"Ginger":39,"Ancient Tea Set":28,"Sling":39,"Guardian:PickAxe":24,"Blood Vial":51,"Dream Catcher":6,"Lizard Tail":17,"Centennial Puzzle":53,"Nunchaku":66,"HornCleat":50,"Sundial":12,"Prayer Wheel":25,"InkBottle":37,"Golden Idol":5,"Astrolabe":47,"Guardian:ModeShifter":0,"Oddly Smooth Stone":32,"Eternal Feather":44,"PreservedInsect":25,"Pen Nib":35,"Guardian:PocketSentry":44,"Orichalcum":34,"War Paint":69,"Medical Kit":66,"Calling Bell":25,"CaptainsWheel":4,"Anchor":21,"betterThird:SlimedRelic":40,"Pandora\u0027s Box":14,"Turnip":66,"Bag of Marbles":63,"Bottled Lightning":10,"hexamod:BolsterEngine":45,"FossilizedHelix":58,"Unceasing Top":69},{"Darkstone Periapt":130,"Guardian:StasisSlotReductionRelic":38,"Lantern":150,"Gremlin Horn":274,"Guardian:ModeShifterPlus":288,"Vajra":154,"Guardian:StasisCodex":340,"Incense Burner":18,"Ginger":211,"Ancient Tea Set":145,"Sling":211,"Guardian:PickAxe":121,"Blood Vial":270,"Dream Catcher":28,"Lizard Tail":91,"Centennial Puzzle":277,"Nunchaku":349,"HornCleat":266,"Sundial":61,"Prayer Wheel":130,"InkBottle":196,"Golden Idol":22,"Astrolabe":259,"Guardian:ModeShifter":0,"Oddly Smooth Stone":167,"Eternal Feather":237,"PreservedInsect":130,"Pen Nib":184,"Guardian:PocketSentry":237,"Orichalcum":177,"War Paint":367,"Medical Kit":349,"Calling Bell":130,"CaptainsWheel":18,"Anchor":107,"betterThird:SlimedRelic":214,"Pandora\u0027s Box":75,"Turnip":349,"Bag of Marbles":326,"Bottled Lightning":50,"hexamod:BolsterEngine":240,"FossilizedHelix":296,"Unceasing Top":367}],"Unceasing Top":[1]},"card_choices":[{"not_picked":["Guardian:TemporalShield","Guardian:Suspension"],"picked":"Guardian:Gem_Purple","floor":1.0},{"not_picked":["Guardian:FloatingOrbs","Guardian:Gem_Yellow"],"picked":"Guardian:Planning","floor":5.0},{"not_picked":["Guardian:Gem_Red","Guardian:PrimingBeam"],"picked":"Guardian:WalkerClaw","floor":7.0},{"not_picked":["Guardian:Gem_Red","Guardian:ShieldCharger"],"picked":"Guardian:Gem_Cyan","floor":14.0},{"not_picked":["Guardian:GemFinder","Guardian:TimeSifter"],"picked":"Guardian:StasisStrike","floor":16.0},{"not_picked":["Guardian:TemporalStrike","Guardian:WalkerClaw"],"picked":"Guardian:CrystalBeam","floor":18.0},{"not_picked":["Guardian:RollAttack","Guardian:Suspension"],"picked":"Guardian:PrimingBeam","floor":20.0},{"not_picked":["Guardian:SpikerProtocol","Guardian:ExploitGems"],"picked":"Guardian:Gem_Yellow","floor":21.0},{"not_picked":["Guardian:WalkerClaw","Guardian:ChargeCore"],"picked":"Guardian:Repulse","floor":22.0}],"player_experience":782645,"relics_obtained":[{"floor":7.0,"key":"Unceasing Top"},{"floor":9.0,"key":"War Paint"}],"event_choices":[{"cards_removed":["Guardian:Strike_Guardian"],"damage_healed":0.0,"max_hp_gain":0.0,"max_hp_loss":0.0,"gold_gain":0.0,"event_name":"The Cleric","player_choice":"Card Removal","floor":2.0,"gold_loss":50.0,"damage_taken":0.0},{"damage_healed":58.0,"max_hp_gain":0.0,"max_hp_loss":72.0,"gold_gain":0.0,"event_name":"betterThird:BetterShining","player_choice":"Upgrade","floor":3.0,"gold_loss":0.0,"damage_taken":14.0,"cards_upgraded":["Guardian:Strike_Guardian","Guardian:Defend_Guardian"]},{"damage_healed":0.0,"max_hp_gain":0.0,"max_hp_loss":0.0,"gold_gain":275.0,"event_name":"Golden Shrine","player_choice":"Desecrate","floor":12.0,"gold_loss":0.0,"damage_taken":0.0,"cards_obtained":["Regret"]}],"is_beta":false,"boss_relics":[{"not_picked":["Tiny House","Sozu"],"picked":"Guardian:ModeShifterPlus"}],"items_purged_floors":[0,11,19],"is_endless":false,"potions_floor_spawned":[14,16,18,20],"killed_by":"Slavers","ascension_level":14}}