{"host":"sxnl403xm2xmiyj1","time":1608975711,"event":{"mods":["AchievementEnabler","BaseMod","Colored Map","Keyboard Shortcuts","Minty Spire (QoL Compilation)","Quick Restart","StSLib","SuperFastMode"],"gold_per_floor":[113,113,133,133,147,172,197,209,221,259,291,35,0,28,28,28,28],"floor_reached":16,"playtime":354,"items_purged":[],"score":175,"play_id":"aca3f373-971b-4317-86ba-ccd97d74870a","local_time":"20201226184151","is_ascension_mode":true,"campfire_choices":[{"data":"Bullet Time","floor":8.0,"key":"SMITH"},{"data":"Prepared","floor":15,"key":"SMITH"}],"circlet_count":0,"master_deck":["Strike_G","Strike_G","Strike_G","Strike_G","Defend_G","Defend_G","Defend_G","Defend_G","Defend_G","Survivor","Neutralize+1","Riddle With Holes","Masterful Stab","Backflip","Bullet Time+1","Accuracy","Dash","Prepared+1","Accuracy","Poisoned Stab"],"relics":["Ring of the Snake","MawBank","Singing Bowl","Ginger","Lantern","InkBottle"],"acts_visited":["Exordium"],"potions_floor_usage":[14,16,16],"damage_taken":[{"damage":0.0,"enemies":"2 Louse","floor":1.0,"turns":5.0},{"damage":0.0,"enemies":"Cultist","floor":3.0,"turns":4.0},{"damage":1.0,"enemies":"Jaw Worm","floor":5.0,"turns":2.0},{"damage":27.0,"enemies":"3 Sentries","floor":6.0,"turns":10.0},{"damage":1.0,"enemies":"Lots of Slimes","floor":7.0,"turns":5.0},{"damage":27,"enemies":"Gremlin Nob","floor":10,"turns":5},{"damage":0,"enemies":"Red Slaver","floor":11,"turns":3},{"damage":10,"enemies":"Lagavulin","floor":14,"turns":7},{"damage":10,"enemies":"Hexaghost","floor":16,"turns":12}],"seed_played":"7101520950791037733","potions_obtained":[{"floor":5.0,"key":"Weak Potion"},{"floor":10,"key":"Weak Potion"},{"floor":14,"key":"Dexterity Potion"}],"is_trial":false,"path_per_floor":["M","?","M","?","M","E","M","R","T","E","M","$","?","E","R","B"],"character_chosen":"THE_SILENT","items_purchased":["Prepared","Lantern","Accuracy"],"campfire_rested":0,"item_purchase_floors":[12,12,12],"current_hp_per_floor":[63,63,63,63,62,35,34,34,34,7,9,9,30,20,20,10,10],"gold":28,"neow_bonus":"TWENTY_PERCENT_HP_BONUS","is_daily":false,"chose_seed":false,"campfire_upgraded":2,"win_rate":0.0,"timestamp":1608975711,"path_taken":["M","?","?","?","?","E","M","R","T","E","M","?","?","E","R","BOSS"],"items_purchased_type":["Card","Relic","Card"],"build_version":"2020-12-22","purchased_purges":0,"victory":false,"max_hp_per_floor":[84,84,84,84,84,84,84,84,84,84,86,86,86,86,86,86,86],"card_choices":[{"not_picked":["Underhanded Strike","Skewer"],"picked":"Riddle With Holes","floor":1.0},{"not_picked":["Deflect","Deadly Poison"],"picked":"Masterful Stab","floor":3.0},{"not_picked":["Underhanded Strike","All Out Attack"],"picked":"Backflip","floor":5.0},{"not_picked":["Flying Knee","Outmaneuver"],"picked":"Bullet Time","floor":6.0},{"not_picked":["Backflip","Blade Dance"],"picked":"Accuracy","floor":7.0},{"not_picked":["Flying Knee","Underhanded Strike"],"picked":"Dash","floor":10},{"not_picked":["Underhanded Strike","Bane","Flying Knee"],"picked":"Singing Bowl","floor":11},{"not_picked":["Quick Slash","Prepared"],"picked":"Poisoned Stab","floor":14}],"player_experience":124315,"relics_obtained":[{"floor":6.0,"key":"MawBank"},{"floor":9.0,"key":"Singing Bowl"},{"floor":10,"key":"Ginger"},{"floor":14,"key":"InkBottle"}],"event_choices":[{"cards_removed":["Strike_G"],"damage_healed":0.0,"max_hp_gain":0.0,"max_hp_loss":0.0,"gold_gain":0.0,"event_name":"Purifier","player_choice":"Purged","floor":2.0,"gold_loss":0.0,"damage_taken":0.0},{"damage_healed":0.0,"max_hp_gain":0.0,"max_hp_loss":0.0,"gold_gain":0.0,"event_name":"Upgrade Shrine","player_choice":"Upgraded","floor":4.0,"gold_loss":0.0,"damage_taken":0.0,"cards_upgraded":["Neutralize"]},{"damage_healed":21,"gold_gain":0,"player_choice":"Healed","damage_taken":0,"max_hp_gain":0,"max_hp_loss":0,"event_name":"The Cleric","floor":13,"gold_loss":35}],"is_beta":false,"boss_relics":[],"items_purged_floors":[],"is_endless":false,"potions_floor_spawned":[5,10,14],"killed_by":"Hexaghost","ascension_level":5}}