{"host":"867cnhxguf2bzj4x","time":1608979238,"event":{"mods":["BaseMod","Downfall","GifTheSpireLib","Minty Spire (QoL Compilation)","StSLib"],"gold_per_floor":[109,123,198,218,218,218,251,268,268,268,279,299,31,31,31,133,133,149,249,264,264,264,296,313,332,332,332,332,332],"floor_reached":28,"playtime":1033,"items_purged":["Defend_R"],"score":252,"play_id":"d5ec4619-7b14-4a40-b840-ed5f1037a64d","local_time":"20201226114038","is_ascension_mode":true,"campfire_choices":[{"data":"Battle Trance","floor":6,"key":"SMITH"},{"floor":10,"key":"REST"},{"data":"expansioncontent:Corrupt","floor":15,"key":"SMITH"}],"circlet_count":0,"master_deck":["Strike_R","Strike_R","Strike_R+1","Strike_R","Strike_R","Defend_R","Defend_R+1","Defend_R","Bash","Offering","Battle Trance+1","Seeing Red","expansioncontent:Corrupt+1","Metallicize","Demon Form","Searing Blow","Combust","Armaments","Blood for Blood+1","expansioncontent:Corrupt+1"],"relics":["Burning Blood","The Courier","Gremlin Horn","Velvet Choker","MutagenicStrength","PreservedInsect","Pocketwatch"],"acts_visited":["Exordium","TheCity"],"potions_floor_usage":[16,20,24],"damage_taken":[{"damage":2,"enemies":"Small Slimes","floor":1,"turns":5},{"damage":10,"enemies":"Jaw Worm","floor":2,"turns":4},{"damage":7,"enemies":"Cultist","floor":4,"turns":3},{"damage":34,"enemies":"Gremlin Nob","floor":7,"turns":5},{"damage":19,"enemies":"3 Louse","floor":8,"turns":5},{"damage":12,"enemies":"Looter","floor":11,"turns":3},{"damage":0,"enemies":"Red Slaver","floor":12,"turns":6},{"damage":43,"enemies":"Hexaghost","floor":16,"turns":14},{"damage":8,"enemies":"Spheric Guardian","floor":18,"turns":6},{"damage":15,"enemies":"3 Byrds","floor":20,"turns":5},{"damage":57,"enemies":"Gremlin Leader","floor":23,"turns":5},{"damage":12,"enemies":"Centurion and Healer","floor":24,"turns":7},{"damage":15,"enemies":"Snecko","floor":25,"turns":5},{"damage":18,"enemies":"Shelled Parasite and Fungi","floor":28,"turns":1}],"seed_played":"-8204742555953437302","potions_obtained":[{"floor":1,"key":"SteroidPotion"},{"floor":8,"key":"Explosive Potion"},{"floor":11,"key":"ColorlessPotion"},{"floor":23,"key":"Regen Potion"},{"floor":24,"key":"Dexterity Potion"}],"is_trial":false,"path_per_floor":["M","M","?","M","?","R","E","M","T","R","M","M","$","?","R","B",null,"M","?","M","?","?","E","M","M","T","?","M"],"character_chosen":"IRONCLAD","items_purchased":["expansioncontent:Corrupt","Metallicize"],"campfire_rested":1,"item_purchase_floors":[13,13],"current_hp_per_floor":[80,76,65,64,48,48,20,7,7,31,25,31,31,57,57,20,80,78,78,69,69,69,18,27,18,18,18,0,0],"gold":332,"neow_bonus":"ONE_RANDOM_RARE_CARD","is_daily":false,"chose_seed":false,"campfire_upgraded":2,"win_rate":0.0,"timestamp":1608979238,"path_taken":["M","M","?","M","?","R","E","M","T","R","M","M","$","?","R","BOSS","M","?","?","?","?","E","M","M","T","?","?"],"items_purchased_type":["Card","Card"],"build_version":"2020-12-22","purchased_purges":1,"victory":false,"max_hp_per_floor":[80,80,80,80,80,80,80,80,80,80,80,80,80,80,80,80,80,80,80,80,80,80,80,80,80,80,80,80,80],"card_choices":[{"not_picked":["Burning Pact","Cleave"],"picked":"Battle Trance","floor":1},{"not_picked":["Wild Strike","Body Slam","Whirlwind"],"picked":"SKIP","floor":2},{"not_picked":["Wild Strike","Twin Strike","Thunderclap"],"picked":"SKIP","floor":4},{"not_picked":["Searing Blow","Battle Trance","Flex"],"picked":"SKIP","floor":7},{"not_picked":["Dropkick","Whirlwind","Heavy Blade"],"picked":"SKIP","floor":8},{"not_picked":["Cleave","Pummel","Shrug It Off"],"picked":"SKIP","floor":11},{"not_picked":["Shrug It Off","Twin Strike"],"picked":"Seeing Red","floor":12},{"not_picked":["Impervious","Barricade"],"picked":"Demon Form","floor":16},{"not_picked":["Flex+1","Dark Embrace+1","Perfected Strike"],"picked":"SKIP","floor":18},{"not_picked":["Iron Wave","Reaper"],"picked":"Searing Blow","floor":20},{"not_picked":["Thunderclap+1","True Grit"],"picked":"Armaments","floor":23},{"not_picked":["Pommel Strike+1","Clothesline+1"],"picked":"Blood for Blood+1","floor":24},{"not_picked":["Hemokinesis","Bloodletting+1","Warcry"],"picked":"SKIP","floor":25}],"player_experience":58471,"relics_obtained":[{"floor":7,"key":"The Courier"},{"floor":9,"key":"Gremlin Horn"},{"floor":23,"key":"PreservedInsect"},{"floor":26,"key":"Pocketwatch"}],"event_choices":[{"damage_healed":0,"gold_gain":75,"player_choice":"Gather Gold","damage_taken":11,"max_hp_gain":0,"max_hp_loss":0,"event_name":"World of Goop","floor":3,"gold_loss":0},{"damage_healed":0,"gold_gain":0,"player_choice":"Entered Light","damage_taken":16,"max_hp_gain":0,"max_hp_loss":0,"event_name":"Shining Light","floor":5,"gold_loss":0,"cards_upgraded":["Strike_R","Defend_R"]},{"damage_healed":26,"gold_gain":0,"player_choice":"Banana","damage_taken":0,"max_hp_gain":0,"max_hp_loss":0,"event_name":"Big Fish","floor":14,"gold_loss":0},{"damage_healed":0,"gold_gain":100,"player_choice":"Pray","damage_taken":0,"max_hp_gain":0,"max_hp_loss":0,"event_name":"Golden Shrine","floor":19,"gold_loss":0},{"damage_healed":0,"gold_gain":0,"player_choice":"Read","damage_taken":0,"max_hp_gain":0,"max_hp_loss":0,"event_name":"The Library","floor":21,"gold_loss":0,"cards_obtained":["Combust"]},{"damage_healed":0,"gold_gain":0,"player_choice":"Inject Mutagens","damage_taken":0,"relics_obtained":["MutagenicStrength"],"max_hp_gain":0,"max_hp_loss":0,"event_name":"Drug Dealer","floor":22,"gold_loss":0},{"damage_healed":0,"gold_gain":0,"player_choice":"Copied","damage_taken":0,"max_hp_gain":0,"max_hp_loss":0,"event_name":"Duplicator","floor":27,"gold_loss":0,"cards_obtained":["expansioncontent:Corrupt"]}],"is_beta":false,"boss_relics":[{"not_picked":["Calling Bell","Runic Cube"],"picked":"Velvet Choker"}],"items_purged_floors":[13],"is_endless":false,"potions_floor_spawned":[1,8,11,12,23,24],"killed_by":"Shelled Parasite and Fungi","ascension_level":1}}