{"host":"nh8rc3jipwgi5qu3","time":1608942285,"event":{"mods":["Act Like it!","Aspiration","BaseMod","Better Third Choice","Colored Map","Colored Powertips","DeckTracker","Elementarium","Energized Spire","GifTheSpireLib","GungeonMod","Hubris","Humility","Infinite Spire","Ironclad Rager","Lobotomy","Marked Mod","Mimic Mod","Minty Spire (QoL Compilation)","Relic Stats","Replay The Spire","Reworked Bosses","Spikes Relics","StSLib","Stuff the Spire","SuperFastMode"],"gold_per_floor":[159,199,256,272,332,332,475,475,502,574,574,617,632,693,693,693,693],"floor_reached":16,"playtime":2695,"items_purged":[],"score":98,"play_id":"627f4830-9109-45ee-a8b9-4b044711ad51","local_time":"20201226012445","is_ascension_mode":false,"campfire_choices":[{"data":"HandOfGreed","floor":6,"key":"SMITH"},{"floor":8,"key":"REST"},{"floor":15,"key":"REST"}],"circlet_count":0,"master_deck":["Strike_G","Strike_G","Strike_G","Strike_G","Strike_G","Defend_G","Defend_G","Defend_G","Defend_G","Defend_G","Survivor","Neutralize","Regret","HandOfGreed+1","Terror","Sucker Punch","StuffTheSpire:BumpUp","StuffTheSpire:BumpUp","Dash","ReplayTheSpireMod:Splinters","Dagger Throw","Injury","Quick Slash","Riddle With Holes"],"relics":["Ring of the Snake","StuffTheSpire:Barrel","Toy Ornithopter","Toxic Egg 2"],"acts_visited":["Exordium"],"potions_floor_usage":[7,7,13,14,16,16],"damage_taken":[{"damage":2,"enemies":"2 Louse","floor":1,"turns":5},{"damage":0,"enemies":"Cultist","floor":2,"turns":2},{"damage":4,"enemies":"Small Slimes","floor":3,"turns":7},{"damage":10,"enemies":"Looter","floor":4,"turns":3},{"damage":12,"enemies":"2 Fungi Beasts","floor":5,"turns":6},{"damage":39,"enemies":"Lots of Slimes","floor":7,"turns":20},{"damage":14,"enemies":"Large Slime","floor":12,"turns":11},{"damage":5,"enemies":"Looter","floor":13,"turns":4},{"damage":3,"enemies":"3 Louse","floor":14,"turns":6},{"damage":44,"enemies":"The Guardian","floor":16,"turns":6}],"seed_played":"2998300561751664452","potions_obtained":[{"floor":2,"key":"Dexterity Potion"},{"floor":3,"key":"SkillPotion"},{"floor":7,"key":"Dexterity Potion"},{"floor":10,"key":"Adrenaline Potion"},{"floor":10,"key":"Energy Potion"},{"floor":13,"key":"AttackPotion"}],"is_trial":false,"path_per_floor":["M","M","M","M","M","R","M","R","T","?","?","M","M","M","R","B"],"character_chosen":"THE_SILENT","items_purchased":[],"campfire_rested":2,"item_purchase_floors":[],"current_hp_per_floor":[68,68,64,54,42,42,3,24,24,24,24,10,10,12,33,0,0],"gold":693,"neow_bonus":"RANDOM_COLORLESS_2","is_daily":false,"chose_seed":false,"campfire_upgraded":1,"win_rate":0.0,"timestamp":1608942285,"path_taken":["M","M","M","M","M","R","M","R","T","?","?","M","M","M","R","BOSS"],"items_purchased_type":[],"build_version":"2020-12-22","purchased_purges":0,"victory":false,"max_hp_per_floor":[70,70,70,70,70,70,70,70,70,70,70,70,70,70,70,70,70],"relic_stats":{"counters":[10,70],"obtain_stats":[{"StuffTheSpire:Barrel":9,"DemoMod:GlassGuonStoneRelic":2,"Toxic Egg 2":11,"Toy Ornithopter":10,"Ring of the Snake":0},{"StuffTheSpire:Barrel":6,"DemoMod:GlassGuonStoneRelic":2,"Toxic Egg 2":6,"Toy Ornithopter":6,"Ring of the Snake":0},{"StuffTheSpire:Barrel":43,"DemoMod:GlassGuonStoneRelic":7,"Toxic Egg 2":43,"Toy Ornithopter":43,"Ring of the Snake":0}],"Toy Ornithopter":20,"Ring of the Snake":[20]},"card_choices":[{"not_picked":["hubris:EnhanceAbility","Secret Technique"],"picked":"HandOfGreed","floor":0},{"not_picked":["Blade Dance","Flying Knee"],"picked":"Terror","floor":1},{"not_picked":["hubris:Counter","Bane"],"picked":"Sucker Punch","floor":2},{"not_picked":["Accuracy","Cloak And Dagger"],"picked":"StuffTheSpire:BumpUp","floor":3},{"not_picked":["Dodge and Roll","Blade Dance"],"picked":"StuffTheSpire:BumpUp","floor":4},{"not_picked":["Bane","StuffTheSpire:Incantation"],"picked":"Dash","floor":5},{"not_picked":["hubris:SlightOfHand","hubris:TrickCloak","Underhanded Strike"],"picked":"SKIP","floor":7},{"not_picked":["StuffTheSpire:Incantation","Poison Darts"],"picked":"Dagger Throw","floor":10},{"not_picked":["Setup+1","Reflex+1","Slice"],"picked":"SKIP","floor":12},{"not_picked":["Infinite Blades","Poisoned Stab"],"picked":"Quick Slash","floor":13},{"not_picked":["StuffTheSpire:Python+1","PiercingWail+1"],"picked":"Riddle With Holes","floor":14}],"player_experience":192268,"relics_obtained":[{"floor":9,"key":"StuffTheSpire:Barrel"},{"floor":10,"key":"Toy Ornithopter"}],"event_choices":[],"is_beta":false,"boss_relics":[],"items_purged_floors":[],"is_endless":false,"potions_floor_spawned":[2,3,7,13],"killed_by":"The Guardian","ascension_level":0}}