{"host":"uwh382mre4waz4ff","time":1608969571,"event":{"mods":["AchievementEnabler","BaseMod","Better Note","Better Third Choice","BetterRewards","Minty Spire (QoL Compilation)","Quick Restart","Shop Mod","StSLib"],"gold_per_floor":[117,128,53,53,64,64,79,79,79,94,157,157,167,180,180,285,335,353,293,308,578,394,428,303,319,346,123,139,152,168,201,201,304,304,314,324,324,324,149,176,190,200,224,224,224,251,268,278,278,278,278,278,78,108,108],"floor_reached":56,"playtime":3115,"items_purged":["Defend_R","Defend_R","Strike_R","Strike_R","Strike_R","Strike_R+1"],"score":1393,"play_id":"3010748b-987e-4a07-b25a-c030d4a4eff9","local_time":"20201226155931","is_ascension_mode":false,"campfire_choices":[{"data":"Rage","floor":6.0,"key":"SMITH"},{"data":"Bash","floor":12.0,"key":"SMITH"},{"floor":15.0,"key":"RECALL"},{"data":"Finesse","floor":32,"key":"SMITH"},{"floor":45,"key":"REST"},{"floor":49,"key":"REST"},{"floor":52,"key":"REST"}],"circlet_count":0,"master_deck":["Bash+1","Rage+1","Dropkick+1","Finesse+1","Dropkick+1","Dropkick+1"],"relics":["Burning Blood","Molten Egg 2","Gambling Chip","Kunai","Paper Frog","Tiny House","Bag of Marbles","White Beast Statue","SlaversCollar","Red Skull","Boot","Blood Vial","TungstenRod"],"acts_visited":["Exordium","TheCity","TheBeyond","TheEnding"],"potions_floor_usage":[25,28,33,36,55],"damage_taken":[{"damage":0.0,"enemies":"Cultist","floor":1.0,"turns":3.0},{"damage":0.0,"enemies":"2 Louse","floor":2.0,"turns":3.0},{"damage":5.0,"enemies":"Jaw Worm","floor":5.0,"turns":2.0},{"damage":0.0,"enemies":"Looter","floor":7.0,"turns":2.0},{"damage":2.0,"enemies":"Blue Slaver","floor":10.0,"turns":2.0},{"damage":18.0,"enemies":"Lagavulin Event","floor":11.0,"turns":4.0},{"damage":2.0,"enemies":"Exordium Thugs","floor":13.0,"turns":4.0},{"damage":2.0,"enemies":"2 Fungi Beasts","floor":14.0,"turns":3.0},{"damage":48.0,"enemies":"The Guardian","floor":16.0,"turns":7.0},{"damage":7,"enemies":"3 Byrds","floor":18,"turns":6},{"damage":0,"enemies":"Chosen","floor":20,"turns":3},{"damage":38,"enemies":"Slavers","floor":23,"turns":6},{"damage":25,"enemies":"Sentry and Sphere","floor":25,"turns":6},{"damage":0,"enemies":"Centurion and Healer","floor":28,"turns":4},{"damage":7,"enemies":"Shelled Parasite and Fungi","floor":29,"turns":3},{"damage":1,"enemies":"Snake Plant","floor":30,"turns":3},{"damage":0,"enemies":"Book of Stabbing","floor":31,"turns":3},{"damage":29,"enemies":"Collector","floor":33,"turns":5},{"damage":0,"enemies":"Orb Walker","floor":35,"turns":2},{"damage":14,"enemies":"3 Darklings","floor":36,"turns":9},{"damage":0,"enemies":"Giant Head","floor":40,"turns":6},{"damage":0,"enemies":"Maw","floor":41,"turns":5},{"damage":0,"enemies":"Writhing Mass","floor":42,"turns":2},{"damage":0,"enemies":"Reptomancer","floor":46,"turns":1},{"damage":0,"enemies":"Spire Growth","floor":47,"turns":1},{"damage":0,"enemies":"Maw","floor":48,"turns":1},{"damage":5,"enemies":"Awakened One","floor":50,"turns":3},{"damage":0,"enemies":"Shield and Spear","floor":54,"turns":2},{"damage":38,"enemies":"The Heart","floor":55,"turns":6}],"seed_played":"6461315565688532444","potions_obtained":[{"floor":5.0,"key":"SteroidPotion"},{"floor":10.0,"key":"Regen Potion"},{"floor":11.0,"key":"CultistPotion"},{"floor":14.0,"key":"BloodPotion"},{"floor":17,"key":"AttackPotion"},{"floor":25,"key":"Swift Potion"},{"floor":28,"key":"BloodPotion"},{"floor":30,"key":"SteroidPotion"},{"floor":33,"key":"Weak Potion"},{"floor":35,"key":"Ancient Potion"},{"floor":36,"key":"BloodPotion"},{"floor":40,"key":"LiquidMemories"}],"is_trial":false,"path_per_floor":["M","M","$","?","M","R","M","$","T","M","?","R","M","M","R","B",null,"M","?","M","?","$","E","$","M","T","$","M","M","M","E","R","B",null,"M","M","?","?","$","E","M","M","T","?","R","E","M","M","R","B",null,"R","$","E","B",null],"character_chosen":"IRONCLAD","items_purchased":["Rage","Molten Egg 2","Finesse","Dropkick+1"],"campfire_rested":3,"item_purchase_floors":[0,0,22,27],"current_hp_per_floor":[50,56,56,49,50,50,56,56,56,60,48,48,52,56,56,30,85,84,84,85,58,58,26,26,7,7,7,25,24,29,35,35,12,85,85,77,77,77,77,83,85,85,85,85,85,85,85,85,85,85,85,85,85,85,70],"gold":108,"neow_bonus":"","is_daily":false,"chose_seed":false,"campfire_upgraded":3,"win_rate":0.0,"timestamp":1608969571,"path_taken":["M","M","?","?","M","R","M","?","T","M","?","R","M","?","R","BOSS","M","?","?","?","$","E","$","M","T","$","M","M","M","E","R","BOSS","M","M","?","?","$","E","M","?","T","?","R","E","M","M","R","BOSS","R","$","E","BOSS"],"items_purchased_type":["Card","Relic","Card","Card"],"build_version":"2020-12-22","purchased_purges":6,"victory":true,"max_hp_per_floor":[80,80,80,80,80,80,80,80,80,80,80,80,80,80,80,80,85,85,85,85,85,85,85,85,85,85,85,85,85,85,85,85,85,85,85,85,85,85,85,85,85,85,85,85,85,85,85,85,85,85,85,85,85,85,85],"card_choices":[{"not_picked":["Shrug It Off","Flex","True Grit"],"picked":"SKIP","floor":1.0},{"not_picked":["Perfected Strike+1","Heavy Blade+1"],"picked":"Dropkick+1","floor":2.0},{"not_picked":["Thunderclap+1","Body Slam+1","Anger+1"],"picked":"SKIP","floor":5.0},{"not_picked":["Havoc","Clash+1","Heavy Blade+1"],"picked":"SKIP","floor":7.0},{"not_picked":["Armaments","Immolate+1","Bloodletting"],"picked":"SKIP","floor":10.0},{"not_picked":["Pommel Strike+1","Wild Strike+1","Clothesline+1"],"picked":"SKIP","floor":13.0},{"not_picked":["Metallicize","Evolve","Pommel Strike+1"],"picked":"SKIP","floor":14.0},{"not_picked":["Infernal Blade","Second Wind","Shockwave+1"],"picked":"SKIP","floor":18},{"not_picked":["Iron Wave+1","Sever Soul+1","Shrug It Off+1"],"picked":"SKIP","floor":20},{"not_picked":["Iron Wave+1","Sever Soul+1","Shrug It Off+1"],"picked":"SKIP","floor":20},{"not_picked":["Whirlwind+1","Armaments","Anger+1"],"picked":"SKIP","floor":23},{"not_picked":["Shockwave+1","Dark Embrace","Cleave+1"],"picked":"SKIP","floor":25},{"not_picked":["Wild Strike+1","Flex","Clothesline+1"],"picked":"SKIP","floor":28},{"not_picked":["Combust","Pommel Strike+1","Demon Form"],"picked":"SKIP","floor":29},{"not_picked":["Sword Boomerang+1","Second Wind","Shrug It Off+1"],"picked":"SKIP","floor":30},{"not_picked":["Clothesline+1","Corruption","Havoc"],"picked":"SKIP","floor":31},{"not_picked":["Feel No Pain","True Grit+1","Seeing Red"],"picked":"SKIP","floor":35},{"not_picked":["Clothesline+1","Perfected Strike+1","Rampage+1"],"picked":"SKIP","floor":36},{"not_picked":["Feel No Pain","Iron Wave+1","Clash+1"],"picked":"SKIP","floor":40},{"not_picked":["Cleave+1","Anger+1","Sentinel+1"],"picked":"SKIP","floor":41},{"not_picked":["Flex+1","Disarm+1","Armaments+1"],"picked":"SKIP","floor":42},{"not_picked":["Havoc","Sentinel","Headbutt+1"],"picked":"SKIP","floor":46},{"not_picked":["Anger+1","Warcry+1","Ghostly Armor"],"picked":"SKIP","floor":47},{"not_picked":["Thunderclap+1","Twin Strike+1","Cleave+1"],"picked":"SKIP","floor":48},{"not_picked":["Feel No Pain+1","Whirlwind+1"],"picked":"Dropkick+1","floor":54}],"player_experience":85093,"relics_obtained":[{"floor":9.0,"key":"Kunai"},{"floor":23,"key":"Bag of Marbles"},{"floor":31,"key":"White Beast Statue"},{"floor":40,"key":"Red Skull"},{"floor":43,"key":"Boot"},{"floor":46,"key":"Blood Vial"},{"floor":54,"key":"TungstenRod"}],"event_choices":[{"cards_removed":["Defend_R"],"damage_healed":0.0,"max_hp_gain":0.0,"max_hp_loss":0.0,"gold_gain":0.0,"event_name":"Golden Wing","player_choice":"Card Removal","floor":4.0,"gold_loss":0.0,"damage_taken":7.0},{"damage_healed":0.0,"max_hp_gain":0.0,"max_hp_loss":0.0,"gold_gain":0.0,"event_name":"Dead Adventurer","player_choice":"Searched \u00273\u0027 times","floor":11.0,"gold_loss":0.0,"damage_taken":0.0,"relics_obtained":["Paper Frog"]},{"cards_removed":["Defend_R"],"damage_healed":0,"gold_gain":0,"player_choice":"Single Remove","damage_taken":0,"max_hp_gain":0,"max_hp_loss":0,"event_name":"Designer","floor":19,"gold_loss":60},{"damage_healed":0,"gold_gain":270,"player_choice":"GOLD GOLD GOLD ","damage_taken":27,"max_hp_gain":0,"max_hp_loss":0,"event_name":"Knowing Skull","floor":21,"potions_obtained":[],"gold_loss":0,"cards_obtained":[]},{"damage_healed":0,"gold_gain":0,"player_choice":"Ignored","damage_taken":0,"max_hp_gain":0,"max_hp_loss":0,"event_name":"Tomb of Lord Red Mask","floor":37,"gold_loss":0},{"damage_healed":0,"gold_gain":0,"player_choice":"Random: Blue","damage_taken":0,"max_hp_gain":0,"max_hp_loss":0,"event_name":"betterThird:BetterPortal","floor":38,"gold_loss":0},{"damage_healed":0,"gold_gain":0,"player_choice":"Memory 1","damage_taken":0,"max_hp_gain":0,"max_hp_loss":0,"event_name":"SensoryStone","floor":38,"gold_loss":0},{"cards_removed":["Strike_R"],"damage_healed":0,"gold_gain":0,"player_choice":"Purged","damage_taken":0,"max_hp_gain":0,"max_hp_loss":0,"event_name":"Purifier","floor":44,"gold_loss":0}],"is_beta":false,"boss_relics":[{"not_picked":["Runic Cube","Astrolabe"],"picked":"Tiny House"},{"not_picked":["Velvet Choker","SacredBark"],"picked":"SlaversCollar"}],"items_purged_floors":[3,22,24,27,39,53],"is_endless":false,"potions_floor_spawned":[5,10,11,14,25,28,30,33,35,36,40,41,42,46,47,48,54],"ascension_level":0}}