{"host":"naykp6d9ulahlwib","time":1608944231,"event":{"mods":["BaseMod","Highlight Path","Minty Spire (QoL Compilation)","Shop Mod","StSLib"],"gold_per_floor":[19,19,19,19,33,33,45,64,64,78,107,125,125,50,50,147,197,179,179,79,94,94,121,121,141,141,159,159,172,47,59,59,160,160,175,175,194,205,225,225,238,238,286,286,314,324,324,62,62,62],"floor_reached":51,"playtime":6182,"items_purged":["Strike_G","Defend_G","Strike_G"],"score":1042,"play_id":"e7f5a0e7-df91-4ccc-8577-ec88f27bf3ce","local_time":"20201225185711","is_ascension_mode":true,"campfire_choices":[{"data":"Phantasmal Killer","floor":6.0,"key":"SMITH"},{"data":"Footwork","floor":13.0,"key":"SMITH"},{"data":"Finisher","floor":15.0,"key":"SMITH"},{"data":"Night Terror","floor":24.0,"key":"SMITH"},{"floor":32.0,"key":"REST"},{"floor":40.0,"key":"REST"},{"data":"Envenom","floor":42.0,"key":"SMITH"},{"floor":44.0,"key":"REST"},{"floor":47.0,"key":"REST"},{"data":"Thinking Ahead","floor":49.0,"key":"SMITH"}],"circlet_count":0,"master_deck":["AscendersBane","Strike_G","Defend_G","Defend_G+1","Defend_G","Survivor","Neutralize","Leg Sweep","Phantasmal Killer+1","Blade Dance","Infinite Blades","Finisher+1","Footwork+1","Envenom+1","Prepared","Night Terror+1","Blade Dance","Adrenaline","Leg Sweep+1","Night Terror+1","Cloak And Dagger+1","Well Laid Plans","Thinking Ahead+1"],"relics":["Ring of the Snake","Paper Crane","StrikeDummy","Tiny House","Mercury Hourglass","Tough Bandages","Busted Crown","Blood Vial","Regal Pillow"],"acts_visited":["Exordium","TheCity","TheBeyond"],"potions_floor_usage":[50],"damage_taken":[{"damage":3.0,"enemies":"Jaw Worm","floor":1.0,"turns":7.0},{"damage":0.0,"enemies":"Small Slimes","floor":5.0,"turns":3.0},{"damage":0.0,"enemies":"Cultist","floor":7.0,"turns":3.0},{"damage":0.0,"enemies":"Exordium Thugs","floor":8.0,"turns":3.0},{"damage":0.0,"enemies":"Red Slaver","floor":10.0,"turns":4.0},{"damage":4.0,"enemies":"Lagavulin","floor":11.0,"turns":6.0},{"damage":0.0,"enemies":"Looter","floor":12.0,"turns":3.0},{"damage":4.0,"enemies":"The Guardian","floor":16.0,"turns":11.0},{"damage":12.0,"enemies":"2 Thieves","floor":18.0,"turns":4.0},{"damage":9.0,"enemies":"Spheric Guardian","floor":21.0,"turns":5.0},{"damage":31.0,"enemies":"Slavers","floor":23.0,"turns":6.0},{"damage":12.0,"enemies":"Snecko","floor":25.0,"turns":9.0},{"damage":12.0,"enemies":"Sentry and Sphere","floor":27.0,"turns":10.0},{"damage":7.0,"enemies":"Snake Plant","floor":29.0,"turns":5.0},{"damage":8.0,"enemies":"Cultist and Chosen","floor":31.0,"turns":5.0},{"damage":21.0,"enemies":"Automaton","floor":33.0,"turns":7.0},{"damage":0.0,"enemies":"Orb Walker","floor":35.0,"turns":3.0},{"damage":20.0,"enemies":"3 Darklings","floor":37.0,"turns":7.0},{"damage":3.0,"enemies":"Spire Growth","floor":38.0,"turns":8.0},{"damage":7.0,"enemies":"4 Shapes","floor":39.0,"turns":6.0},{"damage":1.0,"enemies":"Maw","floor":41.0,"turns":8.0},{"damage":16.0,"enemies":"Giant Head","floor":45.0,"turns":7.0},{"damage":23.0,"enemies":"3 Darklings","floor":46.0,"turns":7.0},{"damage":42,"enemies":"Donu and Deca","floor":50,"turns":12}],"seed_played":"1896037509104479059","potions_obtained":[{"floor":4.0,"key":"DuplicationPotion"},{"floor":4.0,"key":"Block Potion"},{"floor":5.0,"key":"LiquidMemories"},{"floor":16.0,"key":"GhostInAJar"},{"floor":27.0,"key":"Dexterity Potion"},{"floor":38.0,"key":"Poison Potion"},{"floor":39.0,"key":"SneckoOil"},{"floor":46.0,"key":"CunningPotion"}],"is_trial":false,"path_per_floor":["M","$","?","?","M","R","M","M","T","M","E","M","R","$","R","B",null,"M","?","$","M","?","E","R","M","T","M","?","M","$","M","R","B",null,"M","?","M","M","M","R","M","R","T","R","E","M","R","$","R","B",null],"character_chosen":"THE_SILENT","items_purchased":["Well Laid Plans","Thinking Ahead"],"campfire_rested":4,"item_purchase_floors":[48,48],"current_hp_per_floor":[60,60,60,60,60,60,60,60,60,60,56,56,56,56,56,52,71,59,59,59,50,75,44,44,32,32,20,20,13,13,5,27,6,58,58,58,38,35,28,50,49,49,49,71,57,36,73,73,73,33],"gold":62,"neow_bonus":"TRANSFORM_TWO_CARDS","is_daily":false,"chose_seed":false,"campfire_upgraded":6,"win_rate":0.0,"timestamp":1608944231,"path_taken":["M","$","?","?","M","R","M","?","T","M","E","M","R","$","R","BOSS","M","?","$","?","?","E","R","M","T","M","?","M","$","M","R","BOSS","M","?","M","M","M","R","M","R","T","R","E","?","R","$","R","BOSS"],"items_purchased_type":["Card","Card"],"build_version":"2020-12-22","purchased_purges":3,"victory":true,"max_hp_per_floor":[70,70,70,70,70,70,70,70,70,70,70,70,70,70,70,70,75,75,75,75,75,75,75,75,75,75,75,75,75,75,75,75,75,75,75,75,75,75,75,75,75,75,75,75,75,75,75,75,75,75],"card_choices":[{"not_picked":["Sucker Punch","Acrobatics"],"picked":"Blade Dance","floor":1.0},{"not_picked":["Acrobatics","Flying Knee"],"picked":"Finisher","floor":5.0},{"not_picked":["Outmaneuver","Dagger Spray","Eviscerate"],"picked":"SKIP","floor":7.0},{"not_picked":["Quick Slash","Acrobatics","Deflect"],"picked":"SKIP","floor":8.0},{"not_picked":["Acrobatics","Expertise","Bouncing Flask"],"picked":"SKIP","floor":10.0},{"not_picked":["Dagger Throw","Accuracy"],"picked":"Footwork","floor":11.0},{"not_picked":["Slice","Caltrops","Backstab"],"picked":"SKIP","floor":12.0},{"not_picked":["Malaise","Wraith Form v2"],"picked":"Envenom","floor":16.0},{"not_picked":["Flying Knee","Reflex"],"picked":"Prepared","floor":17.0},{"not_picked":["Crippling Poison","Heel Hook","Terror"],"picked":"SKIP","floor":18.0},{"not_picked":["Reflex","Bane","Backflip"],"picked":"SKIP","floor":21.0},{"not_picked":["Leg Sweep","Deflect"],"picked":"Night Terror","floor":23.0},{"not_picked":["Skewer","Acrobatics","Dagger Throw"],"picked":"SKIP","floor":25.0},{"not_picked":["PiercingWail","Sucker Punch","Bane+1"],"picked":"SKIP","floor":27.0},{"not_picked":["Acrobatics","Quick Slash"],"picked":"Blade Dance","floor":29.0},{"not_picked":["Poisoned Stab","Sucker Punch","Deflect"],"picked":"SKIP","floor":31.0},{"not_picked":["Grand Finale","Wraith Form v2"],"picked":"Adrenaline","floor":33.0},{"not_picked":[],"picked":"Leg Sweep+1","floor":35.0},{"not_picked":["Slice+1"],"picked":"SKIP","floor":37.0},{"not_picked":["Flying Knee+1"],"picked":"SKIP","floor":38.0},{"not_picked":["Flying Knee+1"],"picked":"SKIP","floor":38.0},{"not_picked":["Skewer"],"picked":"SKIP","floor":39.0},{"not_picked":["Calculated Gamble"],"picked":"SKIP","floor":41.0},{"not_picked":["Flying Knee"],"picked":"SKIP","floor":45.0},{"not_picked":[],"picked":"Cloak And Dagger+1","floor":46.0}],"player_experience":896332,"relics_obtained":[{"floor":9.0,"key":"Paper Crane"},{"floor":11.0,"key":"StrikeDummy"},{"floor":23.0,"key":"Mercury Hourglass"},{"floor":26.0,"key":"Tough Bandages"},{"floor":43.0,"key":"Blood Vial"},{"floor":45.0,"key":"Regal Pillow"}],"event_choices":[{"damage_healed":0.0,"max_hp_gain":0.0,"max_hp_loss":0.0,"gold_gain":0.0,"cards_transformed":["Strike_G"],"event_name":"Living Wall","player_choice":"Change","floor":3.0,"gold_loss":0.0,"damage_taken":0.0,"cards_obtained":["Infinite Blades"]},{"damage_healed":0.0,"max_hp_gain":0.0,"max_hp_loss":0.0,"gold_gain":0.0,"event_name":"Lab","player_choice":"Got Potions","floor":4.0,"gold_loss":0.0,"damage_taken":0.0},{"damage_healed":0.0,"max_hp_gain":0.0,"max_hp_loss":0.0,"gold_gain":0.0,"event_name":"The Woman in Blue","player_choice":"Bought 0 Potions","floor":19.0,"gold_loss":0.0,"damage_taken":0.0},{"damage_healed":25.0,"max_hp_gain":0.0,"max_hp_loss":0.0,"gold_gain":0.0,"event_name":"The Library","player_choice":"Heal","floor":22.0,"gold_loss":0.0,"damage_taken":0.0},{"damage_healed":0.0,"max_hp_gain":0.0,"max_hp_loss":0.0,"gold_gain":0.0,"event_name":"Vampires","player_choice":"Ignored","floor":28.0,"gold_loss":0.0,"damage_taken":0.0},{"damage_healed":0.0,"max_hp_gain":0.0,"max_hp_loss":0.0,"gold_gain":0.0,"event_name":"Duplicator","player_choice":"Copied","floor":36.0,"gold_loss":0.0,"damage_taken":0.0,"cards_obtained":["Night Terror"]}],"is_beta":false,"boss_relics":[{"not_picked":["Velvet Choker","Pandora\u0027s Box"],"picked":"Tiny House"},{"not_picked":["Black Star","SacredBark"],"picked":"Busted Crown"}],"items_purged_floors":[14,20,30],"is_endless":false,"potions_floor_spawned":[5,7,16,18,23,27,38,39,46],"ascension_level":12}}