{"host":"9kjfrj3pewitpdem","time":1608985370,"event":{"mods":["AchievementEnabler","BaseMod","Better Altar","Better Match","Better Note","Better Sensory Stone","Better Skull","Better Third Choice","BetterRewards","Colored Map","Colored Powertips","GifTheSpireLib","Hermit","Hero for Fun","Hubris","Jorbs\u0027s Wanderer Trilogy","Minty Spire (QoL Compilation)","Replay The Spire","StSLib","The Bladedancer","The Cursed","The Hierophant","The Runesmith","The Servant 0.9.4"],"gold_per_floor":[111,111,111,61,78,78,0,0,27,27,27,47,64,92,92,194,194,209,227,244,255,205,205,205,205,229,229,72,72,72,97,97,197,197,217,227,49,69,79,114,114,149,149,165,165,165,165],"floor_reached":46,"playtime":2041,"items_purged":["Strike_G","Defend_G"],"score":521,"play_id":"53395c6c-5174-478a-b882-dca5cd7a29a8","local_time":"20201226232250","is_ascension_mode":false,"campfire_choices":[{"data":"Infinite Blades","floor":6,"key":"SMITH"},{"data":"Enlightenment","floor":8,"key":"SMITH"},{"data":"ReplayTheSpireMod:Shiv Toss","floor":15,"key":"SMITH"},{"floor":23,"key":"REST"},{"floor":25,"key":"REST"},{"floor":27,"key":"REST"},{"floor":41,"key":"REST"}],"circlet_count":0,"master_deck":["Strike_G","Defend_G","Defend_G+1","Survivor","Neutralize","Blade Dance+1","Infinite Blades+1","Enlightenment+1","Apotheosis+1","hubris:Sniper","ReplayTheSpireMod:Shiv Toss+1","Slice+1","ReplayTheSpireMod:Speed Training","Tactician+1","Finesse","Blade Dance+1","Expertise+1","After Image","Cloak And Dagger+1","Backflip","Concentrate","Slice+1","Cloak And Dagger+1","Cloak And Dagger+1"],"relics":["Ring of the Snake","Anchor","hubris:Towel","Akabeko","Juzu Bracelet","hubris:VirtuousBlindfold","War Paint","Mummified Hand","Empty Cage","PreservedInsect","Replay:Wax Seal","Toxic Egg 2"],"acts_visited":["Exordium","TheCity","TheBeyond"],"potions_floor_usage":[13,14,16,19,36,38,40],"damage_taken":[{"damage":0,"enemies":"Cultist","floor":1,"turns":4},{"damage":0,"enemies":"Jaw Worm","floor":5,"turns":3},{"damage":0,"enemies":"Small Slimes","floor":12,"turns":2},{"damage":0,"enemies":"3 Louse","floor":13,"turns":3},{"damage":12,"enemies":"3 Sentries","floor":14,"turns":5},{"damage":19,"enemies":"Slime Boss","floor":16,"turns":11},{"damage":0,"enemies":"Shell Parasite","floor":18,"turns":4},{"damage":0,"enemies":"Chosen","floor":19,"turns":5},{"damage":38,"enemies":"Sentry and Sphere","floor":20,"turns":8},{"damage":32,"enemies":"Cultist and Chosen","floor":21,"turns":11},{"damage":31,"enemies":"Replay:Snechameleon","floor":31,"turns":6},{"damage":56,"enemies":"hubris:MusketHawk","floor":33,"turns":9},{"damage":1,"enemies":"Orb Walker","floor":35,"turns":3},{"damage":0,"enemies":"3 Darklings","floor":36,"turns":4},{"damage":19,"enemies":"Maw","floor":38,"turns":7},{"damage":16,"enemies":"Sphere and 2 Shapes","floor":39,"turns":6},{"damage":14,"enemies":"R_Hoarder","floor":40,"turns":7},{"damage":0,"enemies":"Giant Head","floor":42,"turns":6},{"damage":21,"enemies":"Jaw Worm Horde","floor":44,"turns":4},{"damage":28,"enemies":"Spire Growth","floor":46,"turns":3}],"seed_played":"6446191596680322854","potions_obtained":[{"floor":1,"key":"Reflective Coating"},{"floor":12,"key":"LifebloodPotion"},{"floor":14,"key":"GhostInAJar"},{"floor":18,"key":"ColorlessPotion"},{"floor":33,"key":"EssenceOfSteel"},{"floor":35,"key":"ColorlessPotion"},{"floor":39,"key":"FearPotion"},{"floor":40,"key":"Dexterity Potion"}],"is_trial":false,"path_per_floor":["M","?","?","?","M","R","?","R","T","?","$","M","M","E","R","B",null,"M","M","M","M","?","R","?","R","T","R","$","?","$","E","R_BF","B",null,"M","M","$","M","M","E","R","E","T","M","?","M"],"character_chosen":"THE_SILENT","items_purchased":["Finesse","Concentrate"],"campfire_rested":4,"item_purchase_floors":[28,37],"current_hp_per_floor":[70,70,70,70,70,70,76,76,76,76,76,76,76,64,64,45,76,76,76,38,6,6,28,28,50,50,72,72,72,72,41,63,7,76,75,75,75,56,40,26,48,48,48,27,27,0,0],"gold":165,"neow_bonus":"RANDOM_COMMON_RELIC","is_daily":false,"chose_seed":false,"campfire_upgraded":3,"win_rate":0.0,"timestamp":1608985370,"path_taken":["M","?","?","?","M","R","?","R","T","?","?","M","M","E","R","BOSS","M","M","M","M","?","R","?","R","T","R","$","?","$","E","R_BF","BOSS","M","M","$","M","M","E","R","E","T","M","?","M"],"items_purchased_type":["Card","Card"],"build_version":"2020-12-22","purchased_purges":2,"victory":false,"max_hp_per_floor":[70,70,70,70,70,70,76,76,76,76,76,76,76,76,76,76,76,76,76,76,76,76,76,76,76,76,76,76,76,76,76,76,76,76,76,76,76,76,76,76,76,76,76,76,76,76,76],"card_choices":[{"not_picked":["hubris:Counter","Dash"],"picked":"Blade Dance","floor":1},{"not_picked":["Dodge and Roll","Well Laid Plans"],"picked":"Infinite Blades","floor":5},{"not_picked":["Slice","Poisoned Stab"],"picked":"hubris:Sniper","floor":12},{"not_picked":["Skewer","PiercingWail"],"picked":"ReplayTheSpireMod:Shiv Toss","floor":13},{"not_picked":["hubris:SlightOfHand","Blade Dance","Prepared"],"picked":"SKIP","floor":14},{"not_picked":["Dagger Throw","Expertise+1"],"picked":"Slice","floor":18},{"not_picked":["Endless Agony","Deadly Poison+1"],"picked":"ReplayTheSpireMod:Speed Training","floor":19},{"not_picked":["ReplayTheSpireMod:Tripwire+1","Replay:Poison Smokescreen+1"],"picked":"Tactician","floor":20},{"not_picked":["Poisoned Stab","Masterful Stab","Quick Slash"],"picked":"SKIP","floor":21},{"not_picked":["ReplayTheSpireMod:Shiv Toss+1","Endless Agony"],"picked":"Expertise+1","floor":31},{"not_picked":["Glass Knife","Venomology"],"picked":"After Image","floor":33},{"not_picked":["Acrobatics","Dodge and Roll"],"picked":"Cloak And Dagger+1","floor":35},{"not_picked":["hubris:Counter","ReplayTheSpireMod:Exploit Weakness"],"picked":"Backflip","floor":36},{"not_picked":["Quick Slash+1","Dash"],"picked":"Slice+1","floor":38},{"not_picked":["Tools of the Trade","Quick Slash"],"picked":"Cloak And Dagger+1","floor":39},{"not_picked":["Reflex","Escape Plan+1"],"picked":"Cloak And Dagger+1","floor":40},{"not_picked":["Blade Dance+1","Reflex+1","Tools of the Trade"],"picked":"SKIP","floor":42},{"not_picked":["ReplayTheSpireMod:Shiv Toss+1","Bane","Envenom"],"picked":"SKIP","floor":44}],"player_experience":120871,"relics_obtained":[{"floor":9,"key":"Akabeko"},{"floor":14,"key":"Juzu Bracelet"},{"floor":26,"key":"War Paint"},{"floor":31,"key":"Mummified Hand"},{"floor":40,"key":"PreservedInsect"},{"floor":42,"key":"Replay:Wax Seal"},{"floor":43,"key":"Toxic Egg 2"}],"event_choices":[{"cards_removed":["Strike_G"],"damage_healed":0,"gold_gain":0,"player_choice":"Card Removal","damage_taken":0,"max_hp_gain":0,"max_hp_loss":0,"event_name":"The Cleric","floor":4,"gold_loss":50},{"damage_healed":0,"gold_gain":0,"player_choice":"RENOUNCE","damage_taken":78,"max_hp_gain":0,"max_hp_loss":0,"event_name":"betterThird:BetterSerpent","floor":7,"gold_loss":78,"cards_obtained":["Enlightenment"]},{"damage_healed":76,"gold_gain":0,"player_choice":"Embrace","damage_taken":0,"max_hp_gain":0,"max_hp_loss":76,"event_name":"betterThird:BetterShining","floor":10,"gold_loss":0},{"damage_healed":0,"gold_gain":0,"player_choice":"Bet on Murderer","damage_taken":0,"max_hp_gain":0,"max_hp_loss":0,"event_name":"The Joust","floor":22,"gold_loss":50},{"damage_healed":0,"gold_gain":0,"player_choice":"Upgraded","damage_taken":0,"max_hp_gain":0,"max_hp_loss":0,"event_name":"Upgrade Shrine","floor":24,"gold_loss":0,"cards_upgraded":["Tactician"]},{"damage_healed":0,"gold_gain":0,"player_choice":"Copied","damage_taken":0,"max_hp_gain":0,"max_hp_loss":0,"event_name":"Duplicator","floor":29,"gold_loss":0,"cards_obtained":["Blade Dance"]},{"cards_removed":["Strike_G"],"damage_healed":0,"gold_gain":0,"player_choice":"Purged","damage_taken":0,"max_hp_gain":0,"max_hp_loss":0,"event_name":"Purifier","floor":45,"gold_loss":0}],"is_beta":false,"boss_relics":[{"not_picked":["hubris:RunicObelisk","hubris:GrandSneckoEye"],"picked":"hubris:VirtuousBlindfold"},{"not_picked":["Cursed Key","SlaversCollar"],"picked":"Empty Cage"}],"items_purged_floors":[28,37],"is_endless":false,"potions_floor_spawned":[1,12,14,18,33,35,39,40],"killed_by":"Spire Growth","ascension_level":0}}