{"host":"bg8va46pgqgvtzim","time":1608987465,"event":{"mods":["BaseMod","Minty Spire (QoL Compilation)","Quick Restart","StSLib","SuperFastMode"],"gold_per_floor":[111,111,122,140,153,183,183,208,208,208,208,208,239,256,256,356,356,368,368,416,429,443,470,470,500,500,534,554,588,598,598,598,700,700,719,738,738,790,840,867,867,867,1167,1167,1092,1118,1137,1165,1165,1165,1165,1165,587,622,622],"floor_reached":56,"playtime":1483,"items_purged":["Strike_P+1","Strike_P+1"],"score":1663,"play_id":"aa11cacd-fb8b-4f4a-97c4-9d2bfb04c72f","local_time":"20201226205745","is_ascension_mode":true,"campfire_choices":[{"data":"Eruption","floor":7.0,"key":"SMITH"},{"data":"Deep Breath","floor":12.0,"key":"SMITH"},{"data":"Meditate","floor":15.0,"key":"SMITH"},{"floor":24.0,"key":"REST"},{"floor":32.0,"key":"REST"},{"floor":41.0,"key":"REST"},{"floor":44.0,"key":"RECALL"},{"data":"Vault","floor":49.0,"key":"SMITH"},{"floor":52.0,"key":"REST"}],"circlet_count":0,"master_deck":["Defend_P+1","Defend_P+1","Defend_P+1","Defend_P+1","Eruption+1","Vigilance+1","Deep Breath+1","Vengeance+1","SignatureMove+1","Study+1","Prostrate+1","Meditate+1","LessonLearned+1","Collect+1","Vault+1","MentalFortress+1","Adaptation+1","TalkToTheHand+1","Indignation","Wish","ClearTheMind+1"],"relics":["PureWater","Singing Bowl","Centennial Puzzle","Pantograph","SlaversCollar","Tiny Chest","Blood Vial","Whetstone","Potion Belt","Question Card","Bottled Tornado","VioletLotus","Regal Pillow","Unceasing Top","Bag of Marbles","Old Coin","Happy Flower","Mango","Membership Card","Ornamental Fan","Oddly Smooth Stone","TungstenRod"],"acts_visited":["TheCity","TheBeyond","TheEnding"],"potions_floor_usage":[55,55,55,55],"damage_taken":[{"damage":5.0,"enemies":"Jaw Worm","floor":1.0,"turns":4.0},{"damage":0.0,"enemies":"Small Slimes","floor":3.0,"turns":2.0},{"damage":0.0,"enemies":"2 Louse","floor":4.0,"turns":2.0},{"damage":17.0,"enemies":"Lots of Slimes","floor":5.0,"turns":5.0},{"damage":0.0,"enemies":"Lagavulin","floor":6.0,"turns":4.0},{"damage":24.0,"enemies":"Gremlin Nob","floor":8.0,"turns":4.0},{"damage":0.0,"enemies":"Lagavulin","floor":13.0,"turns":4.0},{"damage":5.0,"enemies":"Exordium Wildlife","floor":14.0,"turns":3.0},{"damage":16.0,"enemies":"Slime Boss","floor":16.0,"turns":6.0},{"damage":21.0,"enemies":"2 Thieves","floor":18.0,"turns":4.0},{"damage":0.0,"enemies":"Chosen","floor":21.0,"turns":4.0},{"damage":22.0,"enemies":"Snake Plant","floor":22.0,"turns":7.0},{"damage":8.0,"enemies":"Gremlin Leader","floor":23.0,"turns":5.0},{"damage":6.0,"enemies":"Slavers","floor":25.0,"turns":3.0},{"damage":25.0,"enemies":"Book of Stabbing","floor":27.0,"turns":5.0},{"damage":0.0,"enemies":"Snecko","floor":28.0,"turns":3.0},{"damage":4.0,"enemies":"Slavers","floor":29.0,"turns":5.0},{"damage":18.0,"enemies":"Shelled Parasite and Fungi","floor":30.0,"turns":4.0},{"damage":0.0,"enemies":"Automaton","floor":33.0,"turns":6.0},{"damage":0.0,"enemies":"3 Darklings","floor":35.0,"turns":6.0},{"damage":0.0,"enemies":"Orb Walker","floor":36.0,"turns":2.0},{"damage":21.0,"enemies":"Mind Bloom Boss Battle","floor":39.0,"turns":8.0},{"damage":14.0,"enemies":"Reptomancer","floor":40.0,"turns":5.0},{"damage":17.0,"enemies":"Nemesis","floor":46.0,"turns":6.0},{"damage":1.0,"enemies":"Maw","floor":47.0,"turns":7.0},{"damage":1.0,"enemies":"Giant Head","floor":48.0,"turns":7.0},{"damage":36.0,"enemies":"Awakened One","floor":50.0,"turns":8.0},{"damage":4.0,"enemies":"Shield and Spear","floor":54.0,"turns":5.0},{"damage":26,"enemies":"The Heart","floor":55,"turns":7}],"seed_played":"8711239706884868967","potions_obtained":[{"floor":1.0,"key":"Regen Potion"},{"floor":5.0,"key":"Explosive Potion"},{"floor":6.0,"key":"Dexterity Potion"},{"floor":8.0,"key":"Dexterity Potion"},{"floor":16.0,"key":"EntropicBrew"},{"floor":22.0,"key":"Dexterity Potion"},{"floor":27.0,"key":"Fire Potion"},{"floor":28.0,"key":"LiquidBronze"},{"floor":29.0,"key":"LiquidBronze"},{"floor":39.0,"key":"Explosive Potion"},{"floor":47.0,"key":"Ancient Potion"}],"is_trial":false,"path_per_floor":["M","?","M","M","M","E","R","E","T","?","?","R","E","M","R","B",null,"M","?","T","M","M","E","R","E","T","E","M","E","M","?","R","B",null,"M","M","?","T","?","E","R","?","T","R","$","E","M","E","R","B",null,"R","$","E","B",null],"character_chosen":"WATCHER","items_purchased":["Membership Card","Ornamental Fan","Oddly Smooth Stone","Block Potion","EssenceOfSteel","Ancient Potion","Indignation","Wish"],"campfire_rested":4,"item_purchase_floors":[53,53,53,53,53,53,53,53],"current_hp_per_floor":[67,72,72,72,69,69,69,47,47,47,47,47,49,46,46,55,83,64,64,64,66,46,40,67,65,65,44,46,46,32,32,61,88,99,99,101,101,101,82,72,105,105,105,105,105,88,89,106,106,85,121,121,121,117,95],"gold":622,"neow_bonus":"RANDOM_COLORLESS","is_daily":false,"chose_seed":false,"campfire_upgraded":4,"win_rate":0.0,"timestamp":1608987465,"path_taken":["M","?","M","M","M","E","R","E","T","?","?","R","E","?","R","BOSS","M","?","?","M","M","E","R","E","T","E","M","E","?","?","R","BOSS","M","M","?","?","?","E","R","?","T","R","$","E","M","E","R","BOSS","R","$","E","BOSS"],"items_purchased_type":["Relic","Relic","Relic","Potion","Potion","Potion","Card","Card"],"build_version":"2020-12-22","purchased_purges":2,"victory":true,"max_hp_per_floor":[72,77,77,77,77,77,77,79,79,79,79,79,81,83,83,83,83,85,85,85,87,89,91,91,93,93,95,95,97,99,99,99,99,99,99,101,101,101,103,105,105,105,105,105,105,105,105,121,121,121,121,121,121,121,121],"card_choices":[{"not_picked":["Good Instincts","Dark Shackles"],"picked":"Deep Breath","floor":0.0},{"not_picked":["Protect","JustLucky"],"picked":"Vengeance","floor":1.0},{"not_picked":["BattleHymn","Prostrate"],"picked":"SignatureMove","floor":3.0},{"not_picked":["ThirdEye","EmptyBody"],"picked":"Study","floor":4.0},{"not_picked":["Brilliance","JustLucky"],"picked":"Prostrate","floor":5.0},{"not_picked":["Perseverance","Halt"],"picked":"Meditate","floor":6.0},{"not_picked":["Brilliance","EmptyBody","SignatureMove"],"picked":"Singing Bowl","floor":8.0},{"not_picked":["BattleHymn","EmptyBody","Consecrate"],"picked":"Singing Bowl","floor":13.0},{"not_picked":["BowlingBash","Crescendo","JustLucky"],"picked":"Singing Bowl","floor":14.0},{"not_picked":["Blasphemy","SpiritShield"],"picked":"LessonLearned","floor":16.0},{"not_picked":["Protect","SashWhip","Consecrate"],"picked":"Singing Bowl","floor":18.0},{"not_picked":["Crescendo","EmptyFist+1","Evaluate+1"],"picked":"Singing Bowl","floor":21.0},{"not_picked":["BowlingBash","SashWhip+1","Vengeance"],"picked":"Singing Bowl","floor":22.0},{"not_picked":["ForeignInfluence","FollowUp","EmptyFist"],"picked":"Singing Bowl","floor":23.0},{"not_picked":["Evaluate","BowlingBash+1","Crescendo"],"picked":"Singing Bowl","floor":25.0},{"not_picked":["BowlingBash","Devotion","Conclude+1"],"picked":"Singing Bowl","floor":27.0},{"not_picked":["Crescendo","Meditate","Protect"],"picked":"Collect","floor":28.0},{"not_picked":["FlurryOfBlows+1","SandsOfTime","ForeignInfluence","FollowUp"],"picked":"Singing Bowl","floor":29.0},{"not_picked":["LikeWater+1","CutThroughFate","BowlingBash+1","Protect+1"],"picked":"Singing Bowl","floor":30.0},{"not_picked":["MasterReality","Ragnarok","SpiritShield"],"picked":"Vault","floor":33.0},{"not_picked":["PathToVictory","SashWhip+1","Evaluate+1"],"picked":"MentalFortress+1","floor":35.0},{"not_picked":["EmptyFist","FlyingSleeves","ForeignInfluence+1","Protect"],"picked":"Singing Bowl","floor":36.0},{"not_picked":["Consecrate","Conclude","SashWhip+1","BowlingBash+1"],"picked":"Singing Bowl","floor":39.0},{"not_picked":["FlurryOfBlows+1","BattleHymn+1","ReachHeaven+1","ThirdEye"],"picked":"Singing Bowl","floor":40.0},{"not_picked":["ReachHeaven","FollowUp+1","TalkToTheHand"],"picked":"Adaptation","floor":46.0},{"not_picked":["Consecrate+1","Crescendo","Worship+1"],"picked":"TalkToTheHand","floor":47.0},{"not_picked":["SandsOfTime+1","DeceiveReality","WindmillStrike+1","Crescendo+1"],"picked":"Singing Bowl","floor":48.0},{"not_picked":["Alpha","JustLucky+1","LikeWater+1"],"picked":"ClearTheMind+1","floor":54.0}],"player_experience":2158692,"relics_obtained":[{"floor":6.0,"key":"Singing Bowl"},{"floor":8.0,"key":"Centennial Puzzle"},{"floor":13.0,"key":"Pantograph"},{"floor":20.0,"key":"Tiny Chest"},{"floor":23.0,"key":"Blood Vial"},{"floor":25.0,"key":"Whetstone"},{"floor":26.0,"key":"Potion Belt"},{"floor":27.0,"key":"Question Card"},{"floor":29.0,"key":"Bottled Tornado"},{"floor":38.0,"key":"Regal Pillow"},{"floor":39.0,"key":"Unceasing Top"},{"floor":40.0,"key":"Bag of Marbles"},{"floor":43.0,"key":"Old Coin"},{"floor":46.0,"key":"Happy Flower"},{"floor":48.0,"key":"Mango"},{"floor":54.0,"key":"TungstenRod"}],"event_choices":[{"damage_healed":0.0,"max_hp_gain":5.0,"max_hp_loss":0.0,"gold_gain":0.0,"event_name":"Big Fish","player_choice":"Donut","floor":2.0,"gold_loss":0.0,"damage_taken":0.0},{"damage_healed":0.0,"max_hp_gain":0.0,"max_hp_loss":0.0,"gold_gain":0.0,"event_name":"Liars Game","player_choice":"Ignored","floor":10.0,"gold_loss":0.0,"damage_taken":0.0},{"damage_healed":0.0,"max_hp_gain":0.0,"max_hp_loss":0.0,"gold_gain":0.0,"event_name":"NoteForYourself","player_choice":"Ignored","floor":11.0,"gold_loss":0.0,"damage_taken":0.0},{"cards_removed":["Strike_P"],"damage_healed":0.0,"max_hp_gain":0.0,"max_hp_loss":0.0,"gold_gain":0.0,"event_name":"Back to Basics","player_choice":"Elegance","floor":19.0,"gold_loss":0.0,"damage_taken":0.0},{"damage_healed":0.0,"max_hp_gain":0.0,"max_hp_loss":0.0,"gold_gain":0.0,"event_name":"Vampires","player_choice":"Ignored","floor":31.0,"gold_loss":0.0,"damage_taken":0.0},{"damage_healed":0.0,"max_hp_gain":0.0,"max_hp_loss":0.0,"gold_gain":0.0,"event_name":"Tomb of Lord Red Mask","player_choice":"Ignored","floor":37.0,"gold_loss":0.0,"damage_taken":0.0},{"damage_healed":0.0,"max_hp_gain":0.0,"max_hp_loss":0.0,"gold_gain":0.0,"event_name":"MindBloom","player_choice":"Fight","floor":39.0,"gold_loss":0.0,"damage_taken":0.0},{"cards_removed":["Strike_P"],"damage_healed":0.0,"max_hp_gain":0.0,"max_hp_loss":0.0,"gold_gain":0.0,"event_name":"Falling","player_choice":"Removed Attack","floor":42.0,"gold_loss":0.0,"damage_taken":0.0}],"is_beta":false,"boss_relics":[{"not_picked":["Calling Bell","SacredBark"],"picked":"SlaversCollar"},{"not_picked":["Sozu","Runic Pyramid"],"picked":"VioletLotus"}],"items_purged_floors":[45,53],"is_endless":false,"potions_floor_spawned":[1,5,6,8,16,22,27,28,29,39,47],"ascension_level":1}}