{"host":"mfnyjbfkyfsz33u9","time":1608964201,"event":{"mods":["2.2 Compatiblity","BaseMod","Colored Powertips","Downfall","Marisa£¨Ùöéë¡¡Øª×âÞÞ£©","Minty Spire (QoL Compilation)","Rare Cards Sparkle","Replay The Spire","StSLib","SuperFastMode","The Marked"],"gold_per_floor":[99,109,109,126,137,147,174,174,22,46,46,69,69,69,83,187,187,187,187,187,199,8,23,23,23,23,58,76,76,89,89,89,89],"floor_reached":31,"playtime":1031,"items_purged":["Shame"],"score":267,"play_id":"a32c32fa-b55e-46c7-b731-06b8ae0f4b75","local_time":"20201226153001","is_ascension_mode":false,"campfire_choices":[{"data":"Slimebound:Split","floor":1,"key":"SMITH"},{"data":"Slimebound:SlimeSlap","floor":11,"key":"SMITH"},{"data":"Slimebound:HauntingLick","floor":18,"key":"PURGE"},{"data":"Slimebound:CorrosiveSpit","floor":25,"key":"SMITH"}],"circlet_count":0,"master_deck":["Slimebound:Strike_Slimebound+1","Slimebound:Tackle+1","Slimebound:Defend_Slimebound","Slimebound:Defend_Slimebound","Slimebound:Split+1","Slimebound:CorrosiveSpit+1","Slimebound:ItLooksTasty+1","Slimebound:SlimeSlap+1","Slimebound:LeechEnergy+1","Slimebound:Gluttony","Slimebound:SlimeTap","Slimebound:RallyTheTroops","Slimebound:Schlurp","Slimebound:MassRepurpose","Slimebound:LeadByExample+1","Slimebound:SelfFormingGoo+1","Slimebound:SplitBruiser+1","Slimebound:WasteNot","Slimebound:Grow+1","Slimebound:SplitLeeching"],"relics":["Slimebound:AbsorbEndCombat","Whetstone","ReplayTheSpireMod:Ring of Challenge","Slimebound:ScrapOozeRelic","Astrolabe","Vajra","Replay:Baseball","ReplayTheSpireMod:Lightbulb"],"acts_visited":["Exordium","TheCity"],"potions_floor_usage":[16,27,27,29],"damage_taken":[{"damage":16,"enemies":"Small Slimes","floor":2,"turns":3},{"damage":8,"enemies":"Cultist","floor":4,"turns":3},{"damage":11,"enemies":"2 Louse","floor":5,"turns":2},{"damage":23,"enemies":"Exordium Thugs","floor":6,"turns":4},{"damage":14,"enemies":"downfall:FleeingMerchant","floor":9,"turns":4},{"damage":16,"enemies":"3 Louse","floor":10,"turns":3},{"damage":21,"enemies":"2 Fungi Beasts","floor":12,"turns":4},{"damage":16,"enemies":"Exordium Wildlife","floor":15,"turns":2},{"damage":46,"enemies":"downfall:Ironclad","floor":16,"turns":4},{"damage":11,"enemies":"Spheric Guardian","floor":21,"turns":3},{"damage":9,"enemies":"downfall:FleeingMerchant","floor":22,"turns":4},{"damage":21,"enemies":"Chosen","floor":23,"turns":4},{"damage":33,"enemies":"Gremlin Leader","floor":27,"turns":5},{"damage":44,"enemies":"Sentry and Sphere","floor":28,"turns":4},{"damage":37,"enemies":"Slavers","floor":29,"turns":2},{"damage":36,"enemies":"3 Cultists","floor":30,"turns":4},{"damage":12,"enemies":"Centurion and Healer","floor":31,"turns":1}],"seed_played":"-5213226567376861294","potions_obtained":[{"floor":2,"key":"Slimebound:SlimedPotion"},{"floor":5,"key":"FearPotion"},{"floor":10,"key":"LifebloodPotion"},{"floor":21,"key":"SmokeBomb"},{"floor":30,"key":"Explosive Potion"}],"is_trial":false,"path_per_floor":["R","M","?","M","M","M","T","?","$","M","R","M","?","?","M","B",null,"R","?","?","M","$","M","T","R","?","E","M","E","M","M"],"character_chosen":"SLIMEBOUND","items_purchased":["Whetstone","Slimebound:Grow+1","Slimebound:SplitLeeching"],"campfire_rested":0,"item_purchase_floors":[9,22,22],"current_hp_per_floor":[60,56,56,60,60,57,57,57,60,52,52,47,47,47,59,42,60,60,60,60,60,60,59,59,59,43,60,36,15,11,0,0,0],"gold":89,"neow_bonus":"","is_daily":false,"chose_seed":false,"campfire_upgraded":3,"win_rate":0.0,"timestamp":1608964201,"path_taken":["R","M","?","M","?","M","T","?","?","?","R","M","?","?","M","BOSS","R","?","?","M","$","M","T","R","?","E","M","E","M","M"],"items_purchased_type":["Relic","Card","Card"],"build_version":"2020-12-22","purchased_purges":1,"victory":false,"max_hp_per_floor":[60,60,60,60,60,60,60,60,60,60,60,60,60,60,60,60,60,60,60,60,60,60,60,60,60,60,60,60,60,60,60,60,60],"card_choices":[{"not_picked":["Slimebound:SpikyOuterGoop","Slimebound:SplitBruiser"],"picked":"Slimebound:ItLooksTasty","floor":2},{"not_picked":["Slimebound:PressTheAttack","Slimebound:MegaLick"],"picked":"Slimebound:LeechEnergy","floor":4},{"not_picked":["Slimebound:Dissolve","Slimebound:SlimeSpikes"],"picked":"Slimebound:Gluttony","floor":5},{"not_picked":["Slimebound:ViciousTackle","Slimebound:LevelUp"],"picked":"Slimebound:SlimeTap","floor":6},{"not_picked":["Slimebound:SamplingLick","Slimebound:LeechEnergy"],"picked":"Slimebound:RallyTheTroops","floor":9},{"not_picked":["Slimebound:LeechEnergy","Slimebound:Equalize","Slimebound:SplitAcid"],"picked":"SKIP","floor":10},{"not_picked":["Slimebound:RollThrough","Slimebound:LeechEnergy"],"picked":"Slimebound:Schlurp","floor":12},{"not_picked":["Slimebound:SlimeSpikes","Slimebound:GrowthPunch"],"picked":"Slimebound:HauntingLick","floor":15},{"not_picked":["Slimebound:DouseInSlime","Slimebound:OozeBath"],"picked":"Slimebound:MassRepurpose","floor":16},{"not_picked":["Slimebound:PressTheAttack","Slimebound:FinishingTackle","Slimebound:SplitBruiser"],"picked":"SKIP","floor":21},{"not_picked":["Slimebound:MassFeed","Slimebound:RainOfGoop"],"picked":"Slimebound:WasteNot","floor":22},{"not_picked":["Slimebound:ComboTackle","Slimebound:Gluttony","Slimebound:RollThrough"],"picked":"SKIP","floor":23},{"not_picked":["Slimebound:LivingWall","Slimebound:ComboTackle","Slimebound:Grow"],"picked":"SKIP","floor":27},{"not_picked":["Slimebound:Schlurp+1","Slimebound:RollThrough","Slimebound:SlimeSpikes+1"],"picked":"SKIP","floor":28},{"not_picked":["Slimebound:SplitBruiser","Slimebound:Schlurp","Slimebound:Equalize"],"picked":"SKIP","floor":30}],"player_experience":111357,"relics_obtained":[{"floor":7,"key":"Replay:Bandana"},{"floor":13,"key":"ReplayTheSpireMod:Ring of Challenge"},{"floor":24,"key":"Replay:Baseball"},{"floor":27,"key":"ReplayTheSpireMod:Lightbulb"}],"event_choices":[{"damage_healed":0,"gold_gain":0,"cards_transformed":["Slimebound:Strike_Slimebound"],"player_choice":"Transformed","damage_taken":0,"max_hp_gain":0,"max_hp_loss":0,"event_name":"Transmorgrifier","floor":3,"gold_loss":0,"cards_obtained":["Slimebound:SlimeSlap"]},{"damage_healed":0,"gold_gain":0,"player_choice":"Stole Relic","damage_taken":0,"relics_obtained":["Vajra"],"max_hp_gain":0,"max_hp_loss":0,"event_name":"Addict","floor":19,"gold_loss":0,"cards_obtained":["Shame"]}],"is_beta":false,"boss_relics":[{"not_picked":["ChewingGum","Painkiller Herb"],"picked":"Astrolabe"}],"items_purged_floors":[22],"is_endless":false,"potions_floor_spawned":[2,5,10,12,15,21,29,30],"killed_by":"Centurion and Healer","ascension_level":0}}