{"host":"athd8lg4sftw81ak","time":1608950168,"event":{"mods":["BaseMod","Downfall","Hermit","Jorbs\u0027s Wanderer Trilogy","Minty Spire (QoL Compilation)","StSLib"],"gold_per_floor":[199,213,226,242,259,294,294,312,328,348,364,383,383,66,77,178,178,178,189,189,200,3,103,103,113,162,182,182,212,212,229,241,241,241,241],"floor_reached":33,"playtime":2029,"items_purged":["Slimebound:Strike_Slimebound","Slimebound:Defend_Slimebound"],"score":332,"play_id":"b739f115-d1d4-4202-9687-bd2671e05d91","local_time":"20201225213608","is_ascension_mode":true,"campfire_choices":[{"data":"Slimebound:CorrosiveSpit","floor":1.0,"key":"SMITH"},{"floor":13.0,"key":"REST"},{"data":"Slimebound:DouseInSlime","floor":18.0,"key":"SMITH"},{"floor":30,"key":"REST"}],"circlet_count":0,"master_deck":["Slimebound:Strike_Slimebound","Slimebound:Strike_Slimebound","Slimebound:Tackle","Slimebound:Defend_Slimebound","Slimebound:Defend_Slimebound","Slimebound:Defend_Slimebound","Slimebound:Split","Slimebound:CorrosiveSpit+1","Slimebound:RollThrough","Slimebound:Schlurp","Slimebound:LivingWall","Slimebound:GrowthPunch","Slimebound:Nibble","Slimebound:SlimeSpikes","Slimebound:AcidTongue","Slimebound:SlimeSpikes","Slimebound:RejuvenatingLick","Slimebound:SpikyOuterGoop","Slimebound:OozeBath","Slimebound:DouseInSlime+1","Slimebound:Recollect","Slimebound:LivingWall","Slimebound:FinishingTackle","Slimebound:GrowthPunch","Slimebound:RainOfGoop","Slimebound:ViciousTackle","hexamod:Haunted","Slimebound:MegaLick","Doubt","Slimebound:SamplingLick+1","Slimebound:LeechingTouch","Slimebound:LeechEnergy","Slimebound:RejuvenatingLick"],"relics":["Slimebound:AbsorbEndCombat","Slimebound:MaxSlimesRelic","Sundial","Tiny Chest","Cursed Key","Bottled Lightning","StrikeDummy","Dream Catcher","White Beast Statue"],"acts_visited":["Exordium","TheCity"],"potions_floor_usage":[29,29,31,33],"damage_taken":[{"damage":7.0,"enemies":"Cultist","floor":2.0,"turns":3.0},{"damage":1.0,"enemies":"2 Louse","floor":3.0,"turns":2.0},{"damage":11.0,"enemies":"Jaw Worm","floor":4.0,"turns":3.0},{"damage":17.0,"enemies":"Exordium Thugs","floor":5.0,"turns":5.0},{"damage":36.0,"enemies":"Gremlin Nob","floor":6.0,"turns":5.0},{"damage":12.0,"enemies":"Blue Slaver","floor":8.0,"turns":3.0},{"damage":21.0,"enemies":"Large Slime","floor":9.0,"turns":5.0},{"damage":12.0,"enemies":"3 Louse","floor":10.0,"turns":3.0},{"damage":18.0,"enemies":"Blue Slaver","floor":11.0,"turns":3.0},{"damage":15.0,"enemies":"Lots of Slimes","floor":12.0,"turns":3.0},{"damage":15.0,"enemies":"downfall:FleeingMerchant","floor":14.0,"turns":4.0},{"damage":8.0,"enemies":"Large Slime","floor":15.0,"turns":6.0},{"damage":42.0,"enemies":"downfall:Ironclad","floor":16.0,"turns":9.0},{"damage":26.0,"enemies":"Shell Parasite","floor":19.0,"turns":7.0},{"damage":13.0,"enemies":"Snake Plant","floor":21.0,"turns":4.0},{"damage":4.0,"enemies":"downfall:FleeingMerchant","floor":22.0,"turns":4.0},{"damage":21.0,"enemies":"downfall:Watcher","floor":23.0,"turns":6.0},{"damage":10.0,"enemies":"Centurion and Healer","floor":25.0,"turns":6.0},{"damage":37.0,"enemies":"Cultist and Chosen","floor":27.0,"turns":6.0},{"damage":50,"enemies":"Gremlin Leader","floor":29,"turns":6},{"damage":33,"enemies":"Snake Plant","floor":31,"turns":3},{"damage":30,"enemies":"Sentry and Sphere","floor":32,"turns":7},{"damage":18,"enemies":"downfall:Silent","floor":33,"turns":1}],"seed_played":"7092760636105809368","potions_obtained":[{"floor":3.0,"key":"Swift Potion"},{"floor":6.0,"key":"sneckomod:MuddlingPotion"},{"floor":9.0,"key":"PowerPotion"},{"floor":11.0,"key":"DuplicationPotion"},{"floor":12.0,"key":"SkillPotion"},{"floor":20.0,"key":"Explosive Potion"},{"floor":20.0,"key":"Slimebound:SpawnSlimePotion"},{"floor":20.0,"key":"Explosive Potion"},{"floor":21.0,"key":"EssenceOfSteel"},{"floor":25.0,"key":"Swift Potion"},{"floor":27.0,"key":"Explosive Potion"},{"floor":29,"key":"champ:CounterPotion"},{"floor":31,"key":"sneckomod:MuddlingPotion"},{"floor":32,"key":"ColorlessPotion"}],"is_trial":false,"path_per_floor":["R","M","M","M","M","E","T","M","M","M","M","M","R","$","M","B",null,"R","M","?","M","$","?","T","M","T","M","?","E","R","M","M","B"],"character_chosen":"SLIMEBOUND","items_purchased":["Slimebound:SpikyOuterGoop","Tiny Chest","Slimebound:GrowthPunch","Slimebound:RainOfGoop"],"campfire_rested":2,"item_purchase_floors":[14,14,22,22],"current_hp_per_floor":[60,60,59,54,47,27,27,33,32,32,28,23,41,46,56,42,60,60,53,53,58,60,60,60,60,60,45,45,25,43,18,14,0,0,0],"gold":241,"neow_bonus":"HUNDRED_GOLD","is_daily":false,"chose_seed":false,"campfire_upgraded":2,"win_rate":0.0,"timestamp":1608950168,"path_taken":["R","M","M","M","M","E","T","?","M","M","M","M","R","$","M","BOSS","R","M","?","M","?","?","T","M","?","?","?","E","R","M","M","BOSS"],"items_purchased_type":["Card","Relic","Card","Card"],"build_version":"2020-12-22","purchased_purges":2,"victory":false,"max_hp_per_floor":[60,60,60,60,60,60,60,60,60,60,60,60,60,60,60,60,60,60,60,60,60,60,60,60,60,60,60,60,60,60,60,60,60,60,60],"card_choices":[{"not_picked":["Slimebound:LeechEnergy","Slimebound:SplitAcid"],"picked":"Slimebound:RollThrough","floor":2.0},{"not_picked":["Slimebound:LeechingTouch","Slimebound:ComboTackle"],"picked":"Slimebound:Schlurp","floor":3.0},{"not_picked":["Slimebound:FlameTackle","Slimebound:GrowthPunch"],"picked":"Slimebound:LivingWall","floor":4.0},{"not_picked":["Slimebound:SlimeSlap","Slimebound:AcidTongue"],"picked":"Slimebound:GrowthPunch","floor":5.0},{"not_picked":["Slimebound:SlimeBarrage","Slimebound:Schlurp"],"picked":"Slimebound:Nibble","floor":6.0},{"not_picked":["Slimebound:Schlurp","Slimebound:LeechingTouch"],"picked":"Slimebound:SlimeSpikes","floor":8.0},{"not_picked":["Slimebound:SlimeSpikes","Slimebound:SplitLeeching"],"picked":"Slimebound:AcidTongue","floor":9.0},{"not_picked":["Slimebound:GoopTackle","Slimebound:RollThrough","Slimebound:LevelUp"],"picked":"SKIP","floor":10.0},{"not_picked":["Slimebound:FirmFortitude","Slimebound:Replication","Slimebound:SplitAcid"],"picked":"SKIP","floor":11.0},{"not_picked":["Slimebound:SplitBruiser","Slimebound:LeechEnergy"],"picked":"Slimebound:SlimeSpikes","floor":12.0},{"not_picked":["Slimebound:LeechEnergy","Slimebound:SlimeSpikes"],"picked":"Slimebound:RejuvenatingLick","floor":14.0},{"not_picked":["Slimebound:SplitLeeching","Slimebound:ItLooksTasty"],"picked":"Slimebound:OozeBath","floor":15.0},{"not_picked":["Slimebound:OozeBath","Slimebound:RallyTheTroops"],"picked":"Slimebound:DouseInSlime","floor":16.0},{"not_picked":["Slimebound:Nibble","Slimebound:Grow"],"picked":"Slimebound:Recollect","floor":19.0},{"not_picked":["Slimebound:Repurpose","Slimebound:SplitAcid"],"picked":"Slimebound:LivingWall","floor":21.0},{"not_picked":["Slimebound:Chomp","Slimebound:ForwardTackle"],"picked":"Slimebound:FinishingTackle","floor":22.0},{"not_picked":["Slimebound:RejuvenatingLick","Slimebound:ForwardTackle"],"picked":"Slimebound:ViciousTackle","floor":23.0},{"not_picked":["Slimebound:RollThrough","Slimebound:SlimeSpikes"],"picked":"Slimebound:MegaLick","floor":25.0},{"not_picked":["Slimebound:Repurpose+1","Slimebound:RollThrough+1"],"picked":"Slimebound:SamplingLick+1","floor":27.0},{"not_picked":["Slimebound:ItLooksTasty","Slimebound:GrowthPunch","Slimebound:MassRepurpose"],"picked":"SKIP","floor":29},{"not_picked":["Slimebound:SamplingLick+1","Slimebound:SplitAcid"],"picked":"Slimebound:LeechingTouch","floor":30},{"not_picked":["Slimebound:RollThrough","Slimebound:ViciousTackle"],"picked":"Slimebound:LeechEnergy","floor":31},{"not_picked":["Slimebound:GrowthPunch","Slimebound:GoopSpray"],"picked":"Slimebound:RejuvenatingLick","floor":32}],"player_experience":571391,"relics_obtained":[{"floor":6.0,"key":"Slimebound:MaxSlimesRelic"},{"floor":7.0,"key":"Sundial"},{"floor":23.0,"key":"Bottled Lightning"},{"floor":24.0,"key":"StrikeDummy"},{"floor":26.0,"key":"Dream Catcher"},{"floor":29,"key":"White Beast Statue"}],"event_choices":[{"damage_healed":0.0,"max_hp_gain":0.0,"max_hp_loss":0.0,"gold_gain":0.0,"event_name":"Lab","player_choice":"Got Potions","floor":20.0,"gold_loss":0.0,"damage_taken":0.0},{"damage_healed":0.0,"max_hp_gain":0.0,"max_hp_loss":0.0,"gold_gain":0.0,"event_name":"Ghosts","player_choice":"Ignored","floor":28.0,"gold_loss":0.0,"damage_taken":0.0}],"is_beta":false,"boss_relics":[{"not_picked":["Astrolabe","Fusion Hammer"],"picked":"Cursed Key"}],"items_purged_floors":[14,22],"is_endless":false,"potions_floor_spawned":[3,6,9,11,12,21,25,27,29,31,32],"killed_by":"downfall:Silent","ascension_level":4}}