{"host":"Brown Brick","time":1608976632,"event":{"mods":["BaseMod","Melee Mod","Minty Spire (QoL Compilation)","Rare Cards Sparkle","Relic Stats","Robot Space Explorer","StSLib","The Marked","Unceasing Turn Reminder","everything is the same but u backflip on backflip"],"gold_per_floor":[119,130,205,205,216,216,241,241,265,265,279,299,311,340,340,443,443,454,454,465,390,404,432,432,448,448,448,302,302,302,313,313,313,313],"floor_reached":33,"playtime":1965,"items_purged":[],"score":302,"play_id":"b661beaa-c878-4bda-a7ea-7a5aba9ec6ad","local_time":"20201226105712","is_ascension_mode":false,"campfire_choices":[{"data":"theMarked:Panic","floor":6,"key":"SMITH"},{"data":"theMarked:WardOff","floor":8,"key":"SMITH"},{"data":"theMarked:EmpowerWeapon","floor":15,"key":"SMITH"},{"floor":24,"key":"DIG"},{"floor":27,"key":"RECALL"},{"floor":29,"key":"DIG"},{"floor":32,"key":"REST"}],"circlet_count":0,"master_deck":["theMarked:Strike","theMarked:Strike","theMarked:Strike","theMarked:Strike","theMarked:Strike","theMarked:Defend","theMarked:Defend","theMarked:Defend","theMarked:Defend","theMarked:SoldierOfQuellstein+1","theMarked:HeightenedSenses","theMarked:Panic+1","theMarked:WardOff+1","theMarked:EmpowerWeapon+1","theMarked:SuspiciousRaven","theMarked:ElectricStrings","theMarked:Levitate","CurseOfTheBell","theMarked:EmpowerWeapon+1","theMarked:HeritageOfTheMarked","theMarked:DeterminationOfTheMarked","theMarked:SoldierForm"],"relics":["theMarked:ArtifactOfAir","Pear","CaptainsWheel","Akabeko","Question Card","Calling Bell","Tiny Chest","Singing Bowl","Shovel","Omamori","Art of War","Nunchaku","Molten Egg 2","Necronomicon"],"acts_visited":["Exordium","TheCity"],"potions_floor_usage":[20,33,33],"damage_taken":[{"damage":1,"enemies":"Cultist","floor":1,"turns":3},{"damage":0,"enemies":"Small Slimes","floor":2,"turns":4},{"damage":1,"enemies":"Jaw Worm","floor":5,"turns":3},{"damage":16,"enemies":"Gremlin Nob","floor":7,"turns":4},{"damage":0,"enemies":"Exordium Wildlife","floor":11,"turns":4},{"damage":5,"enemies":"Looter","floor":12,"turns":3},{"damage":0,"enemies":"Blue Slaver","floor":13,"turns":3},{"damage":8,"enemies":"3 Sentries","floor":14,"turns":6},{"damage":7,"enemies":"Slime Boss","floor":16,"turns":8},{"damage":5,"enemies":"3 Byrds","floor":18,"turns":5},{"damage":0,"enemies":"Spheric Guardian","floor":20,"turns":4},{"damage":14,"enemies":"Centurion and Healer","floor":22,"turns":6},{"damage":18,"enemies":"Book of Stabbing","floor":23,"turns":6},{"damage":3,"enemies":"Snecko","floor":25,"turns":4},{"damage":29,"enemies":"Cultist and Chosen","floor":31,"turns":7},{"damage":44,"enemies":"Champ","floor":33,"turns":10}],"seed_played":"-5266040414699793361","potions_obtained":[{"floor":1,"key":"BlessingOfTheForge"},{"floor":11,"key":"Dexterity Potion"},{"floor":16,"key":"Ancient Potion"},{"floor":20,"key":"SkillPotion"}],"is_trial":false,"path_per_floor":["M","M","T","?","M","R","E","R","T","?","M","M","M","E","R","B",null,"M","?","M","$","M","E","R","M","T","R","$","R","?","M","R","B"],"character_chosen":"THE_DEFAULT","items_purchased":["theMarked:HeritageOfTheMarked","Nunchaku"],"campfire_rested":1,"item_purchase_floors":[21,28],"current_hp_per_floor":[69,69,79,79,78,78,62,62,62,67,67,62,62,54,54,47,85,80,80,82,82,70,52,52,51,51,51,51,51,35,6,33,0,0],"gold":313,"neow_bonus":"UPGRADE_CARD","is_daily":false,"chose_seed":false,"campfire_upgraded":3,"win_rate":0.0,"timestamp":1608976632,"path_taken":["M","M","?","?","M","R","E","R","T","?","M","?","M","E","R","BOSS","M","?","M","$","M","E","R","M","T","R","$","R","?","M","R","BOSS"],"items_purchased_type":["Card","Relic"],"build_version":"2020-12-18","purchased_purges":0,"victory":false,"max_hp_per_floor":[70,70,80,80,80,80,80,80,80,85,85,85,85,85,85,85,85,85,85,87,87,89,89,89,91,91,91,91,91,91,91,91,91,91],"relic_stats":{"Nunchaku":[2],"Shovel":2,"Singing Bowl":6,"counters":[16,80],"Tiny Chest":0,"Art of War":[4],"Necronomicon":[0],"Question Card":8,"obtain_stats":[{"Pear":3,"Singing Bowl":17,"Omamori":23,"Question Card":14,"Akabeko":9,"Calling Bell":17,"theMarked:ArtifactOfAir":0,"CaptainsWheel":7,"Nunchaku":28,"Shovel":17,"Tiny Chest":17,"Molten Egg 2":29,"Art of War":24,"Necronomicon":30},{"Pear":2,"Singing Bowl":9,"Omamori":13,"Question Card":8,"Akabeko":4,"Calling Bell":9,"theMarked:ArtifactOfAir":0,"CaptainsWheel":4,"Nunchaku":14,"Shovel":9,"Tiny Chest":9,"Molten Egg 2":14,"Art of War":13,"Necronomicon":14},{"Pear":7,"Singing Bowl":38,"Omamori":59,"Question Card":30,"Akabeko":14,"Calling Bell":38,"theMarked:ArtifactOfAir":0,"CaptainsWheel":14,"Nunchaku":63,"Shovel":38,"Tiny Chest":38,"Molten Egg 2":63,"Art of War":59,"Necronomicon":63}]},"card_choices":[{"not_picked":["theMarked:MysticalArsenal","theMarked:ElectricStrings"],"picked":"theMarked:HeightenedSenses","floor":1},{"not_picked":["theMarked:RepellingDischarge","theMarked:Frustration","theMarked:ReduceFriction"],"picked":"SKIP","floor":2},{"not_picked":["theMarked:WastefulDefense","theMarked:ResourceFulStrike"],"picked":"theMarked:Panic","floor":5},{"not_picked":["theMarked:Frustration","theMarked:ContemptForTheProud"],"picked":"theMarked:WardOff","floor":7},{"not_picked":["theMarked:RepellingDischarge","theMarked:Reabsorb"],"picked":"theMarked:EmpowerWeapon","floor":11},{"not_picked":["theMarked:DeterminationOfTheMarked","theMarked:Frustration","theMarked:Polarize"],"picked":"SKIP","floor":12},{"not_picked":["theMarked:CreepingChasm","theMarked:BanishingWave"],"picked":"theMarked:SuspiciousRaven","floor":13},{"not_picked":["theMarked:Electrocute","theMarked:TakeCover"],"picked":"theMarked:ElectricStrings","floor":14},{"not_picked":["theMarked:Snap","theMarked:Defy","theMarked:TakeOffHeels"],"picked":"theMarked:Levitate","floor":16},{"not_picked":["theMarked:Indomitable","theMarked:ReduceFriction","theMarked:SwordAndMagic"],"picked":"theMarked:EmpowerWeapon+1","floor":18},{"not_picked":["theMarked:Overcharge+1","theMarked:DeterminationOfTheMarked","theMarked:KeepCalmAndFightOn","theMarked:EnhanceMovement"],"picked":"Singing Bowl","floor":20},{"not_picked":["theMarked:WastefulDefense","theMarked:Improvise+1","theMarked:ElectricStrings","theMarked:ChainLightning"],"picked":"Singing Bowl","floor":22},{"not_picked":["theMarked:Electrify","theMarked:ReduceFriction","theMarked:Frustration+1"],"picked":"theMarked:DeterminationOfTheMarked","floor":23},{"not_picked":["theMarked:TwofoldDefense","theMarked:ChainLightning+1","theMarked:ContemptForTheProud","theMarked:WastefulAttack"],"picked":"Singing Bowl","floor":25},{"not_picked":["theMarked:Seal","theMarked:Electrify","theMarked:HeightenedSenses+1"],"picked":"theMarked:SoldierForm","floor":31}],"player_experience":635303,"relics_obtained":[{"floor":3,"key":"Pear"},{"floor":7,"key":"CaptainsWheel"},{"floor":9,"key":"Akabeko"},{"floor":14,"key":"Question Card"},{"floor":17,"key":"Tiny Chest"},{"floor":17,"key":"Singing Bowl"},{"floor":17,"key":"Shovel"},{"floor":23,"key":"Omamori"},{"floor":24,"key":"Art of War"},{"floor":29,"key":"Molten Egg 2"},{"floor":30,"key":"Necronomicon"}],"event_choices":[{"damage_healed":0,"gold_gain":0,"player_choice":"Leave","damage_taken":0,"max_hp_gain":0,"max_hp_loss":0,"event_name":"The Cleric","floor":4,"gold_loss":0},{"damage_healed":0,"gold_gain":0,"player_choice":"Donut","damage_taken":0,"max_hp_gain":5,"max_hp_loss":0,"event_name":"Big Fish","floor":10,"gold_loss":0},{"damage_healed":0,"gold_gain":0,"player_choice":"Ignored","damage_taken":0,"max_hp_gain":0,"max_hp_loss":0,"event_name":"Beggar","floor":19,"gold_loss":0},{"damage_healed":0,"gold_gain":0,"player_choice":"Obtained Book","damage_taken":16,"max_hp_gain":0,"max_hp_loss":0,"event_name":"Cursed Tome","floor":30,"gold_loss":0}],"is_beta":true,"boss_relics":[{"not_picked":["Tiny House","Runic Dome"],"picked":"Calling Bell"}],"items_purged_floors":[],"is_endless":false,"potions_floor_spawned":[1,11,16,20,22],"killed_by":"Champ","ascension_level":0}}