{"host":"6qohxdms6n72zb21","time":1608942133,"event":{"mods":["2.2 Compatiblity","Act Like it!","Ascension Reborn","Aspiration","BaseMod","Better Synergies","Better Third Choice","Conspire","Downfall","Energized Spire","Hubris","Infinite Spire","Marked Mod","Minty Spire (QoL Compilation)","Permanent Neow","Quick Restart","Replay The Spire","Spicy Shops","Spikes Relics","StSLib","The Blue Laboratory","The Saiyan"],"gold_per_floor":[92,172,137,154,119,119,152,162,162,175,204,204,234,254,254,351,351,364,289,289,305,323,323,342,342,342,377,377,390,390,409,409,510,510,479,449,32,32,2,2,2,17,42,42,88,98,98,113,113,215,215,216,216,216,218,221,221,229,229,309,117,112,112,107,121,133,168,180,186,108,120,117,129,141,153,165,177,189,194,208,220,228,240,295,257,258,234,246,61,93,93,85,85,138,138,138,141,119,118,118,76],"floor_reached":102,"playtime":7192,"items_purged":[],"score":1964,"play_id":"6dd0aa64-2930-485b-9068-3fac0ced4c3e","local_time":"20201225192213","is_ascension_mode":true,"campfire_choices":[{"data":"Saiyan:RuthlessBlow","floor":6.0,"key":"SMITH"},{"floor":15.0,"key":"REST"},{"data":"Saiyan:SuperSaiyanThree","floor":23.0,"key":"SMITH"},{"data":"Saiyan:SuperSaiyanForm","floor":25.0,"key":"SMITH"},{"floor":30.0,"key":"REST"},{"data":"Saiyan:ReverberatingForce","floor":32.0,"key":"SMITH"},{"data":"Saiyan:Overexert","floor":40.0,"key":"SMITH"},{"floor":47.0,"key":"REST"},{"floor":49.0,"key":"REST"},{"data":"Saiyan:Makankosappo","floor":57.0,"key":"SMITH"},{"data":"Saiyan:ConcussiveBlow","floor":59.0,"key":"SMITH"},{"data":"infinitespire:UltimateForm","floor":66.0,"key":"SMITH"},{"data":"Saiyan:MonkeyTail","floor":74,"key":"SMITH"},{"data":"infinitespire:SevenWalls","floor":76,"key":"SMITH"},{"data":"Saiyan:Quickening","floor":78,"key":"SMITH"},{"data":"Saiyan:SuperSaiyanForm","floor":83,"key":"SMITH"},{"data":"Saiyan:SuperSaiyanForm","floor":91,"key":"SMITH"},{"data":"Saiyan:Flurry","floor":96,"key":"SMITH"},{"data":"Saiyan:FinalFlash","floor":100,"key":"SMITH"},{"data":"Saiyan:BigBangAttack","floor":100,"key":"SMITH"}],"circlet_count":0,"master_deck":["Saiyan:SAIYA_Strike","Saiyan:SAIYA_Strike","Saiyan:SAIYA_Strike","Saiyan:SAIYA_Strike","Saiyan:SAIYA_Defend","Saiyan:SAIYA_Defend","Saiyan:SAIYA_Defend","Saiyan:SAIYA_Defend","Saiyan:EnergyBlast","Saiyan:KaioKen+1","Saiyan:RuthlessBlow+1","Saiyan:ExpandingShockwave","Saiyan:BigBangAttack+1","Saiyan:DoubleMasenko","Saiyan:SuperSaiyanForm+1","Saiyan:TurtleShell","Saiyan:KameHameHa","Saiyan:ConcussiveBlow+1","Saiyan:MeteorDash","Saiyan:SuperSaiyanThree+1","Saiyan:Quickening+1","Replay:Fractal Strike","Saiyan:SaiyanHubris","Saiyan:PlotArmor+1","Saiyan:Rekindle+1","Saiyan:ReverberatingForce+1","Saiyan:TurtleShell+1","Saiyan:SuperSaiyanThree+1","Saiyan:KiStrike+1","Saiyan:Overexert+1","Saiyan:SenzuBean+1","Injury","Saiyan:Expend+1","Voices","Overencumbered","Saiyan:KiExplosion+1","Saiyan:Makankosappo+1","Saiyan:DragonRadar+1","Saiyan:MindBoom+1","Saiyan:SuperSaiyanForm+1","Saiyan:Twize+1","Saiyan:Scouter+1","Saiyan:Twize+1","Saiyan:FinalFlash+1","Saiyan:KiExplosion+1","Saiyan:TurtleShell","Saiyan:Quickening+1","infinitespire:UltimateForm+1","Saiyan:Flurry","Saiyan:Teleport+1","Saiyan:MonkeyTail+1","Saiyan:Afterimage+1","Saiyan:PowerUp+1","infinitespire:SevenWalls+1","Decay","Replay:Hysterical Blindness","Saiyan:SaiyanHubris+1","Saiyan:Medicine+1","Saiyan:SuperSaiyanForm+1","Saiyan:SenzuBean+1","Saiyan:SAIYA_Strike","Saiyan:CCCapsule+1","Saiyan:Flurry+1","Saiyan:Teleport+1","Saiyan:BackAttack+1","Saiyan:RemoveWeights+1","CloudedMind","Replay:SS_forest_2","Replay:SS_hec_1","Saiyan:Planning+1","Saiyan:Overexert+1","Saiyan:ExpandingShockwave+1"],"relics":["SaiyanSoul","SaiyanHeart","aspiration:Nostalgia","Sizzling Blood","betterThird:SlimedRelic","aspiration:FetidBarrel","infinitespire:Satchel","hubris:TenFootPole","hubris:Icosahedron","hubris:SlimyHat","Cursed Key","energizedSpire:NeverEndingSparkler","Replay:Bottled Flurry","hubris:ToyBattleship","MiniBlackHole","energizedSpire:MagnifyingGlass","Membership Card","Toxic Egg 2","Nunchaku","Guide Book","WarpedTongs","Vajra","Replay:Mystery Machine","Replay:Rubber Ducky","Sandwich","Potion Belt","Chameleon Ring","Ornamental Fan","Boot","MawBank","Bag of Preparation","conspire:SpecialSausage","Strawberry","hubris:MobiusCoin","ReplayTheSpireMod:TigerMarble","energizedSpire:HugeHouse","Anchor","SnailShell","Simple Rune","infinitespire:Bottled Soul","Toy Ornithopter","War Paint","Bronze Scales","Replay:Arrowhead","Replay:Wax Seal","ReplayFunnel"],"acts_visited":["Exordium","TheCity","TheBeyond","Exordium","TheCity","TheBeyond"],"potions_floor_usage":[87],"damage_taken":[{"damage":0.0,"enemies":"Small Slimes","floor":1.0,"turns":3.0},{"damage":4.0,"enemies":"Jaw Worm","floor":4.0,"turns":4.0},{"damage":18.0,"enemies":"3 Sentries","floor":7.0,"turns":7.0},{"damage":0.0,"enemies":"Cultist","floor":8.0,"turns":4.0},{"damage":1.0,"enemies":"Lots of Slimes","floor":10.0,"turns":2.0},{"damage":13.0,"enemies":"Lagavulin","floor":11.0,"turns":8.0},{"damage":14.0,"enemies":"Gremlin Nob","floor":13.0,"turns":4.0},{"damage":16.0,"enemies":"Blue Slaver","floor":14.0,"turns":3.0},{"damage":30.0,"enemies":"The Guardian","floor":16.0,"turns":11.0},{"damage":30.0,"enemies":"2 Thieves","floor":18.0,"turns":2.0},{"damage":0.0,"enemies":"3 Byrds","floor":21.0,"turns":4.0},{"damage":12.0,"enemies":"Centurion and Healer","floor":22.0,"turns":5.0},{"damage":6.0,"enemies":"Snake Plant","floor":24.0,"turns":4.0},{"damage":20.0,"enemies":"Nightmare","floor":27.0,"turns":6.0},{"damage":17.0,"enemies":"Shelled Parasite and Fungi","floor":29.0,"turns":6.0},{"damage":0.0,"enemies":"conspire:HollyBat","floor":31.0,"turns":6.0},{"damage":67.0,"enemies":"hubris:MusketHawk","floor":33.0,"turns":7.0},{"damage":0.0,"enemies":"3 Shapes","floor":35.0,"turns":4.0},{"damage":7.0,"enemies":"Orb Walker","floor":36.0,"turns":2.0},{"damage":53.0,"enemies":"Transient","floor":42.0,"turns":5.0},{"damage":12.0,"enemies":"2 Orb Walkers","floor":45.0,"turns":4.0},{"damage":23.0,"enemies":"Writhing Mass","floor":46.0,"turns":10.0},{"damage":41.0,"enemies":"4 Shapes","floor":48.0,"turns":4.0},{"damage":32.0,"enemies":"Replay:Hell Engine","floor":50.0,"turns":10.0},{"damage":0.0,"enemies":"Cultist","floor":52.0,"turns":2.0},{"damage":0.0,"enemies":"2 Louse","floor":55.0,"turns":2.0},{"damage":8.0,"enemies":"Jaw Worm","floor":56.0,"turns":2.0},{"damage":26.0,"enemies":"Gremlin Nob","floor":58.0,"turns":5.0},{"damage":34.0,"enemies":"Large Slime","floor":62.0,"turns":3.0},{"damage":20.0,"enemies":"Lots of Slimes","floor":64.0,"turns":4.0},{"damage":0.0,"enemies":"2 Fungi Beasts","floor":65.0,"turns":2.0},{"damage":5.0,"enemies":"Fading Forest","floor":67.0,"turns":10.0},{"damage":0.0,"enemies":"Spheric Guardian","floor":69.0,"turns":3.0},{"damage":0,"enemies":"2 Thieves","floor":72,"turns":5},{"damage":0,"enemies":"Centurion and Healer","floor":79,"turns":3},{"damage":0,"enemies":"Snake Plant","floor":80,"turns":2},{"damage":0,"enemies":"Snecko","floor":82,"turns":3},{"damage":0,"enemies":"Automaton","floor":84,"turns":8},{"damage":0,"enemies":"Orb Walker","floor":86,"turns":3},{"damage":0,"enemies":"3 Darklings","floor":87,"turns":7},{"damage":0,"enemies":"Spire Growth","floor":90,"turns":6},{"damage":0,"enemies":"4 Shapes","floor":92,"turns":3},{"damage":0,"enemies":"2 Orb Walkers","floor":97,"turns":5},{"damage":0,"enemies":"R_Hoarder","floor":98,"turns":8},{"damage":0,"enemies":"Sphere and 2 Shapes","floor":99,"turns":2},{"damage":0,"enemies":"infinitespire:MassOfShapes","floor":101,"turns":6}],"seed_played":"4683537830895538081","potions_obtained":[{"floor":4.0,"key":"PowerPotion"},{"floor":7.0,"key":"Toxic Potion"},{"floor":10.0,"key":"blueLaboratory:NullPotion"},{"floor":14.0,"key":"blueLaboratory:FruitPunch"},{"floor":16.0,"key":"blueLaboratory:TrueEctoplasm"},{"floor":22.0,"key":"Dexterity Potion"},{"floor":24.0,"key":"Weak Potion"},{"floor":29.0,"key":"PowerPotion"},{"floor":31.0,"key":"blueLaboratory:FruitPunch"},{"floor":36.0,"key":"Regen Potion"},{"floor":48.0,"key":"blueLaboratory:BottleOfRum"},{"floor":52.0,"key":"Fire Potion"},{"floor":64.0,"key":"blueLaboratory:FrostheartPotion"},{"floor":65.0,"key":"FairyPotion"},{"floor":67.0,"key":"blueLaboratory:FruitPreserves"},{"floor":69.0,"key":"Explosive Potion"},{"floor":79,"key":"AttackPotion"},{"floor":86,"key":"blueLaboratory:EnragingPotion"},{"floor":90,"key":"Dexterity Potion"}],"is_trial":false,"path_per_floor":["M","?","?","M","?","R","E","M","T","M","E","?","E","M","R","B",null,"M","?","AVR","M","M","R","M","R","T","NM","?","M","R","M","R","B",null,"M","M","$","?","$","R","?","M","T","T","?","M","R","M","R","B",null,"M","?","?","M","M","R","E","R","T","$","M","AVR","M","M","R","B",null,"M","?","$","M","?","R","?","R","T","R","M","M","AVR","M","R","B",null,"M","M","?","$","M","R","M","?","T","?","R","?","E","M","R","B",null],"character_chosen":"SAIYAJIN","items_purchased":["Membership Card","Toxic Egg 2","Nunchaku","Saiyan:SenzuBean+1","Guide Book","Ornamental Fan","Saiyan:FinalFlash","Saiyan:KiExplosion+1","Saiyan:TurtleShell","Simple Rune","infinitespire:Bottled Soul"],"campfire_rested":4,"item_purchase_floors":[37,37,37,37,39,61,61,61,61,89,89],"current_hp_per_floor":[67,67,56,58,69,69,57,63,63,68,61,61,53,44,68,44,84,60,60,60,66,61,61,63,63,63,48,48,37,66,71,71,12,103,105,104,104,104,104,104,104,70,70,70,64,46,79,44,78,51,115,118,118,118,120,117,117,97,97,97,97,69,69,55,60,60,60,129,131,131,131,140,123,123,123,123,123,123,128,133,133,140,140,145,140,141,141,141,141,141,141,143,143,143,141,141,145,145,146,146,146],"gold":76,"neow_bonus":"NOSTALGIA","is_daily":false,"chose_seed":false,"campfire_upgraded":16,"win_rate":0.0,"timestamp":1608942133,"path_taken":["M","?","?","M","?","R","E","M","T","?","E","?","E","M","R","BOSS","M","?","AVR","M","M","R","M","R","T","NM","?","?","R","?","R","BOSS","M","M","$","?","$","R","?","?","T","?","?","M","R","M","R","BOSS","M","?","?","M","M","R","E","R","T","$","?","AVR","M","M","R","BOSS","M","?","?","?","?","R","?","R","T","R","M","?","AVR","M","R","BOSS","M","M","?","$","?","R","M","?","T","?","R","?","E","M","R","BOSS"],"items_purchased_type":["Relic","Relic","Relic","Card","Relic","Relic","Card","Card","Card","Relic","Relic"],"build_version":"2020-12-22","purchased_purges":0,"victory":true,"max_hp_per_floor":[67,67,67,69,69,69,71,73,73,75,77,77,79,82,82,84,84,86,86,86,88,91,91,95,95,95,96,96,98,98,99,99,103,103,105,107,107,107,107,107,107,109,109,109,111,112,112,114,114,115,115,118,118,118,120,121,121,123,123,123,123,125,125,127,128,128,129,129,131,131,131,140,140,140,140,140,140,140,141,142,142,145,145,145,140,141,141,141,141,141,141,143,143,143,143,143,145,145,146,146,146],"card_choices":[{"not_picked":["Saiyan:PowerUp","Saiyan:FingerParry"],"picked":"Saiyan:ExpandingShockwave","floor":1.0},{"not_picked":["Saiyan:BurningSoul","Saiyan:SpiritSword"],"picked":"Saiyan:BigBangAttack","floor":4.0},{"not_picked":["Saiyan:RemoveWeights","Saiyan:BigBangAttack"],"picked":"Saiyan:DoubleMasenko","floor":7.0},{"not_picked":["Saiyan:RemoveWeights","Saiyan:BackAttack"],"picked":"Saiyan:SuperSaiyanForm","floor":8.0},{"not_picked":["Saiyan:UltraInstinct","Saiyan:Endure"],"picked":"Saiyan:TurtleShell","floor":10.0},{"not_picked":["Saiyan:UltraInstinct","Saiyan:Planning"],"picked":"Saiyan:KameHameHa","floor":11.0},{"not_picked":["Saiyan:GenkiDama","Saiyan:Rekindle"],"picked":"Saiyan:ConcussiveBlow","floor":13.0},{"not_picked":["Saiyan:Quickening","Saiyan:DrainingStrike"],"picked":"Saiyan:MeteorDash","floor":14.0},{"not_picked":["Saiyan:Momentum","Saiyan:SolarFlare"],"picked":"Saiyan:SuperSaiyanThree","floor":16.0},{"not_picked":["Saiyan:MeteorDash","Saiyan:PlotArmor"],"picked":"Saiyan:Quickening","floor":18.0},{"not_picked":["Saiyan:Quickening","Saiyan:DragonFist"],"picked":"Saiyan:SaiyanHubris","floor":21.0},{"not_picked":["Saiyan:Quickening","Saiyan:TurtleShell"],"picked":"Saiyan:Afterimage+1","floor":22.0},{"not_picked":["Saiyan:GenkiDama","Saiyan:DoubleMasenko"],"picked":"Saiyan:PlotArmor+1","floor":24.0},{"not_picked":["Saiyan:ExpandingShockwave","Saiyan:Honing"],"picked":"Saiyan:Rekindle","floor":27.0},{"not_picked":["Saiyan:KameHameHa+1","Saiyan:SaiyanHubris"],"picked":"Saiyan:ReverberatingForce","floor":29.0},{"not_picked":["Saiyan:Scouter+1","Saiyan:UltraInstinct"],"picked":"Saiyan:TurtleShell+1","floor":31.0},{"not_picked":["Saiyan:GenkiDama","Saiyan:MonkeyTail"],"picked":"Saiyan:SuperSaiyanThree","floor":33.0},{"not_picked":["Saiyan:KameHameHa+1","Saiyan:MeteorDash"],"picked":"Saiyan:KiStrike+1","floor":35.0},{"not_picked":["Saiyan:Planning","Saiyan:KiStrike"],"picked":"Saiyan:Overexert","floor":36.0},{"not_picked":["Saiyan:SaiyanHubris+1","Saiyan:ReverberatingForce"],"picked":"Saiyan:Expend+1","floor":42.0},{"not_picked":["Saiyan:MeteorDash+1","Saiyan:DoubleMasenko+1"],"picked":"Saiyan:KiExplosion+1","floor":45.0},{"not_picked":["Saiyan:Fly+1","Saiyan:MajinSeal"],"picked":"Saiyan:Makankosappo","floor":46.0},{"not_picked":["Saiyan:Quickening+1","Saiyan:MeteorDash+1"],"picked":"Saiyan:DragonRadar+1","floor":48.0},{"not_picked":["Saiyan:GenkiDama","Saiyan:SuperSaiyanThree"],"picked":"Saiyan:MindBoom+1","floor":50.0},{"not_picked":["Saiyan:PowerPole","Saiyan:PowerUp+1"],"picked":"Saiyan:SuperSaiyanForm","floor":52.0},{"not_picked":["Saiyan:FingerParry+1","Saiyan:SuperSaiyanForm"],"picked":"Saiyan:Twize+1","floor":55.0},{"not_picked":["Saiyan:KameHameHa","Saiyan:HyperTimeChamber"],"picked":"Saiyan:Scouter+1","floor":56.0},{"not_picked":["Saiyan:Scouter+1","Saiyan:Planning+1"],"picked":"Saiyan:Twize+1","floor":58.0},{"not_picked":["Saiyan:PressOn+1","Saiyan:FingerParry+1"],"picked":"Saiyan:Quickening+1","floor":62.0},{"not_picked":["Saiyan:FingerParry+1","Saiyan:ThirstForFight+1"],"picked":"Saiyan:Flurry","floor":64.0},{"not_picked":["Saiyan:Kienzan","Saiyan:ReverberatingForce"],"picked":"Saiyan:Teleport+1","floor":65.0},{"not_picked":["Saiyan:SuperSaiyanThree","Saiyan:GhostAttack"],"picked":"Saiyan:MonkeyTail","floor":67.0},{"not_picked":["Saiyan:KameHameHa+1","Saiyan:TurtleShell+1"],"picked":"Saiyan:Afterimage+1","floor":69.0},{"not_picked":["Saiyan:BigBangAttack","Saiyan:DoubleMasenko"],"picked":"Saiyan:PowerUp+1","floor":72},{"not_picked":["infinitespire:SealOfDarkness+","infinitespire:TheBestDefense"],"picked":"infinitespire:SevenWalls","floor":73},{"not_picked":["Saiyan:BigBangAttack+1","Saiyan:Flurry"],"picked":"Saiyan:SaiyanHubris+1","floor":79},{"not_picked":["Saiyan:BigBangAttack","Saiyan:ThirstForFight+1"],"picked":"Saiyan:Medicine+1","floor":80},{"not_picked":["Saiyan:PlotArmor","Saiyan:SpiritSword"],"picked":"Saiyan:SuperSaiyanForm","floor":82},{"not_picked":["Saiyan:TransfigurationBeam","Saiyan:MonkeyTail"],"picked":"Saiyan:SenzuBean+1","floor":84},{"not_picked":["Saiyan:ExpandingShockwave+1","Saiyan:SaiyanHubris+1"],"picked":"Saiyan:Flurry","floor":86},{"not_picked":["Saiyan:PowerUp+1","Saiyan:MeteorDash"],"picked":"Saiyan:Teleport+1","floor":87},{"not_picked":["Saiyan:SaiyanHubris+1","Saiyan:PowerPole"],"picked":"Saiyan:BackAttack+1","floor":90},{"not_picked":["Saiyan:MeteorDash+1","Saiyan:SaiyanHubris+1"],"picked":"Saiyan:RemoveWeights+1","floor":92},{"not_picked":["expansioncontent:CaCaw","Poisoned Strike"],"picked":"Replay:SS_forest_2","floor":95},{"not_picked":["expansioncontent:PrepareCrush+1","PlatinumSkin"],"picked":"Replay:SS_hec_1","floor":95},{"not_picked":["Saiyan:WarmUp","Saiyan:Scouter+1"],"picked":"Saiyan:Planning+1","floor":97},{"not_picked":["Saiyan:Twize+1","Saiyan:Reset+1"],"picked":"Saiyan:Overexert+1","floor":98},{"not_picked":["Saiyan:Planning+1","Saiyan:PowerUp+1"],"picked":"Saiyan:ExpandingShockwave+1","floor":99}],"player_experience":199391,"relics_obtained":[{"floor":7.0,"key":"aspiration:FetidBarrel"},{"floor":9.0,"key":"infinitespire:Satchel"},{"floor":11.0,"key":"hubris:TenFootPole"},{"floor":13.0,"key":"hubris:SlimyHat"},{"floor":26.0,"key":"hubris:ToyBattleship"},{"floor":27.0,"key":"MiniBlackHole"},{"floor":42.0,"key":"Vajra"},{"floor":43.0,"key":"Replay:Mystery Machine"},{"floor":44.0,"key":"Replay:Rubber Ducky"},{"floor":58.0,"key":"Potion Belt"},{"floor":60.0,"key":"Chameleon Ring"},{"floor":64.0,"key":"MawBank"},{"floor":67.0,"key":"Bag of Preparation"},{"floor":72,"key":"Strawberry"},{"floor":77,"key":"hubris:MobiusCoin"},{"floor":84,"key":"ReplayTheSpireMod:TigerMarble"},{"floor":86,"key":"Anchor"},{"floor":87,"key":"SnailShell"},{"floor":90,"key":"Toy Ornithopter"},{"floor":92,"key":"War Paint"},{"floor":94,"key":"Bronze Scales"},{"floor":97,"key":"Replay:Arrowhead"},{"floor":97,"key":"Replay:Wax Seal"},{"floor":98,"key":"ReplayFunnel"}],"event_choices":[{"damage_healed":0.0,"max_hp_gain":0.0,"max_hp_loss":0.0,"gold_gain":0.0,"event_name":"betterThird:BetterGoop","player_choice":"Slimed","floor":3.0,"gold_loss":35.0,"damage_taken":11.0},{"damage_healed":17.0,"max_hp_gain":0.0,"max_hp_loss":0.0,"gold_gain":0.0,"event_name":"The Cleric","player_choice":"Healed","floor":5.0,"gold_loss":35.0,"damage_taken":0.0},{"cards_removed":["Delirium"],"damage_healed":0.0,"max_hp_gain":0.0,"max_hp_loss":0.0,"gold_gain":0.0,"event_name":"Beggar","player_choice":"Gave Gold","floor":19.0,"gold_loss":75.0,"damage_taken":0.0},{"cards_removed":["hubris:Despair"],"damage_healed":0.0,"max_hp_gain":0.0,"max_hp_loss":0.0,"gold_gain":0.0,"event_name":"Fountain of Cleansing","player_choice":"Removed Curses","floor":28.0,"gold_loss":0.0,"damage_taken":0.0},{"damage_healed":0.0,"max_hp_gain":0.0,"max_hp_loss":0.0,"gold_gain":0.0,"event_name":"conspire:Investor","player_choice":"Leave","floor":38.0,"gold_loss":0.0,"damage_taken":0.0},{"damage_healed":0.0,"max_hp_gain":0.0,"max_hp_loss":0.0,"gold_gain":0.0,"event_name":"Accursed Blacksmith","player_choice":"Rummage","floor":41.0,"gold_loss":0.0,"damage_taken":0.0,"relics_obtained":["WarpedTongs"],"cards_obtained":["Pain"]},{"damage_healed":0.0,"max_hp_gain":0.0,"max_hp_loss":0.0,"gold_gain":0.0,"event_name":"Mysterious Sphere","player_choice":"Fight","floor":45.0,"gold_loss":0.0,"damage_taken":0.0},{"damage_healed":0.0,"max_hp_gain":0.0,"max_hp_loss":0.0,"gold_gain":0.0,"event_name":"conspire:LoneGhost","player_choice":"Disagree","floor":53.0,"gold_loss":0.0,"damage_taken":0.0},{"damage_healed":0.0,"max_hp_gain":0.0,"max_hp_loss":0.0,"gold_gain":0.0,"event_name":"Wheel of Change","player_choice":"Full Heal","floor":54.0,"gold_loss":0.0,"damage_taken":0.0},{"cards_removed":["Pain"],"damage_healed":0.0,"max_hp_gain":0.0,"max_hp_loss":0.0,"gold_gain":0.0,"event_name":"Designer","player_choice":"Upgrade and Remove","floor":70.0,"gold_loss":90.0,"damage_taken":0.0,"cards_upgraded":["Saiyan:SAIYA_Defend"]},{"damage_healed":0,"gold_gain":0,"player_choice":"Cursed","damage_taken":0,"max_hp_gain":0,"max_hp_loss":0,"event_name":"Wheel of Change","floor":75,"gold_loss":0,"cards_obtained":["Decay"]},{"damage_healed":0,"gold_gain":0,"player_choice":"Ignored","damage_taken":0,"max_hp_gain":0,"max_hp_loss":0,"event_name":"NoteForYourself","floor":88,"gold_loss":0},{"damage_healed":0,"gold_gain":0,"player_choice":"Memory 2","damage_taken":5,"max_hp_gain":0,"max_hp_loss":0,"event_name":"SensoryStone","floor":95,"gold_loss":0},{"damage_healed":0,"gold_gain":0,"player_choice":"Fight","damage_taken":0,"max_hp_gain":0,"max_hp_loss":0,"event_name":"Mysterious Sphere","floor":97,"gold_loss":0}],"is_beta":false,"boss_relics":[{"not_picked":["Ectoplasm","Fusion Hammer"],"picked":"Cursed Key"},{"not_picked":["Snecko Eye","ReplayTheSpireMod:SealedPack"],"picked":"energizedSpire:MagnifyingGlass"},{"not_picked":["Tiny House","hubris:CrackedHourglass"],"picked":"Sandwich"},{"not_picked":["Astrolabe","Honey Jar"],"picked":"conspire:SpecialSausage"},{"not_picked":["Tiny House","energizedSpire:OgreHead"],"picked":"energizedSpire:HugeHouse"}],"items_purged_floors":[],"is_endless":false,"potions_floor_spawned":[4,7,10,14,16,22,24,29,31,36,45,48,52,64,65,67,69,79,82,86,90,98],"ascension_level":0}}