{"host":"id956379ct737z9h","time":1608958214,"event":{"mods":["2.2 Compatiblity","BaseMod","Bestiary","Block Reminder","Colored Map","Colored Powertips","Hermit","Minty Spire (QoL Compilation)","Quick Restart","Rare Cards Sparkle","Relic Stats","StSLib","UnlockEverythingMod","everything is the same but u backflip on backflip"],"gold_per_floor":[113,113,78,91,104,104,134,134,134,151,151,170,197,197,197,292,292,310,310,235,6,6,6,31,31,31,48,58,91,105,105,105,200,200,215,265,314,17,17,36,36,47,47,47,65,100,110,120,120,120],"floor_reached":51,"playtime":1681,"items_purged":["Strike_R"],"score":810,"play_id":"4ddab6d2-0f9c-4325-aff0-59ff16635299","local_time":"20201225235014","is_ascension_mode":true,"campfire_choices":[{"data":"Bash","floor":6,"key":"SMITH"},{"data":"Flame Barrier","floor":8,"key":"SMITH"},{"data":"Shockwave","floor":15,"key":"SMITH"},{"floor":23,"key":"REST"},{"floor":25,"key":"REST"},{"floor":32,"key":"REST"},{"floor":44,"key":"REST"},{"floor":49,"key":"REST"}],"circlet_count":0,"master_deck":["Strike_R","Defend_R","Bash+1","Flame Barrier+1","Thunderclap","Clothesline","Second Wind","Pommel Strike+1","Shockwave+1","Brutality","Cleave","J.A.X.","Battle Trance","Feel No Pain","Heavy Blade","True Grit+1","Rampage+1","Whirlwind","Feed","Carnage+1","Uppercut+1","Disarm+1","Dark Embrace+1","Fiend Fire","Pommel Strike","Shrug It Off","Rupture","Body Slam+1","Limit Break","Battle Trance+1"],"relics":["Sozu","Thread and Needle","CaptainsWheel","Pantograph","Fusion Hammer","Blood Vial","Bronze Scales","Incense Burner","Orichalcum","Astrolabe","Magic Flower","Lizard Tail","Bottled Tornado","Bag of Marbles","Bag of Preparation"],"acts_visited":["Exordium","TheCity","TheBeyond"],"potions_floor_usage":[],"damage_taken":[{"damage":1,"enemies":"Jaw Worm","floor":1,"turns":3},{"damage":2,"enemies":"Small Slimes","floor":4,"turns":3},{"damage":2,"enemies":"2 Louse","floor":5,"turns":2},{"damage":9,"enemies":"Lagavulin","floor":7,"turns":5},{"damage":0,"enemies":"Red Slaver","floor":10,"turns":3},{"damage":6,"enemies":"Looter","floor":12,"turns":3},{"damage":6,"enemies":"Gremlin Nob","floor":13,"turns":3},{"damage":12,"enemies":"Slime Boss","floor":16,"turns":11},{"damage":5,"enemies":"Shell Parasite","floor":18,"turns":4},{"damage":9,"enemies":"Book of Stabbing","floor":24,"turns":5},{"damage":13,"enemies":"2 Thieves","floor":27,"turns":3},{"damage":4,"enemies":"Cultist and Chosen","floor":28,"turns":5},{"damage":25,"enemies":"Slavers","floor":29,"turns":4},{"damage":3,"enemies":"Centurion and Healer","floor":30,"turns":3},{"damage":36,"enemies":"Automaton","floor":33,"turns":9},{"damage":4,"enemies":"3 Darklings","floor":35,"turns":4},{"damage":7,"enemies":"Mind Bloom Boss Battle","floor":36,"turns":4},{"damage":19,"enemies":"2 Orb Walkers","floor":37,"turns":4},{"damage":11,"enemies":"3 Shapes","floor":40,"turns":9},{"damage":12,"enemies":"Jaw Worm Horde","floor":42,"turns":3},{"damage":11,"enemies":"Transient","floor":45,"turns":5},{"damage":26,"enemies":"Giant Head","floor":46,"turns":7},{"damage":12,"enemies":"Spire Growth","floor":47,"turns":5},{"damage":13,"enemies":"3 Darklings","floor":48,"turns":5},{"damage":58,"enemies":"Donu and Deca","floor":50,"turns":8}],"seed_played":"-3216439581807376945","potions_obtained":[],"is_trial":false,"path_per_floor":["M","?","?","M","M","R","E","R","T","M","?","M","E","?","R","B",null,"M","?","?","$","?","R","E","R","T","M","M","E","M","?","R","B",null,"M","?","?","$","?","M","$","M","T","R","M","E","M","M","R","B",null],"character_chosen":"IRONCLAD","items_purchased":["Battle Trance","Feel No Pain","Bottled Tornado","Pommel Strike"],"campfire_rested":5,"item_purchase_floors":[21,21,38,38],"current_hp_per_floor":[79,72,80,78,76,76,67,67,67,67,67,61,55,55,55,68,80,75,75,75,75,75,80,71,80,80,67,65,42,41,26,51,42,85,81,78,62,62,62,59,59,55,55,82,74,56,52,42,71,39],"gold":120,"neow_bonus":"BOSS_RELIC","is_daily":false,"chose_seed":false,"campfire_upgraded":3,"win_rate":0.0,"timestamp":1608958214,"path_taken":["M","?","?","M","M","R","E","R","T","?","?","M","E","?","R","BOSS","M","?","?","$","?","R","E","R","T","M","M","E","M","?","R","BOSS","M","?","?","$","?","M","?","M","T","R","M","E","M","M","R","BOSS"],"items_purchased_type":["Card","Card","Relic","Card"],"build_version":"2020-12-22","purchased_purges":1,"victory":true,"max_hp_per_floor":[80,80,80,80,80,80,80,80,80,80,80,80,80,80,80,80,80,80,80,80,80,80,80,80,80,80,80,80,80,80,85,85,85,85,85,85,85,85,85,88,88,91,91,91,91,94,97,97,97,97],"relic_stats":{"Sozu":12,"Blood Vial":34,"Lizard Tail":0,"counters":[25,120],"Pantograph":75,"Bronze Scales":[209],"Astrolabe":["Carnage","Uppercut","Disarm"],"Magic Flower":[16],"Bag of Preparation":[6],"Orichalcum":[144],"obtain_stats":[{"Astrolabe":34,"Magic Flower":36,"Thread and Needle":7,"Incense Burner":26,"Bag of Preparation":46,"Orichalcum":29,"Bottled Tornado":38,"Burning Blood":0,"Sozu":0,"Blood Vial":22,"CaptainsWheel":9,"Lizard Tail":37,"Pantograph":13,"Bronze Scales":24,"Fusion Hammer":17,"Bag of Marbles":43},{"Astrolabe":15,"Magic Flower":17,"Thread and Needle":4,"Incense Burner":10,"Bag of Preparation":22,"Orichalcum":13,"Bottled Tornado":18,"Burning Blood":0,"Sozu":0,"Blood Vial":9,"CaptainsWheel":4,"Lizard Tail":18,"Pantograph":7,"Bronze Scales":10,"Fusion Hammer":8,"Bag of Marbles":20},{"Astrolabe":66,"Magic Flower":74,"Thread and Needle":13,"Incense Burner":42,"Bag of Preparation":102,"Orichalcum":54,"Bottled Tornado":78,"Burning Blood":0,"Sozu":0,"Blood Vial":37,"CaptainsWheel":13,"Lizard Tail":78,"Pantograph":22,"Bronze Scales":42,"Fusion Hammer":33,"Bag of Marbles":90}]},"card_choices":[{"not_picked":["Pummel","Shrug It Off"],"picked":"Flame Barrier","floor":1},{"not_picked":["Seeing Red","Perfected Strike"],"picked":"Thunderclap","floor":4},{"not_picked":["Pummel","Clash"],"picked":"Clothesline","floor":5},{"not_picked":["Heavy Blade","Feel No Pain"],"picked":"Second Wind","floor":7},{"not_picked":["Clash","Seeing Red"],"picked":"Pommel Strike","floor":10},{"not_picked":["Reckless Charge","Anger","Warcry"],"picked":"SKIP","floor":12},{"not_picked":["Infernal Blade","Perfected Strike"],"picked":"Shockwave","floor":13},{"not_picked":["Reaper","Fiend Fire"],"picked":"Brutality","floor":16},{"not_picked":["Clash","True Grit"],"picked":"Cleave","floor":18},{"not_picked":["Headbutt","Searing Blow+1"],"picked":"Heavy Blade","floor":24},{"not_picked":["Pommel Strike","Inflame"],"picked":"True Grit+1","floor":27},{"not_picked":["Perfected Strike","Warcry"],"picked":"Rampage+1","floor":28},{"not_picked":["Heavy Blade","Combust"],"picked":"Whirlwind","floor":29},{"not_picked":["Rampage+1","Flex","Clothesline+1"],"picked":"SKIP","floor":30},{"not_picked":["Reaper","Offering"],"picked":"Feed","floor":33},{"not_picked":["Anger","Body Slam"],"picked":"Dark Embrace+1","floor":35},{"not_picked":["Clothesline","Pommel Strike"],"picked":"Fiend Fire","floor":37},{"not_picked":["Armaments","Twin Strike"],"picked":"Shrug It Off","floor":40},{"not_picked":["Inflame","Headbutt+1"],"picked":"Rupture","floor":42},{"not_picked":["Clothesline","Fire Breathing"],"picked":"Body Slam+1","floor":45},{"not_picked":["Body Slam+1","Clash+1"],"picked":"Limit Break","floor":46},{"not_picked":["Cleave+1","Power Through","Flex+1"],"picked":"SKIP","floor":47},{"not_picked":["Twin Strike","Perfected Strike"],"picked":"Battle Trance+1","floor":48}],"player_experience":2859,"relics_obtained":[{"floor":7,"key":"Thread and Needle"},{"floor":9,"key":"CaptainsWheel"},{"floor":13,"key":"Pantograph"},{"floor":24,"key":"Bronze Scales"},{"floor":26,"key":"Incense Burner"},{"floor":29,"key":"Orichalcum"},{"floor":36,"key":"Magic Flower"},{"floor":37,"key":"Lizard Tail"},{"floor":43,"key":"Bag of Marbles"},{"floor":46,"key":"Bag of Preparation"}],"event_choices":[{"cards_removed":["Defend_R"],"damage_healed":0,"gold_gain":0,"player_choice":"Card Removal","damage_taken":7,"max_hp_gain":0,"max_hp_loss":0,"event_name":"Golden Wing","floor":2,"gold_loss":0},{"damage_healed":20,"gold_gain":0,"player_choice":"Healed","damage_taken":0,"max_hp_gain":0,"max_hp_loss":0,"event_name":"The Cleric","floor":3,"gold_loss":35},{"damage_healed":0,"gold_gain":0,"player_choice":"Grow","damage_taken":0,"max_hp_gain":0,"max_hp_loss":0,"event_name":"Living Wall","floor":11,"gold_loss":0,"cards_upgraded":["Pommel Strike"]},{"cards_removed":["Strike_R"],"damage_healed":0,"gold_gain":0,"player_choice":"Offered Basic","damage_taken":0,"max_hp_gain":0,"max_hp_loss":0,"event_name":"Bonfire Elementals","floor":14,"gold_loss":0},{"damage_healed":0,"gold_gain":0,"player_choice":"Obtain J.A.X.","damage_taken":0,"max_hp_gain":0,"max_hp_loss":0,"event_name":"Drug Dealer","floor":19,"gold_loss":0,"cards_obtained":["J.A.X."]},{"cards_removed":["Strike_R"],"damage_healed":0,"gold_gain":0,"player_choice":"Gave Gold","damage_taken":0,"max_hp_gain":0,"max_hp_loss":0,"event_name":"Beggar","floor":20,"gold_loss":75},{"damage_healed":0,"gold_gain":0,"player_choice":"Opened","damage_taken":0,"relics_obtained":["Blood Vial"],"max_hp_gain":0,"max_hp_loss":0,"event_name":"The Mausoleum","floor":22,"gold_loss":0},{"damage_healed":0,"gold_gain":0,"player_choice":"Shed Blood","damage_taken":20,"max_hp_gain":5,"max_hp_loss":0,"event_name":"Forgotten Altar","floor":31,"gold_loss":0},{"damage_healed":0,"gold_gain":0,"player_choice":"Fight","damage_taken":0,"max_hp_gain":0,"max_hp_loss":0,"event_name":"MindBloom","floor":36,"gold_loss":0},{"damage_healed":0,"gold_gain":0,"player_choice":"Fight","damage_taken":0,"max_hp_gain":0,"max_hp_loss":0,"event_name":"Mysterious Sphere","floor":37,"gold_loss":0},{"damage_healed":0,"gold_gain":0,"player_choice":"Memory 1","damage_taken":0,"max_hp_gain":0,"max_hp_loss":0,"event_name":"SensoryStone","floor":39,"gold_loss":0}],"is_beta":false,"boss_relics":[{"not_picked":["Black Star","Empty Cage"],"picked":"Fusion Hammer"},{"not_picked":["Philosopher\u0027s Stone","SacredBark"],"picked":"Astrolabe"}],"items_purged_floors":[21],"is_endless":false,"potions_floor_spawned":[1,12,13,16,27,28,30,33,37,40,47,48],"ascension_level":1}}