{"host":"h792lphzw6wlba86","time":1608957528,"event":{"mods":["AchievementEnabler","Aspiration","Bard","BaseMod","Beaked The Cultist","Better Altar","Better Match","Better Note","Better Sensory Stone","Better Skull","Better Third Choice","BetterRewards","CCEM","Clawfect","Colored Map","Conspire","Downfall","GifTheSpireLib","Googly Eyes","Halation","Highlight Path","Hubris","Jedi Mod","Mimic Mod","Minty Spire (QoL Compilation)","Permanent Neow","Replay The Spire","Shop Mod","Spicy Shops","StSLib","Stuff the Spire","The Jungle","Unceasing Turn Reminder","everything is the same but u backflip on backflip","slay the spire mod where everything is the same but ironclad has a cowboy hat"],"gold_per_floor":[12,12,12,12,28,56,56,56,87,102,102,102,117,142,142,257,257,232,232,232,256,286,286,286,315,315,25,25,62,86,127,127,239,239,266,293,293,293,322,322,363,385,385,385,19,76,76,123,123,154,154,154,0,46,94],"floor_reached":56,"playtime":8608,"items_purged":["Amnesia","bard:Riposte"],"score":1243,"play_id":"fd807ad8-5a34-4c16-b046-84c764ba125f","local_time":"20201225223848","is_ascension_mode":false,"campfire_choices":[{"data":"bard:GlyphOfWarding","floor":7,"key":"SMITH"},{"floor":11,"key":"REST"},{"data":"bard:Doot","floor":15,"key":"SMITH"},{"data":"bard:Wish","floor":23,"key":"SMITH"},{"floor":28,"key":"RECALL"},{"floor":32,"key":"DIG"},{"data":"bard:Wish","floor":40,"key":"SMITH"},{"data":"bard:HarmoniousVoice","floor":44,"key":"SMITH"},{"data":"bard:Wish","floor":49,"key":"SMITH"},{"data":"bard:Parry","floor":52,"key":"SMITH"}],"circlet_count":0,"master_deck":["bard:Defend+1","bard:Inspire","bard:Doot+1","bard:GlyphOfWarding+1","bard:Sift+1","bard:Haste+1","bard:Parry+1","bard:GlyphOfWarding+1","bard:Greatness+1","Decay","bard:HarmoniousVoice+1","bard:Heroism+1","bard:TinyHut+1","bard:HarmoniousVoice","bard:Balestra+1","Clumsy","bard:GlyphOfWarding+1","bard:Parry","bard:GlyphOfWarding+1","bard:GlyphOfWarding+1"],"relics":["bard:PitchPipe","bard:BagPipes","hubris:Towel","hubris:MedicalManual","halation:IllGainedPizza","conspire:TopHat","Coffee Dripper","Bloody Idol","Oddly Smooth Stone","Replay:Kaleidoscope","War Paint","hubris:SlimyHat","StuffTheSpire:GrapeVine","Kintsugi","Replay:Rubber Ducky","Replay:Bottled Eggs","Letter Opener","Calipers","CCEMRelics:GrapeVine","CCEMRelics:PorcelainBowl"],"acts_visited":["Exordium","TheCity","TheBeyond","TheEnding"],"potions_floor_usage":[16,16,18,25,35,50,50],"damage_taken":[{"damage":0,"enemies":"2 Louse","floor":1,"turns":3},{"damage":6,"enemies":"Jaw Worm","floor":5,"turns":5},{"damage":32,"enemies":"3 Sentries","floor":6,"turns":14},{"damage":13,"enemies":"Small Slimes","floor":9,"turns":8},{"damage":0,"enemies":"Small Slimes","floor":10,"turns":5},{"damage":6,"enemies":"Exordium Wildlife","floor":13,"turns":5},{"damage":17,"enemies":"Large Slime","floor":14,"turns":8},{"damage":13,"enemies":"Fading Forest","floor":16,"turns":11},{"damage":14,"enemies":"2 Thieves","floor":18,"turns":6},{"damage":2,"enemies":"conspire:FuzzyDice","floor":21,"turns":5},{"damage":1,"enemies":"Centurion and Healer","floor":22,"turns":14},{"damage":7,"enemies":"Shelled Parasite and Fungi","floor":25,"turns":6},{"damage":41,"enemies":"Slavers","floor":29,"turns":5},{"damage":9,"enemies":"Snake Plant","floor":30,"turns":4},{"damage":5,"enemies":"conspire:SneckoGhost","floor":31,"turns":12},{"damage":15,"enemies":"hubris:MusketHawk","floor":33,"turns":14},{"damage":15,"enemies":"Orb Walker","floor":35,"turns":9},{"damage":13,"enemies":"3 Darklings","floor":36,"turns":7},{"damage":16,"enemies":"Spire Growth","floor":39,"turns":7},{"damage":13,"enemies":"Reptomancer","floor":41,"turns":7},{"damage":17,"enemies":"Sphere and 2 Shapes","floor":42,"turns":7},{"damage":1,"enemies":"2 Orb Walkers","floor":46,"turns":5},{"damage":0,"enemies":"R_Hoarder","floor":48,"turns":11},{"damage":5,"enemies":"Awakened One","floor":50,"turns":13},{"damage":15,"enemies":"Shield and Spear","floor":54,"turns":7},{"damage":50,"enemies":"The Heart","floor":55,"turns":6}],"seed_played":"-7859904132501554120","potions_obtained":[{"floor":6,"key":"jedi:holywater"},{"floor":10,"key":"Guardian:BlockOnCardUsePotion"},{"floor":14,"key":"Explosive Potion"},{"floor":16,"key":"Flashbang"},{"floor":22,"key":"PowerPotion"},{"floor":31,"key":"SteroidPotion"},{"floor":33,"key":"hexamod:EctoCoolerPotion"},{"floor":35,"key":"Dexterity Potion"},{"floor":48,"key":"Weak Potion"}],"is_trial":false,"path_per_floor":["M","?","?","$","M","E","R","$","MIM","M","R","?","M","M","R","B",null,"M","?","?","M","M","R","?","M","T","$","R","E","M","E","R_BF","B",null,"M","M","?","?","M","R","E","M","T","R","$","?","?","E","R","B",null,"R","$","E","B",null],"character_chosen":"BARD","items_purchased":["Replay:Kaleidoscope","Letter Opener","bard:Parry","bard:GlyphOfWarding+1"],"campfire_rested":1,"item_purchase_floors":[27,45,45,53],"current_hp_per_floor":[70,70,70,70,64,32,32,32,19,19,40,40,34,17,17,18,70,56,56,56,54,53,53,18,61,61,61,61,68,70,70,70,70,70,70,70,70,70,70,70,70,70,70,70,70,70,70,70,70,70,70,70,70,70,70],"gold":94,"neow_bonus":"REMOVE_TWO","is_daily":false,"chose_seed":false,"campfire_upgraded":7,"win_rate":0.0,"timestamp":1608957528,"path_taken":["M","?","?","?","M","E","R","$","MIM","?","R","?","M","M","R","BOSS","M","?","?","M","M","R","?","M","T","$","R","E","M","E","R_BF","BOSS","M","M","?","?","M","R","E","?","T","R","$","?","?","E","R","BOSS","R","$","E","BOSS"],"items_purchased_type":["Relic","Relic","Card","Card"],"build_version":"2020-12-22","purchased_purges":2,"victory":true,"max_hp_per_floor":[70,70,70,70,70,70,70,70,70,70,70,70,70,70,70,70,70,70,70,70,70,70,70,70,70,70,70,70,70,70,70,70,70,70,70,70,70,70,70,70,70,70,70,70,70,70,70,70,70,70,70,70,70,70,70],"card_choices":[{"not_picked":["bard:QuickSong","bard:Demoralize"],"picked":"bard:Doot","floor":1},{"not_picked":["bard:Gamble","bard:SongBolt"],"picked":"bard:GlyphOfWarding","floor":5},{"not_picked":["bard:HarmoniousVoice","bard:HideousLaughter"],"picked":"bard:Sift","floor":6},{"not_picked":["bard:Doot","bard:CuttingWords"],"picked":"bard:Haste","floor":9},{"not_picked":["bard:FeastOnFear","bard:CuttingWords","bard:MantleOfInspiration"],"picked":"SKIP","floor":10},{"not_picked":["bard:BucklerBash","bard:CuttingWords","bard:PrismaticSpray"],"picked":"SKIP","floor":13},{"not_picked":["bard:TinyHut","bard:PhantasmalForce"],"picked":"bard:Parry","floor":14},{"not_picked":["bard:FingerOfDeath","bard:PowerWordStun"],"picked":"bard:Wish","floor":16},{"not_picked":["bard:Fermata","bard:PhantasmalForce"],"picked":"bard:Greatness+1","floor":18},{"not_picked":["bard:Rest+1","bard:SongBolt+1"],"picked":"bard:HarmoniousVoice","floor":21},{"not_picked":["bard:StudiedStrike","bard:DervishDance"],"picked":"bard:Heroism+1","floor":22},{"not_picked":["bard:Blink","bard:Fermata"],"picked":"bard:TinyHut","floor":25},{"not_picked":["bard:FalseLife","bard:EchoEcho"],"picked":"bard:HarmoniousVoice","floor":29},{"not_picked":["bard:QuickSong","bard:Rest","bard:EchoEcho"],"picked":"SKIP","floor":30},{"not_picked":["bard:MagnumOpus","bard:PhantasmalForce","bard:Blink"],"picked":"SKIP","floor":31},{"not_picked":["bard:Sonata","bard:Invisibility"],"picked":"bard:Wish","floor":33},{"not_picked":["bard:FaerieFire+1","bard:SongBolt+1","bard:Thunderwave"],"picked":"SKIP","floor":35},{"not_picked":["bard:Greatness+1","bard:LingeringEcho","bard:ThickOfTheFight"],"picked":"SKIP","floor":36},{"not_picked":["bard:BucklerBash","bard:ThickOfTheFight","bard:SongBolt+1"],"picked":"SKIP","floor":39},{"not_picked":["bard:Solo+1","bard:FeastOnFear+1","bard:Rhapsody"],"picked":"SKIP","floor":41},{"not_picked":["bard:Blink","bard:InspiringSong","bard:FeastOnFear+1"],"picked":"SKIP","floor":42},{"not_picked":["bard:Accelerando+1","bard:Rhapsody"],"picked":"bard:Wish","floor":48},{"not_picked":["bard:StudiedStrike","bard:LifeDrain","bard:ViciousMockery+1"],"picked":"SKIP","floor":54}],"player_experience":673373,"relics_obtained":[{"floor":6,"key":"hubris:MedicalManual"},{"floor":9,"key":"halation:IllGainedPizza"},{"floor":9,"key":"conspire:TopHat"},{"floor":26,"key":"Oddly Smooth Stone"},{"floor":29,"key":"War Paint"},{"floor":31,"key":"hubris:SlimyHat"},{"floor":32,"key":"StuffTheSpire:GrapeVine"},{"floor":41,"key":"Replay:Rubber Ducky"},{"floor":43,"key":"Replay:Bottled Eggs"},{"floor":46,"key":"Calipers"},{"floor":48,"key":"CCEMRelics:GrapeVine"},{"floor":54,"key":"CCEMRelics:PorcelainBowl"}],"event_choices":[{"damage_healed":0,"gold_gain":0,"player_choice":"Upgraded","damage_taken":0,"max_hp_gain":0,"max_hp_loss":0,"event_name":"Upgrade Shrine","floor":12,"gold_loss":0,"cards_upgraded":["bard:Haste"]},{"damage_healed":0,"gold_gain":0,"player_choice":"Cursed","damage_taken":0,"max_hp_gain":0,"max_hp_loss":0,"event_name":"Wheel of Change","floor":19,"gold_loss":0,"cards_obtained":["Decay"]},{"cards_removed":["bard:Haste"],"damage_healed":0,"gold_gain":0,"player_choice":"Give","damage_taken":0,"max_hp_gain":0,"max_hp_loss":0,"event_name":"betterNote:BetterNote","floor":20,"gold_loss":0,"cards_obtained":["champ:Strike"]},{"damage_healed":0,"gold_gain":0,"player_choice":" Idol ","damage_taken":35,"relics_obtained":["Bloody Idol"],"max_hp_gain":53,"max_hp_loss":18,"event_name":"betterAltar:BetterAltar","floor":24,"potions_obtained":[],"relics_lost":[],"gold_loss":0},{"damage_healed":0,"gold_gain":0,"player_choice":"Copied","damage_taken":0,"max_hp_gain":0,"max_hp_loss":0,"event_name":"Duplicator","floor":38,"gold_loss":0,"cards_obtained":["bard:GlyphOfWarding"]},{"damage_healed":0,"gold_gain":0,"player_choice":"Fight","damage_taken":0,"max_hp_gain":0,"max_hp_loss":0,"event_name":"Mysterious Sphere","floor":46,"gold_loss":0}],"is_beta":false,"boss_relics":[{"not_picked":["Ectoplasm","SacredBark"],"picked":"Coffee Dripper"},{"not_picked":["CCEMRelics:TransientCore","hubris:HollowSoul"],"picked":"Kintsugi"}],"items_purged_floors":[45,53],"is_endless":false,"potions_floor_spawned":[6,10,14,16,22,31,33,35,36,48],"ascension_level":0}}