{"host":"r6jigiblrojhp6xe","time":1608977794,"event":{"mods":["AchievementEnabler","BaseMod","DeckTracker","Minty Spire (QoL Compilation)","Quick Restart","Rare Cards Sparkle","Relic Stats","StSLib","SuperFastMode","The Cursed","everything is the same but u backflip on backflip"],"gold_per_floor":[109,123,134,150,170,199,199,227,227,227,240,165,165,199,199,273,273,292,305,322,322,336,336,336,336,336],"floor_reached":25,"playtime":791,"items_purged":[],"score":550,"play_id":"94321675-5c29-40cc-9f14-b0cd088c244b","local_time":"20201226191634","is_ascension_mode":true,"campfire_choices":[{"data":"Eruption","floor":7.0,"key":"SMITH"},{"floor":10.0,"key":"REST"},{"floor":13.0,"key":"REST"},{"data":"1","floor":15.0,"key":"LIFT"},{"floor":24,"key":"REST"}],"circlet_count":0,"master_deck":["AscendersBane","Strike_P","Strike_P+1","Strike_P","Defend_P+1","Defend_P","Defend_P+1","Defend_P","Eruption+1","Vigilance+1","Master of Strategy","Evaluate","SandsOfTime","Wallop","CutThroughFate","LessonLearned","Consecrate+1","JustLucky","Blasphemy","InnerPeace+1","EmptyFist"],"relics":["PureWater","Sundial","Girya","Pocketwatch","Question Card","Black Star"],"acts_visited":["Exordium","TheCity"],"potions_floor_usage":[20,22,25],"damage_taken":[{"damage":2.0,"enemies":"Small Slimes","floor":1.0,"turns":3.0},{"damage":2.0,"enemies":"2 Louse","floor":2.0,"turns":4.0},{"damage":7.0,"enemies":"Jaw Worm","floor":3.0,"turns":3.0},{"damage":0.0,"enemies":"3 Louse","floor":4.0,"turns":2.0},{"damage":0.0,"enemies":"2 Fungi Beasts","floor":5.0,"turns":3.0},{"damage":35.0,"enemies":"Lagavulin","floor":6.0,"turns":9.0},{"damage":6.0,"enemies":"3 Sentries","floor":8.0,"turns":5.0},{"damage":5.0,"enemies":"Red Slaver","floor":11.0,"turns":3.0},{"damage":7.0,"enemies":"Lagavulin","floor":14.0,"turns":4.0},{"damage":0.0,"enemies":"Slime Boss","floor":16.0,"turns":5.0},{"damage":2.0,"enemies":"2 Thieves","floor":18.0,"turns":3.0},{"damage":16,"enemies":"Spheric Guardian","floor":19,"turns":4},{"damage":29,"enemies":"Shelled Parasite and Fungi","floor":20,"turns":6},{"damage":5,"enemies":"Centurion and Healer","floor":22,"turns":5},{"damage":22,"enemies":"Slavers","floor":25,"turns":2}],"seed_played":"-8832652974834861855","potions_obtained":[{"floor":2.0,"key":"Explosive Potion"},{"floor":3.0,"key":"DistilledChaos"},{"floor":6.0,"key":"Swift Potion"},{"floor":14.0,"key":"AttackPotion"},{"floor":16.0,"key":"Weak Potion"},{"floor":19,"key":"ColorlessPotion"},{"floor":22,"key":"GamblersBrew"}],"is_trial":false,"path_per_floor":["M","M","M","M","M","E","R","E","T","R","M","?","R","E","R","B",null,"M","M","M","?","M","?","R","E"],"character_chosen":"WATCHER","items_purchased":[],"campfire_rested":3,"item_purchase_floors":[],"current_hp_per_floor":[59,57,50,50,50,15,15,9,9,27,22,22,40,33,33,33,55,53,37,8,8,3,3,21,0,0],"gold":336,"neow_bonus":"RANDOM_COLORLESS_2","is_daily":false,"chose_seed":false,"campfire_upgraded":1,"win_rate":0.0,"timestamp":1608977794,"path_taken":["M","M","M","M","M","E","R","E","T","R","M","?","R","E","R","BOSS","M","M","M","?","M","?","R","E"],"items_purchased_type":[],"build_version":"2020-12-22","purchased_purges":0,"victory":false,"max_hp_per_floor":[62,62,62,62,62,62,62,62,62,62,62,62,62,62,62,62,62,62,62,62,62,62,62,62,62,62],"relic_stats":{"counters":[15,61],"Sundial":[6],"Black Star":0,"Question Card":5,"obtain_stats":[{"Girya":8,"Sundial":6,"Black Star":17,"PureWater":0,"Question Card":14,"Pocketwatch":9},{"Girya":7,"Sundial":6,"Black Star":10,"PureWater":0,"Question Card":9,"Pocketwatch":7},{"Girya":29,"Sundial":24,"Black Star":41,"PureWater":0,"Question Card":36,"Pocketwatch":29}],"Pocketwatch":[18]},"card_choices":[{"not_picked":["The Bomb","Thinking Ahead"],"picked":"Master of Strategy","floor":0.0},{"not_picked":["Swivel","BowlingBash","Evaluate"],"picked":"SKIP","floor":1.0},{"not_picked":["Swivel","BowlingBash"],"picked":"Evaluate","floor":1.0},{"not_picked":["BowlingBash","Fasting2","LikeWater"],"picked":"SKIP","floor":2.0},{"not_picked":["SashWhip","FollowUp"],"picked":"SandsOfTime","floor":3.0},{"not_picked":["ClearTheMind","EmptyFist"],"picked":"Wallop","floor":4.0},{"not_picked":["Wallop","PathToVictory"],"picked":"CutThroughFate","floor":5.0},{"not_picked":["BowlingBash","PathToVictory","Brilliance"],"picked":"SKIP","floor":6.0},{"not_picked":["Conclude","BowlingBash"],"picked":"LessonLearned","floor":8.0},{"not_picked":["CutThroughFate","PathToVictory"],"picked":"Consecrate","floor":11.0},{"not_picked":["Wallop","EmptyBody"],"picked":"JustLucky","floor":14.0},{"not_picked":["Devotion","MasterReality","ConjureBlade"],"picked":"Blasphemy","floor":16.0},{"not_picked":["FollowUp","FlurryOfBlows","BowlingBash","Protect"],"picked":"SKIP","floor":18.0},{"not_picked":["WindmillStrike","Sanctity","FlyingSleeves","Prostrate"],"picked":"SKIP","floor":19},{"not_picked":["Study","Weave","Swivel"],"picked":"InnerPeace","floor":20},{"not_picked":["ForeignInfluence","EmptyBody","Evaluate"],"picked":"EmptyFist","floor":22}],"player_experience":539539,"relics_obtained":[{"floor":6.0,"key":"Sundial"},{"floor":8.0,"key":"Girya"},{"floor":9.0,"key":"Pocketwatch"},{"floor":14.0,"key":"Question Card"}],"event_choices":[{"cards_removed":["Strike_P"],"damage_healed":0.0,"max_hp_gain":0.0,"max_hp_loss":0.0,"gold_gain":0.0,"event_name":"The Cleric","player_choice":"Card Removal","floor":12.0,"gold_loss":75.0,"damage_taken":0.0},{"damage_healed":0,"gold_gain":0,"player_choice":"Ignored","damage_taken":0,"max_hp_gain":0,"max_hp_loss":0,"event_name":"Ghosts","floor":21,"gold_loss":0},{"damage_healed":0,"gold_gain":0,"player_choice":"Ignored","damage_taken":0,"max_hp_gain":0,"max_hp_loss":0,"event_name":"Vampires","floor":23,"gold_loss":0}],"is_beta":false,"boss_relics":[{"not_picked":["Snecko Eye","Velvet Choker"],"picked":"Black Star"}],"items_purged_floors":[],"is_endless":false,"potions_floor_spawned":[2,3,6,14,16,19,22],"killed_by":"Slavers","ascension_level":20}}