{"host":"6ko66ogg91i6g7xq","time":1608994321,"event":{"mods":["AchievementEnabler","Act Like it!","BaseMod","Colored Map","Colored Powertips","Downfall","Hermit","Minty Spire (QoL Compilation)","Quick Restart","Relic Stats","StSLib","The Jungle","everything is the same but u backflip on backflip"],"gold_per_floor":[113,113,113,113,38,38,73,92,92,92,92],"floor_reached":10,"playtime":139,"items_purged":["Regret"],"score":93,"play_id":"12a80466-6e2e-4178-909b-fa1423d1f5da","local_time":"20201226095201","is_ascension_mode":true,"campfire_choices":[{"floor":6,"key":"RECALL"}],"circlet_count":0,"master_deck":["Strike_G","Strike_G","Strike_G","Strike_G","Strike_G","Defend_G","Defend_G","Defend_G","Defend_G","Defend_G","Survivor","Neutralize","Poisoned Stab+1","Heel Hook","Sucker Punch"],"relics":["Ring of the Snake","NeowsBlessing","Lantern","Golden Idol","Boot","Mango"],"acts_visited":["Exordium"],"potions_floor_usage":[],"damage_taken":[{"damage":0,"enemies":"Small Slimes","floor":1,"turns":1},{"damage":0,"enemies":"Lagavulin","floor":7,"turns":1},{"damage":0,"enemies":"2 Louse","floor":8,"turns":1},{"damage":17,"enemies":"3 Sentries","floor":10,"turns":5}],"seed_played":"1991600706051627136","potions_obtained":[{"floor":7,"key":"BlessingOfTheForge"}],"is_trial":false,"path_per_floor":["M","?","?","?","$","R","E","M","T","E"],"character_chosen":"THE_SILENT","items_purchased":[],"campfire_rested":0,"item_purchase_floors":[],"current_hp_per_floor":[70,70,70,53,53,53,53,53,67,50,50],"gold":92,"neow_bonus":"THREE_ENEMY_KILL","is_daily":false,"chose_seed":false,"campfire_upgraded":0,"win_rate":0.0,"timestamp":1608994321,"path_taken":["M","?","?","?","$","R","E","M","T","E"],"items_purchased_type":[],"build_version":"2020-12-22","purchased_purges":1,"victory":false,"max_hp_per_floor":[70,70,70,70,70,70,70,70,84,84,84],"relic_stats":{"counters":[4,8],"Golden Idol":11,"Boot":[4],"obtain_stats":[{"Lantern":3,"NeowsBlessing":0,"Golden Idol":4,"Mango":9,"Boot":7,"Ring of the Snake":0},{"Lantern":1,"NeowsBlessing":0,"Golden Idol":1,"Mango":3,"Boot":2,"Ring of the Snake":0},{"Lantern":1,"NeowsBlessing":0,"Golden Idol":1,"Mango":3,"Boot":2,"Ring of the Snake":0}],"Ring of the Snake":[8]},"card_choices":[{"not_picked":["Slice","Underhanded Strike"],"picked":"Poisoned Stab","floor":1},{"not_picked":["Sucker Punch","Footwork"],"picked":"Heel Hook","floor":7},{"not_picked":["Heel Hook","Slice"],"picked":"Sucker Punch","floor":8}],"player_experience":258134,"relics_obtained":[{"floor":7,"key":"Boot"},{"floor":9,"key":"Mango"}],"event_choices":[{"damage_healed":0,"gold_gain":0,"player_choice":"Grow","damage_taken":0,"max_hp_gain":0,"max_hp_loss":0,"event_name":"Living Wall","floor":2,"gold_loss":0,"cards_upgraded":["Poisoned Stab"]},{"damage_healed":0,"gold_gain":0,"player_choice":"Box","damage_taken":0,"relics_obtained":["Lantern"],"max_hp_gain":0,"max_hp_loss":0,"event_name":"Big Fish","floor":3,"gold_loss":0,"cards_obtained":["Regret"]},{"damage_healed":0,"gold_gain":0,"player_choice":"Take Damage","damage_taken":17,"relics_obtained":["Golden Idol"],"max_hp_gain":0,"max_hp_loss":0,"event_name":"Golden Idol","floor":4,"gold_loss":0}],"is_beta":false,"boss_relics":[],"items_purged_floors":[5],"is_endless":false,"potions_floor_spawned":[7],"killed_by":"3 Sentries","ascension_level":1}}