{"host":"rnys9sj607vajavv","time":1608982601,"event":{"mods":["BaseMod","Colored Map","Downfall","Minty Spire (QoL Compilation)","StSLib"],"gold_per_floor":[99,113,47,47,60,60,60,60,160,160,176,176,211,226,243,339,339,264,281,293,203,214,232,232,251,176,189,218,218,56,69,85,189,189,114,132,151,170,182,217,217,242,461,478,511,511,524,105,118,118,118,153,0,0,0],"floor_reached":56,"playtime":6522,"items_purged":["Guardian:Strike_Guardian","Guardian:Aged"],"score":1548,"play_id":"21d67b60-2fa1-48dc-a461-42c7fdfc39d2","local_time":"20201226033641","is_ascension_mode":true,"campfire_choices":[{"data":"Guardian:FierceBash","floor":1.0,"key":"SMITH"},{"data":"Guardian:FuturePlans","floor":6.0,"key":"SMITH"},{"data":"Guardian:TemporalShield","floor":8.0,"key":"SMITH"},{"data":"Guardian:CurlUp","floor":10.0,"key":"SMITH"},{"data":"Guardian:TemporalShield","floor":12.0,"key":"SMITH"},{"data":"Guardian:Emergency","floor":18.0,"key":"SMITH"},{"floor":26.0,"key":"RECALL"},{"data":"Guardian:ShieldSpikes","floor":35.0,"key":"SMITH"},{"data":"Guardian:PiercingHide","floor":46,"key":"SMITH"},{"data":"Thinking Ahead","floor":54,"key":"SMITH"}],"circlet_count":0,"master_deck":["Guardian:Strike_Guardian","Guardian:Defend_Guardian","Guardian:Defend_Guardian","Guardian:Defend_Guardian","Guardian:Defend_Guardian","Guardian:CurlUp+1","Guardian:TwinSlam","Guardian:FierceBash+1","Guardian:FuturePlans+1","Guardian:TemporalShield+1","Guardian:TemporalShield+1","Guardian:Emergency+1","CurseOfTheBell","Guardian:ShieldSpikes+1","Guardian:Repulse+1","Guardian:PiercingHide+1","Thinking Ahead+1"],"relics":["Guardian:ModeShifter","Bag of Marbles","Centennial Puzzle","Calling Bell","Bag of Preparation","Pear","Unceasing Top","downfall:HeartBlessingGreen","downfall:HeartBlessingBlue","Bottled Tornado","Anchor","Cursed Key","downfall:HeartBlessingRed","Mercury Hourglass","White Beast Statue","Molten Egg 2","Eternal Feather","InkBottle","HornCleat","Guardian:DefensiveModeMoreBlock"],"acts_visited":["Exordium","TheCity","TheBeyond","TheEnding"],"potions_floor_usage":[42,43,45,47,52,52,55],"damage_taken":[{"damage":0.0,"enemies":"Small Slimes","floor":2.0,"turns":3.0},{"damage":0.0,"enemies":"downfall:FleeingMerchant","floor":3.0,"turns":4.0},{"damage":0.0,"enemies":"Cultist","floor":5.0,"turns":4.0},{"damage":0.0,"enemies":"Jaw Worm","floor":11.0,"turns":6.0},{"damage":33.0,"enemies":"Gremlin Nob","floor":13.0,"turns":6.0},{"damage":1.0,"enemies":"Blue Slaver","floor":14.0,"turns":5.0},{"damage":12.0,"enemies":"Exordium Wildlife","floor":15.0,"turns":3.0},{"damage":5.0,"enemies":"downfall:Defect","floor":16.0,"turns":10.0},{"damage":4.0,"enemies":"Spheric Guardian","floor":19.0,"turns":5.0},{"damage":0.0,"enemies":"Chosen and Byrds","floor":20.0,"turns":3.0},{"damage":0.0,"enemies":"downfall:FleeingMerchant","floor":21.0,"turns":4.0},{"damage":17.0,"enemies":"Cultist and Chosen","floor":22.0,"turns":8.0},{"damage":8.0,"enemies":"Snake Plant","floor":23.0,"turns":2.0},{"damage":0.0,"enemies":"Centurion and Healer","floor":25.0,"turns":4.0},{"damage":0.0,"enemies":"Sentry and Sphere","floor":27.0,"turns":7.0},{"damage":0.0,"enemies":"Book of Stabbing","floor":28.0,"turns":6.0},{"damage":0.0,"enemies":"downfall:FleeingMerchant","floor":30.0,"turns":4.0},{"damage":1.0,"enemies":"Shelled Parasite and Fungi","floor":31.0,"turns":7.0},{"damage":0.0,"enemies":"Chosen and Byrds","floor":32.0,"turns":6.0},{"damage":3.0,"enemies":"downfall:Silent","floor":33.0,"turns":8.0},{"damage":0.0,"enemies":"Orb Walker","floor":36.0,"turns":1.0},{"damage":0.0,"enemies":"3 Shapes","floor":37.0,"turns":3.0},{"damage":0.0,"enemies":"Maw","floor":38.0,"turns":8.0},{"damage":0,"enemies":"3 Darklings","floor":39,"turns":8},{"damage":7,"enemies":"Nemesis","floor":40,"turns":9},{"damage":0,"enemies":"Giant Head","floor":42,"turns":8},{"damage":0,"enemies":"downfall:FleeingMerchant","floor":43,"turns":4},{"damage":2,"enemies":"Spire Growth","floor":44,"turns":3},{"damage":3,"enemies":"Nemesis","floor":45,"turns":7},{"damage":13,"enemies":"Writhing Mass","floor":47,"turns":5},{"damage":1,"enemies":"4 Shapes","floor":49,"turns":4},{"damage":1,"enemies":"downfall:Watcher","floor":50,"turns":7},{"damage":45,"enemies":"downfall:CharBossMerchant","floor":52,"turns":8},{"damage":28,"enemies":"downfall:NeowBoss","floor":55,"turns":22}],"seed_played":"4731091784855420650","potions_obtained":[{"floor":5.0,"key":"SkillPotion"},{"floor":13.0,"key":"Guardian:BlockOnCardUsePotion"},{"floor":14.0,"key":"Swift Potion"},{"floor":16.0,"key":"CultistPotion"},{"floor":22.0,"key":"Block Potion"},{"floor":25.0,"key":"Block Potion"},{"floor":27.0,"key":"Block Potion"},{"floor":36.0,"key":"FearPotion"},{"floor":37.0,"key":"PowerPotion"},{"floor":42,"key":"PowerPotion"},{"floor":43,"key":"SpeedPotion"},{"floor":44,"key":"DistilledChaos"},{"floor":45,"key":"PowerPotion"},{"floor":47,"key":"Fire Potion"},{"floor":49,"key":"DuplicationPotion"},{"floor":52,"key":"hexamod:EctoCoolerPotion"}],"is_trial":false,"path_per_floor":["R","M","$","?","M","R","T","R","?","R","M","R","E","M","M","B",null,"R","M","M","$","M","M","T","M","R","M","E","?","$","M","M","B",null,"R","M","M","M","M","E","T","E","$","M","E","R","M","$","M","B",null,"E","$","R","B",null],"character_chosen":"GUARDIAN","items_purchased":["Guardian:Gem_Cyan","Anchor","Guardian:PiercingHide","InkBottle","Thinking Ahead","Guardian:DefensiveModeMoreBlock"],"campfire_rested":0,"item_purchase_floors":[3,30,43,48,48,53],"current_hp_per_floor":[56,56,56,56,56,56,56,56,56,56,56,56,23,22,10,5,90,90,86,86,86,69,61,61,61,71,71,71,71,71,70,70,67,100,100,100,100,100,100,93,93,93,93,91,88,97,84,84,83,82,100,55,55,64,36],"gold":0,"neow_bonus":"THREE_RARE_CARDS","is_daily":false,"chose_seed":false,"campfire_upgraded":9,"win_rate":0.0,"timestamp":1608982601,"path_taken":["R","M","$","?","M","R","T","R","?","R","?","R","E","M","M","BOSS","R","M","M","?","M","?","T","M","R","M","E","?","$","M","M","BOSS","R","M","M","M","M","E","T","E","$","M","E","R","M","$","M","BOSS","E","$","R","BOSS"],"items_purchased_type":["Card","Relic","Card","Relic","Card","Relic"],"build_version":"2020-12-22","purchased_purges":2,"victory":true,"max_hp_per_floor":[80,80,80,80,80,80,80,80,80,80,80,80,80,80,80,80,90,90,90,90,90,90,90,90,90,100,100,100,100,100,100,100,100,100,100,100,100,100,100,100,100,100,100,100,100,100,100,100,100,100,100,100,100,100,100],"card_choices":[{"not_picked":["Guardian:GemFire","Guardian:SphericShield"],"picked":"Guardian:FierceBash","floor":0.0},{"not_picked":["Guardian:Gem_Red","Guardian:Gem_Crimson"],"picked":"Guardian:FuturePlans","floor":2.0},{"not_picked":["Guardian:ShieldCharger","Guardian:Suspension"],"picked":"Guardian:TemporalShield","floor":3.0},{"not_picked":["Guardian:PrimingBeam","Guardian:PolyBeam","Guardian:ChargeCore"],"picked":"SKIP","floor":5.0},{"not_picked":["Guardian:ArmoredProtocol","Guardian:PolyBeam"],"picked":"Guardian:TemporalShield","floor":11.0},{"not_picked":["Guardian:BronzeArmor","Guardian:DecasProtection","Guardian:AncientConstruct"],"picked":"SKIP","floor":13.0},{"not_picked":["Guardian:CrystalBeam","Guardian:Gem_Crimson"],"picked":"Guardian:Gem_Cyan","floor":14.0},{"not_picked":["Guardian:RollAttack","Guardian:Gem_Blue"],"picked":"Guardian:Emergency","floor":15.0},{"not_picked":["Guardian:RollAttack","Guardian:Gem_Lightblue","Guardian:DecasProtection+1"],"picked":"SKIP","floor":19.0},{"not_picked":["Guardian:RollAttack","Guardian:Gem_Lightblue","Guardian:DecasProtection+1"],"picked":"SKIP","floor":19.0},{"not_picked":["Guardian:GuardianWhirl","Guardian:ArmoredProtocol","Guardian:Planning"],"picked":"SKIP","floor":20.0},{"not_picked":["Guardian:FuturePlans+1","Guardian:CrystalBeam","Guardian:SentryBeam"],"picked":"SKIP","floor":21.0},{"not_picked":["Guardian:Gem_Green","Guardian:Incinerate","Guardian:Recover"],"picked":"SKIP","floor":22.0},{"not_picked":["Guardian:Suspension","Guardian:Gem_Lightblue"],"picked":"Guardian:Gem_Cyan","floor":23.0},{"not_picked":["Guardian:WalkerClaw","Guardian:Orbwalk","Guardian:Gem_Fragmented"],"picked":"SKIP","floor":25.0},{"not_picked":["Guardian:Gem_Green","Guardian:VentSteam","Guardian:RollAttack+1"],"picked":"SKIP","floor":27.0},{"not_picked":["Guardian:StasisStrike","Guardian:Gem_Purple","Guardian:TemporalShield"],"picked":"SKIP","floor":28.0},{"not_picked":["Guardian:StasisStrike","Guardian:Gem_Purple","Guardian:TemporalShield"],"picked":"SKIP","floor":28.0},{"not_picked":["Guardian:Recover","Guardian:WalkerClaw"],"picked":"Guardian:ShieldSpikes","floor":30.0},{"not_picked":["Guardian:DecasProtection","Guardian:PrimingBeam","Guardian:ArmoredProtocol+1"],"picked":"SKIP","floor":31.0},{"not_picked":["Guardian:DecasProtection","Guardian:PrimingBeam","Guardian:ArmoredProtocol+1"],"picked":"SKIP","floor":31.0},{"not_picked":["Guardian:ChargeCore","Guardian:GuardianWhirl+1","Guardian:SentryBeam"],"picked":"SKIP","floor":32.0},{"not_picked":["Guardian:ShieldCharger+1","Guardian:RollAttack+1","Guardian:Gem_Lightblue"],"picked":"SKIP","floor":36.0},{"not_picked":["Guardian:TemporalShield","Guardian:Suspension","Guardian:TimeCapacitor"],"picked":"SKIP","floor":37.0},{"not_picked":["Guardian:Recover+1","Guardian:TemporalShield+1","Guardian:TimeCapacitor+1"],"picked":"SKIP","floor":38.0},{"not_picked":["Guardian:Gem_Red","Guardian:Incinerate"],"picked":"Guardian:Repulse+1","floor":39},{"not_picked":["Guardian:Gem_Green","Guardian:ShieldCharger","Guardian:Gem_Cyan"],"picked":"SKIP","floor":40},{"not_picked":["Guardian:Incinerate+1","Guardian:Suspension+1","Guardian:VentSteam+1"],"picked":"SKIP","floor":42},{"not_picked":["Guardian:Planning+1","Guardian:ArmoredProtocol","Guardian:TimeCapacitor"],"picked":"SKIP","floor":43},{"not_picked":["Guardian:RefractedBeam+1","Guardian:Gem_Red","Guardian:VentSteam"],"picked":"SKIP","floor":44},{"not_picked":["Guardian:ChargeCore+1","Guardian:BaubleBeam+1"],"picked":"Guardian:Gem_Crimson","floor":45},{"not_picked":["Guardian:ShieldSpikes+1","Guardian:Recover+1","Guardian:Incinerate+1"],"picked":"SKIP","floor":47},{"not_picked":["Guardian:PrimingBeam+1","Guardian:SpikerProtocol","Guardian:Gem_Red"],"picked":"SKIP","floor":49},{"not_picked":["Guardian:PrimingBeam+1","Guardian:SpikerProtocol","Guardian:Gem_Red"],"picked":"SKIP","floor":49},{"not_picked":["Guardian:Preprogram+1","Guardian:AncientConstruct","Guardian:Gem_Cyan"],"picked":"SKIP","floor":52}],"player_experience":624947,"relics_obtained":[{"floor":7.0,"key":"Bag of Marbles"},{"floor":13.0,"key":"Centennial Puzzle"},{"floor":17.0,"key":"Bag of Preparation"},{"floor":17.0,"key":"Pear"},{"floor":17.0,"key":"Unceasing Top"},{"floor":28.0,"key":"Bottled Tornado"},{"floor":40,"key":"Mercury Hourglass"},{"floor":41,"key":"White Beast Statue"},{"floor":42,"key":"Molten Egg 2"},{"floor":45,"key":"Eternal Feather"},{"floor":52,"key":"HornCleat"}],"event_choices":[{"cards_removed":["Guardian:Strike_Guardian"],"damage_healed":0.0,"max_hp_gain":0.0,"max_hp_loss":0.0,"gold_gain":0.0,"event_name":"Back to Basics","player_choice":"Elegance","floor":29.0,"gold_loss":0.0,"damage_taken":0.0}],"is_beta":false,"boss_relics":[{"not_picked":["Snecko Eye","Tiny House"],"picked":"Calling Bell"},{"not_picked":["Pandora\u0027s Box","Velvet Choker"],"picked":"Cursed Key"}],"items_purged_floors":[21,43],"is_endless":false,"potions_floor_spawned":[5,13,14,16,22,25,27,31,36,37,42,43,44,45,47,49,52],"ascension_level":4}}