{"host":"v711dtdb46xe9u7l","time":1608988097,"event":{"mods":["BaseMod","Minty Spire (QoL Compilation)","StSLib"],"gold_per_floor":[111,129,147,3,3,31,31,64,91,120,137,149,163,178,178,283,333,351,351,57,69,87,112,128,128,128,144,144,172,172,272,272,370,370,385,385,385,405,57,85,85,110,135,169,169,169,182,199,199,199,199,199,52,52,52],"floor_reached":54,"playtime":3505,"items_purged":["Strike_R","Strike_R"],"score":905,"play_id":"7c352057-5973-4087-a8c5-f4da170d39ab","local_time":"20201226130817","is_ascension_mode":true,"campfire_choices":[{"data":"Flex","floor":7.0,"key":"SMITH"},{"data":"Panacea","floor":15.0,"key":"SMITH"},{"floor":25.0,"key":"RECALL"},{"data":"Entrench","floor":28.0,"key":"SMITH"},{"data":"Metallicize","floor":30.0,"key":"SMITH"},{"data":"Ghostly Armor","floor":32.0,"key":"SMITH"},{"data":"Barricade","floor":41.0,"key":"SMITH"},{"floor":45.0,"key":"REST"},{"data":"Heavy Blade","floor":49.0,"key":"SMITH"},{"data":"Shrug It Off","floor":52.0,"key":"SMITH"}],"circlet_count":0,"master_deck":["Strike_R","Strike_R","Defend_R","Defend_R+1","Defend_R","Bash","Panacea+1","Flex+1","Heavy Blade+1","Spot Weakness","Metallicize+1","Whirlwind","Ghostly Armor+1","Warcry","Battle Trance","Feed","Shrug It Off+1","Entrench+1","Flame Barrier+1","Disarm+1","Barricade+1","Madness","Madness","Headbutt+1","Reaper","Body Slam+1","Seeing Red+1","Sword Boomerang"],"relics":["Black Blood","Orichalcum","PreservedInsect","Bag of Preparation","Tiny House","Nloth\u0027s Gift","Chemical X","Centennial Puzzle","Kunai","Boot","Thread and Needle","Letter Opener","Pantograph","Peace Pipe","Vajra","Blood Vial","Happy Flower","Frozen Eye"],"acts_visited":["Exordium","TheCity","TheBeyond","TheEnding"],"potions_floor_usage":[],"damage_taken":[{"damage":6.0,"enemies":"Cultist","floor":1.0,"turns":3.0},{"damage":5.0,"enemies":"2 Louse","floor":2.0,"turns":3.0},{"damage":5.0,"enemies":"Small Slimes","floor":3.0,"turns":3.0},{"damage":27.0,"enemies":"Gremlin Nob","floor":6.0,"turns":5.0},{"damage":1.0,"enemies":"3 Sentries","floor":8.0,"turns":4.0},{"damage":18.0,"enemies":"Lagavulin","floor":10.0,"turns":4.0},{"damage":0.0,"enemies":"3 Louse","floor":11.0,"turns":1.0},{"damage":0.0,"enemies":"Lots of Slimes","floor":12.0,"turns":1.0},{"damage":0.0,"enemies":"Red Slaver","floor":13.0,"turns":3.0},{"damage":0.0,"enemies":"Blue Slaver","floor":14.0,"turns":2.0},{"damage":23.0,"enemies":"The Guardian","floor":16.0,"turns":9.0},{"damage":0.0,"enemies":"3 Byrds","floor":18.0,"turns":5.0},{"damage":4.0,"enemies":"Shell Parasite","floor":21.0,"turns":5.0},{"damage":8.0,"enemies":"Cultist and Chosen","floor":22.0,"turns":5.0},{"damage":8.0,"enemies":"Gremlin Leader","floor":23.0,"turns":5.0},{"damage":9.0,"enemies":"Snake Plant","floor":24.0,"turns":4.0},{"damage":13.0,"enemies":"Sentry and Sphere","floor":27.0,"turns":7.0},{"damage":0.0,"enemies":"Slavers","floor":29.0,"turns":1.0},{"damage":14.0,"enemies":"Colosseum Slavers","floor":31.0,"turns":6.0},{"damage":23.0,"enemies":"Colosseum Nobs","floor":31.0,"turns":4.0},{"damage":39.0,"enemies":"Collector","floor":33.0,"turns":7.0},{"damage":8.0,"enemies":"3 Shapes","floor":35.0,"turns":8.0},{"damage":4.0,"enemies":"Orb Walker","floor":38.0,"turns":6.0},{"damage":23.0,"enemies":"Reptomancer","floor":40.0,"turns":10.0},{"damage":26.0,"enemies":"Nemesis","floor":42.0,"turns":7.0},{"damage":59.0,"enemies":"Giant Head","floor":44.0,"turns":12.0},{"damage":33.0,"enemies":"Jaw Worm Horde","floor":47.0,"turns":3.0},{"damage":0.0,"enemies":"Maw","floor":48.0,"turns":10.0},{"damage":0.0,"enemies":"Time Eater","floor":50.0,"turns":14.0},{"damage":120,"enemies":"Shield and Spear","floor":54,"turns":6}],"seed_played":"7429589773475744483","potions_obtained":[{"floor":3.0,"key":"DistilledChaos"},{"floor":11.0,"key":"PowerPotion"},{"floor":12.0,"key":"BloodPotion"},{"floor":13.0,"key":"Fire Potion"},{"floor":16.0,"key":"SteroidPotion"},{"floor":17.0,"key":"EntropicBrew"},{"floor":31.0,"key":"GamblersBrew"},{"floor":33.0,"key":"ColorlessPotion"},{"floor":38.0,"key":"BlessingOfTheForge"},{"floor":42.0,"key":"Block Potion"}],"is_trial":false,"path_per_floor":["M","M","M","$","?","E","R","E","T","E","M","M","M","M","R","B",null,"M","?","$","M","M","E","M","R","T","M","R","E","R","?","R","B",null,"M","?","?","M","$","E","R","E","T","E","R","?","M","M","R","B",null,"R","$","E"],"character_chosen":"IRONCLAD","items_purchased":["Orichalcum","Chemical X","Entrench","Pantograph","Frozen Eye"],"campfire_rested":1,"item_purchase_floors":[4,20,20,39,53],"current_hp_per_floor":[80,80,80,80,80,59,59,64,64,52,58,64,70,76,76,59,85,85,85,85,88,86,84,81,81,81,77,77,83,83,74,74,41,91,91,91,80,88,88,77,77,63,63,18,45,45,31,57,57,91,91,91,91,0,0],"gold":52,"neow_bonus":"RANDOM_COLORLESS","is_daily":false,"chose_seed":false,"campfire_upgraded":8,"win_rate":0.0,"timestamp":1608988097,"path_taken":["M","M","M","$","?","E","R","E","T","E","?","M","M","?","R","BOSS","M","?","$","M","M","E","?","R","T","M","R","E","R","?","R","BOSS","M","?","?","M","$","E","R","E","T","E","R","?","M","M","R","BOSS","R","$","E"],"items_purchased_type":["Relic","Relic","Card","Relic","Relic"],"build_version":"2020-12-22","purchased_purges":2,"victory":false,"max_hp_per_floor":[80,80,80,80,80,80,80,80,80,80,80,80,80,80,80,80,85,85,85,85,88,88,88,88,88,88,91,91,91,91,91,91,91,91,91,91,91,91,91,91,91,91,91,91,91,91,91,91,91,91,91,91,91,91,91],"card_choices":[{"not_picked":["Finesse","Good Instincts"],"picked":"Panacea","floor":0.0},{"not_picked":["Heavy Blade","Armaments"],"picked":"Flex","floor":1.0},{"not_picked":["Sword Boomerang","Entrench"],"picked":"Heavy Blade","floor":2.0},{"not_picked":["Clothesline","Pommel Strike"],"picked":"Spot Weakness","floor":3.0},{"not_picked":["Spot Weakness","Blood for Blood"],"picked":"Metallicize","floor":6.0},{"not_picked":["Perfected Strike","Inflame"],"picked":"Whirlwind","floor":8.0},{"not_picked":["Combust","Heavy Blade"],"picked":"Ghostly Armor","floor":10.0},{"not_picked":["Infernal Blade","Fiend Fire"],"picked":"Warcry","floor":11.0},{"not_picked":["Burning Pact","Havoc","Perfected Strike"],"picked":"SKIP","floor":12.0},{"not_picked":["Bloodletting","Headbutt","Havoc"],"picked":"SKIP","floor":13.0},{"not_picked":["Sever Soul","Havoc"],"picked":"Battle Trance","floor":14.0},{"not_picked":["Bludgeon","Corruption"],"picked":"Feed","floor":16.0},{"not_picked":["True Grit","Clothesline"],"picked":"Shrug It Off","floor":17.0},{"not_picked":["Evolve","Entrench","Warcry"],"picked":"SKIP","floor":18.0},{"not_picked":["Twin Strike+1","Clothesline"],"picked":"Flame Barrier+1","floor":21.0},{"not_picked":["Body Slam","Clothesline+1","Twin Strike"],"picked":"SKIP","floor":22.0},{"not_picked":["Thunderclap","Warcry","Clothesline"],"picked":"SKIP","floor":23.0},{"not_picked":["Juggernaut","Second Wind","Thunderclap"],"picked":"SKIP","floor":24.0},{"not_picked":["Dropkick","Entrench","Iron Wave"],"picked":"SKIP","floor":27.0},{"not_picked":["Feel No Pain+1","Whirlwind"],"picked":"Disarm+1","floor":29.0},{"not_picked":["Fiend Fire","Demon Form"],"picked":"Barricade","floor":33.0},{"not_picked":["Clothesline+1","Warcry","Havoc+1"],"picked":"SKIP","floor":35.0},{"not_picked":["Warcry+1","Searing Blow+1"],"picked":"Headbutt+1","floor":38.0},{"not_picked":["Rampage+1","Dropkick"],"picked":"Reaper","floor":40.0},{"not_picked":["Anger","Infernal Blade","Dark Embrace"],"picked":"SKIP","floor":42.0},{"not_picked":["Twin Strike","Havoc+1"],"picked":"Body Slam+1","floor":44.0},{"not_picked":["Iron Wave+1","Thunderclap+1"],"picked":"Seeing Red+1","floor":47.0},{"not_picked":["Searing Blow","Sword Boomerang","Battle Trance+1"],"picked":"SKIP","floor":48.0},{"not_picked":["Searing Blow","Battle Trance+1"],"picked":"Sword Boomerang","floor":48.0}],"player_experience":237063,"relics_obtained":[{"floor":6.0,"key":"PreservedInsect"},{"floor":8.0,"key":"Bag of Preparation"},{"floor":10.0,"key":"Shuriken"},{"floor":23.0,"key":"Centennial Puzzle"},{"floor":26.0,"key":"Kunai"},{"floor":29.0,"key":"Boot"},{"floor":31.0,"key":"Thread and Needle"},{"floor":31.0,"key":"Letter Opener"},{"floor":40.0,"key":"Peace Pipe"},{"floor":42.0,"key":"Vajra"},{"floor":43.0,"key":"Blood Vial"},{"floor":44.0,"key":"Happy Flower"}],"event_choices":[{"cards_removed":["Strike_R"],"damage_healed":0.0,"max_hp_gain":0.0,"max_hp_loss":0.0,"gold_gain":0.0,"event_name":"Bonfire Elementals","player_choice":"Offered Basic","floor":5.0,"gold_loss":0.0,"damage_taken":0.0},{"damage_healed":0.0,"max_hp_gain":0.0,"max_hp_loss":0.0,"gold_gain":0.0,"event_name":"N\u0027loth","player_choice":"Traded Relic","floor":19.0,"relics_lost":["Shuriken"],"gold_loss":0.0,"damage_taken":0.0,"relics_obtained":["Nloth\u0027s Gift"]},{"damage_healed":0.0,"max_hp_gain":0.0,"max_hp_loss":0.0,"gold_gain":0.0,"event_name":"Colosseum","player_choice":"Fight","floor":31.0,"gold_loss":0.0,"damage_taken":0.0},{"damage_healed":0.0,"max_hp_gain":0.0,"max_hp_loss":0.0,"gold_gain":0.0,"event_name":"Colosseum","player_choice":"Fought Nobs","floor":31.0,"gold_loss":0.0,"damage_taken":0.0},{"damage_healed":0.0,"max_hp_gain":0.0,"max_hp_loss":0.0,"gold_gain":0.0,"event_name":"SensoryStone","player_choice":"Memory 1","floor":36.0,"gold_loss":0.0,"damage_taken":0.0},{"damage_healed":0.0,"max_hp_gain":0.0,"max_hp_loss":0.0,"gold_gain":0.0,"event_name":"Winding Halls","player_choice":"Embrace Madness","floor":37.0,"gold_loss":0.0,"damage_taken":11.0,"cards_obtained":["Madness","Madness"]},{"cards_removed":["Defend_R"],"damage_healed":0.0,"max_hp_gain":0.0,"max_hp_loss":0.0,"gold_gain":0.0,"event_name":"Purifier","player_choice":"Purged","floor":46.0,"gold_loss":0.0,"damage_taken":0.0}],"is_beta":false,"boss_relics":[{"not_picked":["Runic Pyramid","Mark of Pain"],"picked":"Tiny House"},{"not_picked":["Empty Cage","Pandora\u0027s Box"],"picked":"Black Blood"}],"items_purged_floors":[20,39],"is_endless":false,"potions_floor_spawned":[3,11,12,13,16,21,23,24,31,33,38,42],"killed_by":"Shield and Spear","ascension_level":1}}