{"host":"d8hh7rr4yzitjeuj","time":1608987602,"event":{"mods":["2.2 Compatiblity","AchievementEnabler","BaseMod","CapriCore","Colored Map","Colored Powertips","Highlight Path","Keyboard Shortcuts","Minty Spire (QoL Compilation)","Permanent Neow","Quick Restart","StSLib","SuperFastMode"],"gold_per_floor":[112,122,122,141,159,159,188,188,188,198,34,47,76,96,96,96,96],"floor_reached":16,"playtime":427,"items_purged":[],"score":228,"play_id":"4c44b2ba-d633-42cf-9ca9-58c5ea1f0437","local_time":"20201226220002","is_ascension_mode":true,"campfire_choices":[{"data":"Chaos","floor":6.0,"key":"SMITH"},{"data":"Dualcast","floor":15,"key":"SMITH"}],"circlet_count":0,"master_deck":["AscendersBane","Strike_B","Strike_B","Strike_B","Strike_B","Defend_B","Defend_B","Defend_B","Defend_B","Zap+1","Dualcast+1","Doom and Gloom","Chaos+1","Go for the Eyes","Lockon","Buffer","Heatsinks","Self Repair","Glacier","Conserve Battery","All For One","Steam Power"],"relics":["Cracked Core","Question Card","Mummified Hand","Boot","Blue Candle"],"acts_visited":["Exordium"],"potions_floor_usage":[12,16],"damage_taken":[{"damage":7.0,"enemies":"Jaw Worm","floor":1.0,"turns":3.0},{"damage":1.0,"enemies":"Cultist","floor":2.0,"turns":3.0},{"damage":2.0,"enemies":"2 Louse","floor":4.0,"turns":2.0},{"damage":11.0,"enemies":"Exordium Wildlife","floor":5.0,"turns":4.0},{"damage":8.0,"enemies":"Gremlin Nob","floor":7.0,"turns":3.0},{"damage":4,"enemies":"2 Fungi Beasts","floor":10,"turns":3},{"damage":2,"enemies":"3 Louse","floor":12,"turns":3},{"damage":13,"enemies":"Lagavulin","floor":13,"turns":5},{"damage":6,"enemies":"Exordium Thugs","floor":14,"turns":3},{"damage":47,"enemies":"Hexaghost","floor":16,"turns":9}],"seed_played":"7037215558066416195","potions_obtained":[{"floor":4.0,"key":"Dexterity Potion"},{"floor":10,"key":"FearPotion"},{"floor":13,"key":"Regen Potion"}],"is_trial":false,"path_per_floor":["M","M","?","M","M","R","E","T","T","M","$","M","E","M","R","B"],"character_chosen":"DEFECT","items_purchased":["Self Repair","Glacier"],"campfire_rested":0,"item_purchase_floors":[11,11],"current_hp_per_floor":[57,56,61,59,48,48,40,40,40,36,36,34,28,29,29,0,0],"gold":96,"neow_bonus":"UPGRADE_CARD","is_daily":false,"chose_seed":false,"campfire_upgraded":2,"win_rate":0.0,"timestamp":1608987602,"path_taken":["M","M","?","M","M","R","E","?","T","?","$","M","E","M","R","BOSS"],"items_purchased_type":["Card","Card"],"build_version":"2020-12-22","purchased_purges":0,"victory":false,"max_hp_per_floor":[71,71,76,76,76,76,76,76,76,76,76,76,76,76,76,76,76],"card_choices":[{"not_picked":["Beam Cell","Genetic Algorithm"],"picked":"Doom and Gloom","floor":1.0},{"not_picked":["Leap","Conserve Battery"],"picked":"Chaos","floor":2.0},{"not_picked":["Defragment","Ball Lightning"],"picked":"Go for the Eyes","floor":4.0},{"not_picked":["Auto Shields","Hologram"],"picked":"Lockon","floor":5.0},{"not_picked":["Genetic Algorithm","Storm"],"picked":"Buffer","floor":7.0},{"not_picked":["Go for the Eyes","Doom and Gloom","Steam"],"picked":"Heatsinks","floor":10},{"not_picked":["Redo","Stack","Melter"],"picked":"Conserve Battery","floor":12},{"not_picked":["Turbo","Skim","Sweeping Beam"],"picked":"All For One","floor":13},{"not_picked":["Sweeping Beam","Redo","Cold Snap"],"picked":"Steam Power","floor":14}],"player_experience":1384140,"relics_obtained":[{"floor":7.0,"key":"Question Card"},{"floor":8.0,"key":"Mummified Hand"},{"floor":9.0,"key":"Boot"},{"floor":13,"key":"Blue Candle"}],"event_choices":[{"damage_healed":0.0,"max_hp_gain":5.0,"max_hp_loss":0.0,"gold_gain":0.0,"event_name":"Big Fish","player_choice":"Donut","floor":3.0,"gold_loss":0.0,"damage_taken":0.0}],"is_beta":false,"boss_relics":[],"items_purged_floors":[],"is_endless":false,"potions_floor_spawned":[4,10,13],"killed_by":"Hexaghost","ascension_level":20}}