{"host":"ged1bqtamtf4sn4x","time":1608994482,"event":{"mods":["BaseMod","Colored Map","DeckTracker","Highlight Path","Keyboard Shortcuts","Minty Spire (QoL Compilation)","Permanent Neow","Quick Restart","SuperFastMode","everything is the same but u backflip on backflip"],"gold_per_floor":[17,30,46,60,9,9,40,59,84,84,84],"floor_reached":10,"playtime":2242,"items_purged":[],"score":140,"play_id":"63c5ca53-3619-4b95-ad2d-3cae29c77a27","local_time":"20201226235442","is_ascension_mode":true,"campfire_choices":[{"data":"Armaments","floor":6,"key":"SMITH"}],"circlet_count":0,"master_deck":["AscendersBane","Strike_R","Strike_R","Strike_R","Strike_R","Strike_R","Defend_R+1","Defend_R","Defend_R","Defend_R+1","Bash","Reaper","Cleave","Thunderclap","Armaments+1","Sword Boomerang","Shrug It Off"],"relics":["Burning Blood","White Beast Statue","War Paint"],"acts_visited":["Exordium"],"potions_floor_usage":[4,8],"damage_taken":[{"damage":13.0,"enemies":"Cultist","floor":1.0,"turns":5.0},{"damage":8.0,"enemies":"Small Slimes","floor":2.0,"turns":3.0},{"damage":6.0,"enemies":"Jaw Worm","floor":3.0,"turns":5.0},{"damage":0,"enemies":"2 Fungi Beasts","floor":4,"turns":2},{"damage":34,"enemies":"3 Sentries","floor":7,"turns":8},{"damage":14,"enemies":"Large Slime","floor":8,"turns":6},{"damage":54,"enemies":"Lagavulin","floor":10,"turns":9}],"seed_played":"346825453932866329","potions_obtained":[{"floor":2.0,"key":"ColorlessPotion"},{"floor":3.0,"key":"SteroidPotion"},{"floor":8,"key":"Weak Potion"}],"is_trial":false,"path_per_floor":["M","M","M","M","$","R","E","M","T","E"],"character_chosen":"IRONCLAD","items_purchased":["Sword Boomerang"],"campfire_rested":0,"item_purchase_floors":[5],"current_hp_per_floor":[61,59,59,75,75,75,47,49,49,0,0],"gold":84,"neow_bonus":"THREE_RARE_CARDS","is_daily":false,"chose_seed":false,"campfire_upgraded":1,"win_rate":0.0,"timestamp":1608994482,"path_taken":["M","M","M","M","?","R","E","M","T","E"],"items_purchased_type":["Card"],"build_version":"2020-12-22","purchased_purges":0,"victory":false,"max_hp_per_floor":[75,75,75,75,75,75,75,75,75,75,75],"card_choices":[{"not_picked":["Barricade","Immolate"],"picked":"Reaper","floor":0.0},{"not_picked":["Clash","Seeing Red"],"picked":"Cleave","floor":1.0},{"not_picked":["Clash","Burning Pact"],"picked":"Thunderclap","floor":2.0},{"not_picked":["Body Slam","Seeing Red","Clash"],"picked":"SKIP","floor":3.0},{"not_picked":["Warcry","Whirlwind"],"picked":"Armaments","floor":4},{"not_picked":["Warcry","Pommel Strike"],"picked":"Shrug It Off","floor":7},{"not_picked":["Armaments","Thunderclap","Cleave"],"picked":"SKIP","floor":8}],"player_experience":94399,"relics_obtained":[{"floor":7,"key":"White Beast Statue"},{"floor":9,"key":"War Paint"}],"event_choices":[],"is_beta":false,"boss_relics":[],"items_purged_floors":[],"is_endless":false,"potions_floor_spawned":[2,3,8],"killed_by":"Lagavulin","ascension_level":20}}