{"host":"xybzl0rjisqh1oi7","time":1608975005,"event":{"mods":["BaseMod","Minty Spire (QoL Compilation)","MostiFishMod","Permanent Neow","Quick Restart","Shop Mod","Spicy Shops","StSLib","óô»ðÖ¸ÄÏ"],"gold_per_floor":[116,127,127,145,157,32265,32292,32304,32304,31102,31102,31116,29604,28328,26880,26962,26962,26979,25626,25626,25626],"floor_reached":20,"playtime":410,"items_purged":["Strike_R","MostiFishMod:WinterMarkForm","MostiFishMod:FrostNova","Strike_R","Strike_R","Strike_R","Strike_R","Defend_R","Defend_R","Defend_R","Defend_R"],"score":548,"play_id":"0e1f1c0e-1d0a-4e93-b0e7-1fff12dd62fc","local_time":"20201226173005","is_ascension_mode":true,"campfire_choices":[],"circlet_count":0,"master_deck":["AscendersBane","Bash","Heavy Blade","Thunderclap","Flex","Inflame","MostiFishMod:CullingBlade+1","Impervious"],"relics":["DaveBox","ExusiaiGun","FrostBlade","Question Card","Centennial Puzzle","Matryoshka","Toy Ornithopter","Peace Pipe","MealTicket","TheAbacus","Du-Vu Doll","InkBottle","Boot","Molten Egg 2","ClockworkSouvenir","Pear","White Beast Statue","Potion Belt","HornCleat","Chemical X","Sling","Bird Faced Urn","SentryEyes","Strange Spoon","CeramicFish","Tiny Chest","Mercury Hourglass","Bag of Preparation","SynthV","Toolbox","ImportantClient","Cursed Key","PreservedInsect","Blood Vial","Bag of Marbles","Regal Pillow","Dodecahedron","OrangePellets"],"acts_visited":["Exordium","TheCity"],"potions_floor_usage":[],"damage_taken":[{"damage":0.0,"enemies":"Jaw Worm","floor":1.0,"turns":1.0},{"damage":0.0,"enemies":"Small Slimes","floor":2.0,"turns":1.0},{"damage":0.0,"enemies":"Cultist","floor":4.0,"turns":2.0},{"damage":0.0,"enemies":"Exordium Wildlife","floor":5.0,"turns":1.0},{"damage":0.0,"enemies":"3 Sentries","floor":7.0,"turns":2.0},{"damage":0.0,"enemies":"Lots of Slimes","floor":8.0,"turns":1.0},{"damage":0.0,"enemies":"Gremlin Gang","floor":12.0,"turns":1.0},{"damage":0.0,"enemies":"Hexaghost","floor":16.0,"turns":2.0},{"damage":0.0,"enemies":"2 Thieves","floor":18.0,"turns":1.0},{"damage":0,"enemies":"3 Byrds","floor":20,"turns":1}],"seed_played":"5381950251939589771","potions_obtained":[{"floor":1.0,"key":"HeartOfIron"},{"floor":4.0,"key":"CultistPotion"},{"floor":18.0,"key":"SteroidPotion"}],"is_trial":false,"path_per_floor":["M","M","?","M","M","R","E","M","T","R","?","M","R","$","R","B",null,"M","$","M"],"character_chosen":"IRONCLAD","items_purchased":["Matryoshka","Toy Ornithopter","Peace Pipe","MealTicket","TheAbacus","Heavy Blade","Boot","Molten Egg 2","ClockworkSouvenir","Pear","Flex","White Beast Statue","Potion Belt","HornCleat","Chemical X","Sling","Inflame","Bird Faced Urn","SentryEyes","Strange Spoon","CeramicFish","MostiFishMod:CullingBlade+1","Tiny Chest","Mercury Hourglass","Bag of Preparation","SynthV","Toolbox","PreservedInsect","Blood Vial","Bag of Marbles","Regal Pillow","Dodecahedron","OrangePellets"],"campfire_rested":0,"item_purchase_floors":[6,6,6,6,6,6,10,10,10,10,10,13,13,13,13,13,13,14,14,14,14,14,15,15,15,15,15,19,19,19,19,19,19],"current_hp_per_floor":[68,68,42,42,42,42,42,42,42,52,52,52,52,67,67,69,81,83,85,85,85],"gold":25626,"neow_bonus":"BOSS_RELIC","is_daily":false,"chose_seed":false,"campfire_upgraded":0,"win_rate":0.0,"timestamp":1608975005,"path_taken":["M","M","?","M","M","R","E","M","T","R","?","?","R","$","R","BOSS","M","$","M"],"items_purchased_type":["Relic","Relic","Relic","Relic","Relic","Card","Relic","Relic","Relic","Relic","Card","Relic","Relic","Relic","Relic","Relic","Card","Relic","Relic","Relic","Relic","Card","Relic","Relic","Relic","Relic","Relic","Relic","Relic","Relic","Relic","Relic","Relic"],"build_version":"2020-12-22","purchased_purges":11,"victory":false,"max_hp_per_floor":[75,75,75,75,75,75,75,75,75,85,85,85,85,85,85,85,85,85,85,85,85],"card_choices":[{"not_picked":["Fire Breathing","Seeing Red","Sword Boomerang"],"picked":"SKIP","floor":1.0},{"not_picked":["Battle Trance","Perfected Strike","Havoc","Twin Strike"],"picked":"SKIP","floor":2.0},{"not_picked":["Searing Blow","Bloodletting","Pummel","Havoc"],"picked":"SKIP","floor":4.0},{"not_picked":["Burning Pact","Dropkick","Evolve","Twin Strike"],"picked":"SKIP","floor":5.0},{"not_picked":["Sentinel","Shrug It Off","Flex"],"picked":"Thunderclap","floor":7.0},{"not_picked":["Searing Blow","Anger","Flex","Dark Embrace"],"picked":"SKIP","floor":8.0},{"not_picked":["Clothesline+1","Battle Trance","MostiFishMod:NewArrival","Shrug It Off"],"picked":"SKIP","floor":12.0},{"not_picked":["MostiFishMod:TemporaryOutbreak","Demon Form","MostiFishMod:ChineseTea"],"picked":"Impervious","floor":16.0},{"not_picked":["Pommel Strike+1","Searing Blow+1","Cleave+1","Flex"],"picked":"SKIP","floor":18.0}],"player_experience":354318,"relics_obtained":[{"floor":1.0,"key":"Question Card"},{"floor":7.0,"key":"Du-Vu Doll"},{"floor":9.0,"key":"InkBottle"},{"floor":16.0,"key":"ImportantClient"}],"event_choices":[{"damage_healed":0.0,"max_hp_gain":0.0,"max_hp_loss":0.0,"gold_gain":0.0,"event_name":"Scrap Ooze","player_choice":"Success","floor":3.0,"gold_loss":0.0,"damage_taken":26.0,"relics_obtained":["Centennial Puzzle"]},{"damage_healed":0.0,"max_hp_gain":0.0,"max_hp_loss":0.0,"gold_gain":0.0,"event_name":"FaceTrader","player_choice":"Leave","floor":11.0,"gold_loss":0.0,"damage_taken":0.0}],"is_beta":false,"boss_relics":[{"not_picked":["Busted Crown","Runic Cube"],"picked":"Cursed Key"}],"items_purged_floors":[6,6,10,10,13,13,14,15,15,19,19],"is_endless":false,"potions_floor_spawned":[1,4,8,16,18],"killed_by":"3 Byrds","ascension_level":20}}