{"host":"kt8hnmh0cryhc4tq","time":1608959985,"event":{"mods":["Act Like it!","Ascension Reborn","BaseMod","CapriCore","Colored Powertips","Gensokyo","Lobotomy","LobotomyExtend","Minty Spire (QoL Compilation)","Remilia（蕾米莉亚）","RumiaBox-露米娅的神秘盒子","Shop Mod","StSLib","TestMod","Yakumo Yukari mod","noobMod","【功能Mod】混沌之环修复补丁"],"gold_per_floor":[142,164,177,201,201,201,215,232,232,245,286,317,317,337,351,483,497,534,548,580,439,469,483,539,553,567,581,595,645,659,705,719,853,867,897,911,937,831,618,663,689,703,717,731,767,781,815,555,555,555,555,555,555,480,513,513],"floor_reached":57,"playtime":5172,"items_purged":["FieryBird","StateDuplicate_purple"],"score":565,"play_id":"60a1010f-4e14-42a8-87f8-166dd89c494a","local_time":"20201226131944","is_ascension_mode":true,"campfire_choices":[{"data":"Umbrella_purple","floor":6,"key":"SMITH"},{"floor":15,"key":"REST"},{"data":"LoveAcrossDimensions_purple","floor":23,"key":"SMITH"},{"data":"CommonSense_AntiCommonSense_purple","floor":32,"key":"SMITH"},{"floor":42,"key":"RECALL"},{"data":"Monsters_DoubleDeathButterfly_purple","floor":46,"key":"SMITH"},{"data":"Boundary_LifeAndDeath_purple","floor":49,"key":"SMITH"},{"data":"Gensokyo:ShootingStar","floor":53,"key":"SMITH"}],"circlet_count":0,"master_deck":["DespairKnight","AT_purpleEX+1","AT_purpleEX+1","AT_purpleEX+1","AT_purpleEX+1","Defend_purpleEX+1","Defend_purpleEX+1","Defend_purpleEX+1","Defend_purpleEX+1","Observe_purple_1+1","Observe_purple_2+1","PurpleNeedle_purple+1","Umbrella_purple+1","PunishingBird","OSAHOGD","DimensionStaggered_purple+1","CommonSense_AntiCommonSense_purple+1","SfantasyHide_purple+1","LoveAcrossDimensions_purple+1","OmniscientAndOmnipotent_Monster_purple+1","Worldmountain_purple+1","WorldDissolvedintheRealm_purple+1","Boundary_LifeAndDeath_purple+1","ExistenceContinue_purple+1","Gensokyo:ManorOfTheDishes+1","Nest_LightFlightworm_purple+1","Gensokyo:ShootingStar+1","Monsters_DoubleDeathButterfly_purple+1","Gensokyo:CustomPotion","Gensokyo:LockedMedkit"],"relics":["Boundary_crack","Memoryfragments_purpleEX","testmod-TestBox","ice","testmod-InjuryResistance","CogitoBucket","RabbitCall","LastBattle","LetterFromLob","testmod-ArcanaOfDestiny","Pen Nib","SwordSharpenedByTears_r","SkinProphecy","GodSword4","GodSword1","Whetstone","Vajra","MawBank","FossilizedHelix","testmod-HarvestTotem","testmod-Register","Du-Vu Doll","Orichalcum","Strawberry","ShedSkin_r","Gensokyo:ChorusOfJoy","Torii","Gensokyo:RedStar","Amita_r","testmod-IntensifyImprint","EasyGame_NEW","Blood Vial","Medical Kit","MealTicket","Anchor","Blue Candle","testmod-Charity","PreservedInsect"],"acts_visited":["Exordium","Gensokyo:Gensokyoer","Gensokyo:Gensokyoest","TheEnding"],"potions_floor_usage":[31,35],"damage_taken":[{"damage":0,"enemies":"Small Slimes","floor":1,"turns":2},{"damage":0,"enemies":"Cultist","floor":2,"turns":2},{"damage":0,"enemies":"Jaw Worm","floor":3,"turns":1},{"damage":0,"enemies":"Looter","floor":4,"turns":1},{"damage":0,"enemies":"Large Slime","floor":7,"turns":2},{"damage":29,"enemies":"3 Louse","floor":8,"turns":6},{"damage":0,"enemies":"2 Fungi Beasts","floor":10,"turns":3},{"damage":15,"enemies":"Gremlin Nob","floor":11,"turns":4},{"damage":0,"enemies":"Large Slime","floor":14,"turns":2},{"damage":0,"enemies":"Slime Boss","floor":16,"turns":2},{"damage":0,"enemies":"Gensokyo:CosmicMonolith","floor":18,"turns":1},{"damage":0,"enemies":"Gensokyo:AngelMirror","floor":20,"turns":1},{"damage":0,"enemies":"Gensokyo:Monolith_and_Dog","floor":22,"turns":2},{"damage":67,"enemies":"Gensokyo:Koishi","floor":24,"turns":3},{"damage":0,"enemies":"Gensokyo:Tenshi","floor":29,"turns":1},{"damage":49,"enemies":"Gensokyo:Reisen","floor":31,"turns":4},{"damage":0,"enemies":"Gensokyo:Kaguya","floor":33,"turns":6},{"damage":66,"enemies":"Gensokyo:AncientGuardian","floor":35,"turns":3},{"damage":0,"enemies":"Gensokyo:3_Boulders","floor":37,"turns":1},{"damage":0,"enemies":"Gensokyo:Marisa","floor":40,"turns":2},{"damage":0,"enemies":"Gensokyo:AtlasGolem","floor":41,"turns":3},{"damage":0,"enemies":"Gensokyo:Dusk_and_Dawn","floor":45,"turns":2},{"damage":4,"enemies":"Gensokyo:Rafflesia","floor":47,"turns":3},{"damage":0,"enemies":"Gensokyo:Yuyuko","floor":50,"turns":4},{"damage":0,"enemies":"Shield and Spear","floor":55,"turns":2},{"damage":91,"enemies":"The Heart","floor":56,"turns":6}],"seed_played":"6439870874168685361","potions_obtained":[{"floor":1,"key":"Weak Potion"},{"floor":2,"key":"BlessingOfTheForge"},{"floor":3,"key":"testmod-EscapePotion"},{"floor":4,"key":"Dexterity Potion"},{"floor":4,"key":"FearPotion"},{"floor":7,"key":"Fire Potion"},{"floor":14,"key":"Explosive Potion"},{"floor":35,"key":"BlessingOfTheForge"},{"floor":37,"key":"SpeedPotion"},{"floor":41,"key":"Fire Potion"},{"floor":47,"key":"Block Potion"}],"is_trial":false,"path_per_floor":["M","M","M","M","?","R","M","M","T","M","E","T","M","M","R","B",null,"M","?","M","COS","M","R","E","?","T","?","?","E","?","E","R","B",null,"M","?","M","?","COS","E","M","R","T","?","M","R","M","$","R","B",null,null,"R","$","E","B",null],"character_chosen":"Youkari","items_purchased":["testmod-Charity","PreservedInsect"],"campfire_rested":1,"item_purchase_floors":[48,48],"current_hp_per_floor":[75,75,75,75,75,75,75,56,56,55,37,37,37,36,70,73,176,168,162,158,158,160,160,101,101,141,137,137,135,135,108,108,296,296,238,238,240,240,240,244,262,262,262,262,278,278,310,326,326,339,339,339,339,339,345,307],"gold":513,"neow_bonus":"","is_daily":false,"chose_seed":false,"campfire_upgraded":6,"win_rate":0.0,"timestamp":1608959984,"path_taken":["M","M","M","M","?","R","M","?","T","M","E","?","M","M","R","BOSS","M","?","M","COS","M","R","E","?","T","?","?","E","?","E","R","BOSS","M","?","M","?","COS","E","?","R","T","?","M","R","M","?","R","BOSS","R","$","E","BOSS"],"items_purchased_type":["Relic","Relic"],"build_version":"2020-12-22","purchased_purges":2,"victory":true,"max_hp_per_floor":[75,75,75,75,75,75,75,75,75,77,79,79,79,81,81,88,176,180,162,164,164,166,166,168,168,182,182,182,184,184,186,186,296,296,308,308,313,313,313,316,319,319,319,319,323,323,326,326,326,339,339,339,339,339,345,358],"card_choices":[{"not_picked":["Line_surface_state_purple+1","WingOfChimera_purple"],"picked":"PurpleNeedle_purple","floor":1},{"not_picked":["SpiderBud","MeatLantern","Scorched"],"picked":"Singing Bowl","floor":1},{"not_picked":["MeetDecomposer_purple+1","RuleDissolution_purple"],"picked":"Umbrella_purple","floor":2},{"not_picked":["Alriune","VoidDream"],"picked":"PunishingBird","floor":2},{"not_picked":["OmniscientAndOmnipotent_Monster_purple","WatchEyeChange_purple"],"picked":"StateDuplicate_purple","floor":3},{"not_picked":["Yin","GalaxyChild","HeroicMonk"],"picked":"Singing Bowl","floor":3},{"not_picked":["WallGazer","UniverseFragment"],"picked":"DespairKnight","floor":3},{"not_picked":["Scorched","ShyLook"],"picked":"OSAHOGD","floor":4},{"not_picked":["SfantasyHide_purple","Realm_recovery_purpleEX"],"picked":"DimensionStaggered_purple","floor":4},{"not_picked":["VoidDream","ShyLook","OldLady"],"picked":"Singing Bowl","floor":7},{"not_picked":["DarkRealmRedLine_purple","OmniscientAndOmnipotent_Monster_purple+1"],"picked":"SfantasyHide_purple+1","floor":7},{"not_picked":["CrumblingArmor","SpiderBud","LaLuna"],"picked":"Singing Bowl","floor":8},{"not_picked":["DimensionStaggered_purple+1","Yakumo_Ran_purple"],"picked":"LoveAcrossDimensions_purple","floor":8},{"not_picked":["SnowQueen","MHz","LittleHelper"],"picked":"Singing Bowl","floor":10},{"not_picked":["Mirror_FourBoundary_purple","Realm_recovery_purpleEX+1"],"picked":"StateDuplicate_purple","floor":10},{"not_picked":["UniverseChoice_purple","Umbrella_purple"],"picked":"OmniscientAndOmnipotent_Monster_purple+1","floor":11},{"not_picked":["Extrememeaning_purpleEX+1","Realm_recovery_purpleEX"],"picked":"Worldmountain_purple","floor":11},{"not_picked":["BeautyBeast","LittleHelper","VoidDream"],"picked":"Singing Bowl","floor":11},{"not_picked":["Charmbait_purple","Mirror_WaveAndshot_purple+1"],"picked":"WorldDissolvedintheRealm_purple","floor":14},{"not_picked":["HappyTeddy","FairyFestival","BigBird"],"picked":"Singing Bowl","floor":14},{"not_picked":["Computing_the_future_purpleEX","BarrageBoundary_PipeDream_purple"],"picked":"Boundary_LifeAndDeath_purple","floor":16},{"not_picked":["CherryBlossoms","Mercenary","LittlePrince"],"picked":"Singing Bowl","floor":16},{"not_picked":["CrumblingArmor","VoidDream"],"picked":"FieryBird","floor":16},{"not_picked":["UniverseFragment","OldLady","VoidDream"],"picked":"Singing Bowl","floor":18},{"not_picked":["Bait_Toxicbait_purple+1","DimensionStaggered_purple+1"],"picked":"ExistenceContinue_purple","floor":18},{"not_picked":["Gensokyo:GapWoman","Gensokyo:HAARP"],"picked":"Gensokyo:ManorOfTheDishes","floor":19},{"not_picked":["FairyFestival","OldLady","Rudolta"],"picked":"Singing Bowl","floor":20},{"not_picked":["SharpContractionReality_purple","Mirror_WaveAndshot_purple+1"],"picked":"Nest_LightFlightworm_purple+1","floor":20},{"not_picked":["Murderer","UniverseFragment","SnowQueen"],"picked":"Singing Bowl","floor":22},{"not_picked":["StateErode_purple","SfantasyHide_purple+1","Boundary_of_Extermination_purpleEX"],"picked":"SKIP","floor":22},{"not_picked":["Woodsman","MeatLantern","Murderer"],"picked":"Singing Bowl","floor":24},{"not_picked":["Mirror_FormAndEmptin_purple+1","LoveAcrossDimensions_purple","Worldmountain_purple"],"picked":"SKIP","floor":24},{"not_picked":["OldLady","Alriune","Mercenary"],"picked":"Singing Bowl","floor":29},{"not_picked":["SharpContractionReality_purple","DarkRealmRedLine_purple","Boundary_LightAndDark_purple"],"picked":"SKIP","floor":29},{"not_picked":["CherryBlossoms","BeautyBeast","WallGazer"],"picked":"Singing Bowl","floor":31},{"not_picked":["Extrememeaning_purpleEX","Mirror_FourBoundary_purple","Line_surface_state_purple"],"picked":"SKIP","floor":31},{"not_picked":["BeautyBeast","Freischutz","SnowQueen"],"picked":"Singing Bowl","floor":33},{"not_picked":[],"picked":"Gensokyo:ShootingStar","floor":33},{"not_picked":["D_absorption_purple","GluttonyofRealm_purpleEX"],"picked":"Monsters_DoubleDeathButterfly_purple","floor":33},{"not_picked":["BlackArmy","Wellcheers","ShyLook"],"picked":"Singing Bowl","floor":35},{"not_picked":["OpenedBox_purple+1","RuleDissolution_purple","StateDuplicate_purple+1"],"picked":"SKIP","floor":35},{"not_picked":["SilentOrchestra","Porccubus","NakedNest"],"picked":"Singing Bowl","floor":37},{"not_picked":["SharpContractionReality_purple+1","Extrememeaning_purpleEX","StateErode_purple+1"],"picked":"SKIP","floor":37},{"not_picked":["Alriune","HappyTeddy","Variant"],"picked":"Singing Bowl","floor":40},{"not_picked":["Charmbait_purple","ExistenceContinue_purple+1","Fantasy_PerpetualMotionMachine_purple"],"picked":"SKIP","floor":40},{"not_picked":["LaLuna","QueenOfHatred","BlackArmy"],"picked":"Singing Bowl","floor":41},{"not_picked":["StateErode_purple","StretchesForeverDream_purple","RuleDissolution_purple+1"],"picked":"SKIP","floor":41},{"not_picked":["Freischutz","WhitesApple","SilentOrchestra"],"picked":"Singing Bowl","floor":45},{"not_picked":["MeetDecomposer_purple+1","StateErode_purple","Boundary_LifeAndDeath_purple"],"picked":"SKIP","floor":45},{"not_picked":["Porccubus","Rudolta","BlackSwan"],"picked":"Singing Bowl","floor":47},{"not_picked":["Shallow_ocean_purpleEX","Anti_communist_purple+1","OmniscientAndOmnipotent_Monster_purple"],"picked":"SKIP","floor":47},{"not_picked":["LaLuna","Mercenary","FieryBird"],"picked":"Singing Bowl","floor":55},{"not_picked":["RuleDissolution_purple+1","Mirror_Drifter_purple","WatchEyeChange_purple+1"],"picked":"SKIP","floor":55}],"player_experience":94686,"relics_obtained":[{"floor":1,"key":"LastBattle"},{"floor":1,"key":"LetterFromLob"},{"floor":3,"key":"testmod-ArcanaOfDestiny"},{"floor":7,"key":"Pen Nib"},{"floor":9,"key":"GodSword4"},{"floor":9,"key":"GodSword1"},{"floor":11,"key":"Whetstone"},{"floor":12,"key":"Vajra"},{"floor":14,"key":"MawBank"},{"floor":16,"key":"FossilizedHelix"},{"floor":24,"key":"Du-Vu Doll"},{"floor":26,"key":"Orichalcum"},{"floor":26,"key":"Strawberry"},{"floor":29,"key":"Torii"},{"floor":33,"key":"testmod-IntensifyImprint"},{"floor":37,"key":"Blood Vial"},{"floor":40,"key":"MealTicket"},{"floor":43,"key":"Anchor"},{"floor":43,"key":"Blue Candle"}],"event_choices":[{"damage_healed":0,"gold_gain":0,"cards_transformed":["StateDuplicate_purple"],"player_choice":"Transformed","damage_taken":0,"max_hp_gain":0,"max_hp_loss":0,"event_name":"Transmorgrifier","floor":5,"gold_loss":0,"cards_obtained":["CommonSense_AntiCommonSense_purple"]}],"is_beta":false,"boss_relics":[{"not_picked":["Sozu","Ectoplasm"],"picked":"testmod-HarvestTotem"},{"not_picked":["Coffee Dripper","Runic Pyramid"],"picked":"EasyGame_NEW"}],"items_purged_floors":[48,54],"is_endless":false,"potions_floor_spawned":[4,20,41,47],"ascension_level":-20}}