{"host":"kiauivt48syq9iz6","time":1608978875,"event":{"mods":["BaseMod","Conspire","Downfall","Hermit","Minty Spire (QoL Compilation)","Replay The Spire","SIMod","StSLib","The Animator","The Construct","The Cursed","The Runesmith","The Servant 0.9.4"],"gold_per_floor":[112,122,122,71,88,88,2,17,65,65,145,21,21,31,31,134,134,117,117,63,63,73,73,84,113,139,54,54,86,86,86,86,190,190,210,230,182,201,212,212,212,212],"floor_reached":41,"playtime":2039,"items_purged":[],"score":444,"play_id":"872c936f-449f-4052-b492-0a2ae84ca09e","local_time":"20201226033435","is_ascension_mode":false,"campfire_choices":[{"data":"hermit:Virtue","floor":6,"key":"SMITH"},{"data":"hermit:Magnum","floor":13,"key":"SMITH"},{"floor":15,"key":"REST"},{"data":"hermit:Grudge","floor":23,"key":"SMITH"},{"floor":28,"key":"REST"},{"floor":30,"key":"REST"},{"floor":32,"key":"REST"},{"floor":40,"key":"REST"}],"circlet_count":0,"master_deck":["hermit:Strike_Hermit+1","hermit:Strike_Hermit+1","hermit:Strike_Hermit+1","hermit:Defend_Hermit+1","hermit:Defend_Hermit+1","hermit:Defend_Hermit+1","hermit:Defend_Hermit+1","hermit:Snapshot","hermit:Covet","hermit:FatalDesire","hermit:Virtue+1","hermit:SprayPray","hermit:Spite","hermit:Spite","hermit:Feint","ReplayTheSpireMod:Private Reserves","hermit:TakeCover","hermit:Magnum+1","hermit:Desperado","hermit:Headshot","hermit:HeroicBravado","hermit:TrackingShot","hermit:BodyArmor","hermit:Brawl","hermit:Brawl","hermit:Grudge+1","hermit:Grudge+1","hermit:LowProfile","Discovery","hermit:EyeOfTheStorm","Pain","hermit:Roughhouse","hermit:FullyLoaded+1","hermit:DeadMansHand+1","hermit:Roulette+1","hermit:Gestalt+1"],"relics":["hermit:Momento","hermit:RyeStalk","Sundial","hermit:BartenderGlass","Pen Nib","Pet Ghost","Torii","WarpedTongs","conspire:RunicOctahedron"],"acts_visited":["Exordium","TheCity","TheBeyond"],"potions_floor_usage":[16,18,22,22,24,24,24,25,25,25,29,29,33,33,35,36,36,38,38,39,39,41,41],"damage_taken":[{"damage":1,"enemies":"Cultist","floor":1,"turns":3},{"damage":0,"enemies":"2 Louse","floor":2,"turns":3},{"damage":1,"enemies":"Jaw Worm","floor":5,"turns":3},{"damage":7,"enemies":"Blue Slaver","floor":8,"turns":3},{"damage":9,"enemies":"2 Fungi Beasts","floor":14,"turns":2},{"damage":57,"enemies":"Hexaghost","floor":16,"turns":14},{"damage":26,"enemies":"2 Thieves","floor":18,"turns":4},{"damage":1,"enemies":"Shell Parasite","floor":22,"turns":3},{"damage":3,"enemies":"Snecko","floor":24,"turns":5},{"damage":33,"enemies":"Book of Stabbing","floor":25,"turns":5},{"damage":21,"enemies":"Gremlin Leader","floor":29,"turns":6},{"damage":22,"enemies":"Automaton","floor":33,"turns":12},{"damage":0,"enemies":"3 Shapes","floor":35,"turns":2},{"damage":10,"enemies":"3 Darklings","floor":36,"turns":4},{"damage":15,"enemies":"4 Shapes","floor":38,"turns":11},{"damage":26,"enemies":"Sphere and 2 Shapes","floor":39,"turns":8},{"damage":44,"enemies":"Giant Head","floor":41,"turns":9}],"seed_played":"-685350305340922485","potions_obtained":[{"floor":1,"key":"Regen Potion"},{"floor":2,"key":"LiquidMemories"},{"floor":8,"key":"Doom Potion"},{"floor":18,"key":"Adrenaline Potion"},{"floor":24,"key":"AttackPotion"},{"floor":36,"key":"Languid Potion"}],"is_trial":false,"path_per_floor":["M","M","?","$","M","R","$","M","T","?","T","$","R","M","R","B",null,"M","?","$","?","M","R","M","E","T","$","R","E","R","?","R","B",null,"M","M","$","M","M","R","E"],"character_chosen":"HERMIT","items_purchased":["hermit:Spite","ReplayTheSpireMod:Private Reserves","hermit:Magnum","hermit:Desperado","hermit:Brawl","Discovery","Adrenaline Potion"],"campfire_rested":5,"item_purchase_floors":[4,7,12,12,20,27,37],"current_hp_per_floor":[67,67,67,67,66,66,66,59,59,59,59,59,59,50,68,26,68,42,42,42,42,41,41,38,5,5,5,25,4,24,24,44,22,68,68,58,58,43,17,37,0,0],"gold":212,"neow_bonus":"THREE_RARE_CARDS","is_daily":false,"chose_seed":false,"campfire_upgraded":3,"win_rate":0.0,"timestamp":1608978875,"path_taken":["M","M","?","$","M","R","$","M","T","?","?","?","R","M","R","BOSS","M","?","$","?","M","R","?","E","T","$","R","E","R","?","R","BOSS","M","M","$","M","M","R","E"],"items_purchased_type":["Card","Card","Card","Card","Card","Card","Potion"],"build_version":"2020-12-22","purchased_purges":0,"victory":false,"max_hp_per_floor":[68,68,68,68,68,68,68,68,68,68,68,68,68,68,68,68,68,68,68,68,68,68,68,68,68,68,68,68,68,68,68,68,68,68,68,68,68,68,68,68,68,68],"card_choices":[{"not_picked":["hermit:EternalForm","hermit:Magnum"],"picked":"hermit:FatalDesire","floor":0},{"not_picked":["hermit:HoleUp","hermit:Misfire"],"picked":"hermit:Virtue","floor":1},{"not_picked":["hermit:Manifest","hermit:BigShot"],"picked":"hermit:SprayPray","floor":2},{"not_picked":["hermit:Ricochet","hermit:Midnight"],"picked":"hermit:Feint","floor":5},{"not_picked":["hermit:Quickdraw","hermit:Dive"],"picked":"hermit:TakeCover","floor":8},{"not_picked":["hermit:Dive","hermit:Ricochet"],"picked":"hermit:Headshot","floor":14},{"not_picked":["hermit:EternalForm","hermit:BlackWind"],"picked":"hermit:HeroicBravado","floor":16},{"not_picked":["hermit:HighCaliber","hermit:ItchyTrigger"],"picked":"hermit:TrackingShot","floor":18},{"not_picked":["hermit:Ricochet","hermit:HoleUp"],"picked":"hermit:Grudge","floor":22},{"not_picked":["hermit:HighCaliber","hermit:LoneWolf+1"],"picked":"hermit:Grudge+1","floor":24},{"not_picked":["hermit:FatalDesire","hermit:LoneWolf"],"picked":"hermit:LowProfile","floor":25},{"not_picked":["hermit:HighNoon","hermit:RoundhouseKick"],"picked":"hermit:EyeOfTheStorm","floor":29},{"not_picked":["hermit:OverwhelmingPower","hermit:DeadOrAlive"],"picked":"hermit:Roughhouse","floor":33},{"not_picked":["hermit:Headshot","hermit:Combo"],"picked":"hermit:FullyLoaded+1","floor":35},{"not_picked":["hermit:WideOpen+1","hermit:TrackingShot"],"picked":"hermit:DeadMansHand+1","floor":36},{"not_picked":["hermit:Virtue","hermit:Ricochet"],"picked":"hermit:Roulette+1","floor":38},{"not_picked":["hermit:CalledShot+1","hermit:Quickdraw"],"picked":"hermit:Gestalt+1","floor":39}],"player_experience":93626,"relics_obtained":[{"floor":9,"key":"hermit:RyeStalk"},{"floor":11,"key":"Sundial"},{"floor":25,"key":"Pen Nib"},{"floor":26,"key":"Pet Ghost"},{"floor":29,"key":"Torii"}],"event_choices":[{"damage_healed":0,"gold_gain":0,"player_choice":"Leave","damage_taken":0,"max_hp_gain":0,"max_hp_loss":0,"event_name":"The Cleric","floor":3,"gold_loss":0},{"damage_healed":0,"gold_gain":0,"player_choice":"Leave","damage_taken":0,"max_hp_gain":0,"max_hp_loss":0,"event_name":"conspire:Investor","floor":10,"gold_loss":0},{"damage_healed":0,"gold_gain":0,"cards_transformed":["hermit:Strike_Hermit"],"player_choice":"Transformed","damage_taken":0,"max_hp_gain":0,"max_hp_loss":0,"event_name":"Transmorgrifier","floor":19,"gold_loss":0,"cards_obtained":["hermit:BodyArmor"]},{"damage_healed":0,"gold_gain":0,"player_choice":"Simplicity","damage_taken":0,"max_hp_gain":0,"max_hp_loss":0,"event_name":"Back to Basics","floor":21,"gold_loss":0,"cards_upgraded":["hermit:Strike_Hermit","hermit:Strike_Hermit","hermit:Strike_Hermit","hermit:Defend_Hermit","hermit:Defend_Hermit","hermit:Defend_Hermit","hermit:Defend_Hermit"]},{"damage_healed":0,"gold_gain":0,"player_choice":"Rummage","damage_taken":0,"relics_obtained":["WarpedTongs"],"max_hp_gain":0,"max_hp_loss":0,"event_name":"Accursed Blacksmith","floor":31,"gold_loss":0,"cards_obtained":["Pain"]}],"is_beta":false,"boss_relics":[{"not_picked":["construct:ClawGrip","Ring of Chaos"],"picked":"hermit:BartenderGlass"},{"not_picked":["Sozu","Coffee Dripper"],"picked":"conspire:RunicOctahedron"}],"items_purged_floors":[],"is_endless":false,"potions_floor_spawned":[1,2,8,18,24,36],"killed_by":"Giant Head","ascension_level":0}}