{"host":"lhth1efayex2023z","time":1608947012,"event":{"mods":["BaseMod","Colored Map","Googly Eyes","Minty Spire (QoL Compilation)","StSLib"],"gold_per_floor":[17,17,28,48,64,92,106,118,118,143,156,216,40,60,60,157,157,170,200,1,15,15,40,40,40],"floor_reached":24,"playtime":927,"items_purged":["Strike_B"],"score":255,"play_id":"80a3e4e5-ce17-48f9-8507-67ee922dda6c","local_time":"20201225184332","is_ascension_mode":false,"campfire_choices":[{"floor":15,"key":"REST"}],"circlet_count":0,"master_deck":["Strike_B","Strike_B","Strike_B","Defend_B","Defend_B","Defend_B","Defend_B","Zap","Dualcast","Gash","Hologram","Gash","Reprogram","Rebound","Leap","Hologram","All For One","Go for the Eyes","Go for the Eyes","Scrape","Reprogram","Echo Form","Go for the Eyes","Streamline","Beam Cell","Gash","Steam"],"relics":["Cracked Core","Prayer Wheel","Symbiotic Virus","The Courier","Nunchaku","TheAbacus","Nuclear Battery","Red Mask","Lee\u0027s Waffle","Turnip"],"acts_visited":["Exordium","TheCity"],"potions_floor_usage":[6,8,10,10,12,16],"damage_taken":[{"damage":5,"enemies":"Small Slimes","floor":1,"turns":3},{"damage":1,"enemies":"Cultist","floor":3,"turns":3},{"damage":2,"enemies":"2 Louse","floor":4,"turns":2},{"damage":11,"enemies":"Blue Slaver","floor":5,"turns":3},{"damage":15,"enemies":"Gremlin Nob","floor":6,"turns":4},{"damage":16,"enemies":"Large Slime","floor":7,"turns":8},{"damage":3,"enemies":"Exordium Wildlife","floor":8,"turns":3},{"damage":10,"enemies":"3 Sentries","floor":10,"turns":5},{"damage":15,"enemies":"3 Louse","floor":11,"turns":3},{"damage":4,"enemies":"Lagavulin Event","floor":12,"turns":5},{"damage":5,"enemies":"2 Fungi Beasts","floor":14,"turns":4},{"damage":13,"enemies":"Hexaghost","floor":16,"turns":10},{"damage":25,"enemies":"Shell Parasite","floor":18,"turns":5},{"damage":35,"enemies":"Masked Bandits","floor":19,"turns":4},{"damage":7,"enemies":"Chosen","floor":21,"turns":4},{"damage":69,"enemies":"Gremlin Leader","floor":23,"turns":6},{"damage":25,"enemies":"Centurion and Healer","floor":24,"turns":3}],"seed_played":"-961551047253053469","potions_obtained":[{"floor":2,"key":"EssenceOfSteel"},{"floor":2,"key":"LiquidBronze"},{"floor":2,"key":"SpeedPotion"},{"floor":6,"key":"FocusPotion"},{"floor":8,"key":"Regen Potion"},{"floor":12,"key":"DuplicationPotion"},{"floor":23,"key":"Explosive Potion"}],"is_trial":false,"path_per_floor":["M","?","M","M","M","E","M","M","T","E","M","?","$","M","R","B",null,"M","?","$","M","?","E","M"],"character_chosen":"DEFECT","items_purchased":["TheAbacus","Lee\u0027s Waffle","Streamline","Beam Cell"],"campfire_rested":1,"item_purchase_floors":[13,20,20,20],"current_hp_per_floor":[84,84,83,81,70,55,39,36,36,40,25,21,21,16,42,29,89,64,29,96,89,89,20,0,0],"gold":40,"neow_bonus":"TWENTY_PERCENT_HP_BONUS","is_daily":false,"chose_seed":false,"campfire_upgraded":0,"win_rate":0.0,"timestamp":1608947012,"path_taken":["M","?","?","?","M","E","?","M","T","E","M","?","$","M","R","BOSS","M","?","$","M","?","E","M"],"items_purchased_type":["Relic","Relic","Card","Card"],"build_version":"2020-12-22","purchased_purges":1,"victory":false,"max_hp_per_floor":[89,89,89,89,89,89,89,89,89,89,89,89,89,89,89,89,89,89,89,96,96,96,96,96,96],"card_choices":[{"not_picked":["Steam","Conserve Battery"],"picked":"Gash","floor":1},{"not_picked":["Rebound","Consume"],"picked":"Hologram","floor":3},{"not_picked":["Storm","Turbo","Barrage"],"picked":"SKIP","floor":4},{"not_picked":["Coolheaded","Melter"],"picked":"Gash","floor":5},{"not_picked":["Electrodynamics","Leap"],"picked":"Reprogram","floor":6},{"not_picked":["Barrage","Glacier"],"picked":"Rebound","floor":7},{"not_picked":["Heatsinks","Compile Driver"],"picked":"Leap","floor":7},{"not_picked":["Stack","Hello World"],"picked":"Hologram","floor":8},{"not_picked":["Compile Driver","Amplify","Redo"],"picked":"SKIP","floor":8},{"not_picked":["Coolheaded","Doom and Gloom"],"picked":"All For One","floor":10},{"not_picked":["Steam","Sweeping Beam"],"picked":"Go for the Eyes","floor":11},{"not_picked":["Redo","Hologram","Sweeping Beam"],"picked":"SKIP","floor":11},{"not_picked":["Barrage","Conserve Battery"],"picked":"Go for the Eyes","floor":12},{"not_picked":["Sweeping Beam","Thunder Strike"],"picked":"Scrape","floor":14},{"not_picked":["Rip and Tear","Ball Lightning"],"picked":"Reprogram","floor":14},{"not_picked":["Hyperbeam","Electrodynamics"],"picked":"Echo Form","floor":16},{"not_picked":["Turbo+1","Double Energy","Tempest"],"picked":"SKIP","floor":18},{"not_picked":["Static Discharge","Darkness","Ball Lightning"],"picked":"SKIP","floor":18},{"not_picked":["Redo","Creative AI"],"picked":"Go for the Eyes","floor":19},{"not_picked":["Leap","Go for the Eyes"],"picked":"Gash","floor":21},{"not_picked":["Sweeping Beam","Coolheaded","Leap"],"picked":"SKIP","floor":21},{"not_picked":["Go for the Eyes","Genetic Algorithm"],"picked":"Steam","floor":23}],"player_experience":405805,"relics_obtained":[{"floor":6,"key":"Prayer Wheel"},{"floor":9,"key":"Symbiotic Virus"},{"floor":10,"key":"The Courier"},{"floor":12,"key":"Nunchaku"},{"floor":19,"key":"Red Mask"},{"floor":23,"key":"Turnip"}],"event_choices":[{"damage_healed":0,"gold_gain":0,"player_choice":"Got Potions","damage_taken":0,"max_hp_gain":0,"max_hp_loss":0,"event_name":"Lab","floor":2,"gold_loss":0},{"damage_healed":0,"gold_gain":0,"player_choice":"Searched \u00271\u0027 times","damage_taken":0,"max_hp_gain":0,"max_hp_loss":0,"event_name":"Dead Adventurer","floor":12,"gold_loss":0},{"damage_healed":0,"gold_gain":0,"player_choice":"Fought Bandits","damage_taken":0,"max_hp_gain":0,"max_hp_loss":0,"event_name":"Masked Bandits","floor":19,"gold_loss":0},{"damage_healed":0,"gold_gain":0,"player_choice":"Ignored","damage_taken":0,"max_hp_gain":0,"max_hp_loss":0,"event_name":"Ghosts","floor":22,"gold_loss":0}],"is_beta":false,"boss_relics":[{"not_picked":["Empty Cage","SlaversCollar"],"picked":"Nuclear Battery"}],"items_purged_floors":[13],"is_endless":false,"potions_floor_spawned":[5,6,7,8,12,23],"killed_by":"Centurion and Healer","ascension_level":0}}