{"host":"i09pxcjttd31eh4q","time":1608992055,"event":{"mods":["AchievementEnabler","BaseMod","Colored Map","Keyboard Shortcuts","Minty Spire (QoL Compilation)","StSLib","SuperFastMode"],"gold_per_floor":[109,123,139,158,178,210,210,260,286,297,331,11,29,47,47,125,125,142,142,159,176,189,189,220,235,261,261,261,261],"floor_reached":28,"playtime":621,"items_purged":["Strike_P"],"score":512,"play_id":"1cc5e200-fc6b-4b91-aa6b-97716e879f6f","local_time":"20201226231415","is_ascension_mode":true,"campfire_choices":[{"data":"Eruption","floor":7.0,"key":"SMITH"},{"data":"Wallop","floor":15.0,"key":"SMITH"},{"data":"Adaptation","floor":23.0,"key":"SMITH"},{"floor":27.0,"key":"REST"}],"circlet_count":0,"master_deck":["AscendersBane","Strike_P","Strike_P+1","Strike_P","Defend_P","Defend_P","Defend_P","Defend_P","Eruption+1","Vigilance","Tantrum","Sanctity","TalkToTheHand","EmptyFist+1","Wallop+1","Evaluate","WheelKick","DeusExMachina","Adaptation+1","InnerPeace+1"],"relics":["PureWater","NeowsBlessing","Pantograph","Whetstone","PreservedInsect","Bag of Marbles","Sozu","Mummified Hand","Happy Flower","Pen Nib"],"acts_visited":["Exordium","TheCity"],"potions_floor_usage":[],"damage_taken":[{"damage":0.0,"enemies":"Cultist","floor":1.0,"turns":1.0},{"damage":0.0,"enemies":"Jaw Worm","floor":2.0,"turns":1.0},{"damage":0.0,"enemies":"2 Louse","floor":3.0,"turns":1.0},{"damage":12.0,"enemies":"Exordium Wildlife","floor":4.0,"turns":3.0},{"damage":21.0,"enemies":"Blue Slaver","floor":5.0,"turns":3.0},{"damage":8.0,"enemies":"Gremlin Nob","floor":6.0,"turns":3.0},{"damage":0.0,"enemies":"3 Louse","floor":10.0,"turns":2.0},{"damage":12.0,"enemies":"3 Sentries","floor":11.0,"turns":9.0},{"damage":0.0,"enemies":"Lots of Slimes","floor":13.0,"turns":2.0},{"damage":0.0,"enemies":"Looter","floor":14.0,"turns":2.0},{"damage":23.0,"enemies":"Slime Boss","floor":16.0,"turns":9.0},{"damage":0.0,"enemies":"Shell Parasite","floor":18.0,"turns":2.0},{"damage":0.0,"enemies":"2 Thieves","floor":20.0,"turns":3.0},{"damage":23.0,"enemies":"Snake Plant","floor":21.0,"turns":3.0},{"damage":10.0,"enemies":"3 Cultists","floor":22.0,"turns":4.0},{"damage":8.0,"enemies":"Gremlin Leader","floor":24.0,"turns":4.0},{"damage":10.0,"enemies":"Centurion and Healer","floor":25.0,"turns":3.0},{"damage":5,"enemies":"Chosen and Byrds","floor":28,"turns":4}],"seed_played":"-6301650079357113487","potions_obtained":[{"floor":1.0,"key":"Swift Potion"},{"floor":4.0,"key":"Swift Potion"},{"floor":5.0,"key":"BlessingOfTheForge"},{"floor":10.0,"key":"Fire Potion"},{"floor":14.0,"key":"Weak Potion"}],"is_trial":false,"path_per_floor":["M","M","M","M","M","E","R","?","T","M","E","$","M","M","R","B",null,"M","T","M","M","M","R","E","M","T","R","M"],"character_chosen":"WATCHER","items_purchased":["Bag of Marbles","WheelKick"],"campfire_rested":1,"item_purchase_floors":[12,12],"current_hp_per_floor":[61,61,61,49,28,20,20,20,20,20,8,8,8,8,8,10,54,54,54,54,31,21,21,13,3,3,23,18,18],"gold":261,"neow_bonus":"THREE_ENEMY_KILL","is_daily":false,"chose_seed":false,"campfire_upgraded":3,"win_rate":0.0,"timestamp":1608992055,"path_taken":["M","M","M","M","M","E","R","?","T","M","E","$","M","M","R","BOSS","M","?","M","M","M","R","E","M","T","R","M"],"items_purchased_type":["Relic","Card"],"build_version":"2020-12-22","purchased_purges":1,"victory":false,"max_hp_per_floor":[68,68,68,68,68,68,68,68,68,68,68,68,68,68,68,68,68,68,68,68,68,68,68,68,68,68,68,68,68],"card_choices":[{"not_picked":["Wallop","EmptyBody"],"picked":"Tantrum","floor":1.0},{"not_picked":["PathToVictory","FlurryOfBlows"],"picked":"Sanctity","floor":2.0},{"not_picked":["ThirdEye","CrushJoints"],"picked":"TalkToTheHand","floor":3.0},{"not_picked":["PathToVictory","CrushJoints"],"picked":"EmptyFist","floor":4.0},{"not_picked":["CutThroughFate","EmptyFist"],"picked":"Wallop","floor":5.0},{"not_picked":["Evaluate","Prostrate","FlyingSleeves"],"picked":"SKIP","floor":6.0},{"not_picked":["Prostrate","FlyingSleeves"],"picked":"Evaluate","floor":6.0},{"not_picked":["Perseverance","Halt","FollowUp"],"picked":"SKIP","floor":10.0},{"not_picked":["Worship","CutThroughFate","EmptyBody"],"picked":"SKIP","floor":11.0},{"not_picked":["WheelKick","SignatureMove","SandsOfTime"],"picked":"SKIP","floor":13.0},{"not_picked":["Study","EmptyMind","Evaluate"],"picked":"SKIP","floor":14.0},{"not_picked":["Omniscience","Brilliance"],"picked":"DeusExMachina","floor":16.0},{"not_picked":["ClearTheMind","FollowUp","Halt+1"],"picked":"SKIP","floor":18.0},{"not_picked":["Prostrate","EmptyBody","DeceiveReality+1"],"picked":"SKIP","floor":20.0},{"not_picked":["CarveReality+1","EmptyMind","BowlingBash"],"picked":"SKIP","floor":21.0},{"not_picked":["Consecrate","EmptyBody"],"picked":"Adaptation","floor":22.0},{"not_picked":["Study","CrushJoints"],"picked":"InnerPeace+1","floor":24.0},{"not_picked":["Weave","Study","Halt"],"picked":"SKIP","floor":25.0}],"player_experience":779291,"relics_obtained":[{"floor":6.0,"key":"Pantograph"},{"floor":9.0,"key":"Whetstone"},{"floor":11.0,"key":"PreservedInsect"},{"floor":19.0,"key":"Mummified Hand"},{"floor":24.0,"key":"Happy Flower"},{"floor":26.0,"key":"Pen Nib"}],"event_choices":[{"damage_healed":0.0,"max_hp_gain":0.0,"max_hp_loss":0.0,"gold_gain":50.0,"event_name":"Golden Shrine","player_choice":"Pray","floor":8.0,"gold_loss":0.0,"damage_taken":0.0}],"is_beta":false,"boss_relics":[{"not_picked":["Calling Bell","Philosopher\u0027s Stone"],"picked":"Sozu"}],"items_purged_floors":[12],"is_endless":false,"potions_floor_spawned":[1,4,5,10,14,18,22],"killed_by":"Chosen and Byrds","ascension_level":20}}