{"host":"rmsq46plbpwfbxcc","time":1608963509,"event":{"mods":["AchievementEnabler","BaseMod","Colored Map","DeckTracker","Minty Spire (QoL Compilation)","Permanent Neow","SuperFastMode"],"gold_per_floor":[111,128,128,145,145,145,170,170,170,200,210,226,241,138,138,212,212,231,156,156,168,2,2,20,45,45,56,56,83,83,43,43,122,122,141,41,54,54,72,72,72],"floor_reached":40,"playtime":1282,"items_purged":["Pain","Clumsy"],"score":853,"play_id":"61bee765-11c1-46ba-b841-e305b9f0b910","local_time":"20201226151829","is_ascension_mode":true,"campfire_choices":[{"data":"Neutralize","floor":6,"key":"SMITH"},{"data":"Blade Dance","floor":8,"key":"SMITH"},{"data":"Blade Dance","floor":15,"key":"SMITH"},{"data":"Envenom","floor":23,"key":"SMITH"},{"data":"Choke","floor":28,"key":"SMITH"},{"floor":32,"key":"REST"}],"circlet_count":0,"master_deck":["AscendersBane","Strike_G","Strike_G","Strike_G","Strike_G","Defend_G","Defend_G","Defend_G","Defend_G","Defend_G","Survivor","Neutralize+1","Cloak And Dagger","Dagger Spray","Blade Dance+1","PiercingWail","Choke+1","Blur","PiercingWail","Blade Dance+1","Envenom+1","Well Laid Plans","Acrobatics","Envenom","Accuracy","After Image","Flash of Steel+1","Catalyst+1"],"relics":["WristBlade","WarpedTongs","InkBottle","Mummified Hand","Akabeko","Cursed Key","Membership Card","Tiny Chest","Molten Egg 2","Smiling Mask","SlaversCollar"],"acts_visited":["Exordium","TheCity","TheBeyond"],"potions_floor_usage":[7,16,18,21,25,27,33],"damage_taken":[{"damage":1,"enemies":"Cultist","floor":1,"turns":4},{"damage":20,"enemies":"Jaw Worm","floor":2,"turns":6},{"damage":1,"enemies":"2 Louse","floor":4,"turns":3},{"damage":4,"enemies":"Gremlin Nob","floor":7,"turns":2},{"damage":11,"enemies":"3 Sentries","floor":10,"turns":10},{"damage":0,"enemies":"Gremlin Gang","floor":11,"turns":4},{"damage":7,"enemies":"Exordium Wildlife","floor":12,"turns":3},{"damage":1,"enemies":"Blue Slaver","floor":13,"turns":4},{"damage":5,"enemies":"The Guardian","floor":16,"turns":11},{"damage":0,"enemies":"Spheric Guardian","floor":18,"turns":1},{"damage":0,"enemies":"3 Byrds","floor":21,"turns":4},{"damage":0,"enemies":"Centurion and Healer","floor":24,"turns":4},{"damage":14,"enemies":"Slavers","floor":25,"turns":5},{"damage":0,"enemies":"Chosen and Byrds","floor":27,"turns":5},{"damage":18,"enemies":"Gremlin Leader","floor":29,"turns":6},{"damage":13,"enemies":"Collector","floor":33,"turns":6},{"damage":0,"enemies":"Orb Walker","floor":35,"turns":2},{"damage":2,"enemies":"3 Darklings","floor":37,"turns":6},{"damage":35,"enemies":"Sphere and 2 Shapes","floor":39,"turns":7},{"damage":32,"enemies":"Reptomancer","floor":40,"turns":5}],"seed_played":"-609621111421376292","potions_obtained":[{"floor":2,"key":"FearPotion"},{"floor":4,"key":"Ancient Potion"},{"floor":12,"key":"CunningPotion"},{"floor":13,"key":"Regen Potion"},{"floor":16,"key":"Fire Potion"},{"floor":21,"key":"Fruit Juice"},{"floor":25,"key":"GamblersBrew"},{"floor":29,"key":"DuplicationPotion"},{"floor":39,"key":"LiquidBronze"}],"is_trial":false,"path_per_floor":["M","M","?","M","?","R","E","R","T","E","M","M","M","$","R","B",null,"M","?","?","M","$","R","M","E","T","M","R","E","?","$","R","B",null,"M","$","M","?","M","E"],"character_chosen":"THE_SILENT","items_purchased":["Blade Dance","Membership Card","Accuracy","Flash of Steel+1"],"campfire_rested":1,"item_purchase_floors":[14,22,31,36],"current_hp_per_floor":[58,38,38,37,37,37,33,33,33,22,22,15,14,14,14,24,56,56,56,50,55,55,55,55,41,41,41,41,23,23,23,44,31,61,61,61,59,59,24,0,0],"gold":72,"neow_bonus":"BOSS_RELIC","is_daily":false,"chose_seed":false,"campfire_upgraded":5,"win_rate":0.0,"timestamp":1608963509,"path_taken":["M","?","?","M","?","R","E","R","T","E","?","M","M","$","R","BOSS","M","?","?","?","?","R","M","E","T","M","R","E","?","$","R","BOSS","M","$","M","?","M","E"],"items_purchased_type":["Card","Relic","Card","Card"],"build_version":"2020-12-22","purchased_purges":2,"victory":false,"max_hp_per_floor":[66,66,66,66,66,66,66,66,66,66,66,66,66,66,66,66,66,66,66,66,71,71,71,71,71,71,71,71,71,71,71,71,71,71,71,71,71,71,71,71,71],"card_choices":[{"not_picked":["Skewer","Concentrate"],"picked":"Cloak And Dagger","floor":1},{"not_picked":["Reflex","Deflect"],"picked":"Dagger Spray","floor":2},{"not_picked":["Poisoned Stab","Outmaneuver"],"picked":"Blade Dance","floor":4},{"not_picked":["Leg Sweep","Blur"],"picked":"PiercingWail","floor":7},{"not_picked":["Underhanded Strike","Blade Dance"],"picked":"Choke","floor":10},{"not_picked":["Deflect","Bane","Outmaneuver"],"picked":"SKIP","floor":11},{"not_picked":["Underhanded Strike","Die Die Die"],"picked":"Blur","floor":12},{"not_picked":["Deadly Poison","Deflect"],"picked":"PiercingWail","floor":13},{"not_picked":["A Thousand Cuts","Corpse Explosion"],"picked":"Envenom","floor":16},{"not_picked":["Deflect","Setup","Prepared+1"],"picked":"SKIP","floor":18},{"not_picked":["Footwork","Quick Slash"],"picked":"Well Laid Plans","floor":21},{"not_picked":["Blade Dance+1","Prepared+1","Expertise"],"picked":"SKIP","floor":24},{"not_picked":["Sucker Punch","Heel Hook","Distraction"],"picked":"SKIP","floor":25},{"not_picked":["Bouncing Flask","Blade Dance"],"picked":"Acrobatics","floor":27},{"not_picked":["Slice+1","Malaise"],"picked":"Envenom","floor":29},{"not_picked":["Tools of the Trade","Adrenaline"],"picked":"After Image","floor":33},{"not_picked":["Sucker Punch+1","Masterful Stab+1","Poisoned Stab+1"],"picked":"SKIP","floor":35},{"not_picked":["Dash+1","Masterful Stab+1"],"picked":"Catalyst+1","floor":37},{"not_picked":["Underhanded Strike+1","Noxious Fumes","Skewer+1"],"picked":"SKIP","floor":39}],"player_experience":1383404,"relics_obtained":[{"floor":7,"key":"InkBottle"},{"floor":9,"key":"Mummified Hand"},{"floor":10,"key":"Akabeko"},{"floor":25,"key":"Tiny Chest"},{"floor":26,"key":"Molten Egg 2"},{"floor":29,"key":"Smiling Mask"}],"event_choices":[{"damage_healed":0,"gold_gain":0,"player_choice":"Ignored","damage_taken":0,"max_hp_gain":0,"max_hp_loss":0,"event_name":"Shining Light","floor":3,"gold_loss":0},{"damage_healed":0,"gold_gain":0,"player_choice":"Rummage","damage_taken":0,"relics_obtained":["WarpedTongs"],"max_hp_gain":0,"max_hp_loss":0,"event_name":"Accursed Blacksmith","floor":5,"gold_loss":0,"cards_obtained":["Pain"]},{"cards_removed":["Strike_G"],"damage_healed":0,"gold_gain":0,"player_choice":"Gave Gold","damage_taken":0,"max_hp_gain":0,"max_hp_loss":0,"event_name":"Beggar","floor":19,"gold_loss":75},{"damage_healed":0,"gold_gain":0,"player_choice":"","damage_taken":6,"max_hp_gain":0,"max_hp_loss":0,"event_name":"Knowing Skull","floor":20,"potions_obtained":[],"gold_loss":0,"cards_obtained":[]},{"damage_healed":0,"gold_gain":0,"player_choice":"Ignored","damage_taken":0,"max_hp_gain":0,"max_hp_loss":0,"event_name":"Vampires","floor":30,"gold_loss":0},{"damage_healed":0,"gold_gain":0,"player_choice":"Ignored","damage_taken":0,"max_hp_gain":0,"max_hp_loss":0,"event_name":"Tomb of Lord Red Mask","floor":38,"gold_loss":0}],"is_beta":false,"boss_relics":[{"not_picked":["Busted Crown","Astrolabe"],"picked":"Cursed Key"},{"not_picked":["Fusion Hammer","Snecko Eye"],"picked":"SlaversCollar"}],"items_purged_floors":[14,36],"is_endless":false,"potions_floor_spawned":[2,4,12,13,16,21,25,29,39],"killed_by":"Reptomancer","ascension_level":17}}