{"host":"7tkrmasug91pv8cz","time":1608970613,"event":{"mods":["Ascension Reborn","BaseMod","DeckTracker","Minty Spire (QoL Compilation)","Permanent Neow","Prisma Mod","StSLib","SuperFastMode"],"gold_per_floor":[116,131,143,163,176,203,214,230,230,204,204,215,215,271,271,370,370,383,383,93,113,123,136,136,148,148,167,183,212,212,231,231,333,333,352,362,412,429,445,445,460,460,483,497,550,550,588,621,621,651],"floor_reached":51,"playtime":3917,"items_purged":[],"score":786,"play_id":"f750ddad-e244-4de1-ab50-1ab07f9665a1","local_time":"20201226171653","is_ascension_mode":false,"campfire_choices":[{"data":"PrismaMod:IllyaGun","floor":11,"key":"SMITH"},{"data":"PrismaMod:IllyaCarnivalDefend","floor":13,"key":"SMITH"},{"data":"PrismaMod:IllyaUncommonEvoke","floor":15,"key":"SMITH"},{"data":"PrismaMod:IllyaBride","floor":24,"key":"SMITH"},{"data":"PrismaMod:IllyaPoisonBomb","floor":30,"key":"SMITH"},{"data":"PrismaMod:IllyaBerserCAR","floor":32,"key":"SMITH"},{"data":"PrismaMod:IllyaBerserCAR","floor":40,"key":"SMITH"},{"data":"PrismaMod:IllyaCarnivalPrismaAstolfo","floor":49,"key":"SMITH"}],"circlet_count":0,"master_deck":["PrismaMod:IllyaCommonAttack+1","PrismaMod:IllyaCommonDefend+1","PrismaMod:IllyaCommonAttack+1","PrismaMod:IllyaCommonDefend+1","PrismaMod:IllyaCommonAttack+1","PrismaMod:IllyaCommonDefend+1","PrismaMod:IllyaCommonAttack+1","PrismaMod:IllyaCommonDefend+1","PrismaMod:IllyaCommonAttack+1","PrismaMod:IllyaCommonDefend+1","PrismaMod:IllyaUncommonAttack+1","PrismaMod:IllyaUncommonDefend+1","PrismaMod:IllyaGun+1","PrismaMod:IllyaRubysPotion","PrismaMod:IllyaUncommonEvoke+1","PrismaMod:IllyaGrail","PrismaMod:IllyaUncommonAOEAttack","PrismaMod:IllyaCarnivalDefend+1","PrismaMod:IllyaPoisonBomb+1","PrismaMod:IllyaBerserCAR+1","PrismaMod:IllyaCheapChannelAttack","PrismaMod:IllyaBerserCAR+1","PrismaMod:IllyaFeed","PrismaMod:IllyaUberDefendChannel","PrismaMod:IllyaPoisonBomb+1","PrismaMod:IllyaUncommonAOEAttack+1","PrismaMod:IllyaBride+1","PrismaMod:IllyaUberChannel","PrismaMod:IllyaDevil","PrismaMod:IllyaSaphire","PrismaMod:IllyaGrail","PrismaMod:IllyaPoisonBlock+1","PrismaMod:IllyaCheapChannelAttack+1","PrismaMod:IllyaCarnivalPrismaAstolfo+1","PrismaMod:IllyaUncommonAttack+1","PrismaMod:IllyaUncommonDefend+1","PrismaMod:IllyaCommandSeal+1","Chrysalis","Mayhem","PrismaMod:IllyaSaphire"],"relics":["PrismaMod:PrismaRuby","Pen Nib","Bird Faced Urn","Meat on the Bone","Oddly Smooth Stone","Snecko Eye","Incense Burner","Blood Vial","Juzu Bracelet","Philosopher\u0027s Stone","FossilizedHelix","Lantern","Calipers","InkBottle"],"acts_visited":["Exordium","TheCity","TheBeyond"],"potions_floor_usage":[6,16,16,16,16,16,50,50],"damage_taken":[{"damage":0,"enemies":"Cultist","floor":1,"turns":2},{"damage":0,"enemies":"Jaw Worm","floor":2,"turns":2},{"damage":0,"enemies":"2 Louse","floor":3,"turns":2},{"damage":6,"enemies":"2 Fungi Beasts","floor":4,"turns":3},{"damage":0,"enemies":"Exordium Wildlife","floor":5,"turns":3},{"damage":14,"enemies":"Gremlin Nob","floor":6,"turns":4},{"damage":0,"enemies":"Large Slime","floor":7,"turns":2},{"damage":0,"enemies":"Looter","floor":8,"turns":3},{"damage":6,"enemies":"Gremlin Gang","floor":12,"turns":3},{"damage":9,"enemies":"Lagavulin Event","floor":14,"turns":5},{"damage":0,"enemies":"Hexaghost","floor":16,"turns":5},{"damage":0,"enemies":"Spheric Guardian","floor":18,"turns":3},{"damage":0,"enemies":"3 Byrds","floor":21,"turns":2},{"damage":10,"enemies":"Snake Plant","floor":22,"turns":5},{"damage":0,"enemies":"Centurion and Healer","floor":23,"turns":5},{"damage":0,"enemies":"Snecko","floor":25,"turns":5},{"damage":0,"enemies":"Shelled Parasite and Fungi","floor":27,"turns":5},{"damage":0,"enemies":"Centurion and Healer","floor":28,"turns":6},{"damage":0,"enemies":"Gremlin Leader","floor":29,"turns":6},{"damage":0,"enemies":"3 Cultists","floor":31,"turns":3},{"damage":41,"enemies":"Champ","floor":33,"turns":12},{"damage":0,"enemies":"Orb Walker","floor":35,"turns":3},{"damage":0,"enemies":"3 Shapes","floor":36,"turns":3},{"damage":0,"enemies":"Mind Bloom Boss Battle","floor":37,"turns":6},{"damage":0,"enemies":"Sphere and 2 Shapes","floor":38,"turns":4},{"damage":0,"enemies":"Transient","floor":39,"turns":5},{"damage":0,"enemies":"Jaw Worm Horde","floor":41,"turns":6},{"damage":5,"enemies":"4 Shapes","floor":44,"turns":4},{"damage":0,"enemies":"2 Orb Walkers","floor":45,"turns":3},{"damage":0,"enemies":"Maw","floor":47,"turns":7},{"damage":0,"enemies":"Reptomancer","floor":48,"turns":7},{"damage":10,"enemies":"Donu and Deca","floor":50,"turns":9}],"seed_played":"-3458275721183584340","potions_obtained":[{"floor":2,"key":"Ancient Potion"},{"floor":3,"key":"BlessingOfTheForge"},{"floor":6,"key":"Fruit Juice"},{"floor":8,"key":"EntropicBrew"},{"floor":16,"key":"SmokeBomb"},{"floor":18,"key":"GamblersBrew"},{"floor":23,"key":"PowerPotion"},{"floor":29,"key":"EntropicBrew"},{"floor":31,"key":"Ancient Potion"}],"is_trial":false,"path_per_floor":["M","M","M","M","M","E","M","M","T","$","R","M","R","?","R","B",null,"M","?","$","M","M","M","R","M","T","M","M","E","R","M","R","B",null,"M","M","?","M","M","R","M","?","T","M","?","?","M","E","R","B",null],"character_chosen":"ILLYA","items_purchased":["PrismaMod:IllyaCheapChannelAttack","Incense Burner"],"campfire_rested":0,"item_purchase_floors":[10,20],"current_hp_per_floor":[75,75,75,74,74,65,65,70,70,70,70,64,64,55,55,70,80,80,65,65,65,60,76,76,81,81,83,85,85,85,85,85,64,85,85,87,87,87,87,87,87,77,77,79,87,83,83,83,83,80],"gold":651,"neow_bonus":"RANDOM_COMMON_RELIC","is_daily":false,"chose_seed":false,"campfire_upgraded":8,"win_rate":0.0,"timestamp":1608970613,"path_taken":["M","M","M","M","M","E","M","M","T","$","R","M","R","?","R","BOSS","M","?","$","M","M","M","R","M","T","M","M","E","R","M","R","BOSS","M","M","?","M","M","R","M","?","T","M","?","?","M","E","R","BOSS"],"items_purchased_type":["Card","Relic"],"build_version":"2020-12-22","purchased_purges":0,"victory":true,"max_hp_per_floor":[75,75,75,75,75,80,80,80,80,80,80,80,80,80,80,80,80,80,85,85,85,85,85,85,85,85,85,85,85,85,85,85,85,85,85,87,87,87,87,87,87,87,87,87,87,83,83,83,83,83],"card_choices":[{"not_picked":["PrismaMod:IllyaCommonEvoke","PrismaMod:IllyaPoisonTippedWeapons"],"picked":"PrismaMod:IllyaGun","floor":1},{"not_picked":["PrismaMod:IllyaUpgradeOrbs","PrismaMod:IllyaFeed"],"picked":"PrismaMod:IllyaRubysPotion","floor":2},{"not_picked":["PrismaMod:IllyaMinorReinForce","PrismaMod:IllyaGrailKun"],"picked":"PrismaMod:IllyaUncommonEvoke","floor":3},{"not_picked":["PrismaMod:IllyaRapidFire","PrismaMod:IllyaMaid"],"picked":"PrismaMod:IllyaGrail","floor":4},{"not_picked":["PrismaMod:IllyaCheapDefend","PrismaMod:IllyaReinForce"],"picked":"PrismaMod:IllyaUncommonAOEAttack","floor":5},{"not_picked":["PrismaMod:IllyaCheapChannelPoison","PrismaMod:IllyaFeed"],"picked":"PrismaMod:IllyaCarnivalDefend","floor":6},{"not_picked":["PrismaMod:IllyaCommonEvoke","PrismaMod:IllyaHassanGift"],"picked":"PrismaMod:IllyaPoisonBomb","floor":7},{"not_picked":["PrismaMod:IllyaBlindPoisonToss","PrismaMod:IllyaCommandSeal"],"picked":"PrismaMod:IllyaBerserCAR","floor":8},{"not_picked":["PrismaMod:IllyaGun","PrismaMod:IllyaPoisonTippedWeapons"],"picked":"PrismaMod:IllyaBerserCAR","floor":12},{"not_picked":["PrismaMod:IllyaCheapAttack","PrismaMod:IllyaBlindPoisonToss"],"picked":"PrismaMod:IllyaFeed","floor":14},{"not_picked":["PrismaMod:IllyaUberAttackChannel","PrismaMod:IllyaInstallBerserker"],"picked":"PrismaMod:IllyaUberDefendChannel","floor":16},{"not_picked":["PrismaMod:IllyaRubysPotion","PrismaMod:IllyaRussianRoulette"],"picked":"PrismaMod:IllyaPoisonBomb+1","floor":18},{"not_picked":["PrismaMod:IllyaCommonEvoke","PrismaMod:IllyaCheapChannelPoison"],"picked":"PrismaMod:IllyaUncommonAOEAttack+1","floor":21},{"not_picked":["PrismaMod:IllyaZwei","PrismaMod:IllyaCheapChannelAttack+1"],"picked":"PrismaMod:IllyaBride","floor":22},{"not_picked":["PrismaMod:IllyaMaid","PrismaMod:IllyaAOECommonAttack"],"picked":"PrismaMod:IllyaUberChannel","floor":23},{"not_picked":["PrismaMod:IllyaBoysLove","PrismaMod:IllyaCheapDefend"],"picked":"PrismaMod:IllyaDevil","floor":25},{"not_picked":["PrismaMod:IllyaMinorZwei","PrismaMod:IllyaMinorRapidFire+1"],"picked":"PrismaMod:IllyaSaphire","floor":27},{"not_picked":["PrismaMod:IllyaUpgradeOrbs+1","PrismaMod:IllyaMinorRapidFire"],"picked":"PrismaMod:IllyaGrail","floor":28},{"not_picked":["PrismaMod:IllyaEvokeAll","PrismaMod:IllyaInstallCaster"],"picked":"PrismaMod:IllyaPoisonBlock+1","floor":29},{"not_picked":["PrismaMod:IllyaUberPoisonBlock","PrismaMod:IllyaCommonEvoke"],"picked":"PrismaMod:IllyaCheapChannelAttack+1","floor":31},{"not_picked":["PrismaMod:IllyaCarnivalDefend","PrismaMod:IllyaZwei"],"picked":"PrismaMod:IllyaCarnivalPrismaAstolfo","floor":33},{"not_picked":["PrismaMod:IllyaRapidFire+1","PrismaMod:IllyaGrailKun","PrismaMod:IllyaTestament"],"picked":"SKIP","floor":35},{"not_picked":["PrismaMod:IllyaCheapChannelAttack+1","PrismaMod:IllyaEvokeAll"],"picked":"PrismaMod:IllyaUncommonAttack+1","floor":36},{"not_picked":["PrismaMod:IllyaBlindPoisonToss+1","PrismaMod:IllyaBride+1"],"picked":"PrismaMod:IllyaUncommonDefend+1","floor":37},{"not_picked":["PrismaMod:IllyaTestament","PrismaMod:IllyaFeed+1","PrismaMod:IllyaPartialInstallAssassin"],"picked":"SKIP","floor":38},{"not_picked":["PrismaMod:IllyaAOECommonAttack+1","PrismaMod:IllyaPartialInstallAssassin+1","PrismaMod:IllyaRussianRoulette"],"picked":"SKIP","floor":39},{"not_picked":["PrismaMod:IllyaFeed","PrismaMod:IllyaAssassinRevenge"],"picked":"PrismaMod:IllyaCommandSeal+1","floor":41},{"not_picked":["Impatience","Good Instincts"],"picked":"Chrysalis","floor":42},{"not_picked":["Secret Technique","Deep Breath"],"picked":"Mayhem","floor":42},{"not_picked":["PrismaMod:IllyaCheapChannelDefend+1","PrismaMod:IllyaTestament+1"],"picked":"PrismaMod:IllyaSaphire","floor":44},{"not_picked":["PrismaMod:IllyaDetonatingBlow+1","PrismaMod:IllyaMaid+1","PrismaMod:IllyaMinorReinForce+1"],"picked":"SKIP","floor":47},{"not_picked":["PrismaMod:IllyaDetonatingBlow","PrismaMod:IllyaUpgradeOrbs","PrismaMod:IllyaAOECommonAttack"],"picked":"SKIP","floor":48}],"player_experience":98218,"relics_obtained":[{"floor":6,"key":"Bird Faced Urn"},{"floor":9,"key":"Meat on the Bone"},{"floor":14,"key":"Oddly Smooth Stone"},{"floor":26,"key":"Blood Vial"},{"floor":29,"key":"Juzu Bracelet"},{"floor":37,"key":"FossilizedHelix"},{"floor":43,"key":"Lantern"},{"floor":45,"key":"Calipers"},{"floor":48,"key":"InkBottle"}],"event_choices":[{"damage_healed":0,"gold_gain":0,"player_choice":"Searched \u00271\u0027 times","damage_taken":0,"max_hp_gain":0,"max_hp_loss":0,"event_name":"Dead Adventurer","floor":14,"gold_loss":0},{"damage_healed":0,"gold_gain":0,"player_choice":"Shed Blood","damage_taken":20,"max_hp_gain":5,"max_hp_loss":0,"event_name":"Forgotten Altar","floor":19,"gold_loss":0},{"damage_healed":0,"gold_gain":0,"player_choice":"Fight","damage_taken":0,"max_hp_gain":0,"max_hp_loss":0,"event_name":"MindBloom","floor":37,"gold_loss":0},{"damage_healed":0,"gold_gain":0,"player_choice":"Memory 3","damage_taken":10,"max_hp_gain":0,"max_hp_loss":0,"event_name":"SensoryStone","floor":42,"gold_loss":0},{"damage_healed":0,"gold_gain":0,"player_choice":"Fight","damage_taken":0,"max_hp_gain":0,"max_hp_loss":0,"event_name":"Mysterious Sphere","floor":45,"gold_loss":0},{"damage_healed":0,"gold_gain":0,"player_choice":"Max HP","damage_taken":0,"max_hp_gain":0,"max_hp_loss":4,"event_name":"Winding Halls","floor":46,"gold_loss":0}],"is_beta":false,"boss_relics":[{"not_picked":["Runic Pyramid","Ectoplasm"],"picked":"Snecko Eye"},{"not_picked":["Cursed Key","Black Star"],"picked":"Philosopher\u0027s Stone"}],"items_purged_floors":[],"is_endless":false,"potions_floor_spawned":[2,3,6,8,16,18,23,29,31,37,41,44,47],"ascension_level":0}}