{"host":"0tx5hhfcaiyfjvb5","time":1608953315,"event":{"mods":["BaseMod","Downfall","Minty Spire (QoL Compilation)","StSLib"],"gold_per_floor":[99,0,0,0,0,11,11,43,53,53,53,69,98,113,127,229,279,204,219,219,247,262,262,262,17,17,33,33,64,80,80,96,200,200,200,218,218,228,244,1243,1243,1243,910,20,20,54,54,154,166,166],"floor_reached":51,"playtime":15410,"items_purged":["Regret","Normality"],"score":538,"play_id":"e1b79a11-0b46-4c64-8238-f5913095e082","local_time":"20201225222835","is_ascension_mode":false,"campfire_choices":[{"data":"sneckomod:UnknownRareSkill","floor":1.0,"key":"SMITH"},{"floor":3.0,"key":"RECALL"},{"data":"sneckomod:UnknownX","floor":5.0,"key":"SMITH"},{"floor":10.0,"key":"REST"},{"data":"sneckomod:UnknownRareAttack","floor":18.0,"key":"SMITH"},{"floor":23.0,"key":"REST"},{"floor":28.0,"key":"REST"},{"data":"sneckomod:MorePower","floor":35,"key":"SMITH"},{"data":"sneckomod:Nope","floor":42,"key":"SMITH"},{"data":"sneckomod:QuickBite","floor":45,"key":"SMITH"},{"floor":47,"key":"REST"}],"circlet_count":0,"master_deck":["sneckomod:Defend","sneckomod:Defend+1","sneckomod:Defend","sneckomod:TailWhip","sneckomod:SnekBite","sneckomod:Unknown","sneckomod:Unknown","sneckomod:UnknownRareSkill+1","sneckomod:ImprovisedAttack","sneckomod:UnknownCommonSkill","sneckomod:Unknown2Cost","sneckomod:UnknownRareAttack+1","sneckomod:UnknownUncommonPower","sneckomod:UnknownX+1","sneckomod:UnknownClassPURPLE","sneckomod:SoulCleanse+1","sneckomod:SnakeSap","sneckomod:UnknownBlock+1","sneckomod:UnknownClassGREEN","sneckomod:PureSnecko","sneckomod:UnknownUncommonPower","sneckomod:QuickBite+1","sneckomod:Nope+1","sneckomod:Mudshield","sneckomod:ImprovisedGuard","sneckomod:UnknownClassBLUE","Shame","sneckomod:UnknownClassGREEN+1","sneckomod:UnknownBlock","sneckomod:UnknownUncommonSkill+1","Slimebound:Tackle+1","Slimebound:Tackle+1","sneckomod:UnknownStrike","sneckomod:UnknownClassHEXA_GHOST_PURPLE+1","sneckomod:UnknownWeak+1","sneckomod:MorePower+1","sneckomod:UnknownRareAttack","sneckomod:SerpentIdol+1","sneckomod:UnknownClassGUARDIAN+1","sneckomod:UnknownVulnerable+1","Normality","sneckomod:UnknownClassTHE_CHAMP_GRAY+1","sneckomod:WideSting","sneckomod:CheapStock","Enlightenment+1","sneckomod:UnknownRarePower+1","sneckomod:CheapStock","sneckomod:Unknown1Cost+1","sneckomod:UnknownExhaust+1","sneckomod:DiceBlock+1"],"relics":["sneckomod:SneckoSoul","War Paint","Centennial Puzzle","Odd Mushroom","Tiny House","downfall:HeartBlessingRed","Gremlin Horn","Bottled Lightning","Bottled Flame","Lee\u0027s Waffle","Toxic Egg 2","Nilry\u0027s Codex","Runic Pyramid","Ancient Tea Set","Ginger","Nunchaku","Sling","Pantograph","Toy Ornithopter"],"acts_visited":["TheBeyond"],"potions_floor_usage":[38,46,48,49,49,49],"damage_taken":[{"damage":0.0,"enemies":"downfall:FleeingMerchant","floor":2.0,"turns":4.0},{"damage":5.0,"enemies":"Small Slimes","floor":6.0,"turns":5.0},{"damage":19.0,"enemies":"Gremlin Nob","floor":8.0,"turns":4.0},{"damage":0.0,"enemies":"Cultist","floor":9.0,"turns":3.0},{"damage":3.0,"enemies":"2 Louse","floor":12.0,"turns":4.0},{"damage":17.0,"enemies":"The Mushroom Lair","floor":13.0,"turns":3.0},{"damage":12.0,"enemies":"Large Slime","floor":14.0,"turns":5.0},{"damage":17.0,"enemies":"Exordium Thugs","floor":15.0,"turns":3.0},{"damage":34.0,"enemies":"downfall:CharBossSilent","floor":16.0,"turns":8.0},{"damage":20.0,"enemies":"Shell Parasite","floor":19.0,"turns":5.0},{"damage":22.0,"enemies":"Slavers","floor":21.0,"turns":4.0},{"damage":34.0,"enemies":"3 Byrds","floor":22.0,"turns":3.0},{"damage":8.0,"enemies":"downfall:FleeingMerchant","floor":25.0,"turns":4.0},{"damage":44.0,"enemies":"Snake Plant","floor":27.0,"turns":4.0},{"damage":25.0,"enemies":"Gremlin Leader","floor":29.0,"turns":5.0},{"damage":8,"enemies":"Snecko","floor":30,"turns":4},{"damage":3,"enemies":"Chosen and Byrds","floor":32,"turns":5},{"damage":0,"enemies":"downfall:CharBossDefect","floor":33,"turns":1},{"damage":14,"enemies":"3 Shapes","floor":36,"turns":5},{"damage":0,"enemies":"3 Darklings","floor":38,"turns":3},{"damage":36,"enemies":"Sphere and 2 Shapes","floor":39,"turns":3},{"damage":0,"enemies":"downfall:FleeingMerchant","floor":44,"turns":4},{"damage":90,"enemies":"Nemesis","floor":46,"turns":11},{"damage":27,"enemies":"downfall:LadyInBlue","floor":48,"turns":8},{"damage":22,"enemies":"Spire Growth","floor":49,"turns":7},{"damage":0,"enemies":"downfall:CharBossIronclad","floor":50,"turns":1}],"seed_played":"8832529777837325105","potions_obtained":[{"floor":9.0,"key":"Fire Potion"},{"floor":12.0,"key":"DuplicationPotion"},{"floor":14.0,"key":"FearPotion"},{"floor":15.0,"key":"hexamod:EctoCoolerPotion"},{"floor":17.0,"key":"ColorlessPotion"},{"floor":22.0,"key":"SkillPotion"},{"floor":29.0,"key":"Slimebound:ThreeZeroPotion"},{"floor":32,"key":"hexamod:EctoCoolerPotion"},{"floor":33,"key":"Fire Potion"},{"floor":46,"key":"PowerPotion"},{"floor":48,"key":"EntropicBrew"},{"floor":48,"key":"CultistPotion"}],"is_trial":false,"path_per_floor":["R","$","R","?","R","M","T","E","M","R","?","M","?","M","M","B",null,"R","M","?","E","M","R","T","$","?","M","R","E","M","?","M","B",null,"R","M","?","M","M","?","T","R","?","$","R","E","R","?","M","B",null],"character_chosen":"THE_SNECKO","items_purchased":["sneckomod:ImprovisedAttack","sneckomod:UnknownCommonSkill","Lee\u0027s Waffle","Ginger","sneckomod:CheapStock","Enlightenment+1","Nunchaku","Sling","Energy Potion"],"campfire_rested":4,"item_purchase_floors":[2,2,25,44,44,44,44,44,44],"current_hp_per_floor":[91,92,92,87,87,82,82,63,64,93,93,91,75,67,50,16,105,105,86,86,65,32,64,64,116,116,75,110,86,79,63,60,61,120,120,107,107,108,102,102,102,102,137,138,138,53,94,73,66,66],"gold":166,"neow_bonus":"ONE_RANDOM_RARE_CARD","is_daily":false,"chose_seed":false,"campfire_upgraded":6,"win_rate":0.0,"timestamp":1608953315,"path_taken":["R","$","R","?","R","M","T","E","?","R","?","M","?","M","M","BOSS","R","M","?","E","M","R","T","$","?","?","R","E","M","?","M","BOSS","R","M","?","M","M","?","T","R","?","$","R","E","R","?","M","BOSS"],"items_purchased_type":["Card","Card","Relic","Relic","Card","Card","Relic","Relic","Potion"],"build_version":"2020-12-22","purchased_purges":2,"victory":true,"max_hp_per_floor":[91,92,92,97,97,97,97,97,98,98,98,99,100,100,100,100,105,105,106,106,107,108,108,108,116,116,117,117,118,119,119,119,120,120,120,121,121,122,122,122,122,122,137,138,138,139,139,141,141,141],"card_choices":[{"not_picked":["sneckomod:UnknownUncommonPower","sneckomod:UnknownStrike"],"picked":"sneckomod:SoulCleanse","floor":6.0},{"not_picked":["sneckomod:RainOfDice","sneckomod:UnknownWeak"],"picked":"sneckomod:SnakeSap","floor":8.0},{"not_picked":["sneckomod:SlitherStrike","sneckomod:Nope"],"picked":"sneckomod:UnknownBlock","floor":9.0},{"not_picked":["sneckomod:UnknownUncommonSkill","sneckomod:SoulRoll"],"picked":"sneckomod:UnknownClassGREEN","floor":12.0},{"not_picked":["sneckomod:ImprovisedAttack","sneckomod:UnknownClassRED"],"picked":"sneckomod:PureSnecko","floor":12.0},{"not_picked":["sneckomod:DefensiveFlair","sneckomod:UnknownCommonSkill"],"picked":"sneckomod:UnknownUncommonPower","floor":13.0},{"not_picked":["sneckomod:Unknown1Cost","sneckomod:QuickMove"],"picked":"sneckomod:QuickBite","floor":14.0},{"not_picked":["sneckomod:DefensiveFlair","sneckomod:UnknownCommonAttack"],"picked":"sneckomod:Nope","floor":15.0},{"not_picked":["sneckomod:DangerNoodle","sneckomod:SoulExchange"],"picked":"sneckomod:Mudshield","floor":16.0},{"not_picked":["sneckomod:QuickMove","sneckomod:WideSting"],"picked":"sneckomod:ImprovisedGuard","floor":17.0},{"not_picked":["sneckomod:UnknownClassRED","sneckomod:DefensiveFlair"],"picked":"sneckomod:UnknownClassBLUE","floor":19.0},{"not_picked":["sneckomod:DiceBlock","sneckomod:SerpentIdol"],"picked":"sneckomod:UnknownClassGREEN+1","floor":21.0},{"not_picked":["sneckomod:SoulRoll","sneckomod:UnknownEthereal"],"picked":"sneckomod:UnknownBlock","floor":22.0},{"not_picked":["sneckomod:UnknownCommonSkill","sneckomod:UnknownUncommonPower"],"picked":"sneckomod:UnknownUncommonSkill+1","floor":25.0},{"not_picked":["sneckomod:UnknownWeak","sneckomod:SoulDraw"],"picked":"sneckomod:UnknownStrike","floor":27.0},{"not_picked":["sneckomod:SoulCleanse+1","sneckomod:DiceCrush"],"picked":"sneckomod:UnknownClassHEXA_GHOST_PURPLE+1","floor":29.0},{"not_picked":["sneckomod:UnknownUncommonPower","sneckomod:DiceCrush"],"picked":"sneckomod:UnknownWeak+1","floor":30},{"not_picked":["sneckomod:RainOfDice+1","sneckomod:IronFang"],"picked":"sneckomod:MorePower","floor":32},{"not_picked":["sneckomod:DangerNoodle","sneckomod:Restock+1"],"picked":"sneckomod:UnknownRareAttack","floor":33},{"not_picked":["sneckomod:DiceBlock+1","sneckomod:QuickMove+1"],"picked":"sneckomod:SerpentIdol+1","floor":36},{"not_picked":["sneckomod:UnknownUncommonAttack+1","sneckomod:UnknownClassHEXA_GHOST_PURPLE+1"],"picked":"sneckomod:UnknownClassGUARDIAN+1","floor":36},{"not_picked":["sneckomod:UnknownCommonAttack","sneckomod:DiceBoulder+1","sneckomod:UnknownUncommonPower"],"picked":"SKIP","floor":36},{"not_picked":["sneckomod:UnknownCommonSkill+1","sneckomod:UnknownUncommonSkill+1"],"picked":"sneckomod:UnknownVulnerable+1","floor":38},{"not_picked":["sneckomod:UnknownWeak+1","sneckomod:QuickBite","sneckomod:UnknownClassPURPLE+1"],"picked":"SKIP","floor":39},{"not_picked":["sneckomod:UnknownEthereal+1","sneckomod:UnknownCommonSkill+1"],"picked":"sneckomod:UnknownClassTHE_CHAMP_GRAY+1","floor":44},{"not_picked":["sneckomod:UnknownClassTHE_CHAMP_GRAY+1","sneckomod:QuickBite+1"],"picked":"sneckomod:WideSting","floor":44},{"not_picked":["sneckomod:UnknownExhaust+1","sneckomod:UnknownBlock+1"],"picked":"sneckomod:UnknownRarePower+1","floor":46},{"not_picked":["sneckomod:UnknownRareAttack","sneckomod:QuickMove+1"],"picked":"sneckomod:CheapStock","floor":46},{"not_picked":["sneckomod:QuickBite+1","sneckomod:SoulRoll+1"],"picked":"sneckomod:Unknown1Cost+1","floor":48},{"not_picked":["sneckomod:UnknownClassHEXA_GHOST_PURPLE+1","sneckomod:UnknownClassPURPLE+1"],"picked":"sneckomod:UnknownExhaust+1","floor":48},{"not_picked":["sneckomod:UnknownStrike+1","sneckomod:QuickMove+1"],"picked":"sneckomod:DiceBlock+1","floor":49},{"not_picked":["sneckomod:Unknown+1","sneckomod:UnknownCommonSkill+1","sneckomod:Unknown1Cost+1"],"picked":"SKIP","floor":49}],"player_experience":274279,"relics_obtained":[{"floor":8.0,"key":"War Paint"},{"floor":13.0,"key":"Odd Mushroom"},{"floor":21.0,"key":"Bottled Lightning"},{"floor":24.0,"key":"Bottled Flame"},{"floor":29.0,"key":"Toxic Egg 2"},{"floor":31,"key":"Nilry\u0027s Codex"},{"floor":41,"key":"Ancient Tea Set"},{"floor":46,"key":"Pantograph"},{"floor":48,"key":"Toy Ornithopter"}],"event_choices":[{"damage_healed":0.0,"max_hp_gain":0.0,"max_hp_loss":0.0,"gold_gain":0.0,"event_name":"Big Fish","player_choice":"Box","floor":11.0,"gold_loss":0.0,"damage_taken":0.0,"relics_obtained":["Centennial Puzzle"],"cards_obtained":["Regret"]},{"damage_healed":0.0,"max_hp_gain":0.0,"max_hp_loss":0.0,"gold_gain":0.0,"event_name":"Mushrooms","player_choice":"Fought Mushrooms","floor":13.0,"gold_loss":0.0,"damage_taken":0.0},{"damage_healed":0.0,"max_hp_gain":0.0,"max_hp_loss":0.0,"gold_gain":0.0,"event_name":"Addict","player_choice":"Stole Relic","floor":20.0,"gold_loss":0.0,"damage_taken":0.0,"relics_obtained":["Gremlin Horn"],"cards_obtained":["Shame"]},{"cards_removed":["Slimebound:Tackle"],"damage_healed":0,"gold_gain":0,"player_choice":"Removed Attack","damage_taken":0,"max_hp_gain":0,"max_hp_loss":0,"event_name":"Falling","floor":37,"gold_loss":0}],"is_beta":false,"boss_relics":[{"not_picked":["Fusion Hammer","Empty Cage"],"picked":"Tiny House"},{"not_picked":["Runic Dome","Astrolabe"],"picked":"Runic Pyramid"}],"items_purged_floors":[25,44],"is_endless":false,"potions_floor_spawned":[9,12,14,15,22,29,32,33,36,38,49],"ascension_level":0}}