{"host":"dhyczjm99amxd3qx","time":1608994835,"event":{"mods":["BaseMod","Colored Map","Googly Eyes","Highlight Path","Minty Spire (QoL Compilation)","Quick Restart","StSLib"],"gold_per_floor":[111,111,127,137,157,183,202,235,235,235,235],"floor_reached":10,"playtime":587,"items_purged":[],"score":80,"play_id":"c55ac9a0-25e8-4ecb-b58c-a7b9f214c99a","local_time":"20201226100035","is_ascension_mode":false,"campfire_choices":[],"circlet_count":0,"master_deck":["Strike_R","Strike_R","Strike_R","Strike_R","Strike_R","Defend_R","Defend_R","Defend_R","Defend_R","Bash","Battle Trance","Whirlwind","Battle Trance","Reaper","Intimidate","Feed"],"relics":["Burning Blood","Mercury Hourglass","Anchor","Mummified Hand"],"acts_visited":["Exordium"],"potions_floor_usage":[6,8],"damage_taken":[{"damage":9,"enemies":"Jaw Worm","floor":1,"turns":5},{"damage":5,"enemies":"Cultist","floor":3,"turns":4},{"damage":10,"enemies":"Small Slimes","floor":4,"turns":3},{"damage":18,"enemies":"Blue Slaver","floor":5,"turns":5},{"damage":24,"enemies":"Gremlin Nob","floor":6,"turns":4},{"damage":5,"enemies":"Lots of Slimes","floor":7,"turns":2},{"damage":57,"enemies":"Lagavulin","floor":8,"turns":7},{"damage":51,"enemies":"Gremlin Nob","floor":10,"turns":4}],"seed_played":"-7517144464731247096","potions_obtained":[{"floor":1,"key":"BloodPotion"},{"floor":3,"key":"Swift Potion"},{"floor":5,"key":"DuplicationPotion"}],"is_trial":false,"path_per_floor":["M","?","M","M","M","E","M","E","T","E"],"character_chosen":"IRONCLAD","items_purchased":[],"campfire_rested":0,"item_purchase_floors":[],"current_hp_per_floor":[85,85,86,82,70,52,73,43,43,0,0],"gold":235,"neow_bonus":"TEN_PERCENT_HP_BONUS","is_daily":false,"chose_seed":false,"campfire_upgraded":0,"win_rate":0.0,"timestamp":1608994835,"path_taken":["M","?","M","M","M","E","?","E","T","E"],"items_purchased_type":[],"build_version":"2020-12-22","purchased_purges":0,"victory":false,"max_hp_per_floor":[88,88,88,88,88,88,88,88,88,88,88],"card_choices":[{"not_picked":["Heavy Blade","Inflame"],"picked":"Battle Trance","floor":1},{"not_picked":["Perfected Strike","Cleave","Fire Breathing"],"picked":"SKIP","floor":3},{"not_picked":["Twin Strike","Infernal Blade","Entrench"],"picked":"SKIP","floor":4},{"not_picked":["Cleave","Clothesline"],"picked":"Battle Trance","floor":5},{"not_picked":["Feel No Pain","Body Slam"],"picked":"Reaper","floor":6},{"not_picked":["Headbutt","True Grit"],"picked":"Intimidate","floor":7},{"not_picked":["Thunderclap","Flame Barrier"],"picked":"Feed","floor":8}],"player_experience":43803,"relics_obtained":[{"floor":6,"key":"Mercury Hourglass"},{"floor":8,"key":"Anchor"},{"floor":9,"key":"Mummified Hand"}],"event_choices":[{"damage_healed":0,"gold_gain":0,"player_choice":"1 cards matched","damage_taken":0,"max_hp_gain":0,"max_hp_loss":0,"event_name":"Match and Keep!","floor":2,"gold_loss":0,"cards_obtained":["Whirlwind"]}],"is_beta":false,"boss_relics":[],"items_purged_floors":[],"is_endless":false,"potions_floor_spawned":[1,3,5],"killed_by":"Gremlin Nob","ascension_level":0}}