{"host":"53w25izqmiakdcya","time":1608973677,"event":{"mods":["BaseMod","Colored Powertips","Downfall","Minty Spire (QoL Compilation)","Quick Restart","Rare Cards Sparkle","StSLib"],"gold_per_floor":[99,116,133,147,147,147,170,2,15,31,65,65,93,105,118,118,118,118],"floor_reached":16,"playtime":1013,"items_purged":[],"score":114,"play_id":"ddda0455-3750-407f-bf0b-e17666ceade3","local_time":"20201226030757","is_ascension_mode":false,"campfire_choices":[{"data":"champ:Execute","floor":1.0,"key":"SMITH"},{"floor":6.0,"key":"RECALL"},{"data":"champ:SteelEdge","floor":12.0,"key":"SMITH"}],"circlet_count":0,"master_deck":["champ:Strike","champ:Strike","champ:Strike","champ:Defend","champ:Defend","champ:Defend","champ:Defend","champ:Execute+1","champ:Taunt+1","champ:RisingSlash","champ:DefensiveStyle","champ:BringItOn","champ:SteelEdge+1","champ:AdrenalArmor","champ:BerserkerStyle","champ:Control","champ:DefensiveShout","champ:Backstep","champ:FlashCut","champ:Encircle"],"relics":["champ:ChampionCrown","Bronze Scales","Membership Card","Eternal Feather","Incense Burner"],"acts_visited":["Exordium"],"potions_floor_usage":[16,16],"damage_taken":[{"damage":6.0,"enemies":"2 Louse","floor":2.0,"turns":4.0},{"damage":10.0,"enemies":"Cultist","floor":3.0,"turns":4.0},{"damage":0.0,"enemies":"Small Slimes","floor":4.0,"turns":3.0},{"damage":5.0,"enemies":"downfall:FleeingMerchant","floor":8.0,"turns":4.0},{"damage":8.0,"enemies":"3 Louse","floor":9.0,"turns":4.0},{"damage":26.0,"enemies":"Gremlin Gang","floor":10.0,"turns":4.0},{"damage":31.0,"enemies":"Lagavulin","floor":11.0,"turns":6.0},{"damage":35.0,"enemies":"Gremlin Nob","floor":13.0,"turns":5.0},{"damage":6.0,"enemies":"Blue Slaver","floor":14.0,"turns":3.0},{"damage":8,"enemies":"2 Fungi Beasts","floor":15,"turns":3},{"damage":54,"enemies":"downfall:Silent","floor":16,"turns":8}],"seed_played":"-315980583324413778","potions_obtained":[{"floor":2.0,"key":"Regen Potion"},{"floor":9.0,"key":"Energy Potion"},{"floor":10.0,"key":"sneckomod:MuddlingPotion"},{"floor":11.0,"key":"BlessingOfTheForge"},{"floor":14.0,"key":"SkillPotion"}],"is_trial":false,"path_per_floor":["R","M","M","M","?","R","T","$","M","M","E","R","E","M","M","B"],"character_chosen":"THE_CHAMP","items_purchased":["Membership Card"],"campfire_rested":0,"item_purchase_floors":[8],"current_hp_per_floor":[90,89,84,84,84,84,84,84,84,72,74,83,52,52,52,0,0,0],"gold":118,"neow_bonus":"UPGRADE_CARD","is_daily":false,"chose_seed":false,"campfire_upgraded":2,"win_rate":0.0,"timestamp":1608973677,"path_taken":["R","M","M","M","?","R","T","?","M","M","E","R","E","M","M","BOSS"],"items_purchased_type":["Relic"],"build_version":"2020-12-22","purchased_purges":0,"victory":false,"max_hp_per_floor":[90,90,90,90,90,90,90,90,90,90,90,90,90,90,90,90,90,90],"card_choices":[{"not_picked":["champ:ArenaPreparation","champ:FocusedDefense"],"picked":"champ:RisingSlash","floor":2.0},{"not_picked":["champ:FanOfKnives","champ:Haymaker"],"picked":"champ:DefensiveStyle","floor":3.0},{"not_picked":["champ:FocusedGladiator","champ:CrookedStrike"],"picked":"champ:BringItOn","floor":4.0},{"not_picked":["champ:Duel","champ:EnGarde"],"picked":"champ:AdrenalArmor","floor":8.0},{"not_picked":["champ:Lariat","champ:CrookedStrike"],"picked":"champ:BerserkerStyle","floor":9.0},{"not_picked":["champ:GladiatorsShout","champ:AdrenalArmor"],"picked":"champ:Control","floor":10.0},{"not_picked":["champ:Haymaker","champ:EnGarde"],"picked":"champ:DefensiveShout","floor":11.0},{"not_picked":["champ:BerserkerStyle","champ:BladeFlurry"],"picked":"champ:Backstep","floor":13.0},{"not_picked":["champ:CalledShot","champ:Lariat"],"picked":"champ:FlashCut","floor":14.0},{"not_picked":["champ:TornadoPunch","champ:FightOn"],"picked":"champ:Encircle","floor":15}],"player_experience":500314,"relics_obtained":[{"floor":7.0,"key":"Bronze Scales"},{"floor":11.0,"key":"Eternal Feather"},{"floor":13.0,"key":"Incense Burner"}],"event_choices":[{"damage_healed":0.0,"max_hp_gain":0.0,"max_hp_loss":0.0,"gold_gain":0.0,"cards_transformed":["champ:Strike"],"event_name":"Transmorgrifier","player_choice":"Transformed","floor":5.0,"gold_loss":0.0,"damage_taken":0.0,"cards_obtained":["champ:SteelEdge"]}],"is_beta":false,"boss_relics":[],"items_purged_floors":[],"is_endless":false,"potions_floor_spawned":[2,9,10,11,13,14],"killed_by":"downfall:Silent","ascension_level":0}}