{"host":"wkcoec525dnrk4jw","time":1608953141,"event":{"mods":["BaseMod","Conspire","Minty Spire (QoL Compilation)","Quick Restart","Replay The Spire","Shop Mod","StSLib","TestMod","The Bug Knight","The Cursed","[IsaacMod]ÒÔÈö¼âËþ"],"gold_per_floor":[116,116,127,27,27,73,73,102,102],"floor_reached":8,"playtime":366,"items_purged":[],"score":68,"play_id":"e9b4bcd8-bd21-4989-b275-4d62c0cb1318","local_time":"20201226112541","is_ascension_mode":true,"campfire_choices":[{"floor":7,"key":"REST"}],"circlet_count":0,"master_deck":["Strike_B","Strike_B","Strike_B","Defend_B","Defend_B","Defend_B","Defend_B","Zap","Dualcast","ReplayTheSpireMod:Repulse","Rainbow","Turbo","conspire:SpireCoStock","conspire:SpireCoStock","Amplify"],"relics":["Cracked Core","HushsDoor","testmod-TestBox","testmod-EqualTreatment","YumHeart","Counterbalance","Nunchaku"],"acts_visited":["Exordium"],"potions_floor_usage":[],"damage_taken":[{"damage":0,"enemies":"2 Louse","floor":1,"turns":2},{"damage":4,"enemies":"Cultist","floor":3,"turns":3},{"damage":52,"enemies":"HollowMod:MossKnight","floor":6,"turns":8},{"damage":58,"enemies":"Gremlin Nob","floor":8,"turns":5}],"seed_played":"7824079463951716778","potions_obtained":[{"floor":3,"key":"Energy Potion"}],"is_trial":false,"path_per_floor":["M","?","M","?","$","E","R","E"],"character_chosen":"DEFECT","items_purchased":[],"campfire_rested":1,"item_purchase_floors":[],"current_hp_per_floor":[75,75,71,71,71,19,41,0,0],"gold":102,"neow_bonus":"ONE_RARE_RELIC","is_daily":false,"chose_seed":false,"campfire_upgraded":0,"win_rate":0.0,"timestamp":1608953141,"path_taken":["M","?","?","?","?","E","R","E"],"items_purchased_type":[],"build_version":"2020-12-22","purchased_purges":0,"victory":false,"max_hp_per_floor":[75,75,75,75,75,75,75,75,75],"card_choices":[{"not_picked":[],"picked":"ChaosCard","floor":0},{"not_picked":["Coolheaded","Cold Snap"],"picked":"ReplayTheSpireMod:Repulse","floor":1},{"not_picked":["Streamline","Stack"],"picked":"Turbo","floor":3},{"not_picked":["Rebound","Panic Button"],"picked":"Amplify","floor":6}],"player_experience":153122,"relics_obtained":[{"floor":6,"key":"Nunchaku"}],"event_choices":[{"damage_healed":0,"gold_gain":0,"cards_transformed":["Strike_B"],"player_choice":"Change","damage_taken":0,"max_hp_gain":0,"max_hp_loss":0,"event_name":"Living Wall","floor":2,"gold_loss":0,"cards_obtained":["Rainbow"]},{"damage_healed":0,"gold_gain":0,"player_choice":"Invest 2","damage_taken":0,"max_hp_gain":0,"max_hp_loss":0,"event_name":"conspire:Investor","floor":4,"gold_loss":0}],"is_beta":false,"boss_relics":[],"items_purged_floors":[],"is_endless":false,"potions_floor_spawned":[3],"killed_by":"Gremlin Nob","ascension_level":5}}