{"host":"iml8x8es9od4zowg","time":1608992930,"event":{"mods":["BaseMod","Minty Spire (QoL Compilation)","StSLib","The Jungle","¡¼?Úª?ø«¡½REMEMod"],"gold_per_floor":[113,130,130,55,55,55,84,101,177,202,202,233,245,257,269,386,398,421,449,472,502,24,24,59,0,23,80,80,111,158,86,86,194,194,211,211,233,251,251,277,277,307,607,640,640,665,219,241,241,244,244,244,43,70,88],"floor_reached":56,"playtime":3445,"items_purged":["Strike_R","Corruption","Writhe","Anger"],"score":1515,"play_id":"c145c48a-aa2c-4ba8-95bd-03573f116d15","local_time":"20201226232850","is_ascension_mode":true,"campfire_choices":[{"data":"Shrug It Off","floor":6,"key":"SMITH"},{"data":"Body Slam","floor":11,"key":"SMITH"},{"data":"Body Slam","floor":15,"key":"SMITH"},{"data":"Armaments","floor":23,"key":"SMITH"},{"floor":28,"key":"RECALL"},{"data":"Body Slam","floor":32,"key":"SMITH"},{"data":"REME_ACTH","floor":41,"key":"SMITH"},{"data":"Armaments","floor":45,"key":"SMITH"},{"data":"Apotheosis","floor":49,"key":"SMITH"},{"data":"Limit Break","floor":52,"key":"SMITH"}],"circlet_count":0,"master_deck":["Bash","Caltrops+1","Shrug It Off+1","Body Slam+1","Inflame","Impervious","Body Slam+1","REME_ACTH+1","Body Slam+1","REME_Fury","Heavy Blade","Limit Break+1","Dropkick","Armaments+1","Metallicize","REME_FearOfPain","Feel No Pain","Exhume","Shrug It Off","Flame Barrier+1","Armaments+1","Inflame","Apotheosis+1","Flame Barrier+1"],"relics":["Burning Blood","REME_ComplimentaryCards","NeowsBlessing","Odd Mushroom","Bottled Tornado","MawBank","Question Card","Pandora\u0027s Box","Strange Spoon","Pear","REME_ArchaeologicalTools","Bag of Preparation","Pen Nib","Cursed Key","Lizard Tail","Strawberry","Old Coin","Regal Pillow","Oddly Smooth Stone","Lantern"],"acts_visited":["Exordium","TheCity","TheBeyond","TheEnding"],"potions_floor_usage":[12,12,16,24,30,33,50,54,55,55],"damage_taken":[{"damage":0,"enemies":"2 Louse","floor":1,"turns":1},{"damage":0,"enemies":"Cultist","floor":2,"turns":1},{"damage":9,"enemies":"The Mushroom Lair","floor":7,"turns":1},{"damage":7,"enemies":"Small Slimes","floor":8,"turns":3},{"damage":20,"enemies":"3 Sentries","floor":10,"turns":10},{"damage":10,"enemies":"Lagavulin","floor":12,"turns":5},{"damage":49,"enemies":"The Guardian","floor":16,"turns":8},{"damage":10,"enemies":"Chosen","floor":18,"turns":3},{"damage":12,"enemies":"Shell Parasite","floor":19,"turns":3},{"damage":3,"enemies":"Centurion and Healer","floor":20,"turns":4},{"damage":31,"enemies":"Shelled Parasite and Fungi","floor":21,"turns":4},{"damage":12,"enemies":"Book of Stabbing","floor":24,"turns":4},{"damage":0,"enemies":"Cultist and Chosen","floor":27,"turns":1},{"damage":4,"enemies":"Centurion and Healer","floor":29,"turns":2},{"damage":0,"enemies":"Slavers","floor":30,"turns":3},{"damage":0,"enemies":"Automaton","floor":33,"turns":4},{"damage":32,"enemies":"3 Darklings","floor":35,"turns":3},{"damage":0,"enemies":"3 Shapes","floor":37,"turns":1},{"damage":2,"enemies":"Spire Growth","floor":38,"turns":2},{"damage":2,"enemies":"Giant Head","floor":40,"turns":3},{"damage":0,"enemies":"Nemesis","floor":42,"turns":1},{"damage":0,"enemies":"Reptomancer","floor":44,"turns":2},{"damage":0,"enemies":"Jaw Worm Horde","floor":46,"turns":3},{"damage":0,"enemies":"Sphere and 2 Shapes","floor":48,"turns":2},{"damage":5,"enemies":"Time Eater","floor":50,"turns":4},{"damage":14,"enemies":"Shield and Spear","floor":54,"turns":3},{"damage":58,"enemies":"The Heart","floor":55,"turns":6}],"seed_played":"4593790730588287783","potions_obtained":[{"floor":1,"key":"Fire Potion"},{"floor":8,"key":"Weak Potion"},{"floor":12,"key":"GamblersBrew"},{"floor":16,"key":"CultistPotion"},{"floor":18,"key":"Regen Potion"},{"floor":27,"key":"AttackPotion"},{"floor":29,"key":"SteroidPotion"},{"floor":33,"key":"LiquidMemories"},{"floor":35,"key":"Block Potion"}],"is_trial":false,"path_per_floor":["M","M","?","$","?","R","?","M","T","E","R","E","$","T","R","B",null,"M","M","M","M","$","R","E","?","T","M","R","M","E","$","R","B",null,"M","?","M","M","?","E","R","E","T","E","R","M","$","M","R","B",null,"R","$","E","B",null],"character_chosen":"IRONCLAD","items_purchased":["Strange Spoon","Pear","Feel No Pain","Apotheosis","Oddly Smooth Stone","BloodPotion"],"campfire_rested":0,"item_purchase_floors":[22,22,31,47,47,53],"current_hp_per_floor":[80,80,80,80,80,80,77,76,76,62,62,58,58,58,58,15,80,76,70,73,48,58,58,64,64,64,70,70,72,78,78,78,84,90,64,64,70,74,74,78,78,91,91,97,97,97,97,97,97,97,97,97,97,89,56],"gold":88,"neow_bonus":"THREE_ENEMY_KILL","is_daily":false,"chose_seed":false,"campfire_upgraded":9,"win_rate":0.0,"timestamp":1608992930,"path_taken":["M","M","?","?","?","R","?","M","T","E","R","E","$","?","R","BOSS","M","M","M","M","$","R","E","?","T","M","R","M","E","$","R","BOSS","M","?","M","M","?","E","R","E","T","E","R","M","$","M","R","BOSS","R","$","E","BOSS"],"items_purchased_type":["Relic","Relic","Card","Card","Relic","Potion"],"build_version":"2020-12-22","purchased_purges":4,"victory":true,"max_hp_per_floor":[80,80,80,80,80,80,80,80,80,80,80,80,80,80,80,80,80,80,80,80,80,90,90,90,90,90,90,90,90,90,90,90,90,90,90,90,90,90,90,90,90,97,97,97,97,97,97,97,97,97,97,97,97,97,97],"card_choices":[{"not_picked":["Disarm","Wild Strike"],"picked":"Shrug It Off","floor":1},{"not_picked":["Fire Breathing","Blood for Blood","Searing Blow"],"picked":"SKIP","floor":2},{"not_picked":["Armaments","Shockwave"],"picked":"Body Slam","floor":7},{"not_picked":["Clothesline","Thunderclap"],"picked":"Inflame","floor":8},{"not_picked":["Headbutt","Perfected Strike"],"picked":"Impervious","floor":10},{"not_picked":["Iron Wave","True Grit"],"picked":"Body Slam","floor":12},{"not_picked":["Berserk","REME_TheLastStrike","Bludgeon"],"picked":"REME_ACTH","floor":16},{"not_picked":["Searing Blow","True Grit","Twin Strike","Sentinel"],"picked":"SKIP","floor":18},{"not_picked":["Iron Wave","Body Slam","Feel No Pain","Heavy Blade"],"picked":"SKIP","floor":19},{"not_picked":["Bloodletting","Anger","Demon Form"],"picked":"Armaments","floor":20},{"not_picked":["Perfected Strike+1","Reckless Charge","Clothesline","True Grit+1"],"picked":"SKIP","floor":21},{"not_picked":["Blood for Blood","Rampage","Headbutt+1"],"picked":"Metallicize","floor":24},{"not_picked":["Clothesline","Flex","Anger"],"picked":"Burning Pact","floor":27},{"not_picked":["Thunderclap","Hemokinesis+1","Sword Boomerang"],"picked":"REME_FearOfPain","floor":29},{"not_picked":["Warcry","Fire Breathing","Flex","Headbutt"],"picked":"SKIP","floor":30},{"not_picked":["Feed","REME_Fury","Immolate"],"picked":"Exhume","floor":33},{"not_picked":["Dark Embrace","Body Slam+1","Rage","Evolve+1"],"picked":"SKIP","floor":35},{"not_picked":["Pommel Strike+1","Second Wind","Intimidate","Headbutt+1"],"picked":"SKIP","floor":37},{"not_picked":["Heavy Blade+1","Spot Weakness+1","Evolve"],"picked":"Shrug It Off","floor":38},{"not_picked":["Perfected Strike+1","Body Slam","Brutality","Clothesline+1"],"picked":"SKIP","floor":40},{"not_picked":["Flex","Pommel Strike+1","Rampage"],"picked":"Flame Barrier+1","floor":42},{"not_picked":["Dropkick+1","True Grit+1","Dark Embrace+1"],"picked":"Armaments","floor":44},{"not_picked":["Perfected Strike","Flex+1","Intimidate"],"picked":"Inflame","floor":46},{"not_picked":["Headbutt","Metallicize","Infernal Blade"],"picked":"Flame Barrier+1","floor":48},{"not_picked":["Flex","Fiend Fire","Anger+1","Carnage+1"],"picked":"SKIP","floor":54}],"player_experience":483102,"relics_obtained":[{"floor":7,"key":"Odd Mushroom"},{"floor":10,"key":"Bottled Tornado"},{"floor":12,"key":"MawBank"},{"floor":14,"key":"Question Card"},{"floor":24,"key":"REME_ArchaeologicalTools"},{"floor":26,"key":"Bag of Preparation"},{"floor":30,"key":"Pen Nib"},{"floor":40,"key":"Lizard Tail"},{"floor":42,"key":"Strawberry"},{"floor":43,"key":"Old Coin"},{"floor":44,"key":"Regal Pillow"},{"floor":54,"key":"Lantern"}],"event_choices":[{"damage_healed":0,"gold_gain":0,"player_choice":"Upgraded","damage_taken":0,"max_hp_gain":0,"max_hp_loss":0,"event_name":"Upgrade Shrine","floor":3,"gold_loss":0,"cards_upgraded":["Caltrops"]},{"cards_removed":["Strike_R"],"damage_healed":0,"gold_gain":0,"player_choice":"Forget","damage_taken":0,"max_hp_gain":0,"max_hp_loss":0,"event_name":"Living Wall","floor":5,"gold_loss":0},{"damage_healed":0,"gold_gain":0,"player_choice":"Fought Mushrooms","damage_taken":0,"max_hp_gain":0,"max_hp_loss":0,"event_name":"Mushrooms","floor":7,"gold_loss":0},{"damage_healed":0,"gold_gain":0,"player_choice":"Paid Fearfully","damage_taken":0,"max_hp_gain":0,"max_hp_loss":0,"event_name":"Masked Bandits","floor":25,"gold_loss":59},{"cards_removed":["Burning Pact"],"damage_healed":0,"gold_gain":0,"player_choice":"Removed Skill","damage_taken":0,"max_hp_gain":0,"max_hp_loss":0,"event_name":"Falling","floor":36,"gold_loss":0},{"damage_healed":0,"gold_gain":0,"player_choice":"Ignored","damage_taken":0,"max_hp_gain":0,"max_hp_loss":0,"event_name":"Tomb of Lord Red Mask","floor":39,"gold_loss":0}],"is_beta":false,"boss_relics":[{"not_picked":["Ectoplasm","Coffee Dripper"],"picked":"Pandora\u0027s Box"},{"not_picked":["Astrolabe","Velvet Choker"],"picked":"Cursed Key"}],"items_purged_floors":[4,22,47,53],"is_endless":false,"potions_floor_spawned":[1,8,12,16,18,27,29,33,35,37,38,40],"ascension_level":1}}