{"host":"rmsq46plbpwfbxcc","time":1608994328,"event":{"mods":["AchievementEnabler","BaseMod","Colored Map","DeckTracker","Minty Spire (QoL Compilation)","Permanent Neow","SuperFastMode"],"gold_per_floor":[114,125,135,135,76,76,95,121,145,175,195,208,208,222,222,299,299,309,309,309,319,332,332,366,366,366,6,6,37,137,157,157,229,229,239,239,239,253,308,308,321,346,346,45,45,60,395,412,412,412],"floor_reached":51,"playtime":2029,"items_purged":["Strike_G+1","Strike_G+1"],"score":1525,"play_id":"23ecb11a-a57d-4400-89bc-f512ccaf1557","local_time":"20201226235208","is_ascension_mode":true,"campfire_choices":[{"data":"Cloak And Dagger","floor":6.0,"key":"SMITH"},{"data":"Blade Dance","floor":13.0,"key":"SMITH"},{"data":"Neutralize","floor":15.0,"key":"SMITH"},{"data":"Finisher","floor":23.0,"key":"SMITH"},{"data":"Footwork","floor":25.0,"key":"SMITH"},{"data":"Night Terror","floor":32.0,"key":"SMITH"},{"data":"Choke","floor":40.0,"key":"SMITH"},{"data":"Blade Dance","floor":45.0,"key":"SMITH"},{"data":"Bullet Time","floor":49,"key":"SMITH"}],"circlet_count":0,"master_deck":["AscendersBane","Strike_G+1","Strike_G+1","Defend_G+1","Defend_G+1","Defend_G+1","Survivor","Neutralize+1","Finisher+1","Dash","Cloak And Dagger+1","Tactician","Blade Dance+1","Escape Plan","Footwork+1","Acrobatics","Adrenaline","Well Laid Plans","Night Terror+1","Acrobatics","Accuracy+1","Escape Plan","Choke+1","Backflip","Adrenaline","Blade Dance+1","Bullet Time+1","Adrenaline"],"relics":["Philosopher\u0027s Stone","FaceOfCleric","Lantern","Smiling Mask","Pen Nib","Coffee Dripper","Regal Pillow","Paper Crane","Singing Bowl","Pocketwatch","The Specimen","Darkstone Periapt","HoveringKite","Du-Vu Doll","Centennial Puzzle","Potion Belt","Membership Card","Old Coin"],"acts_visited":["Exordium","TheCity","TheBeyond"],"potions_floor_usage":[48,50,50],"damage_taken":[{"damage":1.0,"enemies":"Small Slimes","floor":1.0,"turns":4.0},{"damage":0.0,"enemies":"Cultist","floor":2.0,"turns":3.0},{"damage":0.0,"enemies":"2 Louse","floor":3.0,"turns":2.0},{"damage":1.0,"enemies":"Large Slime","floor":7.0,"turns":5.0},{"damage":0.0,"enemies":"Lagavulin","floor":8.0,"turns":2.0},{"damage":14.0,"enemies":"Gremlin Nob","floor":10.0,"turns":5.0},{"damage":0.0,"enemies":"Blue Slaver","floor":11.0,"turns":4.0},{"damage":5.0,"enemies":"Exordium Wildlife","floor":12.0,"turns":5.0},{"damage":3.0,"enemies":"Exordium Thugs","floor":14.0,"turns":4.0},{"damage":25.0,"enemies":"Hexaghost","floor":16.0,"turns":10.0},{"damage":0.0,"enemies":"Chosen","floor":18.0,"turns":5.0},{"damage":8.0,"enemies":"2 Thieves","floor":21.0,"turns":4.0},{"damage":0.0,"enemies":"Centurion and Healer","floor":22.0,"turns":4.0},{"damage":15.0,"enemies":"Slavers","floor":24.0,"turns":5.0},{"damage":0.0,"enemies":"Book of Stabbing","floor":29.0,"turns":3.0},{"damage":11.0,"enemies":"Colosseum Slavers","floor":30.0,"turns":4.0},{"damage":7.0,"enemies":"Colosseum Nobs","floor":30.0,"turns":6.0},{"damage":3.0,"enemies":"Snake Plant","floor":31.0,"turns":4.0},{"damage":24.0,"enemies":"Collector","floor":33.0,"turns":7.0},{"damage":0.0,"enemies":"Orb Walker","floor":35.0,"turns":3.0},{"damage":0.0,"enemies":"3 Shapes","floor":38.0,"turns":6.0},{"damage":0.0,"enemies":"2 Orb Walkers","floor":39.0,"turns":3.0},{"damage":0.0,"enemies":"Writhing Mass","floor":41.0,"turns":3.0},{"damage":10.0,"enemies":"Reptomancer","floor":42.0,"turns":2.0},{"damage":9.0,"enemies":"Spire Growth","floor":46.0,"turns":3.0},{"damage":3,"enemies":"Nemesis","floor":47,"turns":3},{"damage":0,"enemies":"Jaw Worm Horde","floor":48,"turns":2},{"damage":49,"enemies":"Donu and Deca","floor":50,"turns":6}],"seed_played":"-2175404518716725423","potions_obtained":[{"floor":3.0,"key":"CunningPotion"},{"floor":7.0,"key":"FearPotion"},{"floor":8.0,"key":"SpeedPotion"},{"floor":14.0,"key":"EntropicBrew"},{"floor":21.0,"key":"Block Potion"},{"floor":22.0,"key":"SpeedPotion"},{"floor":33.0,"key":"Dexterity Potion"},{"floor":35.0,"key":"Block Potion"},{"floor":42.0,"key":"CultistPotion"},{"floor":47,"key":"Regen Potion"}],"is_trial":false,"path_per_floor":["M","M","M","?","$","R","M","E","T","E","M","M","R","M","R","B",null,"M","?","?","M","M","R","E","R","T","$","?","E","?","M","R","B",null,"M","?","?","M","?","R","M","E","T","$","R","M","E","M","R","B",null],"character_chosen":"THE_SILENT","items_purchased":["Cloak And Dagger","Choke","Singing Bowl","Membership Card","Bullet Time"],"campfire_rested":0,"item_purchase_floors":[5,27,27,44,44],"current_hp_per_floor":[58,58,58,58,58,58,58,59,59,46,47,43,43,41,41,17,59,60,60,60,53,54,54,40,40,40,40,40,43,27,27,27,4,66,69,69,69,72,75,75,76,69,69,69,69,63,61,69,69,21],"gold":412,"neow_bonus":"BOSS_RELIC","is_daily":false,"chose_seed":false,"campfire_upgraded":9,"win_rate":0.0,"timestamp":1608994328,"path_taken":["M","M","M","?","$","R","M","E","T","E","?","M","R","M","R","BOSS","M","?","?","M","M","R","E","R","T","$","?","E","?","?","R","BOSS","M","?","?","M","?","R","?","E","T","$","R","M","E","M","R","BOSS"],"items_purchased_type":["Card","Card","Relic","Relic","Card"],"build_version":"2020-12-22","purchased_purges":2,"victory":true,"max_hp_per_floor":[66,66,66,66,66,66,67,68,68,69,70,71,71,72,72,73,73,74,74,74,75,76,76,77,77,77,77,77,80,82,85,85,86,86,89,89,89,92,95,95,96,99,99,99,99,102,103,106,106,107],"card_choices":[{"not_picked":["Flying Knee","Slice"],"picked":"Finisher","floor":1.0},{"not_picked":["Tactician","Finisher"],"picked":"Dash","floor":2.0},{"not_picked":["Dodge and Roll","Outmaneuver","Bane"],"picked":"SKIP","floor":3.0},{"not_picked":["Flying Knee","Catalyst"],"picked":"Tactician","floor":7.0},{"not_picked":["All Out Attack","Expertise"],"picked":"Blade Dance","floor":8.0},{"not_picked":["Glass Knife","Acrobatics"],"picked":"Escape Plan","floor":10.0},{"not_picked":["Blade Dance","Skewer"],"picked":"Footwork","floor":11.0},{"not_picked":["Deflect","Outmaneuver"],"picked":"Acrobatics","floor":12.0},{"not_picked":["Slice","Poisoned Stab","Deflect"],"picked":"SKIP","floor":14.0},{"not_picked":["Storm of Steel","Unload"],"picked":"Adrenaline","floor":16.0},{"not_picked":["Bane","Quick Slash"],"picked":"Well Laid Plans","floor":18.0},{"not_picked":["Distraction+1","Eviscerate"],"picked":"Accuracy+1","floor":21.0},{"not_picked":["Slice","Underhanded Strike"],"picked":"Escape Plan","floor":22.0},{"not_picked":["Flying Knee","Quick Slash","Expertise"],"picked":"SKIP","floor":24.0},{"not_picked":["Choke","Noxious Fumes+1","Distraction"],"picked":"Singing Bowl","floor":29.0},{"not_picked":["Endless Agony","Crippling Poison"],"picked":"Backflip","floor":30.0},{"not_picked":["Dodge and Roll","Reflex","Underhanded Strike"],"picked":"Singing Bowl","floor":31.0},{"not_picked":["Wraith Form v2","Grand Finale"],"picked":"Adrenaline","floor":33.0},{"not_picked":["Flying Knee","Backflip","Deadly Poison"],"picked":"Singing Bowl","floor":35.0},{"not_picked":["Dash","Crippling Poison","Skewer"],"picked":"Singing Bowl","floor":38.0},{"not_picked":["Dagger Spray+1","Sucker Punch","Acrobatics"],"picked":"Singing Bowl","floor":39.0},{"not_picked":["Underhanded Strike","Footwork+1"],"picked":"Blade Dance","floor":41.0},{"not_picked":["Dash","Prepared","Concentrate"],"picked":"Singing Bowl","floor":42.0},{"not_picked":["Deadly Poison","Choke","Backflip"],"picked":"Singing Bowl","floor":46.0},{"not_picked":["Venomology","Choke"],"picked":"Adrenaline","floor":47},{"not_picked":["Blade Dance","Bane+1","Skewer"],"picked":"Singing Bowl","floor":48}],"player_experience":1387974,"relics_obtained":[{"floor":8.0,"key":"Lantern"},{"floor":9.0,"key":"Smiling Mask"},{"floor":10.0,"key":"Pen Nib"},{"floor":24.0,"key":"Regal Pillow"},{"floor":26.0,"key":"Paper Crane"},{"floor":29.0,"key":"Pocketwatch"},{"floor":30.0,"key":"The Specimen"},{"floor":30.0,"key":"Darkstone Periapt"},{"floor":39.0,"key":"Du-Vu Doll"},{"floor":42.0,"key":"Centennial Puzzle"},{"floor":43.0,"key":"Potion Belt"},{"floor":47,"key":"Old Coin"}],"event_choices":[{"damage_healed":0.0,"max_hp_gain":0.0,"max_hp_loss":0.0,"gold_gain":0.0,"event_name":"FaceTrader","player_choice":"Trade","floor":4.0,"gold_loss":0.0,"damage_taken":0.0,"relics_obtained":["FaceOfCleric"]},{"damage_healed":0.0,"max_hp_gain":0.0,"max_hp_loss":0.0,"gold_gain":0.0,"event_name":"Back to Basics","player_choice":"Simplicity","floor":19.0,"gold_loss":0.0,"damage_taken":0.0,"cards_upgraded":["Strike_G","Strike_G","Strike_G","Strike_G","Strike_G","Defend_G","Defend_G","Defend_G","Defend_G","Defend_G"]},{"damage_healed":0.0,"max_hp_gain":0.0,"max_hp_loss":0.0,"gold_gain":0.0,"cards_transformed":["Strike_G","Defend_G"],"event_name":"Drug Dealer","player_choice":"Became Test Subject","floor":20.0,"gold_loss":0.0,"damage_taken":0.0,"cards_obtained":["Night Terror","Acrobatics"]},{"damage_healed":0.0,"max_hp_gain":0.0,"max_hp_loss":0.0,"gold_gain":0.0,"event_name":"Vampires","player_choice":"Ignored","floor":28.0,"gold_loss":0.0,"damage_taken":0.0},{"damage_healed":0.0,"max_hp_gain":0.0,"max_hp_loss":0.0,"gold_gain":0.0,"event_name":"Colosseum","player_choice":"Fight","floor":30.0,"gold_loss":0.0,"damage_taken":0.0},{"damage_healed":0.0,"max_hp_gain":0.0,"max_hp_loss":0.0,"gold_gain":0.0,"event_name":"Colosseum","player_choice":"Fought Nobs","floor":30.0,"gold_loss":0.0,"damage_taken":0.0},{"damage_healed":0.0,"max_hp_gain":0.0,"max_hp_loss":0.0,"gold_gain":0.0,"event_name":"Tomb of Lord Red Mask","player_choice":"Ignored","floor":36.0,"gold_loss":0.0,"damage_taken":0.0},{"cards_removed":["Defend_G"],"damage_healed":0.0,"max_hp_gain":0.0,"max_hp_loss":0.0,"gold_gain":0.0,"event_name":"Falling","player_choice":"Removed Skill","floor":37.0,"gold_loss":0.0,"damage_taken":0.0},{"damage_healed":0.0,"max_hp_gain":0.0,"max_hp_loss":0.0,"gold_gain":0.0,"event_name":"Mysterious Sphere","player_choice":"Fight","floor":39.0,"gold_loss":0.0,"damage_taken":0.0}],"is_beta":false,"boss_relics":[{"not_picked":["Busted Crown","Sozu"],"picked":"Coffee Dripper"},{"not_picked":["SlaversCollar","Runic Dome"],"picked":"HoveringKite"}],"items_purged_floors":[27,44],"is_endless":false,"potions_floor_spawned":[3,7,8,14,21,22,30,33,35,39,42,47],"ascension_level":17}}