{"host":"sa7ebub27cgn5wai","time":1608987628,"event":{"mods":["BaseMod","Colored Map","Minty Spire (QoL Compilation)","SuperFastMode"],"gold_per_floor":[112,122,139,139,149,149,149,149,149,169,185,185,204,223,223,326,326,326,326,326,326,326,326,326,64,64,64,64,64,64,64,64,64,64,64,64,64,64,64,64,37,37,37,37,37,37,37,20,20,20],"floor_reached":51,"playtime":1452,"items_purged":["Strike_G"],"score":845,"play_id":"8b46982b-d903-4332-96d7-449498569b48","local_time":"20201226220028","is_ascension_mode":false,"campfire_choices":[{"data":"Blade Dance","floor":6,"key":"SMITH"},{"data":"Cloak And Dagger","floor":8,"key":"SMITH"},{"data":"Footwork","floor":12,"key":"SMITH"},{"data":"Blade Dance","floor":15,"key":"SMITH"},{"data":"After Image","floor":27,"key":"SMITH"},{"data":"Dodge and Roll","floor":29,"key":"SMITH"},{"data":"Panacea","floor":32,"key":"SMITH"},{"data":"Dodge and Roll","floor":40,"key":"SMITH"},{"data":"Blade Dance","floor":42,"key":"SMITH"},{"data":"Dodge and Roll","floor":47,"key":"SMITH"},{"data":"Accuracy","floor":49,"key":"SMITH"}],"circlet_count":0,"master_deck":["Strike_G","Strike_G","Strike_G","Strike_G","Defend_G","Defend_G","Defend_G","Defend_G","Defend_G","Survivor","Neutralize+1","Blade Dance+1","Cloak And Dagger+1","Terror+1","Footwork+1","Dodge and Roll+1","Escape Plan","Blade Dance+1","Dodge and Roll+1","After Image+1","Panacea+1","Tactician","Endless Agony+1","Backstab","Prepared+1","Infinite Blades","Cloak And Dagger+1","Dodge and Roll+1","Blade Dance+1","Backstab+1","Blade Dance+1","Footwork+1","Accuracy+1"],"relics":["Ring of the Snake","Calipers","Ectoplasm","WingedGreaves","StrikeDummy","Membership Card","Mango","WristBlade","Regal Pillow","Question Card","CeramicFish"],"acts_visited":["Exordium","TheCity","TheBeyond"],"potions_floor_usage":[7,23,23,50,50,50],"damage_taken":[{"damage":8,"enemies":"2 Louse","floor":1,"turns":3},{"damage":0,"enemies":"Small Slimes","floor":2,"turns":4},{"damage":0,"enemies":"Cultist","floor":3,"turns":3},{"damage":2,"enemies":"Red Slaver","floor":5,"turns":2},{"damage":3,"enemies":"Gremlin Gang","floor":10,"turns":5},{"damage":1,"enemies":"Looter","floor":11,"turns":3},{"damage":0,"enemies":"Exordium Thugs","floor":13,"turns":4},{"damage":0,"enemies":"Blue Slaver","floor":14,"turns":3},{"damage":8,"enemies":"The Guardian","floor":16,"turns":14},{"damage":0,"enemies":"3 Byrds","floor":18,"turns":6},{"damage":14,"enemies":"Chosen","floor":20,"turns":6},{"damage":3,"enemies":"Centurion and Healer","floor":21,"turns":9},{"damage":0,"enemies":"Shelled Parasite and Fungi","floor":22,"turns":8},{"damage":3,"enemies":"Book of Stabbing","floor":23,"turns":5},{"damage":15,"enemies":"Slavers","floor":24,"turns":8},{"damage":1,"enemies":"3 Cultists","floor":28,"turns":5},{"damage":0,"enemies":"Snake Plant","floor":30,"turns":5},{"damage":0,"enemies":"Chosen and Byrds","floor":31,"turns":7},{"damage":31,"enemies":"Automaton","floor":33,"turns":18},{"damage":0,"enemies":"Orb Walker","floor":35,"turns":3},{"damage":14,"enemies":"3 Shapes","floor":36,"turns":4},{"damage":0,"enemies":"Jaw Worm Horde","floor":37,"turns":5},{"damage":4,"enemies":"Writhing Mass","floor":39,"turns":6},{"damage":0,"enemies":"Giant Head","floor":44,"turns":6},{"damage":0,"enemies":"Spire Growth","floor":45,"turns":3},{"damage":0,"enemies":"Reptomancer","floor":46,"turns":6},{"damage":16,"enemies":"Donu and Deca","floor":50,"turns":9}],"seed_played":"3090881400190970540","potions_obtained":[{"floor":2,"key":"Regen Potion"},{"floor":7,"key":"Fruit Juice"},{"floor":7,"key":"SmokeBomb"},{"floor":7,"key":"Ancient Potion"},{"floor":22,"key":"Strength Potion"},{"floor":36,"key":"SkillPotion"},{"floor":39,"key":"Ancient Potion"},{"floor":45,"key":"Strength Potion"}],"is_trial":false,"path_per_floor":["M","M","M","?","M","R","?","R","T","M","M","R","M","M","R","B",null,"M","?","M","M","M","E","E","$","T","R","M","R","M","M","R","B",null,"M","M","M","?","M","R","$","R","T","E","M","E","R","$","R","B",null],"character_chosen":"THE_SILENT","items_purchased":["Membership Card","Infinite Blades","Blade Dance","Accuracy"],"campfire_rested":0,"item_purchase_floors":[25,25,41,48],"current_hp_per_floor":[62,62,62,62,60,60,65,65,65,62,61,61,61,61,61,53,75,75,75,61,58,58,69,54,54,68,68,67,67,67,67,67,36,89,89,75,75,75,71,71,71,71,71,71,71,71,71,71,71,55],"gold":20,"neow_bonus":"UPGRADE_CARD","is_daily":false,"chose_seed":false,"campfire_upgraded":11,"win_rate":0.0,"timestamp":1608987628,"path_taken":["M","M","M","?","M","R","?","R","T","M","?","R","M","M","R","BOSS","M","?","M","?","M","E","E","$","T","R","M","R","M","M","R","BOSS","M","M","M","?","M","R","?","R","T","E","M","E","R","$","R","BOSS"],"items_purchased_type":["Relic","Card","Card","Card"],"build_version":"2020-12-22","purchased_purges":1,"victory":true,"max_hp_per_floor":[70,70,70,70,70,70,75,75,75,75,75,75,75,75,75,75,75,75,75,75,75,75,75,75,75,89,89,89,89,89,89,89,89,89,89,89,89,89,89,89,89,89,89,89,89,89,89,89,89,89],"card_choices":[{"not_picked":["Underhanded Strike","Flying Knee"],"picked":"Blade Dance","floor":1},{"not_picked":["Well Laid Plans","Acrobatics"],"picked":"Cloak And Dagger","floor":2},{"not_picked":["Slice","Tactician"],"picked":"Terror","floor":3},{"not_picked":["Dash","Well Laid Plans"],"picked":"Footwork","floor":5},{"not_picked":["Distraction","Calculated Gamble"],"picked":"Dodge and Roll","floor":10},{"not_picked":["Underhanded Strike","Masterful Stab"],"picked":"Escape Plan","floor":11},{"not_picked":["Underhanded Strike","Cloak And Dagger"],"picked":"Blade Dance","floor":13},{"not_picked":["Heel Hook","Riddle With Holes"],"picked":"Dodge and Roll","floor":14},{"not_picked":["Night Terror","Wraith Form v2"],"picked":"After Image","floor":16},{"not_picked":["Backflip","Crippling Poison","All Out Attack"],"picked":"SKIP","floor":18},{"not_picked":["Slice","Underhanded Strike"],"picked":"Tactician","floor":20},{"not_picked":["Bane","Acrobatics+1"],"picked":"Endless Agony+1","floor":21},{"not_picked":["Deadly Poison","Heel Hook+1"],"picked":"Backstab","floor":22},{"not_picked":["Acrobatics","Deflect"],"picked":"Prepared+1","floor":23},{"not_picked":["Prepared","Skewer","Underhanded Strike"],"picked":"SKIP","floor":24},{"not_picked":["Bane","Catalyst","Deflect"],"picked":"SKIP","floor":28},{"not_picked":["Acrobatics","Night Terror","Underhanded Strike"],"picked":"SKIP","floor":30},{"not_picked":["Outmaneuver+1","Expertise","Dagger Throw+1"],"picked":"SKIP","floor":31},{"not_picked":["Quick Slash","Bane"],"picked":"Cloak And Dagger+1","floor":35},{"not_picked":["Dagger Throw","Terror","Flechettes"],"picked":"SKIP","floor":36},{"not_picked":["Heel Hook+1","Quick Slash+1","Slice"],"picked":"SKIP","floor":37},{"not_picked":["Catalyst+1","Deflect"],"picked":"Dodge and Roll","floor":39},{"not_picked":["Bane","Flechettes+1"],"picked":"Backstab+1","floor":44},{"not_picked":["PiercingWail+1","Slice+1","Bullet Time"],"picked":"Blade Dance+1","floor":45},{"not_picked":["Well Laid Plans","Quick Slash","Terror"],"picked":"Footwork+1","floor":46}],"player_experience":288327,"relics_obtained":[{"floor":9,"key":"Calipers"},{"floor":23,"key":"WingedGreaves"},{"floor":24,"key":"StrikeDummy"},{"floor":26,"key":"Mango"},{"floor":43,"key":"Regal Pillow"},{"floor":44,"key":"Question Card"},{"floor":46,"key":"CeramicFish"}],"event_choices":[{"damage_healed":0,"gold_gain":0,"player_choice":"Grow","damage_taken":0,"max_hp_gain":0,"max_hp_loss":0,"event_name":"Living Wall","floor":4,"gold_loss":0,"cards_upgraded":["Terror"]},{"damage_healed":0,"gold_gain":0,"player_choice":"Got Potions","damage_taken":0,"max_hp_gain":0,"max_hp_loss":0,"event_name":"Lab","floor":7,"gold_loss":0},{"damage_healed":0,"gold_gain":0,"player_choice":"1 cards matched","damage_taken":0,"max_hp_gain":0,"max_hp_loss":0,"event_name":"Match and Keep!","floor":19,"gold_loss":0,"cards_obtained":["Panacea"]},{"damage_healed":0,"gold_gain":100,"player_choice":"Pray","damage_taken":0,"max_hp_gain":0,"max_hp_loss":0,"event_name":"Golden Shrine","floor":38,"gold_loss":0}],"is_beta":false,"boss_relics":[{"not_picked":["Ring of the Serpent","Empty Cage"],"picked":"Ectoplasm"},{"not_picked":["Philosopher\u0027s Stone","Fusion Hammer"],"picked":"WristBlade"}],"items_purged_floors":[25],"is_endless":false,"potions_floor_spawned":[2,13,20,21,22,36,39,45],"ascension_level":0}}