{"host":"49c2zf0lajbcs427","time":1608974483,"event":{"mods":["AchievementEnabler","BaseMod","Colored Map","Colored Powertips","Highlight Path","Key Reminder","Minty Spire (QoL Compilation)","Relic Stats","StSLib"],"gold_per_floor":[115,127,142,142,142,142,181,256,256,155,186,186,199,62,62,192,192,217,217,230,1,1,1,14,37,37,77,77,108,131,131,131,254,254,269,325,325,388,142,142,177,177,177,198,218,218,233,266,266,266,266,266,51,91,91,91],"floor_reached":55,"playtime":3023,"items_purged":["Strike_R","Writhe","Strike_R"],"score":918,"play_id":"edd5bd5a-2af6-4563-841f-bde1351b69cb","local_time":"20201226222123","is_ascension_mode":true,"campfire_choices":[{"data":"Bash","floor":6.0,"key":"SMITH"},{"data":"Clothesline","floor":12.0,"key":"SMITH"},{"data":"Sever Soul","floor":15.0,"key":"SMITH"},{"data":"Immolate","floor":23.0,"key":"SMITH"},{"floor":28.0,"key":"REST"},{"data":"Shockwave","floor":32.0,"key":"SMITH"},{"data":"Shrug It Off","floor":40,"key":"SMITH"},{"floor":42,"key":"RECALL"},{"floor":49,"key":"REST"},{"data":"Disarm","floor":52,"key":"SMITH"}],"circlet_count":0,"master_deck":["Strike_R","Defend_R","Defend_R","Defend_R","Defend_R","Bash+1","Headbutt","Sever Soul+1","Clothesline+1","Shrug It Off+1","Armaments","Immolate+1","Disarm+1","Shockwave+1","Metallicize+1","Thunderclap+1","Shrug It Off","True Grit+1","Rampage+1","Headbutt","Battle Trance+1","Metallicize","Shrug It Off"],"relics":["Velvet Choker","Golden Idol","Paper Frog","Regal Pillow","Oddly Smooth Stone","Empty Cage","Lantern","Sundial","Bag of Marbles","Juzu Bracelet","Art of War","Centennial Puzzle","SlaversCollar","Calipers","Turnip","Anchor","Happy Flower","PreservedInsect","Mummified Hand"],"acts_visited":["Exordium","TheCity","TheBeyond","TheEnding"],"potions_floor_usage":[55,55,55],"damage_taken":[{"damage":2.0,"enemies":"Jaw Worm","floor":1.0,"turns":2.0},{"damage":5.0,"enemies":"Small Slimes","floor":2.0,"turns":3.0},{"damage":2.0,"enemies":"2 Louse","floor":3.0,"turns":2.0},{"damage":20.0,"enemies":"3 Sentries","floor":7.0,"turns":7.0},{"damage":11.0,"enemies":"Lagavulin","floor":11.0,"turns":4.0},{"damage":0.0,"enemies":"2 Fungi Beasts","floor":13.0,"turns":2.0},{"damage":13.0,"enemies":"Hexaghost","floor":16.0,"turns":8.0},{"damage":6.0,"enemies":"Spheric Guardian","floor":18.0,"turns":3.0},{"damage":15.0,"enemies":"Shell Parasite","floor":20.0,"turns":3.0},{"damage":8.0,"enemies":"Shelled Parasite and Fungi","floor":24.0,"turns":3.0},{"damage":0.0,"enemies":"Snecko","floor":25.0,"turns":3.0},{"damage":18.0,"enemies":"Gremlin Leader","floor":27.0,"turns":6.0},{"damage":0.0,"enemies":"Slavers","floor":29.0,"turns":1.0},{"damage":55.0,"enemies":"Collector","floor":33.0,"turns":8.0},{"damage":6.0,"enemies":"3 Darklings","floor":35.0,"turns":1.0},{"damage":61.0,"enemies":"2 Orb Walkers","floor":36.0,"turns":5.0},{"damage":0.0,"enemies":"Mind Bloom Boss Battle","floor":38.0,"turns":3.0},{"damage":16,"enemies":"Reptomancer","floor":41,"turns":5},{"damage":0,"enemies":"Orb Walker","floor":44,"turns":4},{"damage":13,"enemies":"Writhing Mass","floor":45,"turns":8},{"damage":0,"enemies":"3 Darklings","floor":47,"turns":3},{"damage":20,"enemies":"Giant Head","floor":48,"turns":7},{"damage":36,"enemies":"Donu and Deca","floor":50,"turns":7},{"damage":42,"enemies":"Shield and Spear","floor":54,"turns":5},{"damage":54,"enemies":"The Heart","floor":55,"turns":5}],"seed_played":"7275625789856404819","potions_obtained":[{"floor":1.0,"key":"DuplicationPotion"},{"floor":3.0,"key":"Weak Potion"},{"floor":13.0,"key":"LiquidMemories"},{"floor":25.0,"key":"AttackPotion"},{"floor":27.0,"key":"LiquidBronze"},{"floor":35.0,"key":"CultistPotion"},{"floor":36.0,"key":"Swift Potion"},{"floor":47,"key":"Strength Potion"},{"floor":48,"key":"PowerPotion"}],"is_trial":false,"path_per_floor":["M","M","M","?","?","R","E","?","T","$","E","R","M","$","R","B",null,"M","?","M","$","?","R","M","M","T","E","R","E","T","?","R","B",null,"M","?","?","?","$","R","E","R","T","M","M","?","M","E","R","B",null,"R","$","E","B"],"character_chosen":"IRONCLAD","items_purchased":["BloodPotion","Strength Potion","Offering","Lantern","Anchor","Metallicize","Shrug It Off"],"campfire_rested":2,"item_purchase_floors":[10,10,14,21,39,53,53],"current_hp_per_floor":[78,73,71,51,56,56,36,25,25,25,31,31,31,31,31,18,85,79,73,58,58,58,58,50,50,50,32,72,72,72,72,72,17,85,79,18,95,95,95,95,79,79,79,79,66,66,66,46,89,53,95,95,95,53,0,0],"gold":91,"neow_bonus":"BOSS_RELIC","is_daily":false,"chose_seed":false,"campfire_upgraded":7,"win_rate":0.0,"timestamp":1608974483,"path_taken":["M","M","M","?","?","R","E","?","T","$","E","R","M","?","R","BOSS","M","?","M","?","?","R","?","M","T","E","R","E","?","?","R","BOSS","M","?","?","?","$","R","E","R","T","M","M","?","M","E","R","BOSS","R","$","E","BOSS"],"items_purchased_type":["Potion","Potion","Card","Relic","Relic","Card","Card"],"build_version":"2020-12-22","purchased_purges":3,"victory":false,"max_hp_per_floor":[80,80,80,80,85,85,85,85,85,85,85,85,85,85,85,85,85,85,85,85,85,85,85,85,85,85,85,85,85,85,85,85,85,85,85,85,95,95,95,95,95,95,95,95,95,95,95,95,95,95,95,95,95,95,95,95],"relic_stats":{"Regal Pillow":30,"Centennial Puzzle":[27],"Happy Flower":[13],"counters":[25,108],"Golden Idol":184,"Sundial":[8],"Mummified Hand":[4],"Turnip":[2],"PreservedInsect":68,"Juzu Bracelet":2,"Art of War":[4],"obtain_stats":[{"Regal Pillow":9,"Lantern":21,"Calipers":36,"Happy Flower":41,"Golden Idol":4,"Velvet Choker":0,"Oddly Smooth Stone":11,"PreservedInsect":48,"Juzu Bracelet":29,"Empty Cage":17,"Burning Blood":0,"keyreminder:keyreminder":11,"SlaversCollar":34,"Centennial Puzzle":31,"Anchor":39,"Sundial":26,"Mummified Hand":54,"Turnip":38,"Bag of Marbles":27,"Art of War":30,"Paper Frog":7},{"Regal Pillow":4,"Lantern":9,"Calipers":16,"Happy Flower":18,"Golden Idol":3,"Velvet Choker":0,"Oddly Smooth Stone":5,"PreservedInsect":22,"Juzu Bracelet":13,"Empty Cage":7,"Burning Blood":0,"keyreminder:keyreminder":5,"SlaversCollar":14,"Centennial Puzzle":13,"Anchor":17,"Sundial":11,"Mummified Hand":24,"Turnip":17,"Bag of Marbles":12,"Art of War":13,"Paper Frog":4},{"Regal Pillow":14,"Lantern":34,"Calipers":61,"Happy Flower":69,"Golden Idol":7,"Velvet Choker":0,"Oddly Smooth Stone":18,"PreservedInsect":91,"Juzu Bracelet":47,"Empty Cage":28,"Burning Blood":0,"keyreminder:keyreminder":18,"SlaversCollar":55,"Centennial Puzzle":47,"Anchor":64,"Sundial":40,"Mummified Hand":103,"Turnip":64,"Bag of Marbles":46,"Art of War":47,"Paper Frog":14}]},"card_choices":[{"not_picked":["Metallicize","Spot Weakness"],"picked":"Headbutt","floor":1.0},{"not_picked":["Flex","Power Through","Body Slam"],"picked":"SKIP","floor":2.0},{"not_picked":["Thunderclap","Headbutt"],"picked":"Sever Soul","floor":3.0},{"not_picked":["Second Wind","Wild Strike"],"picked":"Clothesline","floor":7.0},{"not_picked":["Combust","Havoc"],"picked":"Shrug It Off","floor":11.0},{"not_picked":["Shrug It Off","Havoc"],"picked":"Armaments","floor":13.0},{"not_picked":["Double Tap","Fiend Fire"],"picked":"Immolate","floor":16.0},{"not_picked":["Thunderclap+1","Havoc","Armaments"],"picked":"SKIP","floor":18.0},{"not_picked":["Havoc+1","Headbutt","Wild Strike+1"],"picked":"SKIP","floor":20.0},{"not_picked":["Warcry+1","Cleave","Reckless Charge"],"picked":"SKIP","floor":24.0},{"not_picked":["Iron Wave+1","Shrug It Off"],"picked":"Disarm","floor":25.0},{"not_picked":["Double Tap","Seeing Red"],"picked":"Shockwave","floor":27.0},{"not_picked":["Body Slam","Clash"],"picked":"Metallicize+1","floor":29.0},{"not_picked":["Combust","Pommel Strike","Cleave"],"picked":"SKIP","floor":35.0},{"not_picked":["Perfected Strike","Body Slam+1"],"picked":"Thunderclap+1","floor":36.0},{"not_picked":["Twin Strike","Combust"],"picked":"Shrug It Off","floor":38.0},{"not_picked":["Cleave+1","Heavy Blade"],"picked":"True Grit+1","floor":41},{"not_picked":["Heavy Blade","Armaments+1"],"picked":"Rampage","floor":44},{"not_picked":["Flex","Barricade","Havoc+1"],"picked":"SKIP","floor":45},{"not_picked":["Blood for Blood","Shockwave+1"],"picked":"Headbutt","floor":47},{"not_picked":["True Grit+1","Intimidate+1"],"picked":"Battle Trance+1","floor":48},{"not_picked":["Reckless Charge+1","Armaments","Corruption"],"picked":"SKIP","floor":54}],"player_experience":2171390,"relics_obtained":[{"floor":7.0,"key":"Paper Frog"},{"floor":9.0,"key":"Regal Pillow"},{"floor":11.0,"key":"Oddly Smooth Stone"},{"floor":26.0,"key":"Sundial"},{"floor":27.0,"key":"Bag of Marbles"},{"floor":29.0,"key":"Juzu Bracelet"},{"floor":30.0,"key":"Art of War"},{"floor":36.0,"key":"Calipers"},{"floor":38.0,"key":"Turnip"},{"floor":41,"key":"Happy Flower"},{"floor":48,"key":"PreservedInsect"},{"floor":54,"key":"Mummified Hand"}],"event_choices":[{"damage_healed":0.0,"max_hp_gain":0.0,"max_hp_loss":0.0,"gold_gain":0.0,"event_name":"Golden Idol","player_choice":"Take Damage","floor":4.0,"gold_loss":0.0,"damage_taken":20.0,"relics_obtained":["Golden Idol"]},{"damage_healed":0.0,"max_hp_gain":5.0,"max_hp_loss":0.0,"gold_gain":0.0,"event_name":"Big Fish","player_choice":"Donut","floor":5.0,"gold_loss":0.0,"damage_taken":0.0},{"damage_healed":0.0,"max_hp_gain":0.0,"max_hp_loss":0.0,"gold_gain":75.0,"event_name":"World of Goop","player_choice":"Gather Gold","floor":8.0,"gold_loss":0.0,"damage_taken":11.0},{"damage_healed":0.0,"max_hp_gain":0.0,"max_hp_loss":0.0,"gold_gain":0.0,"event_name":"Knowing Skull","player_choice":"","floor":19.0,"potions_obtained":[],"gold_loss":0.0,"damage_taken":6.0,"cards_obtained":[]},{"damage_healed":0.0,"max_hp_gain":0.0,"max_hp_loss":0.0,"gold_gain":0.0,"event_name":"NoteForYourself","player_choice":"Ignored","floor":22.0,"gold_loss":0.0,"damage_taken":0.0},{"damage_healed":0.0,"max_hp_gain":0.0,"max_hp_loss":0.0,"gold_gain":0.0,"event_name":"The Mausoleum","player_choice":"Opened","floor":31.0,"gold_loss":0.0,"damage_taken":0.0,"relics_obtained":["Centennial Puzzle"],"cards_obtained":["Writhe"]},{"damage_healed":0.0,"max_hp_gain":0.0,"max_hp_loss":0.0,"gold_gain":0.0,"event_name":"Mysterious Sphere","player_choice":"Fight","floor":36.0,"gold_loss":0.0,"damage_taken":0.0},{"cards_removed":["Offering"],"damage_healed":67.0,"max_hp_gain":10.0,"max_hp_loss":0.0,"gold_gain":0.0,"event_name":"Bonfire Elementals","player_choice":"Offered Rare","floor":37.0,"gold_loss":0.0,"damage_taken":0.0},{"damage_healed":0.0,"max_hp_gain":0.0,"max_hp_loss":0.0,"gold_gain":0.0,"event_name":"MindBloom","player_choice":"Fight","floor":38.0,"gold_loss":0.0,"damage_taken":0.0},{"damage_healed":0,"gold_gain":0,"player_choice":"Upgraded","damage_taken":0,"max_hp_gain":0,"max_hp_loss":0,"event_name":"Upgrade Shrine","floor":46,"gold_loss":0,"cards_upgraded":["Rampage"]}],"is_beta":false,"boss_relics":[{"not_picked":["Sozu","Cursed Key"],"picked":"Empty Cage"},{"not_picked":["Black Star","Runic Pyramid"],"picked":"SlaversCollar"}],"items_purged_floors":[21,39,53],"is_endless":false,"potions_floor_spawned":[1,3,13,25,27,35,36,47,48],"killed_by":"The Heart","ascension_level":4}}