{"host":"an6uhul3yec8m0jh","time":1608960799,"event":{"mods":["ATMod(°¢èªMod)","Act Like it!","BaseMod","Colored Map","Colored Powertips","Highlight Path","Minty Spire (QoL Compilation)","MostiFishMod","Pale of the Ancients","Quick Restart","StSLib","TestMod","UnlockEverythingMod","Waifu the Spire","noobMod"],"gold_per_floor":[110,124,135,150,169,169,43,43,43,75,87,87,116,127,127,204,204,215,231,243,243,254,287,299,299,299,299,334,353,383,402,402,478,478,496,511,511,523,535,535,535],"floor_reached":40,"playtime":3457,"items_purged":["Strike_G"],"score":1282,"play_id":"80f38f75-67b9-446a-a100-39013b8a1dd1","local_time":"20201226133319","is_ascension_mode":true,"campfire_choices":[{"data":"Blade Dance","floor":6.0,"key":"SMITH"},{"data":"Acrobatics","floor":8.0,"key":"SMITH"},{"data":"AT_ArcaneSupremacy","floor":12.0,"key":"SMITH"},{"data":"Acrobatics","floor":15.0,"key":"SMITH"},{"data":"Tactician","floor":25,"key":"SMITH"},{"data":"AT_MyraUnstableElement","floor":32,"key":"SMITH"}],"circlet_count":0,"master_deck":["AscendersBane","Defend_G","Defend_G","Survivor","Neutralize","AT_ArcaneSupremacy+1","christmas-Famine","Blade Dance+1","MostiFishMod:PerfectParry","MostiFishMod:VineMother","Backflip","Acrobatics+1","MostiFishMod:InvigoratingSolution","Acrobatics+1","christmas-Death","AT_WindFlip","AT_MyraUnstableElement+1","Calculated Gamble+1","christmas-Death","Tactician+1","MostiFishMod:WinterMarkForm","AT_WindRun","Acrobatics","christmas-Famine+1","MostiFishMod:Confrontation","Prepared+1"],"relics":["ice","DaveBox","testmod-TestBox","AT_ATBox","EGODaCapo","testmod-GiftOfSatan","testmod-Temperance","SynthV:TestCard","AT_ForceNature","Bottled Tornado","AT_GuinsooRageblade","testmod-Recursion","testmod-EqualTreatment","Blue Candle","White Beast Statue","Tiny Chest","HereWithMe"],"acts_visited":["Exordium","TheCity","TheBeyond"],"potions_floor_usage":[23,30,30,31,39],"damage_taken":[{"damage":0.0,"enemies":"Cultist","floor":1.0,"turns":4.0},{"damage":0.0,"enemies":"Jaw Worm","floor":2.0,"turns":2.0},{"damage":0.0,"enemies":"2 Louse","floor":3.0,"turns":1.0},{"damage":5.0,"enemies":"Lots of Slimes","floor":4.0,"turns":3.0},{"damage":1.0,"enemies":"2 Fungi Beasts","floor":5.0,"turns":3.0},{"damage":0.0,"enemies":"3 Sentries","floor":10.0,"turns":3.0},{"damage":0.0,"enemies":"Large Slime","floor":11.0,"turns":4.0},{"damage":0.0,"enemies":"Gremlin Nob","floor":13.0,"turns":3.0},{"damage":1.0,"enemies":"Exordium Wildlife","floor":14.0,"turns":3.0},{"damage":23.0,"enemies":"The Guardian","floor":16.0,"turns":6.0},{"damage":1,"enemies":"3 Byrds","floor":18,"turns":2},{"damage":0,"enemies":"2 Thieves","floor":19,"turns":2},{"damage":37,"enemies":"Snake Plant","floor":20,"turns":5},{"damage":0,"enemies":"Snecko","floor":22,"turns":4},{"damage":0,"enemies":"Slavers","floor":23,"turns":3},{"damage":0,"enemies":"Cultist and Chosen","floor":24,"turns":3},{"damage":0,"enemies":"Book of Stabbing","floor":28,"turns":4},{"damage":2,"enemies":"Snake Plant","floor":29,"turns":4},{"damage":0,"enemies":"Gremlin Leader","floor":30,"turns":2},{"damage":0,"enemies":"Centurion and Healer","floor":31,"turns":2},{"damage":30,"enemies":"Collector","floor":33,"turns":6},{"damage":0,"enemies":"Orb Walker","floor":35,"turns":2},{"damage":0,"enemies":"3 Darklings","floor":36,"turns":2},{"damage":0,"enemies":"Jaw Worm Horde","floor":38,"turns":2},{"damage":0,"enemies":"Transient","floor":39,"turns":6},{"damage":0,"enemies":"Giant Head","floor":40,"turns":1}],"seed_played":"-7209453761871815399","potions_obtained":[{"floor":2.0,"key":"LiquidBronze"},{"floor":3.0,"key":"GamblersBrew"},{"floor":11.0,"key":"AttackPotion"},{"floor":13.0,"key":"Fire Potion"},{"floor":23,"key":"Strength Potion"},{"floor":30,"key":"SteroidPotion"},{"floor":31,"key":"testmod-SpacePotion"},{"floor":33,"key":"Explosive Potion"},{"floor":35,"key":"CunningPotion"},{"floor":39,"key":"Fruit Juice"}],"is_trial":false,"path_per_floor":["M","M","M","M","M","R","$","R","T","E","M","R","E","M","R","B",null,"M","M","M","?","M","E","M","R","T","?","E","M","E","M","R","B",null,"M","M","?","M","M","E"],"character_chosen":"THE_SILENT","items_purchased":["Acrobatics"],"campfire_rested":0,"item_purchase_floors":[7],"current_hp_per_floor":[71,76,76,85,90,90,90,90,90,91,101,101,106,116,116,99,112,121,121,90,90,110,136,136,136,136,136,141,139,141,141,141,125,137,141,141,141,148,153,153,153],"gold":535,"neow_bonus":"BOSS_RELIC","is_daily":false,"chose_seed":false,"campfire_upgraded":6,"win_rate":0.0,"timestamp":1608960799,"path_taken":["M","?","M","M","M","R","$","R","T","E","M","R","E","M","R","BOSS","M","M","M","?","M","E","?","R","T","?","E","?","E","M","R","BOSS","M","M","?","M","M","E"],"items_purchased_type":["Card"],"build_version":"2020-12-22","purchased_purges":1,"victory":false,"max_hp_per_floor":[71,76,76,86,91,91,91,91,91,91,101,101,106,116,116,116,116,121,121,126,126,131,136,136,136,136,136,141,141,141,141,141,141,141,141,141,141,148,153,153,153],"card_choices":[{"not_picked":["christmas-Plague","christmas-War"],"picked":"christmas-Famine","floor":1.0},{"not_picked":["Underhanded Strike","Reflex"],"picked":"Blade Dance","floor":1.0},{"not_picked":["Setup","Underhanded Strike","Blade Dance","Bane"],"picked":"MostiFishMod:PerfectParry","floor":2.0},{"not_picked":["Heel Hook","Outmaneuver","Riddle With Holes","Finisher"],"picked":"MostiFishMod:VineMother","floor":3.0},{"not_picked":["Caltrops","Underhanded Strike","Deadly Poison","Outmaneuver"],"picked":"Blade Dance","floor":4.0},{"not_picked":["Choke","Prepared","Distraction","Bouncing Flask"],"picked":"Backflip","floor":5.0},{"not_picked":["Choke","Dagger Spray","Poisoned Stab","Deflect"],"picked":"MostiFishMod:InvigoratingSolution","floor":10.0},{"not_picked":["Poisoned Stab","MostiFishMod:PerfectParry","MostiFishMod:PoisonShield","AT_WindFlip"],"picked":"MostiFishMod:FullyArmed","floor":11.0},{"not_picked":["Blade Dance","Underhanded Strike","PiercingWail","Backstab"],"picked":"Acrobatics","floor":13.0},{"not_picked":["christmas-Famine","christmas-Plague","christmas-War","christmas-War"],"picked":"christmas-Death","floor":13.0},{"not_picked":["christmas-War","christmas-Famine","christmas-Death","christmas-War"],"picked":"christmas-Plague","floor":14.0},{"not_picked":["PiercingWail","Flying Knee","Outmaneuver","Deadly Poison"],"picked":"AT_WindFlip","floor":14.0},{"not_picked":["Burst","Die Die Die","MostiFishMod:VineMother","Unload"],"picked":"AT_MyraUnstableElement","floor":16.0},{"not_picked":["PiercingWail","Cloak And Dagger","Dagger Throw","Eviscerate","Outmaneuver"],"picked":"SKIP","floor":18},{"not_picked":["Blade Dance","Slice","Poisoned Stab","Footwork","Flying Knee"],"picked":"SKIP","floor":19},{"not_picked":["Skewer","Setup","Blade Dance","Leg Sweep","Outmaneuver"],"picked":"SKIP","floor":20},{"not_picked":["MostiFishMod:VineMother","Sucker Punch","Blade Dance","Setup","Slice"],"picked":"SKIP","floor":22},{"not_picked":["MostiFishMod:ThornCasing","Dodge and Roll","Slice","Predator+1"],"picked":"Calculated Gamble+1","floor":23},{"not_picked":["christmas-War","christmas-Famine","christmas-Plague+1","christmas-Famine"],"picked":"christmas-Death","floor":23},{"not_picked":["AT_Desolate","Dagger Throw","Slice","MostiFishMod:PerfectParry"],"picked":"Tactician","floor":24},{"not_picked":["PiercingWail","Dagger Throw","Quick Slash","Bane","Flying Knee"],"picked":"SKIP","floor":28},{"not_picked":["Distraction","Dagger Spray","AT_WindFlip","MostiFishMod:PreservedThorns"],"picked":"AT_WindRun","floor":29},{"not_picked":["Sucker Punch","Wraith Form v2","Backflip","Outmaneuver","All Out Attack"],"picked":"SKIP","floor":30},{"not_picked":["Slice","Outmaneuver+1","Dagger Throw","Riddle With Holes"],"picked":"Acrobatics","floor":31},{"not_picked":["christmas-Plague","christmas-Death","christmas-War","christmas-War"],"picked":"christmas-Famine+1","floor":31},{"not_picked":["Doppelganger","Phantasmal Killer","Glass Knife","Envenom"],"picked":"MostiFishMod:Confrontation","floor":33},{"not_picked":["Bouncing Flask","Footwork+1","Outmaneuver","Flying Knee+1"],"picked":"Prepared+1","floor":35},{"not_picked":["Flying Knee","Bouncing Flask","MostiFishMod:PerfectParry","Slice","Underhanded Strike"],"picked":"SKIP","floor":36},{"not_picked":["Quick Slash","Footwork+1","Flechettes","Burst","Underhanded Strike"],"picked":"SKIP","floor":38},{"not_picked":["Acrobatics","Deadly Poison","Calculated Gamble","Catalyst","Dodge and Roll"],"picked":"SKIP","floor":39}],"player_experience":175333,"relics_obtained":[{"floor":1.0,"key":"SynthV:TestCard"},{"floor":9.0,"key":"AT_ForceNature"},{"floor":10.0,"key":"Bottled Tornado"},{"floor":13.0,"key":"AT_GuinsooRageblade"},{"floor":23,"key":"testmod-EqualTreatment"},{"floor":26,"key":"Blue Candle"},{"floor":28,"key":"White Beast Statue"},{"floor":30,"key":"Tiny Chest"}],"event_choices":[{"damage_healed":0,"gold_gain":0,"player_choice":"Got Potions","damage_taken":0,"max_hp_gain":0,"max_hp_loss":0,"event_name":"Lab","floor":21,"gold_loss":0},{"damage_healed":0,"gold_gain":0,"cards_transformed":["Defend_G"],"player_choice":"Transformed","damage_taken":0,"max_hp_gain":0,"max_hp_loss":0,"event_name":"Transmorgrifier","floor":27,"gold_loss":0,"cards_obtained":["MostiFishMod:WinterMarkForm"]},{"cards_removed":["christmas-Plague"],"damage_healed":0,"gold_gain":0,"player_choice":"Removed Power","damage_taken":0,"max_hp_gain":0,"max_hp_loss":0,"event_name":"Falling","floor":37,"gold_loss":0}],"is_beta":false,"boss_relics":[{"not_picked":["Black Star","Ectoplasm"],"picked":"testmod-Recursion"},{"not_picked":["Pandora\u0027s Box","testmod-BatchProcessingSystem"],"picked":"HereWithMe"}],"items_purged_floors":[7],"is_endless":false,"potions_floor_spawned":[2,3,5,11,13,16,18,19,23,24,29,30,31,33,35,36,38,39],"killed_by":"Giant Head","ascension_level":20}}