{"host":"lklj3eidp7g5an38","time":1608947789,"event":{"mods":["BaseMod","Minty Spire (QoL Compilation)","Relic Stats","StSLib"],"gold_per_floor":[99,99,99,99,99,99,99,99,99,99,69,69,69,69,69,69,69,69,69,69,69,69,69,69,69,69,69,69,69,69,69],"floor_reached":30,"playtime":4452,"items_purged":[],"score":581,"play_id":"92b39541-b328-4022-a82d-f6b6bfa23fee","local_time":"20201226015629","is_ascension_mode":true,"campfire_choices":[{"data":"Eruption","floor":7.0,"key":"SMITH"},{"data":"EmptyMind","floor":15.0,"key":"SMITH"},{"floor":24,"key":"REST"},{"data":"LikeWater","floor":28,"key":"SMITH"}],"circlet_count":0,"master_deck":["AscendersBane","Strike_P","Strike_P","Strike_P","Strike_P","Defend_P","Defend_P","Defend_P","Defend_P","Eruption+1","Vigilance+1","FearNoEvil","Consecrate","DeceiveReality+1","FlyingSleeves","Halt","Vault","EmptyMind+1","CutThroughFate","InnerPeace","Devotion","WindmillStrike","LikeWater+1","LessonLearned"],"relics":["Ectoplasm","Mercury Hourglass","White Beast Statue","Strawberry","Odd Mushroom","SacredBark","Nilry\u0027s Codex","Eternal Feather","InkBottle","Blood Vial"],"acts_visited":["Exordium","TheCity"],"potions_floor_usage":[23,27,30],"damage_taken":[{"damage":4.0,"enemies":"Jaw Worm","floor":1.0,"turns":4.0},{"damage":0.0,"enemies":"2 Louse","floor":2.0,"turns":2.0},{"damage":0.0,"enemies":"Small Slimes","floor":3.0,"turns":2.0},{"damage":2.0,"enemies":"2 Fungi Beasts","floor":5.0,"turns":5.0},{"damage":0.0,"enemies":"Lagavulin","floor":6.0,"turns":6.0},{"damage":0.0,"enemies":"Large Slime","floor":8.0,"turns":5.0},{"damage":6.0,"enemies":"Exordium Thugs","floor":11.0,"turns":3.0},{"damage":0.0,"enemies":"2 Fungi Beasts","floor":12.0,"turns":2.0},{"damage":0.0,"enemies":"3 Sentries","floor":13.0,"turns":5.0},{"damage":8.0,"enemies":"The Mushroom Lair","floor":14.0,"turns":2.0},{"damage":2.0,"enemies":"The Guardian","floor":16.0,"turns":11.0},{"damage":2.0,"enemies":"Chosen","floor":18.0,"turns":6.0},{"damage":6,"enemies":"Shell Parasite","floor":19,"turns":6},{"damage":5,"enemies":"Sentry and Sphere","floor":23,"turns":5},{"damage":17,"enemies":"Centurion and Healer","floor":25,"turns":6},{"damage":39,"enemies":"Slavers","floor":27,"turns":6},{"damage":28,"enemies":"Gremlin Leader","floor":29,"turns":6},{"damage":33,"enemies":"Snake Plant","floor":30,"turns":5}],"seed_played":"2473761756531048734","potions_obtained":[{"floor":1.0,"key":"LiquidMemories"},{"floor":5.0,"key":"FairyPotion"},{"floor":11.0,"key":"Fire Potion"},{"floor":12.0,"key":"FearPotion"},{"floor":14.0,"key":"Explosive Potion"},{"floor":16.0,"key":"GamblersBrew"},{"floor":18,"key":"DistilledChaos"},{"floor":23,"key":"SteroidPotion"},{"floor":27,"key":"Strength Potion"},{"floor":29,"key":"Swift Potion"}],"is_trial":false,"path_per_floor":["M","M","M","?","M","E","R","M","T","?","M","M","E","?","R","B",null,"M","M","?","?","?","M","R","M","T","E","R","E","M"],"character_chosen":"WATCHER","items_purchased":[],"campfire_rested":1,"item_purchase_floors":[],"current_hp_per_floor":[57,57,57,57,55,55,55,55,55,55,49,49,56,48,48,46,68,66,60,60,39,39,34,56,39,39,45,57,29,0,0],"gold":69,"neow_bonus":"BOSS_RELIC","is_daily":false,"chose_seed":false,"campfire_upgraded":3,"win_rate":0.0,"timestamp":1608947789,"path_taken":["M","M","M","?","M","E","R","M","T","?","M","?","E","?","R","BOSS","M","M","?","?","?","?","R","M","T","E","R","E","M"],"items_purchased_type":[],"build_version":"2020-12-22","purchased_purges":0,"victory":false,"max_hp_per_floor":[68,68,68,68,68,68,68,68,68,68,68,68,75,75,75,75,75,75,75,75,75,75,75,75,75,75,75,75,75,75,75],"relic_stats":{"Blood Vial":2,"counters":[18,87],"Eternal Feather":12,"Ectoplasm":549,"obtain_stats":[{"Blood Vial":29,"Nilry\u0027s Codex":21,"Strawberry":13,"SacredBark":17,"Eternal Feather":26,"Ectoplasm":0,"PureWater":0,"Odd Mushroom":14,"White Beast Statue":9,"InkBottle":27,"Mercury Hourglass":6},{"Blood Vial":17,"Nilry\u0027s Codex":13,"Strawberry":9,"SacredBark":11,"Eternal Feather":15,"Ectoplasm":0,"PureWater":0,"Odd Mushroom":10,"White Beast Statue":6,"InkBottle":16,"Mercury Hourglass":5},{"Blood Vial":82,"Nilry\u0027s Codex":59,"Strawberry":34,"SacredBark":47,"Eternal Feather":70,"Ectoplasm":0,"PureWater":0,"Odd Mushroom":36,"White Beast Statue":24,"InkBottle":76,"Mercury Hourglass":19}],"InkBottle":[4],"Mercury Hourglass":[273]},"card_choices":[{"not_picked":["LikeWater","JustLucky"],"picked":"FearNoEvil","floor":1.0},{"not_picked":["ClearTheMind","SashWhip","CutThroughFate"],"picked":"SKIP","floor":2.0},{"not_picked":["EmptyFist","CrushJoints"],"picked":"Consecrate","floor":3.0},{"not_picked":["ForeignInfluence","BattleHymn"],"picked":"DeceiveReality","floor":5.0},{"not_picked":["EmptyBody","Halt"],"picked":"FlyingSleeves","floor":6.0},{"not_picked":["Vengeance","ThirdEye"],"picked":"Halt","floor":8.0},{"not_picked":["FlyingSleeves","ThirdEye"],"picked":"Vault","floor":11.0},{"not_picked":["Protect","JustLucky"],"picked":"EmptyMind","floor":12.0},{"not_picked":["Collect","JustLucky"],"picked":"CutThroughFate","floor":13.0},{"not_picked":["ThirdEye","EmptyFist"],"picked":"InnerPeace","floor":14.0},{"not_picked":["Omniscience","SpiritShield"],"picked":"Devotion","floor":16.0},{"not_picked":["PathToVictory","CutThroughFate"],"picked":"WindmillStrike","floor":18},{"not_picked":["EmptyBody","FlyingSleeves"],"picked":"LikeWater","floor":19},{"not_picked":["InnerPeace","Crescendo","PathToVictory"],"picked":"SKIP","floor":23},{"not_picked":["ClearTheMind","Halt"],"picked":"LessonLearned","floor":25},{"not_picked":["Indignation","JustLucky","Halt"],"picked":"SKIP","floor":27},{"not_picked":["Prostrate","Wallop","Worship"],"picked":"SKIP","floor":29}],"player_experience":863420,"relics_obtained":[{"floor":6.0,"key":"Mercury Hourglass"},{"floor":9.0,"key":"White Beast Statue"},{"floor":13.0,"key":"Strawberry"},{"floor":14.0,"key":"Odd Mushroom"},{"floor":21,"key":"Nilry\u0027s Codex"},{"floor":26,"key":"Eternal Feather"},{"floor":27,"key":"InkBottle"},{"floor":29,"key":"Blood Vial"}],"event_choices":[{"damage_healed":0.0,"max_hp_gain":0.0,"max_hp_loss":0.0,"gold_gain":0.0,"event_name":"Liars Game","player_choice":"Ignored","floor":4.0,"gold_loss":0.0,"damage_taken":0.0},{"damage_healed":0.0,"max_hp_gain":0.0,"max_hp_loss":0.0,"gold_gain":0.0,"event_name":"Golden Idol","player_choice":"Ignored","floor":10.0,"gold_loss":0.0,"damage_taken":0.0},{"damage_healed":0.0,"max_hp_gain":0.0,"max_hp_loss":0.0,"gold_gain":0.0,"event_name":"Mushrooms","player_choice":"Fought Mushrooms","floor":14.0,"gold_loss":0.0,"damage_taken":0.0},{"damage_healed":0,"gold_gain":0,"player_choice":"Ignored","damage_taken":0,"max_hp_gain":0,"max_hp_loss":0,"event_name":"The Mausoleum","floor":20,"gold_loss":0},{"damage_healed":0,"gold_gain":0,"player_choice":"Obtained Book","damage_taken":21,"max_hp_gain":0,"max_hp_loss":0,"event_name":"Cursed Tome","floor":21,"gold_loss":0},{"damage_healed":0,"gold_gain":50,"player_choice":"Stole From Cult","damage_taken":0,"max_hp_gain":0,"max_hp_loss":0,"event_name":"Nest","floor":22,"gold_loss":0}],"is_beta":false,"boss_relics":[{"not_picked":["Coffee Dripper","Snecko Eye"],"picked":"SacredBark"}],"items_purged_floors":[],"is_endless":false,"potions_floor_spawned":[1,5,11,12,13,14,16,18,19,23,25,27,29],"killed_by":"Snake Plant","ascension_level":15}}