{"host":"6yklbc9za0aylqsj","time":1608984772,"event":{"mods":["AchievementEnabler","BaseMod","Bestiary","Colored Map","Colored Powertips","Minty Spire (QoL Compilation)","Rare Cards Sparkle","Relic Stats","Slay-I","StSLib"],"gold_per_floor":[10,10,25,36,50,50,78,78,101,118,194,194,227,252,252,341,341,365,385,57,57,80,80,80,5,82,103,116,116,116,116],"floor_reached":30,"playtime":801,"items_purged":["Clumsy"],"score":484,"play_id":"e76b9e26-7b6b-4e6e-9ade-7e235c74471a","local_time":"20201226131252","is_ascension_mode":true,"campfire_choices":[{"data":"Noxious Fumes","floor":6.0,"key":"SMITH"},{"floor":8.0,"key":"REST"},{"data":"Envenom","floor":15.0,"key":"SMITH"},{"floor":23,"key":"REST"},{"floor":29,"key":"REST"}],"circlet_count":0,"master_deck":["AscendersBane","Strike_G","Strike_G","Strike_G","Strike_G","Defend_G","Defend_G","Defend_G","Defend_G","Defend_G","Survivor","Neutralize","Masterful Stab","Caltrops","Blade Dance","Noxious Fumes+1","Terror","Bane","Envenom+1","Adrenaline","Sucker Punch+1","Decay","Die Die Die"],"relics":["Ring of the Snake","Peace Pipe","PreservedInsect","MealTicket","Golden Idol","Akabeko","Cursed Key","The Specimen","Eternal Feather","Frozen Egg 2"],"acts_visited":["Exordium","TheCity"],"potions_floor_usage":[19,22],"damage_taken":[{"damage":1.0,"enemies":"Jaw Worm","floor":1.0,"turns":7.0},{"damage":0.0,"enemies":"2 Louse","floor":3.0,"turns":2.0},{"damage":4.0,"enemies":"Small Slimes","floor":4.0,"turns":2.0},{"damage":5.0,"enemies":"Exordium Thugs","floor":5.0,"turns":5.0},{"damage":25.0,"enemies":"Lagavulin","floor":7.0,"turns":5.0},{"damage":5.0,"enemies":"Red Slaver","floor":10.0,"turns":3.0},{"damage":11.0,"enemies":"Gremlin Nob","floor":13.0,"turns":3.0},{"damage":0.0,"enemies":"Blue Slaver","floor":14.0,"turns":2.0},{"damage":26.0,"enemies":"Slime Boss","floor":16.0,"turns":8.0},{"damage":15.0,"enemies":"Chosen","floor":18.0,"turns":5.0},{"damage":16,"enemies":"Spheric Guardian","floor":19,"turns":4},{"damage":18,"enemies":"Cultist and Chosen","floor":22,"turns":5},{"damage":15,"enemies":"Snake Plant","floor":27,"turns":3},{"damage":14,"enemies":"3 Cultists","floor":28,"turns":4},{"damage":52,"enemies":"Gremlin Leader","floor":30,"turns":4}],"seed_played":"8243999434177483978","potions_obtained":[{"floor":1.0,"key":"CunningPotion"},{"floor":5.0,"key":"BlessingOfTheForge"},{"floor":13.0,"key":"Poison Potion"},{"floor":18.0,"key":"BlessingOfTheForge"},{"floor":19,"key":"Fire Potion"}],"is_trial":false,"path_per_floor":["M","?","M","M","M","R","E","R","T","M","?","?","E","M","R","B",null,"M","M","$","?","M","R","T","$","T","M","M","R","E"],"character_chosen":"THE_SILENT","items_purchased":["The Specimen"],"campfire_rested":3,"item_purchase_floors":[20],"current_hp_per_floor":[58,58,58,54,49,49,24,43,43,38,38,38,27,27,27,1,45,30,14,29,29,11,29,29,44,44,29,15,45,0,0],"gold":116,"neow_bonus":"ONE_RARE_RELIC","is_daily":false,"chose_seed":false,"campfire_upgraded":2,"win_rate":0.0,"timestamp":1608984772,"path_taken":["M","?","M","M","M","R","E","R","T","M","?","?","E","M","R","BOSS","M","M","$","?","M","R","?","$","T","M","M","R","E"],"items_purchased_type":["Relic"],"build_version":"2020-12-22","purchased_purges":1,"victory":false,"max_hp_per_floor":[66,66,66,66,66,66,66,66,66,66,66,60,60,60,60,60,60,60,60,60,60,60,60,60,60,60,60,60,60,60,60],"relic_stats":{"Peace Pipe":0,"counters":[15,62],"Golden Idol":51,"MealTicket":30,"Eternal Feather":12,"PreservedInsect":72,"Cursed Key":2,"obtain_stats":[{"Peace Pipe":0,"The Specimen":20,"Golden Idol":12,"MealTicket":9,"Eternal Feather":24,"PreservedInsect":7,"Frozen Egg 2":26,"Cursed Key":17,"Akabeko":13,"Ring of the Snake":0},{"Peace Pipe":0,"The Specimen":11,"Golden Idol":6,"MealTicket":5,"Eternal Feather":12,"PreservedInsect":5,"Frozen Egg 2":12,"Cursed Key":9,"Akabeko":7,"Ring of the Snake":0},{"Peace Pipe":0,"The Specimen":46,"Golden Idol":24,"MealTicket":21,"Eternal Feather":51,"PreservedInsect":21,"Frozen Egg 2":51,"Cursed Key":37,"Akabeko":27,"Ring of the Snake":0}],"Ring of the Snake":[30]},"card_choices":[{"not_picked":["Flechettes","Deadly Poison"],"picked":"Masterful Stab","floor":1.0},{"not_picked":["Heel Hook","Crippling Poison"],"picked":"Blade Dance","floor":3.0},{"not_picked":["Prepared","Riddle With Holes","Blur"],"picked":"SKIP","floor":4.0},{"not_picked":["Reflex","Deflect"],"picked":"Noxious Fumes","floor":5.0},{"not_picked":["Slice","Dagger Spray"],"picked":"Terror","floor":7.0},{"not_picked":["Flying Knee","Prepared","PiercingWail"],"picked":"SKIP","floor":10.0},{"not_picked":["Deflect","Flying Knee"],"picked":"Bane","floor":13.0},{"not_picked":["Dodge and Roll","Riddle With Holes"],"picked":"Envenom","floor":14.0},{"not_picked":["Bullet Time","Corpse Explosion"],"picked":"Adrenaline","floor":16.0},{"not_picked":["Skewer","Eviscerate","Deadly Poison"],"picked":"SKIP","floor":18.0},{"not_picked":["Prepared","Slice","Outmaneuver"],"picked":"SKIP","floor":19},{"not_picked":["Distraction","Prepared"],"picked":"Sucker Punch+1","floor":22},{"not_picked":["Bane+1","Backflip"],"picked":"Die Die Die","floor":27},{"not_picked":["PiercingWail","Outmaneuver","Dagger Spray"],"picked":"SKIP","floor":28}],"player_experience":683163,"relics_obtained":[{"floor":7.0,"key":"PreservedInsect"},{"floor":9.0,"key":"MealTicket"},{"floor":13.0,"key":"Akabeko"},{"floor":24,"key":"Eternal Feather"},{"floor":26,"key":"Frozen Egg 2"}],"event_choices":[{"damage_healed":0.0,"max_hp_gain":0.0,"max_hp_loss":0.0,"gold_gain":0.0,"cards_transformed":["Strike_G"],"event_name":"Living Wall","player_choice":"Change","floor":2.0,"gold_loss":0.0,"damage_taken":0.0,"cards_obtained":["Caltrops"]},{"damage_healed":0.0,"max_hp_gain":0.0,"max_hp_loss":0.0,"gold_gain":76.0,"event_name":"Golden Wing","player_choice":"Gained Gold","floor":11.0,"gold_loss":0.0,"damage_taken":0.0},{"damage_healed":0.0,"max_hp_gain":0.0,"max_hp_loss":6.0,"gold_gain":0.0,"event_name":"Golden Idol","player_choice":"Lose Max HP","floor":12.0,"gold_loss":0.0,"damage_taken":0.0,"relics_obtained":["Golden Idol"]}],"is_beta":false,"boss_relics":[{"not_picked":["Snecko Eye","Fusion Hammer"],"picked":"Cursed Key"}],"items_purged_floors":[25],"is_endless":false,"potions_floor_spawned":[1,5,13,18,19],"killed_by":"Gremlin Leader","ascension_level":20}}