{"host":"2461dio7vetlq1z3","time":1608949969,"event":{"mods":["2.2 Compatiblity","AchievementEnabler","Aspiration","BaseMod","Better Skull","Better Third Choice","Friendly Minions","Hermit","Hubris","Minty Spire (QoL Compilation)","Relic Stats","Spicy Shops","StSLib","Waifu the Spire"],"gold_per_floor":[118,136,150,150,150,150,179,179,179,179,236,271,271,285,285,359,359,376,376,352,365,365,365],"floor_reached":22,"playtime":1088,"items_purged":[],"score":392,"play_id":"3651c258-d176-4241-bc6e-7453b339488d","local_time":"20201226033249","is_ascension_mode":true,"campfire_choices":[{"data":"Go for the Eyes","floor":6,"key":"SMITH"},{"floor":8,"key":"REST"},{"data":"hubris:DuctTapeCard","floor":10,"key":"SMITH"},{"floor":13,"key":"REST"},{"data":"Hologram","floor":15,"key":"SMITH"}],"circlet_count":0,"master_deck":["AscendersBane","Strike_B","Strike_B","Strike_B","Strike_B","Defend_B","Defend_B","Defend_B","Defend_B","Zap","Dualcast","Trip","Go for the Eyes+1","Rebound","Glacier","hubris:DuctTapeCard+2","Hologram+1","Glacier","Seek","Self Repair","Pain","Coolheaded+1"],"relics":["Cracked Core","Dream Catcher","hubris:DuctTape","MealTicket","aspiration:SecretTechniqueScroll","WarpedTongs"],"acts_visited":["Exordium","TheCity"],"potions_floor_usage":[7,11,21],"damage_taken":[{"damage":1,"enemies":"Cultist","floor":1,"turns":3},{"damage":7,"enemies":"2 Louse","floor":2,"turns":2},{"damage":7,"enemies":"Small Slimes","floor":3,"turns":3},{"damage":20,"enemies":"Lagavulin","floor":7,"turns":4},{"damage":7,"enemies":"Gremlin Gang","floor":11,"turns":7},{"damage":28,"enemies":"3 Sentries","floor":12,"turns":10},{"damage":3,"enemies":"Exordium Wildlife","floor":14,"turns":4},{"damage":17,"enemies":"Slime Boss","floor":16,"turns":7},{"damage":11,"enemies":"Shell Parasite","floor":18,"turns":7},{"damage":16,"enemies":"2 Thieves","floor":20,"turns":4},{"damage":4,"enemies":"Centurion and Healer","floor":21,"turns":5},{"damage":51,"enemies":"3 Cultists","floor":22,"turns":5}],"seed_played":"2873625139339592182","potions_obtained":[{"floor":2,"key":"ColorlessPotion"},{"floor":7,"key":"ColorlessPotion"},{"floor":14,"key":"SkillPotion"},{"floor":16,"key":"DuplicationPotion"},{"floor":18,"key":"Regen Potion"},{"floor":21,"key":"Dexterity Potion"}],"is_trial":false,"path_per_floor":["M","M","M","?","$","R","E","R","T","R","M","E","R","M","R","B",null,"M","?","M","M","M"],"character_chosen":"DEFECT","items_purchased":[],"campfire_rested":2,"item_purchase_floors":[],"current_hp_per_floor":[63,56,49,49,49,49,29,50,50,50,43,15,36,33,33,16,57,46,46,40,46,0,0],"gold":365,"neow_bonus":"RANDOM_COLORLESS","is_daily":false,"chose_seed":false,"campfire_upgraded":3,"win_rate":0.0,"timestamp":1608949969,"path_taken":["M","M","?","?","?","R","E","R","T","R","?","E","R","M","R","BOSS","M","?","M","M","M"],"items_purchased_type":[],"build_version":"2020-12-22","purchased_purges":0,"victory":false,"max_hp_per_floor":[71,71,71,71,71,71,71,71,71,71,71,71,71,71,71,71,71,71,71,71,71,71,71],"relic_stats":{"Dream Catcher":2,"counters":[12,61],"MealTicket":0,"obtain_stats":[{"Dream Catcher":7,"hubris:DuctTape":9,"MealTicket":12,"aspiration:SecretTechniqueScroll":17,"Cracked Core":0,"WarpedTongs":19},{"Dream Catcher":4,"hubris:DuctTape":4,"MealTicket":6,"aspiration:SecretTechniqueScroll":8,"Cracked Core":0,"WarpedTongs":9},{"Dream Catcher":12,"hubris:DuctTape":12,"MealTicket":29,"aspiration:SecretTechniqueScroll":40,"Cracked Core":0,"WarpedTongs":47}],"WarpedTongs":[14]},"card_choices":[{"not_picked":["Forethought","Panacea"],"picked":"Trip","floor":0},{"not_picked":["Conserve Battery","Coolheaded"],"picked":"Go for the Eyes","floor":1},{"not_picked":["Steam","Force Field"],"picked":"Rebound","floor":2},{"not_picked":["Ball Lightning","Hello World"],"picked":"Streamline","floor":3},{"not_picked":["Gash","hubris:DoWhile"],"picked":"Glacier","floor":7},{"not_picked":["Barrage","Stack"],"picked":"Gash","floor":8},{"not_picked":["Ball Lightning","Coolheaded","Auto Shields"],"picked":"SKIP","floor":11},{"not_picked":["Conserve Battery","Aggregate","Redo"],"picked":"SKIP","floor":12},{"not_picked":["Leap","hubris:SpecializedCircuitry"],"picked":"Hologram","floor":13},{"not_picked":["FTL","Blizzard"],"picked":"Glacier","floor":14},{"not_picked":["Rainbow","Meteor Strike"],"picked":"Seek","floor":16},{"not_picked":["Double Energy","Cold Snap"],"picked":"Self Repair","floor":18},{"not_picked":["Beam Cell","Rebound"],"picked":"Coolheaded+1","floor":20},{"not_picked":["Stack","Coolheaded","Rebound"],"picked":"SKIP","floor":21}],"player_experience":922553,"relics_obtained":[{"floor":7,"key":"Dream Catcher"},{"floor":9,"key":"hubris:DuctTape"},{"floor":12,"key":"MealTicket"}],"event_choices":[{"damage_healed":0,"gold_gain":0,"player_choice":"Upgraded","damage_taken":0,"max_hp_gain":0,"max_hp_loss":0,"event_name":"Upgrade Shrine","floor":4,"gold_loss":0,"cards_upgraded":["Streamline"]},{"damage_healed":0,"gold_gain":0,"player_choice":"Rummage","damage_taken":0,"relics_obtained":["WarpedTongs"],"max_hp_gain":0,"max_hp_loss":0,"event_name":"Accursed Blacksmith","floor":19,"gold_loss":0,"cards_obtained":["Pain"]}],"is_beta":false,"boss_relics":[{"not_picked":["hubris:VirtuousBlindfold","Runic Pyramid"],"picked":"aspiration:SecretTechniqueScroll"}],"items_purged_floors":[],"is_endless":false,"potions_floor_spawned":[2,7,14,16,18,20,21],"killed_by":"3 Cultists","ascension_level":20}}