{"host":"w31as9kcl9qjbzmo","time":1608957529,"event":{"mods":["BaseMod","Friendly Minions","Lobotomy","Minty Spire (QoL Compilation)","StSLib"],"gold_per_floor":[111,129,129,129,161,173,185,197,255,298,310,354,194,213,213,312,362,377,84,84,96,106,106,106,106,106,106,123,126,139,151,151,136,136],"floor_reached":33,"playtime":2941,"items_purged":["GalaxyChild","Pinks"],"score":282,"play_id":"c2ff7ef7-41c5-40ad-b590-d38fca845d1c","local_time":"20201226133849","is_ascension_mode":false,"campfire_choices":[{"floor":15,"key":"REST"}],"circlet_count":0,"master_deck":["SpecialBullet","SpecialBullet","SpecialBullet","SpecialBullet","SpecialBullet","SpecialBullet","SpecialBullet","InformationCode","SecurityCode","TrainingCode","QueenOfHatred","SomewhereSpear","GreedKing","BearPaw","PunishingBird","Penitence+1","WelfareCode","OldLady","WristCuter+1","CENSORED_ego","FieryBird","OSAHOGD","ParadiseLost+1","Soda","BigBird","Diffraction+1","BearPaw","Soda","Gaze","CrimsonScar+1","HeroicMonk","Wingbeat","Freischutz","RedEyes+1","LaLuna","Spore","TodaysExpression","SnowQueen","GreenStem+1"],"relics":["CogitoBucket","MawBank","Bag of Marbles","Molten Egg 2","Lantern","BehaviorAdjustment","Tiny House","Question Card","Eternal Feather","TreeSap"],"acts_visited":["Exordium","TheCity"],"potions_floor_usage":[16,16,28,33,33],"damage_taken":[{"damage":0,"enemies":"Small Slimes","floor":1,"turns":3},{"damage":18,"enemies":"Jaw Worm","floor":2,"turns":3},{"damage":6,"enemies":"Cultist","floor":5,"turns":3},{"damage":49,"enemies":"Lagavulin","floor":10,"turns":7},{"damage":32,"enemies":"3 Sentries","floor":12,"turns":7},{"damage":25,"enemies":"Large Slime","floor":14,"turns":5},{"damage":87,"enemies":"Hexaghost","floor":16,"turns":11},{"damage":28,"enemies":"Spheric Guardian","floor":18,"turns":4},{"damage":35,"enemies":"2 Thieves","floor":21,"turns":5},{"damage":64,"enemies":"Shelled Parasite and Fungi","floor":22,"turns":9},{"damage":91,"enemies":"Centurion and Healer","floor":28,"turns":8},{"damage":33,"enemies":"Snake Plant","floor":29,"turns":6},{"damage":47,"enemies":"Snecko","floor":30,"turns":5},{"damage":41,"enemies":"Centurion and Healer","floor":31,"turns":7},{"damage":136,"enemies":"Collector","floor":33,"turns":7}],"seed_played":"-4679105667580138432","potions_obtained":[{"floor":2,"key":"ColorlessPotion"},{"floor":5,"key":"Dexterity Potion"},{"floor":16,"key":"Regen Potion"},{"floor":17,"key":"SkillPotion"},{"floor":22,"key":"SmokeBomb"},{"floor":29,"key":"Explosive Potion"},{"floor":30,"key":"PowerPotion"}],"is_trial":false,"path_per_floor":["M","M","?","?","M","R","?","R","T","E","R","E","$","M","R","B",null,"M","$","?","M","M","R","T","R","T","R","M","M","M","M","R","B"],"character_chosen":"Angela","items_purchased":["FairyPotion","BearPaw","Soda","Gaze"],"campfire_rested":1,"item_purchase_floors":[13,19,19,19],"current_hp_per_floor":[70,66,66,59,70,70,70,70,70,43,43,34,34,29,50,26,75,66,66,66,53,35,35,35,35,35,53,34,55,52,68,75,0,0],"gold":136,"neow_bonus":"ONE_RANDOM_RARE_CARD","is_daily":false,"chose_seed":false,"campfire_upgraded":0,"win_rate":0.0,"timestamp":1608957529,"path_taken":["M","M","?","?","M","R","?","R","T","E","R","E","?","M","R","BOSS","M","?","?","?","M","R","?","R","T","R","M","M","M","M","R","BOSS"],"items_purchased_type":["Potion","Card","Card","Card"],"build_version":"2020-12-22","purchased_purges":2,"victory":false,"max_hp_per_floor":[70,70,70,70,70,70,70,70,70,70,70,70,70,70,70,70,75,75,75,75,75,75,75,75,75,75,75,75,75,75,75,75,75,75],"card_choices":[{"not_picked":["CrumblingArmor","Murderer"],"picked":"QueenOfHatred","floor":1},{"not_picked":["Spore"],"picked":"SomewhereSpear","floor":1},{"not_picked":["BlackSwan","SpiderBud"],"picked":"GreedKing","floor":2},{"not_picked":["Beak"],"picked":"BearPaw","floor":2},{"not_picked":["BeautyBeast","Scorched"],"picked":"PunishingBird","floor":5},{"not_picked":["Noise"],"picked":"Penitence","floor":5},{"not_picked":["SpiderBud","Scorched"],"picked":"OldLady","floor":10},{"not_picked":["RapturousDream"],"picked":"WristCuter+1","floor":10},{"not_picked":["WallGazer","SpiderBud"],"picked":"GalaxyChild","floor":12},{"not_picked":["Regret_ego"],"picked":"CENSORED_ego","floor":12},{"not_picked":["SingingMachine","WhitesApple"],"picked":"FieryBird","floor":14},{"not_picked":["SwordSharpenedByTears+1","CherryBlossom"],"picked":"SKIP","floor":14},{"not_picked":["RedShoes","WallGazer"],"picked":"OSAHOGD","floor":16},{"not_picked":["TheSmile"],"picked":"ParadiseLost+1","floor":16},{"not_picked":["Horn+1"],"picked":"Soda","floor":17},{"not_picked":["Wellcheers","Funeral"],"picked":"BigBird","floor":18},{"not_picked":["Lantern+1"],"picked":"Diffraction+1","floor":18},{"not_picked":["Tough+1"],"picked":"CrimsonScar+1","floor":21},{"not_picked":["UniverseFragment","Mercenary"],"picked":"Funeral","floor":21},{"not_picked":["MHz","DreamingCurrent"],"picked":"HeroicMonk","floor":22},{"not_picked":["BloodyDesire"],"picked":"Wingbeat","floor":22},{"not_picked":["CrumblingArmor","HappyTeddy"],"picked":"Freischutz","floor":28},{"not_picked":["Harmony+1","Amita"],"picked":"RedEyes+1","floor":28},{"not_picked":["Scorched","Woodsman"],"picked":"LaLuna","floor":29},{"not_picked":["CherryBlossom","Loneliness"],"picked":"Spore","floor":29},{"not_picked":["BlackSwan_ego","CUTE"],"picked":"TodaysExpression","floor":30},{"not_picked":["CherryBlossoms","SpiderBud"],"picked":"SnowQueen","floor":31},{"not_picked":["Laetitia_ego","Harmony+1"],"picked":"GreenStem+1","floor":31}],"player_experience":336540,"relics_obtained":[{"floor":9,"key":"Bag of Marbles"},{"floor":10,"key":"Molten Egg 2"},{"floor":12,"key":"Lantern"},{"floor":24,"key":"Question Card"},{"floor":26,"key":"Eternal Feather"}],"event_choices":[{"damage_healed":0,"gold_gain":0,"player_choice":"Ignored","damage_taken":0,"max_hp_gain":0,"max_hp_loss":0,"event_name":"Liars Game","floor":3,"gold_loss":0},{"damage_healed":0,"gold_gain":0,"player_choice":"Success","damage_taken":7,"relics_obtained":["MawBank"],"max_hp_gain":0,"max_hp_loss":0,"event_name":"Scrap Ooze","floor":4,"gold_loss":0},{"damage_healed":0,"gold_gain":0,"player_choice":"Leave","damage_taken":0,"max_hp_gain":0,"max_hp_loss":0,"event_name":"The Cleric","floor":7,"gold_loss":0},{"cards_removed":["SpecialBullet"],"damage_healed":0,"gold_gain":0,"player_choice":"Purged","damage_taken":0,"max_hp_gain":0,"max_hp_loss":0,"event_name":"Purifier","floor":20,"gold_loss":0}],"is_beta":false,"boss_relics":[{"not_picked":["Velvet Choker","Ectoplasm"],"picked":"Tiny House"}],"items_purged_floors":[13,19],"is_endless":false,"potions_floor_spawned":[2,5,16,22,29,30,31],"killed_by":"Collector","ascension_level":0}}