{"host":"rkizb0bayd67deyv","time":1608975624,"event":{"mods":["2.2 Compatiblity","AchievementEnabler","Astrologer","BaseMod","Beaked The Cultist","BetterRewards","CapriCore","Colored Map","Colored Powertips","GifTheSpireLib","Gremlin Mod","KinomotoSakuraMod(ñÿîVñ{?)","Koishi","Mad Scientist","MarisaÅiñ∂âJÅ@ñÇóùçπÅj","Minty Spire (QoL Compilation)","Quick Restart","StSLib","SuperFastMode","The Bladedancer","The Cursed","The Death Knight","The Immortal","The Mystic","The Poker Player","Unknown Chances","YoumuÅiç∞ÈÆódöÎÅj"],"gold_per_floor":[115,126,126,140,140,140,165,11,11,26,26,89,89,123,123,228,228,243,259,274,301,301,313,29,61,61,61,61,72,172,198,198,296,296,308,5,19,19,35,63,285,285,336,371,18,18,18,18,18,18],"floor_reached":51,"playtime":1806,"items_purged":["Gremlin:Strike","Gremlin:Strike","Gremlin:Strike","Gremlin:Defend"],"score":1461,"play_id":"287d114d-3ec5-4ead-b6cb-9642eb5e4e2f","local_time":"20201226184024","is_ascension_mode":true,"campfire_choices":[{"data":"Gremlin:ShadowShiv","floor":6.0,"key":"SMITH"},{"data":"Gremlin:GlitterGuard","floor":11.0,"key":"SMITH"},{"data":"Gremlin:GlitterGuard","floor":15.0,"key":"SMITH"},{"data":"Trip","floor":32,"key":"SMITH"},{"data":"Gremlin:Duplicate","floor":42,"key":"SMITH"},{"floor":49,"key":"REST"}],"circlet_count":0,"master_deck":["Gremlin:Strike+1","Gremlin:Defend+1","Gremlin:Defend+1","Gremlin:TagTeam+1","Gremlin:GremlinDance+1","Gremlin:GremlinMeal+1","Gremlin:ProperTools+1","Gremlin:GlitterGuard+1","Gremlin:ShowOfHands+1","Gremlin:ShadowShiv+1","Gremlin:ProperTools+1","Gremlin:GlitterGuard+1","Gremlin:Pinprick+1","Gremlin:SecondVolley+1","Gremlin:Glimmer+1","Gremlin:Exacerbate+1","Trip+1","Gremlin:Duplicate+1","Gremlin:Fury+1","beaked:WalkersFury+1","Madness+1","Madness+1","Gremlin:Revel+1"],"relics":["Gremlin:GremlinKnob","Ice Cream","Happy Flower","Orichalcum","Bag of Preparation","Whetstone","Shuriken","Smiling Mask","Unceasing Top","beaked:SacredNecklace","Red Mask","DeathKnight:PutricidesVial","Pen Nib","Dream Catcher","Mummified Hand","Boot","beaked:SacredDeck","Toolbox","Letter Opener","Blood Vial","Nunchaku","Oddly Smooth Stone","HandDrill","Lantern","Mark of the Bloom"],"acts_visited":["Exordium","TheCity","TheBeyond"],"potions_floor_usage":[35,50,50,50,50],"damage_taken":[{"damage":0.0,"enemies":"Cultist","floor":1.0,"turns":2.0},{"damage":0.0,"enemies":"2 Louse","floor":2.0,"turns":1.0},{"damage":0.0,"enemies":"Jaw Worm","floor":4.0,"turns":2.0},{"damage":3.0,"enemies":"Lagavulin","floor":7.0,"turns":7.0},{"damage":6.0,"enemies":"Red Slaver","floor":10.0,"turns":3.0},{"damage":0.0,"enemies":"Lagavulin Event","floor":12.0,"turns":8.0},{"damage":0.0,"enemies":"3 Sentries","floor":14.0,"turns":3.0},{"damage":0.0,"enemies":"The Guardian","floor":16.0,"turns":12.0},{"damage":0.0,"enemies":"Spheric Guardian","floor":18.0,"turns":2.0},{"damage":0.0,"enemies":"3 Byrds","floor":19.0,"turns":3.0},{"damage":0.0,"enemies":"Snecko","floor":20.0,"turns":4.0},{"damage":2.0,"enemies":"Masked Bandits","floor":21.0,"turns":3.0},{"damage":2.0,"enemies":"Shelled Parasite and Fungi","floor":23.0,"turns":4.0},{"damage":0,"enemies":"Gremlin Leader","floor":25,"turns":1},{"damage":0,"enemies":"Snake Plant","floor":29,"turns":2},{"damage":0,"enemies":"Slavers","floor":31,"turns":3},{"damage":0,"enemies":"Automaton","floor":33,"turns":6},{"damage":0,"enemies":"3 Darklings","floor":35,"turns":3},{"damage":0,"enemies":"Orb Walker","floor":37,"turns":1},{"damage":0,"enemies":"Sphere and 2 Shapes","floor":39,"turns":2},{"damage":0,"enemies":"Giant Head","floor":40,"turns":4},{"damage":0,"enemies":"Nemesis","floor":44,"turns":3},{"damage":0,"enemies":"Donu and Deca","floor":50,"turns":2}],"seed_played":"59180205161579791","potions_obtained":[{"floor":7.0,"key":"DistilledChaos"},{"floor":10.0,"key":"Strength Potion"},{"floor":12.0,"key":"DistilledChaos"},{"floor":19.0,"key":"Fire Potion"}],"is_trial":false,"path_per_floor":["M","M","T","M","?","R","E","$","T","M","R","?","?","E","R","B",null,"M","M","M","?","T","M","$","E","T","?","?","M","?","E","R","B",null,"M","$","M","?","M","E","?","R","T","E","$","?","?","?","R","B",null],"character_chosen":"GREMLIN","items_purchased":["Happy Flower","Gremlin:GremlinMeal","Gremlin:ProperTools","Gremlin:GlitterGuard","Whetstone","Pen Nib","Trip","EntropicBrew","Toolbox","HandDrill","Lantern"],"campfire_rested":1,"item_purchase_floors":[0,0,0,0,8,24,24,36,36,45,45],"current_hp_per_floor":[12,20,20,20,20,20,17,17,17,11,11,12,12,20,20,11,20,20,20,20,18,18,20,20,16,16,12,12,21,21,21,21,21,21,21,21,21,21,21,21,21,21,21,21,21,18,18,18,18,21],"gold":18,"neow_bonus":"","is_daily":false,"chose_seed":false,"campfire_upgraded":5,"win_rate":0.0,"timestamp":1608975624,"path_taken":["M","M","?","M","?","R","E","?","T","?","R","?","?","E","R","BOSS","M","M","?","?","?","?","$","E","T","?","?","?","?","E","R","BOSS","M","$","?","?","?","E","?","R","T","E","$","?","?","?","R","BOSS"],"items_purchased_type":["Relic","Card","Card","Card","Relic","Relic","Card","Potion","Relic","Relic","Relic"],"build_version":"2020-12-22","purchased_purges":4,"victory":true,"max_hp_per_floor":[20,20,20,20,20,20,20,20,20,20,20,20,20,20,20,20,20,20,20,20,20,20,20,20,20,20,21,21,21,21,21,21,21,21,21,21,21,21,21,21,21,21,21,21,21,21,21,21,21,21],"card_choices":[{"not_picked":["Gremlin:PourSalt","Gremlin:ToeStub"],"picked":"Gremlin:ShowOfHands","floor":1.0},{"not_picked":["Gremlin:Tricksy","Gremlin:ToeStub"],"picked":"Gremlin:ShadowShiv","floor":2.0},{"not_picked":["Gremlin:Mockery","Gremlin:Pickpocket"],"picked":"Gremlin:ProperTools","floor":4.0},{"not_picked":["Gremlin:TwistTheKnife","Gremlin:Patsy"],"picked":"Gremlin:GlitterGuard","floor":7.0},{"not_picked":["Gremlin:Tadah","Gremlin:Glimmer"],"picked":"Gremlin:Pinprick","floor":10.0},{"not_picked":["Gremlin:Presto","Gremlin:Pinprick","Gremlin:Mockery"],"picked":"SKIP","floor":14.0},{"not_picked":["Gremlin:TargetWeakness","Gremlin:FairyDust"],"picked":"Gremlin:SecondVolley","floor":16.0},{"not_picked":["Gremlin:Raid","Gremlin:Tricksy+1"],"picked":"Gremlin:Glimmer","floor":18.0},{"not_picked":["Gremlin:BubbleBarrier","Gremlin:Pinprick"],"picked":"Gremlin:Exacerbate","floor":19.0},{"not_picked":["Gremlin:FanOfKnives","Gremlin:GremlinArms","Gremlin:Scatter"],"picked":"SKIP","floor":20.0},{"not_picked":["Gremlin:Wizardry","Gremlin:FanOfKnives","Gremlin:CatScratch"],"picked":"SKIP","floor":23.0},{"not_picked":["Gremlin:Jeer","Gremlin:DaggerDance+1"],"picked":"Gremlin:Duplicate","floor":25},{"not_picked":["Gremlin:Pickpocket","Gremlin:Patsy+1","Gremlin:Kablamo+1"],"picked":"SKIP","floor":29},{"not_picked":["Gremlin:TwistTheKnife","Gremlin:BubbleBarrier","Gremlin:Pinprick"],"picked":"SKIP","floor":31},{"not_picked":["Gremlin:TwistTheKnife","Gremlin:BubbleBarrier","Gremlin:Pinprick"],"picked":"SKIP","floor":31},{"not_picked":["Gremlin:ShowStopper","Gremlin:BrokenShin"],"picked":"Gremlin:Fury","floor":33},{"not_picked":["Gremlin:Pretaliation+1","Gremlin:Presto+1","Gremlin:GremlinArms+1"],"picked":"SKIP","floor":35},{"not_picked":["Gremlin:Pretaliation+1","Gremlin:Irritability","Gremlin:CatScratch+1"],"picked":"SKIP","floor":37},{"not_picked":["Gremlin:DaggerDance","Gremlin:ToeStub","Gremlin:PartyStick"],"picked":"SKIP","floor":39},{"not_picked":["Gremlin:GremlinMeal+1","Gremlin:Tadah","Gremlin:FeelTheAudience+1"],"picked":"SKIP","floor":40},{"not_picked":["Gremlin:Pinprick","Gremlin:Changeo+1","Gremlin:Tricksy+1"],"picked":"SKIP","floor":44},{"not_picked":["Gremlin:Pinprick","Gremlin:Rhythm"],"picked":"Gremlin:Revel+1","floor":49}],"player_experience":269032,"relics_obtained":[{"floor":3.0,"key":"Orichalcum"},{"floor":7.0,"key":"Bag of Preparation"},{"floor":9.0,"key":"Shuriken"},{"floor":12.0,"key":"Smiling Mask"},{"floor":14.0,"key":"Unceasing Top"},{"floor":21.0,"key":"Red Mask"},{"floor":22.0,"key":"DeathKnight:PutricidesVial"},{"floor":25,"key":"Dream Catcher"},{"floor":26,"key":"Mummified Hand"},{"floor":31,"key":"Boot"},{"floor":38,"key":"Letter Opener"},{"floor":40,"key":"Blood Vial"},{"floor":43,"key":"Nunchaku"},{"floor":44,"key":"Oddly Smooth Stone"}],"event_choices":[{"damage_healed":0.0,"max_hp_gain":0.0,"max_hp_loss":0.0,"gold_gain":0.0,"event_name":"Liars Game","player_choice":"Ignored","floor":5.0,"gold_loss":0.0,"damage_taken":0.0},{"damage_healed":0.0,"max_hp_gain":0.0,"max_hp_loss":0.0,"gold_gain":0.0,"event_name":"Dead Adventurer","player_choice":"Searched \u00272\u0027 times","floor":12.0,"gold_loss":0.0,"damage_taken":0.0},{"damage_healed":0.0,"max_hp_gain":0.0,"max_hp_loss":0.0,"gold_gain":0.0,"event_name":"The Woman in Blue","player_choice":"Bought 0 Potions","floor":13.0,"gold_loss":0.0,"damage_taken":0.0},{"damage_healed":0.0,"max_hp_gain":0.0,"max_hp_loss":0.0,"gold_gain":0.0,"event_name":"Masked Bandits","player_choice":"Fought Bandits","floor":21.0,"gold_loss":0.0,"damage_taken":0.0},{"damage_healed":0,"gold_gain":0,"player_choice":"Shed Blood","damage_taken":5,"max_hp_gain":5,"max_hp_loss":0,"event_name":"Forgotten Altar","floor":27,"gold_loss":0},{"cards_removed":["Gremlin:Defend"],"damage_healed":0,"gold_gain":0,"player_choice":"Purged","damage_taken":0,"max_hp_gain":0,"max_hp_loss":0,"event_name":"Purifier","floor":28,"gold_loss":0},{"damage_healed":0,"gold_gain":100,"player_choice":"Pray","damage_taken":0,"max_hp_gain":0,"max_hp_loss":0,"event_name":"Golden Shrine","floor":30,"gold_loss":0},{"damage_healed":0,"gold_gain":0,"player_choice":"Relic","damage_taken":0,"max_hp_gain":0,"max_hp_loss":0,"event_name":"Wheel of Change","floor":38,"gold_loss":0},{"damage_healed":0,"gold_gain":222,"player_choice":"Wore Mask","damage_taken":0,"max_hp_gain":0,"max_hp_loss":0,"event_name":"Tomb of Lord Red Mask","floor":41,"gold_loss":0},{"damage_healed":0,"gold_gain":0,"player_choice":"Embrace Madness","damage_taken":3,"max_hp_gain":0,"max_hp_loss":0,"event_name":"Winding Halls","floor":46,"gold_loss":0,"cards_obtained":["Madness","Madness"]},{"damage_healed":0,"gold_gain":0,"player_choice":"Upgrade","damage_taken":0,"relics_obtained":["Mark of the Bloom"],"max_hp_gain":0,"max_hp_loss":0,"event_name":"MindBloom","floor":47,"gold_loss":0,"cards_upgraded":["Gremlin:Defend","Gremlin:Defend","Gremlin:TagTeam","Gremlin:GremlinDance","Gremlin:GremlinMeal","Gremlin:ProperTools","Gremlin:ShowOfHands","Gremlin:Pinprick","Gremlin:SecondVolley","Gremlin:Glimmer","Gremlin:Exacerbate","Gremlin:Fury","beaked:WalkersFury","Madness","Madness"]},{"damage_healed":0,"gold_gain":0,"player_choice":"Ignored","damage_taken":0,"max_hp_gain":0,"max_hp_loss":0,"event_name":"Upgrade Shrine","floor":48,"gold_loss":0}],"is_beta":false,"boss_relics":[{"not_picked":["Runic Dome","Tiny House"],"picked":"beaked:SacredNecklace"},{"not_picked":["Runic Pyramid","SlaversCollar"],"picked":"beaked:SacredDeck"}],"items_purged_floors":[0,24,36,45],"is_endless":false,"potions_floor_spawned":[7,10,12,19,31,33,40],"ascension_level":1}}