{"host":"aq6j0shg22k0vr7s","time":1608976035,"event":{"mods":["2.2 Compatiblity","AchievementEnabler","BaseMod","Better Note","Colored Map","Downfall","Duelist Mod","GifTheSpireLib","Hermit","Marisa????????","Minty Spire (QoL Compilation)","Quick Restart","StSLib","Td1madao Mod","The Bug Knight","The Cursed"],"gold_per_floor":[99,99,7,7,7,7,7,7],"floor_reached":6,"playtime":336,"items_purged":[],"score":30,"play_id":"0797505c-b0ff-47d3-a709-e118f7dad3fe","local_time":"20201226014715","is_ascension_mode":false,"campfire_choices":[{"floor":1,"key":"RECALL"}],"circlet_count":0,"master_deck":["Slimebound:Strike_Slimebound","Slimebound:Strike_Slimebound","Slimebound:Strike_Slimebound","Slimebound:Tackle","Slimebound:Defend_Slimebound","Slimebound:Defend_Slimebound","Slimebound:Defend_Slimebound","Slimebound:Defend_Slimebound","Slimebound:Split","Slimebound:CorrosiveSpit","Slimebound:Gluttony","Slimebound:SplitAcid","Slimebound:LeadByExample","Slimebound:SplitAcid","Slimebound:Gluttony"],"relics":["Slimebound:AbsorbEndCombat","downfall:HeartsMalice"],"acts_visited":["Exordium"],"potions_floor_usage":[],"damage_taken":[{"damage":0,"enemies":"Small Slimes","floor":2,"turns":1},{"damage":0,"enemies":"downfall:FleeingMerchant","floor":3,"turns":1},{"damage":0,"enemies":"2 Louse","floor":5,"turns":1},{"damage":48,"enemies":"3 Sentries","floor":6,"turns":5}],"seed_played":"-8592873375458648617","potions_obtained":[],"is_trial":false,"path_per_floor":["R","M","$","?","M","E"],"character_chosen":"SLIMEBOUND","items_purchased":["Slimebound:LeadByExample","Slimebound:SplitAcid"],"campfire_rested":0,"item_purchase_floors":[3,3],"current_hp_per_floor":[60,60,60,60,60,12,12,12],"gold":7,"neow_bonus":"THREE_ENEMY_KILL","is_daily":false,"chose_seed":false,"campfire_upgraded":0,"win_rate":0.0,"timestamp":1608976035,"path_taken":["R","M","$","?","M","E"],"items_purchased_type":["Card","Card"],"build_version":"2020-12-22","purchased_purges":0,"victory":false,"max_hp_per_floor":[60,60,60,60,60,60,60,60],"card_choices":[{"not_picked":["Slimebound:SamplingLick","Slimebound:FinishingTackle"],"picked":"Slimebound:Gluttony","floor":2},{"not_picked":["Slimebound:SlimeSpikes","Slimebound:SplitLeeching"],"picked":"Slimebound:SplitAcid","floor":3},{"not_picked":["Slimebound:SplitAcid","Slimebound:SplitBruiser"],"picked":"Slimebound:Gluttony","floor":5}],"player_experience":73621,"relics_obtained":[],"event_choices":[],"is_beta":false,"boss_relics":[],"items_purged_floors":[],"is_endless":false,"potions_floor_spawned":[],"killed_by":"3 Sentries","ascension_level":0}}