{"host":"Tuck","time":1608950409,"event":{"mods":["BaseMod","Minty Spire (QoL Compilation)","StSLib"],"gold_per_floor":[117,136,136,152,171,203,218,249,249,264,264,279,308,328,328,433,433,444,464,379,478,326,355,355,383,383,413,429,429,299,324,336,446,458,488,500,530,542,567,579,621,652,691,721,768,477,503,525,552,552,552,552,1,35,35],"floor_reached":56,"playtime":4195,"items_purged":["Strike_R","Strike_R","Dark Embrace"],"score":1673,"play_id":"f1e77567-84fa-46a2-9129-3f6f1761f58b","local_time":"20201225194009","is_ascension_mode":true,"campfire_choices":[{"data":"Juggernaut","floor":11,"key":"SMITH"},{"data":"Dark Embrace","floor":15,"key":"SMITH"},{"data":"Berserk","floor":24,"key":"SMITH"},{"data":"Offering","floor":32,"key":"SMITH"},{"data":"Feel No Pain","floor":40,"key":"SMITH"},{"data":"Metallicize","floor":49,"key":"SMITH"},{"data":"Burning Pact","floor":52,"key":"SMITH"}],"circlet_count":0,"master_deck":["Defend_R","Defend_R","Defend_R","Defend_R","Bash","Headbutt","Shrug It Off","Ghostly Armor","Carnage","Juggernaut+1","Fire Breathing","Dark Embrace+1","Burning Pact+1","Warcry","Power Through","Metallicize+1","Offering+1","Rampage+1","Havoc+1","Twin Strike+1","Metallicize+1","Warcry","Berserk+1","Bloodletting+1","Feel No Pain+1","Flame Barrier+1","Barricade+1","Entrench+1","Exhume","Corruption+1","Shockwave+1","Shockwave+1","Body Slam"],"relics":["Burning Blood","Smiling Mask","Dead Branch","HornCleat","White Beast Statue","Charon\u0027s Ashes","CaptainsWheel","Astrolabe","Singing Bowl","StrikeDummy","Strawberry","Happy Flower","MawBank","Cursed Key","WarpedTongs","Pocketwatch","CeramicFish","Gambling Chip","Lantern","Akabeko","Oddly Smooth Stone","Ornamental Fan","Frozen Eye","Pen Nib"],"acts_visited":["Exordium","TheCity","TheBeyond","TheEnding"],"potions_floor_usage":[13,33,41,48,54],"damage_taken":[{"damage":5.0,"enemies":"2 Louse","floor":1.0,"turns":3.0},{"damage":6.0,"enemies":"Jaw Worm","floor":2.0,"turns":4.0},{"damage":0.0,"enemies":"Small Slimes","floor":4.0,"turns":3.0},{"damage":4.0,"enemies":"Blue Slaver","floor":5.0,"turns":5.0},{"damage":14,"enemies":"Gremlin Nob","floor":6,"turns":4},{"damage":22,"enemies":"Exordium Thugs","floor":7,"turns":9},{"damage":28,"enemies":"Lagavulin","floor":8,"turns":8},{"damage":19,"enemies":"Red Slaver","floor":12,"turns":5},{"damage":9,"enemies":"Gremlin Nob","floor":13,"turns":3},{"damage":0,"enemies":"Looter","floor":14,"turns":4},{"damage":10,"enemies":"Hexaghost","floor":16,"turns":8},{"damage":6,"enemies":"Spheric Guardian","floor":18,"turns":5},{"damage":6,"enemies":"3 Byrds","floor":19,"turns":4},{"damage":6,"enemies":"Gremlin Leader","floor":23,"turns":2},{"damage":15,"enemies":"Book of Stabbing","floor":25,"turns":5},{"damage":28,"enemies":"Gremlin Leader","floor":27,"turns":7},{"damage":0,"enemies":"Snecko","floor":28,"turns":5},{"damage":9,"enemies":"Book of Stabbing","floor":31,"turns":5},{"damage":9,"enemies":"Collector","floor":33,"turns":8},{"damage":6,"enemies":"Orb Walker","floor":35,"turns":3},{"damage":7,"enemies":"3 Darklings","floor":37,"turns":3},{"damage":10,"enemies":"Jaw Worm Horde","floor":39,"turns":3},{"damage":6,"enemies":"Reptomancer","floor":41,"turns":6},{"damage":1,"enemies":"4 Shapes","floor":42,"turns":4},{"damage":10,"enemies":"Sphere and 2 Shapes","floor":44,"turns":3},{"damage":11,"enemies":"Giant Head","floor":45,"turns":5},{"damage":6,"enemies":"Spire Growth","floor":47,"turns":4},{"damage":6,"enemies":"4 Shapes","floor":48,"turns":3},{"damage":15,"enemies":"Awakened One","floor":50,"turns":5},{"damage":9,"enemies":"Shield and Spear","floor":54,"turns":3},{"damage":9,"enemies":"The Heart","floor":55,"turns":6}],"seed_played":"3407741204863243587","potions_obtained":[{"floor":5.0,"key":"ElixirPotion"},{"floor":7,"key":"Dexterity Potion"},{"floor":12,"key":"AttackPotion"},{"floor":13,"key":"BloodPotion"},{"floor":16,"key":"LiquidMemories"},{"floor":19,"key":"Fruit Juice"},{"floor":33,"key":"EntropicBrew"},{"floor":41,"key":"BloodPotion"},{"floor":48,"key":"Fruit Juice"},{"floor":54,"key":"Regen Potion"}],"is_trial":false,"path_per_floor":["M","M","?","M","M","E","M","E","T","$","R","M","E","M","R","B",null,"M","M","?","?","$","E","R","E","T","E","M","?","$","E","R","B",null,"M","?","M","?","M","R","E","M","T","M","E","$","M","M","R","B",null,"R","$","E","B",null],"character_chosen":"IRONCLAD","items_purchased":["Dark Embrace","Burning Pact","Charon\u0027s Ashes","Warcry","Dark Embrace","Feel No Pain","Lantern","Akabeko","Oddly Smooth Stone","Ornamental Fan","Frozen Eye"],"campfire_rested":0,"item_purchase_floors":[10,10,10,22,22,30,46,46,53,53,53],"current_hp_per_floor":[88,88,81,87,88,80,64,42,42,42,42,29,26,32,32,28,88,88,88,88,88,88,88,88,88,88,68,74,54,54,53,53,57,113,115,115,116,116,114,114,121,123,123,121,116,116,116,125,125,116,125,125,125,127,124],"gold":35,"neow_bonus":"TEN_PERCENT_HP_BONUS","is_daily":false,"chose_seed":false,"campfire_upgraded":7,"win_rate":0.0,"timestamp":1608950409,"path_taken":["M","M","?","M","M","E","M","E","T","$","R","M","E","M","R","BOSS","M","M","?","?","$","E","R","E","T","E","M","?","?","E","R","BOSS","M","?","?","?","?","R","E","?","T","M","E","$","M","M","R","BOSS","R","$","E","BOSS"],"items_purchased_type":["Card","Card","Relic","Card","Card","Card","Relic","Relic","Relic","Relic","Relic"],"build_version":"2020-12-18","purchased_purges":3,"victory":true,"max_hp_per_floor":[88,88,88,88,88,88,88,88,88,88,88,88,88,88,88,88,88,88,88,88,88,88,88,88,97,97,99,99,104,104,106,106,113,113,115,115,117,117,119,119,121,123,123,125,125,125,125,125,125,125,125,125,125,130,130],"card_choices":[{"not_picked":["Heavy Blade","Iron Wave"],"picked":"Headbutt","floor":1.0},{"not_picked":["Body Slam","Battle Trance"],"picked":"Shrug It Off","floor":2.0},{"not_picked":["Warcry","Wild Strike"],"picked":"Ghostly Armor","floor":4.0},{"not_picked":["Clash","Rupture"],"picked":"Carnage","floor":5.0},{"not_picked":["Flex","Dual Wield","Reckless Charge"],"picked":"SKIP","floor":6},{"not_picked":["Twin Strike","Clothesline"],"picked":"Juggernaut","floor":7},{"not_picked":["Whirlwind","Rupture"],"picked":"Fire Breathing","floor":8},{"not_picked":["Armaments","Heavy Blade"],"picked":"Warcry","floor":12},{"not_picked":["Pommel Strike","Clothesline"],"picked":"Power Through","floor":13},{"not_picked":["Heavy Blade","Dual Wield"],"picked":"Metallicize","floor":14},{"not_picked":["Feed","Limit Break"],"picked":"Offering","floor":16},{"not_picked":["Dual Wield","Warcry"],"picked":"Metallicize+1","floor":18},{"not_picked":["Rage","Reckless Charge","Headbutt"],"picked":"SKIP","floor":19},{"not_picked":["Iron Wave","Armaments+1"],"picked":"Berserk","floor":23},{"not_picked":["True Grit","Shrug It Off+1","Anger"],"picked":"Singing Bowl","floor":25},{"not_picked":["Double Tap","Whirlwind+1","Wild Strike"],"picked":"Singing Bowl","floor":27},{"not_picked":["Twin Strike+1","Fire Breathing"],"picked":"Bloodletting+1","floor":28},{"not_picked":["Clash","Body Slam","Whirlwind"],"picked":"Singing Bowl","floor":31},{"not_picked":["Immolate","Juggernaut","Brutality"],"picked":"Singing Bowl","floor":33},{"not_picked":["Fire Breathing","Havoc+1","Bloodletting+1"],"picked":"Singing Bowl","floor":35},{"not_picked":["Armaments","Cleave","Headbutt"],"picked":"Singing Bowl","floor":37},{"not_picked":["Body Slam+1","Rampage+1","Searing Blow"],"picked":"Singing Bowl","floor":39},{"not_picked":["Havoc+1","Armaments+1","Combust+1"],"picked":"Singing Bowl","floor":41},{"not_picked":["Whirlwind","Pummel+1","Heavy Blade+1"],"picked":"Singing Bowl","floor":42},{"not_picked":["Cleave","Inflame","Armaments+1"],"picked":"Singing Bowl","floor":44},{"not_picked":["True Grit","Second Wind"],"picked":"Flame Barrier+1","floor":45},{"not_picked":["Clothesline+1","Pommel Strike+1"],"picked":"Entrench+1","floor":47},{"not_picked":["Combust+1","Havoc"],"picked":"Exhume","floor":48},{"not_picked":["Heavy Blade+1","Shrug It Off+1"],"picked":"Body Slam","floor":54}],"player_experience":2219799,"relics_obtained":[{"floor":6,"key":"Dead Branch"},{"floor":8,"key":"HornCleat"},{"floor":9,"key":"White Beast Statue"},{"floor":13,"key":"CaptainsWheel"},{"floor":23,"key":"StrikeDummy"},{"floor":25,"key":"Strawberry"},{"floor":27,"key":"Happy Flower"},{"floor":31,"key":"MawBank"},{"floor":41,"key":"Pocketwatch"},{"floor":43,"key":"CeramicFish"},{"floor":45,"key":"Gambling Chip"},{"floor":54,"key":"Pen Nib"}],"event_choices":[{"damage_healed":0.0,"max_hp_gain":0.0,"max_hp_loss":0.0,"gold_gain":0.0,"event_name":"Scrap Ooze","player_choice":"Success","floor":3.0,"gold_loss":0.0,"damage_taken":7.0,"relics_obtained":["Smiling Mask"]},{"damage_healed":0,"gold_gain":0,"player_choice":"Obtained Relic","damage_taken":0,"relics_obtained":["Singing Bowl"],"max_hp_gain":0,"max_hp_loss":0,"event_name":"Addict","floor":20,"gold_loss":85},{"damage_healed":0,"gold_gain":99,"player_choice":"Stole From Cult","damage_taken":0,"max_hp_gain":0,"max_hp_loss":0,"event_name":"Nest","floor":21,"gold_loss":0},{"damage_healed":0,"gold_gain":0,"player_choice":"Shed Blood","damage_taken":25,"max_hp_gain":5,"max_hp_loss":0,"event_name":"Forgotten Altar","floor":29,"gold_loss":0},{"damage_healed":0,"gold_gain":0,"player_choice":"Got Potions","damage_taken":0,"max_hp_gain":0,"max_hp_loss":0,"event_name":"Lab","floor":36,"gold_loss":0},{"damage_healed":0,"gold_gain":0,"player_choice":"Rummage","damage_taken":0,"relics_obtained":["WarpedTongs"],"max_hp_gain":0,"max_hp_loss":0,"event_name":"Accursed Blacksmith","floor":38,"gold_loss":0,"cards_obtained":["Pain"]}],"is_beta":true,"boss_relics":[{"not_picked":["Calling Bell","Runic Cube"],"picked":"Astrolabe"},{"not_picked":["Fusion Hammer","Empty Cage"],"picked":"Cursed Key"}],"items_purged_floors":[10,22,30],"is_endless":false,"potions_floor_spawned":[5,7,12,13,14,16,18,19,23,25,27,28,31,33,35,37,39,41,42,44,45,47,48,54],"ascension_level":1}}