{"host":"szp1d6dso4pv7ddl","time":1608953129,"event":{"mods":["AchievementEnabler","Alarm Clock","BaseMod","Bestiary","Block Reminder","Colored Map","Colored Powertips","Curses Come First","Displayed Cursed Tome","Highlight Path","Minty Spire (QoL Compilation)","Permanent Neow","Quick Restart","Relic Sorter","Relic Stats","StSLib","Synergy Search"],"gold_per_floor":[112,131,32,47,47,47,47,79,103,103,118,18,293,22,22,22,22],"floor_reached":16,"playtime":621,"items_purged":["Parasite","Defend_G","Regret"],"score":197,"play_id":"3d4dfe71-4afd-4400-8b1f-12e85483db7a","local_time":"20201225192529","is_ascension_mode":true,"campfire_choices":[{"floor":6,"key":"REST"},{"floor":10,"key":"REST"},{"data":"Blade Dance","floor":15,"key":"SMITH"}],"circlet_count":0,"master_deck":["AscendersBane","Strike_G+1","Strike_G","Strike_G","Strike_G+1","Strike_G","Defend_G","Defend_G","Defend_G","Defend_G","Survivor","Neutralize","Terror","Poisoned Stab","Sucker Punch","Bane","Blade Dance+1"],"relics":["Ring of the Snake","Boot","Ancient Tea Set","Juzu Bracelet","Anchor"],"acts_visited":["Exordium"],"potions_floor_usage":[8,16],"damage_taken":[{"damage":14,"enemies":"Jaw Worm","floor":1,"turns":8},{"damage":30,"enemies":"Small Slimes","floor":2,"turns":4},{"damage":13,"enemies":"Cultist","floor":4,"turns":4},{"damage":0,"enemies":"Gremlin Nob","floor":8,"turns":3},{"damage":7,"enemies":"Exordium Wildlife","floor":11,"turns":4},{"damage":43,"enemies":"The Guardian","floor":16,"turns":8}],"seed_played":"-4940616753535328849","potions_obtained":[{"floor":2,"key":"Strength Potion"},{"floor":8,"key":"Swift Potion"}],"is_trial":false,"path_per_floor":["M","M","$","M","?","R","?","E","T","R","M","$","?","$","R","B"],"character_chosen":"THE_SILENT","items_purchased":["Sucker Punch","Anchor"],"campfire_rested":2,"item_purchase_floors":[3,14],"current_hp_per_floor":[63,33,33,20,17,41,25,25,25,49,42,42,42,42,42,0,0],"gold":22,"neow_bonus":"TWENTY_PERCENT_HP_BONUS","is_daily":false,"chose_seed":false,"campfire_upgraded":1,"win_rate":0.0,"timestamp":1608953129,"path_taken":["M","M","$","M","?","R","?","E","T","R","M","$","?","$","R","BOSS"],"items_purchased_type":["Card","Relic"],"build_version":"2020-12-22","purchased_purges":3,"victory":false,"max_hp_per_floor":[84,84,81,81,81,81,81,81,81,81,81,81,81,81,81,81,81],"relic_stats":{"counters":[6,31],"Juzu Bracelet":0,"Boot":[7],"obtain_stats":[{"Anchor":14,"Juzu Bracelet":9,"Boot":5,"Ancient Tea Set":8,"Ring of the Snake":0},{"Anchor":5,"Juzu Bracelet":4,"Boot":3,"Ancient Tea Set":4,"Ring of the Snake":0},{"Anchor":23,"Juzu Bracelet":19,"Boot":16,"Ancient Tea Set":19,"Ring of the Snake":0}],"Ring of the Snake":[12]},"card_choices":[{"not_picked":["Backstab","Footwork"],"picked":"Terror","floor":1},{"not_picked":["Deflect","Outmaneuver"],"picked":"Poisoned Stab","floor":2},{"not_picked":["Expertise","Dagger Spray"],"picked":"Bane","floor":4},{"not_picked":["Bouncing Flask","Deadly Poison"],"picked":"Blade Dance","floor":8},{"not_picked":["Deadly Poison","Endless Agony","Prepared"],"picked":"SKIP","floor":11}],"player_experience":1016159,"relics_obtained":[{"floor":8,"key":"Ancient Tea Set"},{"floor":9,"key":"Juzu Bracelet"}],"event_choices":[{"damage_healed":0,"gold_gain":0,"player_choice":"Success","damage_taken":3,"relics_obtained":["Boot"],"max_hp_gain":0,"max_hp_loss":0,"event_name":"Scrap Ooze","floor":5,"gold_loss":0},{"damage_healed":0,"gold_gain":0,"player_choice":"Entered Light","damage_taken":16,"max_hp_gain":0,"max_hp_loss":0,"event_name":"Shining Light","floor":7,"gold_loss":0,"cards_upgraded":["Strike_G","Strike_G"]},{"damage_healed":0,"gold_gain":275,"player_choice":"Desecrate","damage_taken":0,"max_hp_gain":0,"max_hp_loss":0,"event_name":"Golden Shrine","floor":13,"gold_loss":0,"cards_obtained":["Regret"]}],"is_beta":false,"boss_relics":[],"items_purged_floors":[3,12,14],"is_endless":false,"potions_floor_spawned":[2,8],"killed_by":"The Guardian","ascension_level":12}}