{"host":"3c27c697js19kaoo","time":1608981467,"event":{"mods":["ATMod(阿瑾Mod)","Aspiration","BaseMod","CapriCore","Dota2Spire","Hermit","Minty Spire (QoL Compilation)","Quick Restart","Remilia（蕾米莉亚）","Replay The Spire","Robot Space Explorer","RumiaBox-露米娅的神秘盒子","Spicy Shops","StSLib","The Alterego","The Cursed","The Runesmith","The Servant 0.9.4","vexMod","【功能Mod】混沌之环修复补丁","【遗物卡牌】REMEMod"],"gold_per_floor":[112,112,124,139,154,179,199,199,245,264,292,292,350,350,350,445,445,459,459,459,459,42,42,56,67,94,94,114,114,132,162,162,267,267,267,267],"floor_reached":35,"playtime":1464,"items_purged":["Lust_TH"],"score":612,"play_id":"4eface51-32ba-492a-967f-c186e36fdebc","local_time":"20201226191747","is_ascension_mode":false,"campfire_choices":[{"data":"AT_MachinaRedman","floor":8,"key":"SMITH"},{"floor":12,"key":"REST"},{"floor":15,"key":"DIG"},{"data":"Runesmith:MetallurgicalResearch","floor":23,"key":"SMITH"},{"data":"Runesmith:RunicBlueprint","floor":27,"key":"SMITH"},{"data":"Runesmith:Supernova","floor":29,"key":"SMITH"},{"data":"Runesmith:GrandSlam","floor":32,"key":"SMITH"}],"circlet_count":0,"master_deck":["Runesmith:CraftFirestone+1","Runesmith:Fortify","AT_Dispersion+1","AT_MachinaRedman+1","Runesmith:EnergizedChisel","Pot Of Greed","Pot Of Greed","Runesmith:CreatorForm+1","Runesmith:RunicBlueprint+1","Runesmith:GrandSlam+1","Runesmith:MetallurgicalResearch+1","Flash of Steel","Runesmith:Supernova+1","Runesmith:RuneHurl","Runesmith:Repurpose","Runesmith:Overpower","Runesmith:HeatExchange","Runesmith:ShiftingStrike","Runesmith:ChargedHammer","Runesmith:Grindstone","Runesmith:CraftMagma","Pot Of Greed"],"relics":["Runesmith:BrokenRuby","REME_ComplimentaryCards","AT_ATBox","NeowsBlessing","WarpedTongs","Grinning Jar","vexMod:BarristanHead","Ancient Tea Set","Meat on the Bone","aspiration:MobileForge","Bottled Lightning","MagicDraw1","War Paint","Iron Hammer","Pandora\u0027s Box"],"acts_visited":["Exordium","TheCity","TheBeyond"],"potions_floor_usage":[6,10,11,31],"damage_taken":[{"damage":0,"enemies":"2 Louse","floor":1,"turns":1},{"damage":0,"enemies":"Cultist","floor":3,"turns":1},{"damage":0,"enemies":"Small Slimes","floor":4,"turns":1},{"damage":9,"enemies":"Red Slaver","floor":5,"turns":3},{"damage":3,"enemies":"Gremlin Nob","floor":6,"turns":2},{"damage":21,"enemies":"Large Slime","floor":7,"turns":3},{"damage":3,"enemies":"Blue Slaver","floor":10,"turns":2},{"damage":10,"enemies":"3 Sentries","floor":11,"turns":4},{"damage":1,"enemies":"Fading Forest","floor":16,"turns":11},{"damage":20,"enemies":"2 Thieves","floor":18,"turns":2},{"damage":0,"enemies":"Spheric Guardian","floor":24,"turns":1},{"damage":8,"enemies":"Snecko","floor":25,"turns":4},{"damage":0,"enemies":"Snake Plant","floor":28,"turns":3},{"damage":0,"enemies":"Cultist and Chosen","floor":30,"turns":2},{"damage":12,"enemies":"REME_1_Revenger","floor":31,"turns":5},{"damage":11,"enemies":"Pondfish","floor":33,"turns":9},{"damage":0,"enemies":"Orb Walker","floor":35,"turns":1}],"seed_played":"7434350361965340586","potions_obtained":[{"floor":4,"key":"FearPotion"},{"floor":5,"key":"Adrenaline Potion"},{"floor":10,"key":"AttackPotion"},{"floor":16,"key":"Dota2Spire:HealingSalve"},{"floor":18,"key":"Weak Potion"}],"is_trial":false,"path_per_floor":["M","?","M","M","M","E","M","R","T","M","E","R","?","?","R","B",null,"M","T","?","?","$","R","M","M","T","R","M","R","M","E","R","B",null,"M"],"character_chosen":"RUNESMITH_CLASS","items_purchased":["MagicDraw1","Flash of Steel"],"campfire_rested":1,"item_purchase_floors":[22,22],"current_hp_per_floor":[70,70,70,70,61,58,37,37,37,34,24,45,45,45,45,62,70,50,50,50,50,50,50,50,42,42,42,42,42,42,42,42,43,70,70,70],"gold":267,"neow_bonus":"THREE_ENEMY_KILL","is_daily":false,"chose_seed":false,"campfire_upgraded":5,"win_rate":0.0,"timestamp":1608981467,"path_taken":["M","?","M","?","M","E","M","R","T","M","E","R","?","?","R","BOSS","M","?","?","?","$","R","M","?","T","R","M","R","M","E","R","BOSS","M"],"items_purchased_type":["Relic","Card"],"build_version":"2020-12-22","purchased_purges":1,"victory":false,"max_hp_per_floor":[70,70,70,70,70,70,70,70,70,70,70,70,70,70,70,70,70,70,70,70,70,70,70,70,70,70,70,70,70,70,70,70,70,70,70,70],"card_choices":[{"not_picked":["Runesmith:NanitesCloud","Runesmith:Repurpose"],"picked":"Runesmith:EnergizedChisel","floor":1},{"not_picked":["Runesmith:MakeshiftArmor","Runesmith:ShiftingStrike","Runesmith:Augment"],"picked":"SKIP","floor":3},{"not_picked":["Runesmith:CraftProtectio","Runesmith:CraftReservo","Runesmith:ShiftingStrike"],"picked":"SKIP","floor":4},{"not_picked":["Runesmith:Superposition","Runesmith:NegativeSpace","Runesmith:GoWithTheFlow"],"picked":"SKIP","floor":5},{"not_picked":["Runesmith:StaticCage","Runesmith:HammerAndChisel"],"picked":"Runesmith:CreatorForm","floor":6},{"not_picked":["Runesmith:StaticCage","Runesmith:Grindstone","Runesmith:EnergizedChisel"],"picked":"SKIP","floor":7},{"not_picked":["Runesmith:CraftSpiculum","Runesmith:ChaoticBlast"],"picked":"Runesmith:RunicBlueprint","floor":10},{"not_picked":["Runesmith:Discharge","Runesmith:HeatExchange"],"picked":"Runesmith:GrandSlam","floor":11},{"not_picked":["Runesmith:CreatorForm","Runesmith:LastStand"],"picked":"Runesmith:MetallurgicalResearch","floor":16},{"not_picked":["Runesmith:HammerAndChisel","Runesmith:EnergizedChisel+1","Runesmith:NegativeSpace"],"picked":"SKIP","floor":18},{"not_picked":["Runesmith:Grindstone","Runesmith:Terraform","Runesmith:Augment"],"picked":"SKIP","floor":24},{"not_picked":["Runesmith:EarthShield+1","Runesmith:UnstableHammer","Runesmith:Malloc"],"picked":"SKIP","floor":25},{"not_picked":["Runesmith:EarthShield","Runesmith:HeatExchange"],"picked":"Runesmith:Supernova","floor":28},{"not_picked":["Runesmith:CraftProtectio+1","Runesmith:Attraction","Runesmith:ElementalConversion"],"picked":"SKIP","floor":30},{"not_picked":["Runesmith:Malloc+1","Runesmith:Overpower","Runesmith:Grindstone"],"picked":"SKIP","floor":31}],"player_experience":181698,"relics_obtained":[{"floor":6,"key":"Grinning Jar"},{"floor":9,"key":"vexMod:BarristanHead"},{"floor":11,"key":"Ancient Tea Set"},{"floor":15,"key":"Meat on the Bone"},{"floor":19,"key":"Bottled Lightning"},{"floor":26,"key":"War Paint"},{"floor":31,"key":"Iron Hammer"}],"event_choices":[{"damage_healed":0,"gold_gain":0,"player_choice":"Rummage","damage_taken":0,"relics_obtained":["WarpedTongs"],"max_hp_gain":0,"max_hp_loss":0,"event_name":"Accursed Blacksmith","floor":2,"gold_loss":0,"cards_obtained":["Pain"]},{"damage_healed":0,"gold_gain":58,"player_choice":"Gained Gold","damage_taken":0,"max_hp_gain":0,"max_hp_loss":0,"event_name":"Golden Wing","floor":13,"gold_loss":0},{"cards_removed":["Pain"],"damage_healed":0,"gold_gain":0,"player_choice":"Purged","damage_taken":0,"max_hp_gain":0,"max_hp_loss":0,"event_name":"Purifier","floor":14,"gold_loss":0},{"damage_healed":0,"gold_gain":0,"player_choice":"Leave","damage_taken":0,"max_hp_gain":0,"max_hp_loss":0,"event_name":"FaceTrader","floor":21,"gold_loss":0}],"is_beta":false,"boss_relics":[{"not_picked":["aspiration:WatcherSkillbook","REME_DemonsWealth"],"picked":"aspiration:MobileForge"},{"not_picked":["Snecko Eye","Runesmith:CoreCrystal"],"picked":"Pandora\u0027s Box"}],"items_purged_floors":[22],"is_endless":false,"potions_floor_spawned":[4,5,10,16,18],"killed_by":"Orb Walker","ascension_level":0}}