{"host":"rkizb0bayd67deyv","time":1608967402,"event":{"mods":["2.2 Compatiblity","AchievementEnabler","Astrologer","BaseMod","Beaked The Cultist","BetterRewards","CapriCore","Colored Map","Colored Powertips","GifTheSpireLib","Gremlin Mod","KinomotoSakuraMod(ñÿîVñ{?)","Koishi","Mad Scientist","MarisaÅiñ∂âJÅ@ñÇóùçπÅj","Minty Spire (QoL Compilation)","Quick Restart","StSLib","SuperFastMode","The Bladedancer","The Cursed","The Death Knight","The Immortal","The Mystic","The Poker Player","Unknown Chances","YoumuÅiç∞ÈÆódöÎÅj"],"gold_per_floor":[113,127,29,104,54,89,89,101,101,101,132,16,16,34,34,139,139,107,123,139,139,149,149,149],"floor_reached":23,"playtime":3254,"items_purged":["MadScienceMod:Defend_MadScience"],"score":316,"play_id":"ac018b61-9484-47d8-9cfa-eb8e835fcc03","local_time":"20201226162322","is_ascension_mode":true,"campfire_choices":[{"data":"MadScienceMod:EnergyBarrier","floor":7,"key":"SMITH"},{"floor":13,"key":"REST"},{"floor":15,"key":"REST"}],"circlet_count":0,"master_deck":["MadScienceMod:Strike_MadScience+1","MadScienceMod:Strike_MadScience+1","MadScienceMod:Strike_MadScience+1","MadScienceMod:Strike_MadScience+1","MadScienceMod:Defend_MadScience+1","MadScienceMod:Defend_MadScience+1","MadScienceMod:PoweredStrike","MadScienceMod:HideBehindJunk","MadScienceMod:EnergyBarrier+1","MadScienceMod:FlexibleSpear","MadScienceMod:PowerArmor","MadScienceMod:AcidSpray","MadScienceMod:RecyclingStation","MadScienceMod:OilDrum","MadScienceMod:Reconstitute","MadScienceMod:ShrinkRay","MadScienceMod:FumeBlast","MadScienceMod:AssemblyLine","MadScienceMod:FlameThrower","MadScienceMod:Postpone","MadScienceMod:PowerArmor","MadScienceMod:RadioactiveSword"],"relics":["MadScienceMod:FuelTank","Art of War","Sundial","InkBottle","Dream Catcher","SacredBark"],"acts_visited":["Exordium","TheCity"],"potions_floor_usage":[11,16,23],"damage_taken":[{"damage":0,"enemies":"Cultist","floor":1,"turns":3},{"damage":7,"enemies":"Jaw Worm","floor":2,"turns":5},{"damage":26,"enemies":"Gremlin Nob","floor":6,"turns":5},{"damage":2,"enemies":"2 Louse","floor":8,"turns":3},{"damage":9,"enemies":"Lagavulin","floor":11,"turns":10},{"damage":12,"enemies":"Large Slime","floor":14,"turns":7},{"damage":28,"enemies":"Hexaghost","floor":16,"turns":14},{"damage":33,"enemies":"2 Thieves","floor":18,"turns":5},{"damage":20,"enemies":"Shell Parasite","floor":19,"turns":8},{"damage":34,"enemies":"Centurion and Healer","floor":20,"turns":11},{"damage":18,"enemies":"Snecko","floor":22,"turns":8},{"damage":27,"enemies":"Gremlin Leader","floor":23,"turns":4}],"seed_played":"-7561082253855999778","potions_obtained":[{"floor":2,"key":"Fire Potion"},{"floor":8,"key":"FairyPotion"},{"floor":14,"key":"SkillPotion"},{"floor":16,"key":"PowerPotion"}],"is_trial":false,"path_per_floor":["M","M","$","?","?","E","R","M","T","?","E","$","R","M","R","B",null,"M","M","M","?","M","E"],"character_chosen":"MAD_SCIENTIST","items_purchased":["MadScienceMod:EnergyBarrier","MadScienceMod:FlexibleSpear","MadScienceMod:RecyclingStation","MadScienceMod:OilDrum","MadScienceMod:AssemblyLine","MadScienceMod:FlameThrower"],"campfire_rested":2,"item_purchase_floors":[0,0,3,3,12,12],"current_hp_per_floor":[75,68,68,57,57,31,31,29,29,17,8,8,30,18,40,12,75,42,22,35,35,17,0,0],"gold":149,"neow_bonus":"","is_daily":false,"chose_seed":false,"campfire_upgraded":1,"win_rate":0.0,"timestamp":1608967402,"path_taken":["M","?","?","?","?","E","R","M","T","?","E","$","R","M","R","BOSS","M","M","M","?","M","E"],"items_purchased_type":["Card","Card","Card","Card","Card","Card"],"build_version":"2020-12-22","purchased_purges":1,"victory":false,"max_hp_per_floor":[75,75,75,75,75,75,75,75,75,75,75,75,75,75,75,75,75,75,75,75,75,75,75,75],"card_choices":[{"not_picked":["MadScienceMod:FlexibleSpear","MadScienceMod:Detonate"],"picked":"MadScienceMod:PowerArmor","floor":1},{"not_picked":["MadScienceMod:ExploreOptions","MadScienceMod:FragmentationGrenade"],"picked":"MadScienceMod:AcidSpray","floor":2},{"not_picked":["MadScienceMod:ShrinkRay","MadScienceMod:MakeOrBreak"],"picked":"MadScienceMod:Reconstitute","floor":6},{"not_picked":["MadScienceMod:EnergyBarrier","MadScienceMod:Bayonet"],"picked":"MadScienceMod:ShrinkRay","floor":8},{"not_picked":["MadScienceMod:AutoStrike","MadScienceMod:Detonate"],"picked":"MadScienceMod:FumeBlast","floor":11},{"not_picked":["MadScienceMod:FumeBlast","MadScienceMod:NowOrNever","MadScienceMod:FragmentationGrenade"],"picked":"SKIP","floor":14},{"not_picked":["MadScienceMod:Mechanize","MadScienceMod:ArtilleryShot"],"picked":"MadScienceMod:Postpone","floor":16},{"not_picked":["MadScienceMod:Tune","MadScienceMod:ShrinkRay","MadScienceMod:FlameCannon"],"picked":"SKIP","floor":18},{"not_picked":["MadScienceMod:FlameCannon+1","MadScienceMod:Virus"],"picked":"MadScienceMod:PowerArmor","floor":19},{"not_picked":["MadScienceMod:AcidSpray+1","MadScienceMod:BoxOfScraps"],"picked":"MadScienceMod:RadioactiveSword","floor":20},{"not_picked":["MadScienceMod:Bombardment+1","MadScienceMod:BoxOfScraps","MadScienceMod:RecyclingStation"],"picked":"SKIP","floor":22}],"player_experience":260191,"relics_obtained":[{"floor":6,"key":"Art of War"},{"floor":9,"key":"Sundial"},{"floor":11,"key":"Dream Catcher"}],"event_choices":[{"damage_healed":0,"gold_gain":75,"player_choice":"Gather Gold","damage_taken":11,"max_hp_gain":0,"max_hp_loss":0,"event_name":"World of Goop","floor":4,"gold_loss":0},{"cards_removed":["MadScienceMod:Defend_MadScience"],"damage_healed":0,"gold_gain":0,"player_choice":"Card Removal","damage_taken":0,"max_hp_gain":0,"max_hp_loss":0,"event_name":"The Cleric","floor":5,"gold_loss":50},{"damage_healed":0,"gold_gain":0,"player_choice":"Success","damage_taken":12,"relics_obtained":["InkBottle"],"max_hp_gain":0,"max_hp_loss":0,"event_name":"Scrap Ooze","floor":10,"gold_loss":0},{"damage_healed":0,"gold_gain":0,"player_choice":"Simplicity","damage_taken":0,"max_hp_gain":0,"max_hp_loss":0,"event_name":"Back to Basics","floor":21,"gold_loss":0,"cards_upgraded":["MadScienceMod:Strike_MadScience","MadScienceMod:Strike_MadScience","MadScienceMod:Strike_MadScience","MadScienceMod:Strike_MadScience","MadScienceMod:Defend_MadScience","MadScienceMod:Defend_MadScience"]}],"is_beta":false,"boss_relics":[{"not_picked":["Cursed Key","Busted Crown"],"picked":"SacredBark"}],"items_purged_floors":[0],"is_endless":false,"potions_floor_spawned":[2,8,14,16],"killed_by":"Gremlin Leader","ascension_level":1}}