{"host":"gndxudri6ebovps6","time":1608968683,"event":{"mods":["AchievementEnabler","Act Like it!","Aspiration","BaseMod","Better Altar","Better Match","Better Sensory Stone","Better Skull","Better Vampires","BetterRewards","Block Reminder","GifTheSpireLib","Hermit","Hubris","Infinite Spire","Marked Mod","Minty Spire (QoL Compilation)","Pale of the Ancients","Quick Restart","Replay The Spire","Shop Mod","Spicy Shops","Spikes Relics","StSLib","Stuff the Spire","The Cursed","everything is the same but u backflip on backflip","vexMod"],"gold_per_floor":[118,118,118,133,153,153,181,181,206,206,224,224,243,261,261,334,334,344,443,443,443,454,454,473,473,473,473,473,473,498,498,33,33],"floor_reached":32,"playtime":1190,"items_purged":[],"score":426,"play_id":"f6eadcf8-1ac0-4033-99c1-12298edc0c35","local_time":"20201226054443","is_ascension_mode":true,"campfire_choices":[{"data":"Skewer","floor":6.0,"key":"SMITH"},{"data":"Neutralize","floor":8.0,"key":"SMITH"},{"floor":12.0,"key":"REST"},{"floor":15.0,"key":"REST"},{"floor":27.0,"key":"REST"},{"data":"Well Laid Plans","floor":29.0,"key":"SMITH"}],"circlet_count":0,"master_deck":["AscendersBane","Strike_G","Strike_G","Strike_G","Strike_G+1","Strike_G+1","Defend_G","Defend_G","Defend_G","Defend_G","Defend_G+1","Survivor+1","Neutralize+1","Quick Slash+1","Skewer+1","Deflect+1","Setup+1","Poisoned Stab+1","Bane+1","Backflip+1","Storm of Steel+1","Well Laid Plans+1","infinitespire:Starlight+1","Hallucinations","Neutralize","Envenom","PlatinumSkin","hubris:Fate+1","ReplayTheSpireMod:Necrogeddon","Crow Ritual","Blade Dance+1","ReplayTheSpireMod:Scrap Shanks","Cloak And Dagger+1","Sharp Hide+1"],"relics":["Ring of the Snake","NeowsBlessing","Toxic Egg 2","Oddly Smooth Stone","Happy Flower","vexMod:ImprovementManual","infinitespire:Joker Card","ReplayTheSpireMod:SealedPack","aspiration:RitualStick","RetroEgg","Pen Nib","hubris:64BitClover","SpikesRelics:DaevaFist"],"acts_visited":["Exordium","TheCity"],"potions_floor_usage":[30],"damage_taken":[{"damage":0.0,"enemies":"Small Slimes","floor":1.0,"turns":1.0},{"damage":0.0,"enemies":"2 Louse","floor":4.0,"turns":1.0},{"damage":0.0,"enemies":"Jaw Worm","floor":5.0,"turns":1.0},{"damage":28.0,"enemies":"3 Sentries","floor":7.0,"turns":9.0},{"damage":12.0,"enemies":"Large Slime","floor":11.0,"turns":4.0},{"damage":8.0,"enemies":"Red Slaver","floor":13.0,"turns":2.0},{"damage":0.0,"enemies":"Blue Slaver","floor":14.0,"turns":4.0},{"damage":39.0,"enemies":"Fading Forest","floor":16.0,"turns":11.0},{"damage":22.0,"enemies":"3 Byrds","floor":18.0,"turns":6.0},{"damage":12.0,"enemies":"Chosen","floor":22.0,"turns":4.0},{"damage":1.0,"enemies":"Centurion and Healer","floor":24.0,"turns":5.0},{"damage":35,"enemies":"Slavers","floor":30,"turns":7},{"damage":75,"enemies":"hubris:Merchant","floor":32,"turns":5}],"seed_played":"2521118652482504751","potions_obtained":[{"floor":4.0,"key":"FearPotion"},{"floor":7.0,"key":"FairyPotion"},{"floor":13.0,"key":"BlessingOfTheForge"},{"floor":16.0,"key":"Regen Potion"},{"floor":22.0,"key":"Fire Potion"},{"floor":24.0,"key":"BlessingOfTheForge"}],"is_trial":false,"path_per_floor":["M","?","?","M","M","R","E","R","T","?","M","R","M","M","R","B",null,"M","?","AVR","?","M","?","M","PTL","PTL","R","T","R","E","?","$"],"character_chosen":"THE_SILENT","items_purchased":["hubris:64BitClover","SpikesRelics:DaevaFist","Sharp Hide+1"],"campfire_rested":3,"item_purchase_floors":[32,32,32],"current_hp_per_floor":[63,49,49,49,49,49,21,21,21,21,9,30,22,22,43,22,58,48,48,48,48,36,22,36,36,36,57,57,57,37,37,0,0],"gold":33,"neow_bonus":"THREE_ENEMY_KILL","is_daily":false,"chose_seed":false,"campfire_upgraded":3,"win_rate":0.0,"timestamp":1608968683,"path_taken":["M","?","?","?","M","R","E","R","T","?","M","R","M","?","R","BOSS","M","?","AVR","?","?","?","M","PTL","PTL","R","T","R","E","?","?"],"items_purchased_type":["Relic","Relic","Card"],"build_version":"2020-12-22","purchased_purges":0,"victory":false,"max_hp_per_floor":[70,70,70,70,70,70,70,70,70,70,70,70,70,70,70,70,70,70,70,70,70,70,70,70,70,70,70,70,70,70,70,70,70],"card_choices":[{"not_picked":["Tactician","Cloak And Dagger"],"picked":"Quick Slash","floor":1.0},{"not_picked":["Calculated Gamble+1","Flying Knee"],"picked":"Skewer","floor":4.0},{"not_picked":["Dagger Throw","Slice"],"picked":"Deflect+1","floor":5.0},{"not_picked":["StuffTheSpire:BumpUp","StuffTheSpire:MirrorStance+1"],"picked":"Setup+1","floor":7.0},{"not_picked":["Sucker Punch","Deadly Poison+1"],"picked":"Poisoned Stab","floor":11.0},{"not_picked":["Dagger Throw","Reflex+1"],"picked":"Bane","floor":13.0},{"not_picked":["StuffTheSpire:Fury+1","Slice"],"picked":"Backflip+1","floor":14.0},{"not_picked":["Malaise+1","Burst+1"],"picked":"Storm of Steel+1","floor":16.0},{"not_picked":["Bouncing Flask+1","Backflip+1"],"picked":"Well Laid Plans","floor":18.0},{"not_picked":["TheCursedMod:CursedWand","Zap"],"picked":"Neutralize","floor":20.0},{"not_picked":["ReplayTheSpireMod:Necrosis","Wraith Form v2"],"picked":"Envenom","floor":20.0},{"not_picked":["Replay:Sssssssssshield","Enlightenment"],"picked":"PlatinumSkin","floor":20.0},{"not_picked":["infinitespire:SealOfDarkness+","infinitespire:FinalStrike"],"picked":"hubris:Fate","floor":20.0},{"not_picked":["Midas Touch+1","Transmutation+1"],"picked":"ReplayTheSpireMod:Necrogeddon","floor":21.0},{"not_picked":["Trip+1","ReplayTheSpireMod:Trickstab"],"picked":"Crow Ritual","floor":21.0},{"not_picked":["Masterful Stab","Eviscerate"],"picked":"Blade Dance+1","floor":22.0},{"not_picked":["Quick Slash","Deadly Poison+1"],"picked":"ReplayTheSpireMod:Scrap Shanks","floor":24.0},{"not_picked":["Dagger Throw","Hidden Blade+1"],"picked":"Cloak And Dagger+1","floor":30}],"player_experience":504577,"relics_obtained":[{"floor":7.0,"key":"Oddly Smooth Stone"},{"floor":9.0,"key":"Happy Flower"},{"floor":28.0,"key":"RetroEgg"},{"floor":30,"key":"Pen Nib"}],"event_choices":[{"damage_healed":0.0,"max_hp_gain":0.0,"max_hp_loss":0.0,"gold_gain":0.0,"event_name":"Shining Light","player_choice":"Entered Light","floor":2.0,"gold_loss":0.0,"damage_taken":14.0,"cards_upgraded":["Strike_G","Quick Slash"]},{"cards_removed":["Injury"],"damage_healed":0.0,"max_hp_gain":0.0,"max_hp_loss":0.0,"gold_gain":0.0,"event_name":"Fountain of Cleansing","player_choice":"Removed Curses","floor":10.0,"gold_loss":0.0,"damage_taken":0.0},{"damage_healed":0.0,"max_hp_gain":0.0,"max_hp_loss":0.0,"gold_gain":99.0,"event_name":"Nest","player_choice":"Stole From Cult","floor":19.0,"gold_loss":0.0,"damage_taken":0.0},{"damage_healed":0.0,"max_hp_gain":0.0,"max_hp_loss":0.0,"gold_gain":2.0,"event_name":"betterStone:BetterStone","player_choice":"1","floor":21.0,"gold_loss":0.0,"damage_taken":0.0}],"is_beta":false,"boss_relics":[{"not_picked":["Replay:Wanted Poster","CosmicIsotope"],"picked":"vexMod:ImprovementManual"}],"items_purged_floors":[],"is_endless":false,"potions_floor_spawned":[4,7,13,16,22,24],"killed_by":"hubris:Merchant","ascension_level":13}}