{"host":"6vv0uythevi5qk1w","time":1608970751,"event":{"mods":["Act Like it!","BaseMod","Downfall","Gensokyo","Minty Spire (QoL Compilation)","Remilia£®¿Ÿ√◊¿Ú—«£©","Replay The Spire","StSLib"],"gold_per_floor":[112,162,162,162,178,508,508,7,7,215,37,84,164,493,493,583,583],"floor_reached":16,"playtime":1002,"items_purged":[],"score":201,"play_id":"85a3a1cb-2839-417e-a579-c0251f6370e3","local_time":"20201226161911","is_ascension_mode":true,"campfire_choices":[{"data":"Second Wind","floor":7.0,"key":"SMITH"},{"data":"expansioncontent:DashGenerateEvil","floor":15.0,"key":"SMITH"}],"circlet_count":0,"master_deck":["AscendersBane","Strike_R","Strike_R","Strike_R","Strike_R","Defend_R+1","Defend_R","Defend_R+1","Bash","Hemogenesis","Second Wind+1","Flame Barrier","Gensokyo:BlemishedSteel","Gensokyo:MonkeysPaw","expansioncontent:DashGenerateEvil+1"],"relics":["Burning Blood","Paper Frog","Gensokyo:PortableGap","Gensokyo:OccultBall","Medical Kit","Singing Bowl","InkBottle","War Paint","Frozen Egg 2","Replay:WaspNest"],"acts_visited":["Exordium"],"potions_floor_usage":[],"damage_taken":[{"damage":12.0,"enemies":"Gensokyo:3_Fairies","floor":1.0,"turns":6.0},{"damage":0.0,"enemies":"Gensokyo:2_Kodama","floor":5.0,"turns":3.0},{"damage":37.0,"enemies":"Gensokyo:Gryphon","floor":6.0,"turns":4.0},{"damage":33.0,"enemies":"Gensokyo:Mamizou","floor":10.0,"turns":13.0},{"damage":18.0,"enemies":"Gensokyo:Cirno","floor":12.0,"turns":6.0},{"damage":7.0,"enemies":"Gensokyo:Mamizou","floor":14.0,"turns":10.0},{"damage":29,"enemies":"Gensokyo:Yukari","floor":16,"turns":4}],"seed_played":"-4917674437187701967","potions_obtained":[{"floor":1.0,"key":"Guardian:BlockOnCardUsePotion"},{"floor":10.0,"key":"LiquidBronze"}],"is_trial":false,"path_per_floor":["M","?","?","?","M","M","R","COS","T","E","$","E","?","E","R","B"],"character_chosen":"IRONCLAD","items_purchased":["expansioncontent:DashGenerateEvil"],"campfire_rested":0,"item_purchase_floors":[11],"current_hp_per_floor":[67,67,62,62,62,36,36,36,36,16,16,11,11,19,19,0,0],"gold":583,"neow_bonus":"TRANSFORM_TWO_CARDS","is_daily":false,"chose_seed":false,"campfire_upgraded":2,"win_rate":0.0,"timestamp":1608970751,"path_taken":["M","?","?","?","M","M","R","COS","T","E","$","E","?","E","R","BOSS"],"items_purchased_type":["Card"],"build_version":"2020-12-22","purchased_purges":0,"victory":false,"max_hp_per_floor":[68,68,62,62,62,62,62,62,62,64,64,66,66,68,68,68,68],"card_choices":[{"not_picked":["Run Through","Perfected Strike"],"picked":"Flame Barrier","floor":1.0},{"not_picked":["Armaments","Havoc"],"picked":"Offering","floor":2.0},{"not_picked":["Metallicize","Life Link","Clash"],"picked":"SKIP","floor":5.0},{"not_picked":["Metallicize","Life Link","Clash"],"picked":"SKIP","floor":5.0},{"not_picked":["Twin Strike","Dropkick","Wild Strike"],"picked":"SKIP","floor":6.0},{"not_picked":["Warcry","Body Slam","Massacre"],"picked":"Singing Bowl","floor":10.0},{"not_picked":["Perfected Strike","Flex","Heavy Blade"],"picked":"Singing Bowl","floor":12.0},{"not_picked":["Whirlwind","Wild Strike","Flex"],"picked":"Singing Bowl","floor":14.0}],"player_experience":412173,"relics_obtained":[{"floor":2.0,"key":"Paper Frog"},{"floor":9.0,"key":"Singing Bowl"},{"floor":10.0,"key":"InkBottle"},{"floor":12.0,"key":"Frozen Egg 2"},{"floor":14.0,"key":"Replay:WaspNest"}],"event_choices":[],"is_beta":false,"boss_relics":[],"items_purged_floors":[],"is_endless":false,"potions_floor_spawned":[1,10],"killed_by":"Gensokyo:Yukari","ascension_level":14}}