{"host":"w0w6jcqjdtkzk2bw","time":1608970905,"event":{"mods":["2.2 Compatiblity","AchievementEnabler","BaseMod","BetterRewards","Colored Map","Colored Powertips","DeckTracker","Downfall","Energized Spire","Friendly Minions","Highlight Path","Hubris","Infinite Spire","Marisa????????","Minty Spire (QoL Compilation)","Permanent Neow","Quick Restart","Shade Mod","StSLib","Synergy Search","Td1madao Mod","The Administrix","The Gatherer","The Runesmith","The Spell Scribe","TheFirefly"],"gold_per_floor":[113,23,40,52,64,99,99,99,124,124,199,199,101,116,116,219,219,144,159,86,86,86],"floor_reached":21,"playtime":1172,"items_purged":[],"score":204,"play_id":"c84bdc84-ee96-4d80-95f6-7be2af511eeb","local_time":"20201226032145","is_ascension_mode":true,"campfire_choices":[{"floor":8,"key":"REST"},{"data":"Runesmith:Fortify","floor":10,"key":"SMITH"},{"floor":15,"key":"REST"}],"circlet_count":0,"master_deck":["Runesmith:Strike_RS","Runesmith:Strike_RS","Runesmith:Strike_RS","Runesmith:Strike_RS","Runesmith:Defend_RS","Runesmith:Defend_RS","Runesmith:Defend_RS","Runesmith:Defend_RS","Runesmith:CraftFirestone","Runesmith:Fortify+1","Runesmith:CraftIndustria","Runesmith:ShiftingStrike","expansioncontent:Flail","Runesmith:CraftMagma","Runesmith:EarthShield","Runesmith:CraftIncendium","Runesmith:CraftObretio","Runesmith:LithiumIon","Runesmith:EarthShield","Runesmith:CraftSpiculum","Runesmith:Grindstone","Runesmith:FissionHammer","Runesmith:BackupBattery+1","Runesmith:PoweredAnvil"],"relics":["Runesmith:CoreCrystal","Orichalcum","hubris:Towel","Dream Catcher","infinitespire:FocusingShard"],"acts_visited":["Exordium","TheCity"],"potions_floor_usage":[],"damage_taken":[{"damage":1,"enemies":"2 Louse","floor":1,"turns":3},{"damage":0,"enemies":"Small Slimes","floor":3,"turns":4},{"damage":10,"enemies":"Jaw Worm","floor":4,"turns":4},{"damage":5,"enemies":"Looter","floor":5,"turns":3},{"damage":15,"enemies":"3 Sentries","floor":6,"turns":5},{"damage":7,"enemies":"2 Fungi Beasts","floor":14,"turns":4},{"damage":20,"enemies":"Slime Boss","floor":16,"turns":11},{"damage":22,"enemies":"2 Thieves","floor":18,"turns":5},{"damage":35,"enemies":"Shell Parasite","floor":19,"turns":8},{"damage":0,"enemies":"Snake Plant","floor":21,"turns":1}],"seed_played":"-3117513009535145571","potions_obtained":[{"floor":6,"key":"champ:CounterPotion"},{"floor":14,"key":"sneckomod:MuddlingPotion"},{"floor":19,"key":"FearPotion"}],"is_trial":false,"path_per_floor":["M","$","M","M","M","E","?","R","T","R","?","?","$","M","R","B",null,"M","M","$","M"],"character_chosen":"RUNESMITH_CLASS","items_purchased":["expansioncontent:Flail","Runesmith:LithiumIon","Runesmith:EarthShield","Runesmith:PoweredAnvil"],"campfire_rested":2,"item_purchase_floors":[2,13,13,20],"current_hp_per_floor":[69,69,69,59,54,39,39,60,60,60,49,49,49,42,63,43,70,48,13,13,13,13],"gold":86,"neow_bonus":"ONE_RANDOM_RARE_CARD","is_daily":false,"chose_seed":false,"campfire_upgraded":1,"win_rate":0.0,"timestamp":1608970905,"path_taken":["M","$","M","M","M","E","?","R","T","R","?","?","?","M","R","BOSS","M","M","$","M"],"items_purchased_type":["Card","Card","Card","Card"],"build_version":"2020-12-22","purchased_purges":0,"victory":false,"max_hp_per_floor":[70,70,70,70,70,70,70,70,70,70,70,70,70,70,70,70,70,70,70,70,70,70],"card_choices":[{"not_picked":["Runesmith:OneForEveryone","Runesmith:StaticCage"],"picked":"Runesmith:ShiftingStrike","floor":1},{"not_picked":["Runesmith:StaticCage","Runesmith:CraftProtectio"],"picked":"Runesmith:CraftMagma","floor":3},{"not_picked":["Runesmith:HammerAndChisel","Runesmith:NanitesCloud"],"picked":"Runesmith:EarthShield","floor":4},{"not_picked":["Runesmith:Augment","Runesmith:DuctTape"],"picked":"Runesmith:CraftIncendium","floor":5},{"not_picked":["Runesmith:UnstableHammer","Runesmith:StaticCage"],"picked":"Runesmith:CraftObretio","floor":6},{"not_picked":["Runesmith:ChiselStab","Runesmith:CraftIndustria"],"picked":"Runesmith:CraftSpiculum","floor":14},{"not_picked":["Runesmith:ChiselStab","Runesmith:EarthShield"],"picked":"Runesmith:Grindstone","floor":15},{"not_picked":["Runesmith:LastStand","Runesmith:Duplicate"],"picked":"Runesmith:FissionHammer","floor":16},{"not_picked":["Runesmith:Grindstone+1","Runesmith:CraftIncendium"],"picked":"Runesmith:BackupBattery+1","floor":18},{"not_picked":["Runesmith:HeatExchange","Runesmith:HammerTime","Runesmith:Overpower+1"],"picked":"SKIP","floor":19}],"player_experience":407387,"relics_obtained":[{"floor":6,"key":"Orichalcum"},{"floor":9,"key":"Dream Catcher"},{"floor":12,"key":"infinitespire:FocusingShard"}],"event_choices":[{"damage_healed":0,"gold_gain":75,"player_choice":"Gather Gold","damage_taken":11,"max_hp_gain":0,"max_hp_loss":0,"event_name":"World of Goop","floor":11,"gold_loss":0}],"is_beta":false,"boss_relics":[{"not_picked":["infinitespire:Cupcake","hubris:ScarierMask"],"picked":"Runesmith:CoreCrystal"}],"items_purged_floors":[],"is_endless":false,"potions_floor_spawned":[6,14,19],"killed_by":"Snake Plant","ascension_level":3}}