{"host":"ipcfr4ajj2jkxvg7","time":1608964193,"event":{"mods":["BaseMod","Colored Powertips","GifTheSpireLib","Marisa（F雨　魔理沙）","Minty Spire (QoL Compilation)","Quick Restart","Remilia（蕾米莉亚）","Replay The Spire","RumiaBox-露米娅的神秘盒子","StSLib"],"gold_per_floor":[118,0,75,47,47,81,81,112,112,112,27,27,37,63,63,135,135,155,70,70,90,90,124,124,139,190,223,143,168,168,14,14,85,85,95,115,115,115,133,164,164,39,39,72,87,87,97,130,130,130],"floor_reached":51,"playtime":1204,"items_purged":["Defend_MRS","Defend_MRS","Defend_MRS"],"score":1459,"play_id":"938b533d-d274-42cb-8e81-c2018635121d","local_time":"20201226142953","is_ascension_mode":true,"campfire_choices":[{"data":"MilkyWay","floor":7.0,"key":"SMITH"},{"data":"PowerUp","floor":10.0,"key":"SMITH"},{"data":"FairyDestructionRay","floor":12.0,"key":"SMITH"},{"data":"DeepEcoloBomb","floor":15.0,"key":"SMITH"},{"floor":24.0,"key":"REST"},{"floor":30.0,"key":"REST"},{"data":"EnergyFlow","floor":32.0,"key":"SMITH"},{"floor":41,"key":"REST"},{"floor":46,"key":"REST"},{"floor":49,"key":"REST"}],"circlet_count":0,"master_deck":["AscendersBane","Strike_MRS","Strike_MRS","Strike_MRS","Strike_MRS","Defend_MRS","MasterSpark","UpSweep","FairyDestructionRay+1","Acceleration+1","PowerUp+1","MilkyWay+1","Acceleration","DeepEcoloBomb+1","ManaConvection","PulseMagic","EnergyFlow+1","OrrerysSun+1","AlicesGift","OrrerysSun","MilkyWay","PowerUp","MilkyWay+1","Acceleration"],"relics":["MiniHakkero","NeowsBlessing","AddBug","SecretRecord","SecretRecord","SecretRecord","SecretRecord","SecretRecord","SecretRecord","SecretRecord"],"acts_visited":["Exordium","TheCity","TheBeyond"],"potions_floor_usage":[],"damage_taken":[{"damage":0.0,"enemies":"Cultist","floor":1.0,"turns":1.0},{"damage":0.0,"enemies":"3 Sentries","floor":6.0,"turns":1.0},{"damage":0.0,"enemies":"Lagavulin","floor":8.0,"turns":1.0},{"damage":0.0,"enemies":"2 Louse","floor":13.0,"turns":1.0},{"damage":10.0,"enemies":"3 Sentries","floor":14.0,"turns":2.0},{"damage":0.0,"enemies":"Slime Boss","floor":16.0,"turns":3.0},{"damage":2.0,"enemies":"Chosen","floor":18.0,"turns":2.0},{"damage":0.0,"enemies":"Spheric Guardian","floor":21.0,"turns":2.0},{"damage":23.0,"enemies":"Book of Stabbing","floor":23.0,"turns":3.0},{"damage":5.0,"enemies":"Cultist and Chosen","floor":25.0,"turns":3.0},{"damage":7.0,"enemies":"Slavers","floor":27.0,"turns":3.0},{"damage":15.0,"enemies":"Book of Stabbing","floor":29.0,"turns":4.0},{"damage":11.0,"enemies":"Automaton","floor":33.0,"turns":3.0},{"damage":17,"enemies":"3 Darklings","floor":35,"turns":3},{"damage":20,"enemies":"3 Shapes","floor":36,"turns":2},{"damage":15,"enemies":"Transient","floor":39,"turns":5},{"damage":5,"enemies":"Nemesis","floor":40,"turns":3},{"damage":5,"enemies":"Reptomancer","floor":44,"turns":3},{"damage":10,"enemies":"Sphere and 2 Shapes","floor":45,"turns":2},{"damage":7,"enemies":"Writhing Mass","floor":47,"turns":3},{"damage":0,"enemies":"Nemesis","floor":48,"turns":1},{"damage":20,"enemies":"Replay:Hell Engine","floor":50,"turns":4}],"seed_played":"7969563875648216480","potions_obtained":[{"floor":1.0,"key":"Elixir"},{"floor":6.0,"key":"Dexterity Potion"},{"floor":27.0,"key":"Strength Potion"},{"floor":35,"key":"FairyPotion"}],"is_trial":false,"path_per_floor":["M","$","?","$","?","E","R","E","T","R","$","R","M","E","R","B",null,"M","?","?","M","?","E","R","M","T","E","?","E","R","$","R","B",null,"M","M","?","?","M","E","R","$","T","E","M","R","M","E","R","B",null],"character_chosen":"MARISA","items_purchased":["Acceleration+1","PowerUp","DeepEcoloBomb","MilkyWay"],"campfire_rested":5,"item_purchase_floors":[2,4,11,31],"current_hp_per_floor":[63,63,52,52,52,52,52,52,52,52,52,52,52,42,42,42,63,61,61,61,61,41,18,40,35,35,28,28,13,35,35,35,24,62,45,25,25,25,10,5,27,27,27,22,12,34,27,27,49,29],"gold":130,"neow_bonus":"THREE_ENEMY_KILL","is_daily":false,"chose_seed":false,"campfire_upgraded":5,"win_rate":0.0,"timestamp":1608964193,"path_taken":["M","?","?","$","?","E","R","E","T","R","$","R","M","E","R","BOSS","M","?","?","M","?","E","R","M","T","E","?","E","R","?","R","BOSS","M","M","?","?","M","E","R","$","T","E","M","R","M","E","R","BOSS"],"items_purchased_type":["Card","Card","Card","Card"],"build_version":"2020-12-22","purchased_purges":3,"victory":true,"max_hp_per_floor":[70,70,70,70,70,70,70,70,70,70,70,70,70,70,70,70,70,70,70,70,70,75,75,75,75,75,75,75,75,75,75,75,75,75,75,75,75,75,75,75,75,75,75,75,75,75,75,75,75,75],"card_choices":[{"not_picked":["WitchOfGreed","IllusionStar"],"picked":"FairyDestructionRay","floor":1.0},{"not_picked":["Robbery","LuminesStrike"],"picked":"MilkyWay","floor":6.0},{"not_picked":["IllusionStar","LuminesStrike"],"picked":"Acceleration","floor":8.0},{"not_picked":["MysteriousBeam","OneTimeOff"],"picked":"ManaConvection","floor":13.0},{"not_picked":["FairyDestructionRay","MeteoricShower"],"picked":"PulseMagic","floor":14.0},{"not_picked":["GrandCross","AsteroidBelt","MeteoricShower"],"picked":"SKIP","floor":18.0},{"not_picked":["DragonMeteor","AsteroidBelt"],"picked":"EnergyFlow","floor":21.0},{"not_picked":["DC","6A"],"picked":"OrrerysSun+1","floor":23.0},{"not_picked":["GrandCross","IllusionStar","NonDirectionalLaser"],"picked":"SKIP","floor":25.0},{"not_picked":["ChargingUp","SprinkleStarSeal+1"],"picked":"AlicesGift","floor":27.0},{"not_picked":["GrandCross","DragonMeteor"],"picked":"OrrerysSun","floor":29.0},{"not_picked":["DarkMatter","MysteriousBeam+1"],"picked":"PowerUp","floor":35},{"not_picked":["StarlightTyphoon","WitchOfGreed+1"],"picked":"MilkyWay+1","floor":36},{"not_picked":["IllusionStar+1","DarkMatter","OpenUniverse"],"picked":"SKIP","floor":39},{"not_picked":["ChargingUp","SporeBomb+1"],"picked":"Acceleration","floor":40},{"not_picked":["RefractionSpark","BlazeAway","IllusionStar"],"picked":"SKIP","floor":44},{"not_picked":["GrandCross","LuminesStrike+1","UnstableBomb+1"],"picked":"SKIP","floor":45},{"not_picked":["AsteroidBelt","NonDirectionalLaser","ShootTheMoon"],"picked":"SKIP","floor":47},{"not_picked":["DoubleSpark","OortCloud","DC+1"],"picked":"SKIP","floor":48}],"player_experience":415035,"relics_obtained":[{"floor":1.0,"key":"AddBug"},{"floor":6.0,"key":"Pet Ghost"},{"floor":8.0,"key":"Bag of Marbles"},{"floor":9.0,"key":"MagicDraw4"},{"floor":13.0,"key":"SecretRecord"},{"floor":14.0,"key":"Toxic Egg 2"},{"floor":21.0,"key":"SecretRecord"},{"floor":23.0,"key":"Boot"},{"floor":27.0,"key":"Smiling Mask"},{"floor":29.0,"key":"Bottled Tornado"},{"floor":33.0,"key":"SecretRecord"},{"floor":36,"key":"SecretRecord"},{"floor":40,"key":"Iron Hammer"},{"floor":43,"key":"Oddly Smooth Stone"},{"floor":44,"key":"SecretRecord"},{"floor":44,"key":"Replay:Accelerometer"},{"floor":48,"key":"SecretRecord"},{"floor":48,"key":"SproutingBranch"}],"event_choices":[{"damage_healed":0.0,"max_hp_gain":0.0,"max_hp_loss":0.0,"gold_gain":75.0,"event_name":"World of Goop","player_choice":"Gather Gold","floor":3.0,"gold_loss":0.0,"damage_taken":11.0},{"damage_healed":0.0,"max_hp_gain":0.0,"max_hp_loss":0.0,"gold_gain":0.0,"event_name":"The Cleric","player_choice":"Leave","floor":5.0,"gold_loss":0.0,"damage_taken":0.0},{"damage_healed":0.0,"max_hp_gain":0.0,"max_hp_loss":0.0,"gold_gain":0.0,"event_name":"Addict","player_choice":"Obtained Relic","floor":19.0,"gold_loss":85.0,"damage_taken":0.0,"relics_obtained":["Gambling Chip"]},{"damage_healed":0.0,"max_hp_gain":0.0,"max_hp_loss":0.0,"gold_gain":0.0,"event_name":"Ghosts","player_choice":"Ignored","floor":20.0,"gold_loss":0.0,"damage_taken":0.0},{"damage_healed":0.0,"max_hp_gain":5.0,"max_hp_loss":0.0,"gold_gain":0.0,"event_name":"Forgotten Altar","player_choice":"Shed Blood","floor":22.0,"gold_loss":0.0,"damage_taken":25.0},{"damage_healed":0,"gold_gain":0,"player_choice":"Memory 1","damage_taken":0,"max_hp_gain":0,"max_hp_loss":0,"event_name":"SensoryStone","floor":37,"gold_loss":0},{"damage_healed":0,"gold_gain":0,"player_choice":"Ignored","damage_taken":0,"max_hp_gain":0,"max_hp_loss":0,"event_name":"Tomb of Lord Red Mask","floor":38,"gold_loss":0}],"is_beta":false,"boss_relics":[{"not_picked":["Replay:Grab Bag","Replay:Bronze Core"],"picked":"SlaversCollar"},{"not_picked":["Runic Pyramid","Fusion Hammer"],"picked":"Astrolabe"}],"items_purged_floors":[2,31,42],"is_endless":false,"potions_floor_spawned":[1,6,8,27,35,36,40,45],"ascension_level":16}}