{"host":"5fasz840ryq7obdf","time":1608989341,"event":{"mods":["AchievementEnabler","BaseMod","Bestiary","Better Altar","Better Skull","Better Third Choice","BetterRewards","Block Reminder","Colored Powertips","Curses Come First","Minty Spire (QoL Compilation)","Quick Restart","Relic Stats","Shop Mod","Spicy Shops","StSLib"],"gold_per_floor":[119,137,168,0,50,76,86,86,113,160,198,198,253,124,124,220,220,285,65,65,105,155,155,181,214,239,239,337,406,461,479,479,578,578,610,144,187,0,0,74,18,18,73,103,103,133,133,152,152,152,152,152,152,5,37,37,37],"floor_reached":56,"playtime":6154,"items_purged":[],"score":2247,"play_id":"4fdd01de-4ae5-489d-9a23-f5617f1bb915","local_time":"20201226132901","is_ascension_mode":true,"campfire_choices":[{"floor":8.0,"key":"REST"},{"data":"Eruption","floor":15.0,"key":"SMITH"},{"data":"Establishment","floor":23.0,"key":"SMITH"},{"data":"Omniscience","floor":27.0,"key":"SMITH"},{"floor":32.0,"key":"REST"},{"data":"CrushJoints","floor":42.0,"key":"SMITH"},{"floor":47.0,"key":"REST"},{"floor":49.0,"key":"RECALL"},{"data":"SashWhip","floor":53.0,"key":"SMITH"}],"circlet_count":0,"master_deck":["AscendersBane","Eruption+1","Vigilance","Blasphemy+1","Adaptation","CutThroughFate","Consecrate+1","HandOfGreed","CrushJoints+1","WindmillStrike","Weave+1","SashWhip+1","CutThroughFate","CrushJoints","Establishment+1","Protect+1","Perseverance+1","Ragnarok","Study","Wish","LessonLearned","Study","ThirdEye+1","Sanctity","MasterReality","WheelKick","EmptyBody","SpiritShield","Protect","Protect","Shame","DeceiveReality","Omniscience+1","SandsOfTime","DevaForm+1","ClearTheMind+1","Ragnarok","SashWhip","ConjureBlade","FlurryOfBlows+1","SashWhip+1","Writhe","InnerPeace","FlyingSleeves","Writhe","JustLucky","Shame","LikeWater+1","ConjureBlade","LikeWater","Halt"],"relics":["PureWater","Yang","Happy Flower","Strawberry","Orichalcum","Art of War","Meat on the Bone","Pandora\u0027s Box","Damaru","Du-Vu Doll","Tiny Chest","Bag of Marbles","PreservedInsect","Pantograph","Cursed Key","Bottled Tornado","Oddly Smooth Stone","Toolbox","Red Mask","Whetstone","Vajra","Blue Candle","Mummified Hand","Darkstone Periapt","Pen Nib"],"acts_visited":["Exordium","TheCity","TheBeyond","TheEnding"],"potions_floor_usage":[],"damage_taken":[{"damage":0.0,"enemies":"Jaw Worm","floor":1.0,"turns":1.0},{"damage":0.0,"enemies":"Cultist","floor":2.0,"turns":2.0},{"damage":4.0,"enemies":"2 Louse","floor":3.0,"turns":3.0},{"damage":21.0,"enemies":"Lagavulin","floor":6.0,"turns":7.0},{"damage":0.0,"enemies":"Lots of Slimes","floor":7.0,"turns":1.0},{"damage":5.0,"enemies":"3 Sentries","floor":10.0,"turns":4.0},{"damage":4.0,"enemies":"2 Fungi Beasts","floor":11.0,"turns":4.0},{"damage":2.0,"enemies":"Lagavulin","floor":13.0,"turns":4.0},{"damage":25.0,"enemies":"The Guardian","floor":16.0,"turns":7.0},{"damage":15.0,"enemies":"3 Byrds","floor":18.0,"turns":6.0},{"damage":11.0,"enemies":"Shell Parasite","floor":21.0,"turns":6.0},{"damage":18.0,"enemies":"Book of Stabbing","floor":24.0,"turns":4.0},{"damage":8.0,"enemies":"Shelled Parasite and Fungi","floor":25.0,"turns":7.0},{"damage":6.0,"enemies":"Gremlin Leader","floor":28.0,"turns":4.0},{"damage":18.0,"enemies":"Chosen and Byrds","floor":29.0,"turns":6.0},{"damage":24.0,"enemies":"Slavers","floor":30.0,"turns":6.0},{"damage":0.0,"enemies":"Centurion and Healer","floor":31.0,"turns":3.0},{"damage":6.0,"enemies":"Automaton","floor":33.0,"turns":6.0},{"damage":38.0,"enemies":"3 Darklings","floor":35.0,"turns":2.0},{"damage":5.0,"enemies":"Orb Walker","floor":37.0,"turns":5.0},{"damage":22.0,"enemies":"Giant Head","floor":40.0,"turns":7.0},{"damage":8.0,"enemies":"Nemesis","floor":44.0,"turns":5.0},{"damage":33.0,"enemies":"Reptomancer","floor":46.0,"turns":4.0},{"damage":2.0,"enemies":"4 Shapes","floor":48.0,"turns":3.0},{"damage":50.0,"enemies":"Time Eater","floor":50.0,"turns":9.0},{"damage":53.0,"enemies":"Awakened One","floor":51.0,"turns":10.0},{"damage":48.0,"enemies":"Shield and Spear","floor":55.0,"turns":3.0},{"damage":77,"enemies":"The Heart","floor":56,"turns":2}],"seed_played":"7197500220371451343","potions_obtained":[{"floor":1.0,"key":"BlessingOfTheForge"},{"floor":3.0,"key":"Fire Potion"},{"floor":10.0,"key":"DuplicationPotion"},{"floor":16.0,"key":"SpeedPotion"},{"floor":18.0,"key":"BottledMiracle"},{"floor":21.0,"key":"CultistPotion"},{"floor":25.0,"key":"Strength Potion"},{"floor":30.0,"key":"EntropicBrew"},{"floor":40.0,"key":"SmokeBomb"},{"floor":44.0,"key":"SkillPotion"},{"floor":46.0,"key":"Fire Potion"},{"floor":55.0,"key":"SpeedPotion"}],"is_trial":false,"path_per_floor":["M","M","M","$","?","E","M","R","T","E","M","?","E","$","R","B",null,"M","$","?","M","?","R","E","M","T","R","E","M","E","M","R","B",null,"M","$","M","?","T","E","$","R","T","E","T","E","R","M","R","B","B",null,"R","$","E","B"],"character_chosen":"WATCHER","items_purchased":["Blasphemy","Adaptation","CutThroughFate","Consecrate","Yang","HandOfGreed","CrushJoints","WindmillStrike","Happy Flower","Study","Damaru","Protect","Bottled Tornado","Oddly Smooth Stone","Toolbox","FlyingSleeves","LikeWater","Dexterity Potion"],"campfire_rested":3,"item_purchase_floors":[0,0,0,0,0,0,0,0,4,14,19,19,36,36,36,41,54,54],"current_hp_per_floor":[30,30,26,26,26,12,12,34,34,29,25,50,48,48,48,35,65,50,50,50,39,32,32,26,30,30,30,36,30,18,30,52,69,74,48,48,43,43,43,33,33,33,33,37,37,16,38,48,48,35,19,61,61,61,25,0,0],"gold":37,"neow_bonus":"","is_daily":false,"chose_seed":false,"campfire_upgraded":5,"win_rate":0.0,"timestamp":1608989341,"path_taken":["M","M","M","$","?","E","M","R","T","E","?","?","E","?","R","BOSS","M","$","?","M","?","R","E","M","T","R","E","M","E","M","R","BOSS","M","?","M","?","?","E","$","R","T","E","?","E","R","M","R","BOSS","BOSS","R","$","E","BOSS"],"items_purchased_type":["Card","Card","Card","Card","Relic","Card","Card","Card","Relic","Card","Relic","Card","Relic","Relic","Relic","Card","Card","Potion"],"build_version":"2020-12-22","purchased_purges":0,"victory":false,"max_hp_per_floor":[68,68,68,68,68,75,75,75,75,75,75,75,75,75,75,75,75,75,75,75,75,75,75,75,75,75,75,75,75,75,75,75,75,75,75,75,75,75,75,75,75,75,75,75,75,75,75,75,75,75,75,75,75,75,75,75,75],"relic_stats":{"Darkstone Periapt":0,"Happy Flower":[41],"counters":[41,178],"Blue Candle":[7],"Yang":[275],"PreservedInsect":361,"Pen Nib":[0],"Whetstone":["Weave","Consecrate"],"Orichalcum":[222],"Cursed Key":3,"Mummified Hand":[39],"Pantograph":98,"Pandora\u0027s Box":["LessonLearned","Study","ThirdEye","Sanctity","MasterReality","WheelKick","EmptyBody","SpiritShield"],"Tiny Chest":1,"Art of War":[20],"obtain_stats":[{"Darkstone Periapt":46,"Vajra":43,"Yang":0,"TeardropLocket":10,"Whetstone":40,"Bottled Tornado":36,"Cursed Key":34,"Blood Vial":9,"Mummified Hand":45,"Strawberry":6,"Pantograph":30,"Toolbox":36,"Tiny Chest":3,"Red Mask":38,"Toxic Egg 2":0,"Pear":6,"NeowsBlessing":0,"Happy Flower":4,"Blue Candle":44,"Damaru":3,"Oddly Smooth Stone":36,"PreservedInsect":28,"Pen Nib":55,"Orichalcum":9,"GoldenEye":13,"Du-Vu Doll":20,"Pandora\u0027s Box":17,"Bag of Marbles":0,"Art of War":10,"PureWater":0,"Meat on the Bone":13},{"Darkstone Periapt":36,"Vajra":34,"Yang":13,"TeardropLocket":5,"Whetstone":34,"Bottled Tornado":32,"Cursed Key":31,"Blood Vial":4,"Mummified Hand":35,"Strawberry":17,"Pantograph":29,"Toolbox":32,"Tiny Chest":11,"Red Mask":33,"Toxic Egg 2":9,"Pear":3,"NeowsBlessing":0,"Happy Flower":16,"Blue Candle":35,"Damaru":1,"Oddly Smooth Stone":32,"PreservedInsect":27,"Pen Nib":40,"Orichalcum":18,"GoldenEye":7,"Du-Vu Doll":23,"Pandora\u0027s Box":22,"Bag of Marbles":9,"Art of War":19,"PureWater":0,"Meat on the Bone":21},{"Darkstone Periapt":151,"Vajra":142,"Yang":47,"TeardropLocket":11,"Whetstone":142,"Bottled Tornado":130,"Cursed Key":128,"Blood Vial":8,"Mummified Hand":147,"Strawberry":60,"Pantograph":119,"Toolbox":130,"Tiny Chest":39,"Red Mask":135,"Toxic Egg 2":32,"Pear":4,"NeowsBlessing":0,"Happy Flower":53,"Blue Candle":147,"Damaru":1,"Oddly Smooth Stone":130,"PreservedInsect":107,"Pen Nib":176,"Orichalcum":61,"GoldenEye":21,"Du-Vu Doll":86,"Pandora\u0027s Box":80,"Bag of Marbles":32,"Art of War":65,"PureWater":0,"Meat on the Bone":73}],"Meat on the Bone":180},"card_choices":[{"not_picked":["ThirdEye","WreathOfFlame"],"picked":"Weave","floor":1.0},{"not_picked":["DeceiveReality","Tantrum"],"picked":"SashWhip","floor":2.0},{"not_picked":["TalkToTheHand","Evaluate"],"picked":"CutThroughFate","floor":3.0},{"not_picked":["Conclude","Consecrate"],"picked":"CrushJoints","floor":6.0},{"not_picked":["Evaluate","EmptyFist"],"picked":"Establishment","floor":7.0},{"not_picked":["WaveOfTheHand","CutThroughFate"],"picked":"Protect","floor":10.0},{"not_picked":["CarveReality","Consecrate"],"picked":"Perseverance","floor":11.0},{"not_picked":["Nirvana","Protect"],"picked":"Ragnarok","floor":13.0},{"not_picked":["Blasphemy","Scrawl"],"picked":"Wish","floor":16.0},{"not_picked":["FlyingSleeves","FearNoEvil"],"picked":"Protect","floor":18.0},{"not_picked":["Consecrate+1","Evaluate"],"picked":"DeceiveReality","floor":21.0},{"not_picked":["WaveOfTheHand","FearNoEvil"],"picked":"Omniscience","floor":24.0},{"not_picked":["CutThroughFate","BowlingBash"],"picked":"SandsOfTime","floor":25.0},{"not_picked":["Consecrate+1","Halt"],"picked":"DevaForm","floor":28.0},{"not_picked":["FollowUp","EmptyBody"],"picked":"ClearTheMind","floor":29.0},{"not_picked":["FollowUp","PathToVictory+1"],"picked":"Ragnarok","floor":30.0},{"not_picked":["Tantrum","ForeignInfluence"],"picked":"SashWhip","floor":31.0},{"not_picked":["Brilliance","Judgement"],"picked":"ConjureBlade","floor":33.0},{"not_picked":["EmptyMind","FearNoEvil"],"picked":"FlurryOfBlows+1","floor":35.0},{"not_picked":["Protect","CutThroughFate"],"picked":"SashWhip+1","floor":37.0},{"not_picked":["FollowUp","SashWhip+1"],"picked":"InnerPeace","floor":40.0},{"not_picked":["Halt+1","Evaluate"],"picked":"JustLucky","floor":44.0},{"not_picked":["FearNoEvil","WreathOfFlame"],"picked":"LikeWater+1","floor":46.0},{"not_picked":["Pray","Prostrate"],"picked":"ConjureBlade","floor":48.0},{"not_picked":["BattleHymn","SignatureMove+1"],"picked":"Halt","floor":55.0}],"player_experience":1113235,"relics_obtained":[{"floor":6.0,"key":"Strawberry"},{"floor":9.0,"key":"Orichalcum"},{"floor":10.0,"key":"Art of War"},{"floor":13.0,"key":"Meat on the Bone"},{"floor":24.0,"key":"Tiny Chest"},{"floor":26.0,"key":"Bag of Marbles"},{"floor":28.0,"key":"PreservedInsect"},{"floor":30.0,"key":"Pantograph"},{"floor":40.0,"key":"Whetstone"},{"floor":43.0,"key":"Vajra"},{"floor":44.0,"key":"Blue Candle"},{"floor":45.0,"key":"Mummified Hand"},{"floor":46.0,"key":"Darkstone Periapt"},{"floor":55.0,"key":"Pen Nib"}],"event_choices":[{"damage_healed":0.0,"max_hp_gain":0.0,"max_hp_loss":0.0,"gold_gain":50.0,"event_name":"Golden Shrine","player_choice":"Pray","floor":5.0,"gold_loss":0.0,"damage_taken":0.0},{"damage_healed":25.0,"max_hp_gain":0.0,"max_hp_loss":0.0,"gold_gain":0.0,"event_name":"Big Fish","player_choice":"Banana","floor":12.0,"gold_loss":0.0,"damage_taken":0.0},{"damage_healed":0.0,"max_hp_gain":0.0,"max_hp_loss":0.0,"gold_gain":0.0,"event_name":"Addict","player_choice":"Stole Relic","floor":20.0,"gold_loss":0.0,"damage_taken":0.0,"relics_obtained":["Du-Vu Doll"],"cards_obtained":["Shame"]},{"damage_healed":0.0,"max_hp_gain":0.0,"max_hp_loss":0.0,"gold_gain":50.0,"event_name":"FaceTrader","player_choice":"Touch","floor":22.0,"gold_loss":0.0,"damage_taken":7.0},{"damage_healed":0.0,"max_hp_gain":0.0,"max_hp_loss":0.0,"gold_gain":0.0,"event_name":"Tomb of Lord Red Mask","player_choice":"Paid","floor":38.0,"gold_loss":187.0,"damage_taken":0.0,"relics_obtained":["Red Mask"]}],"is_beta":false,"boss_relics":[{"not_picked":["Coffee Dripper","Philosopher\u0027s Stone"],"picked":"Pandora\u0027s Box"},{"not_picked":["Empty Cage","Black Star"],"picked":"Cursed Key"}],"items_purged_floors":[],"is_endless":false,"potions_floor_spawned":[1,3,10,16,18,21,25,30,40,44,46,55],"killed_by":"The Heart","ascension_level":20}}