{"host":"vd5put2n5b3t1prw","time":1608960788,"event":{"mods":["2.2 Compatiblity","AchievementEnabler","Alarm Clock","BaseMod","Better Altar","Better Match","Better Note","Better Sensory Stone","Better Silent Start","Better Skull","Better Third Choice","Better Vampires","Better-Laid Plans","BetterRewards","Block Reminder","Card Forge","Colored Map","Curses Come First","Custom Start","Downfall","Emptier Cage","Marked Mod","Minty Spire (QoL Compilation)","Quick Restart","Random Character Button","Relic Filter","Relic Stats","Reorder Act Four","Spicy Shops","StSLib","Transform Curses","Waifu the Spire"],"gold_per_floor":[114,124,135,149,165,190,205,239,265,281,307,307,307,318,318,422,422,441,441,441,456,467,498,515,515,568,568,224,259,6,6,6,108,158,171,196,215,215,226,226,253,268,268,268,291,291,291,311,311,311,311,35,35,64,64],"floor_reached":56,"playtime":5918,"items_purged":["Strike_R","Strike_R","Strike_R","Strike_R"],"score":1726,"play_id":"8be5de63-db86-4a00-8813-3345aa5d9efd","local_time":"20201225233308","is_ascension_mode":true,"campfire_choices":[{"data":"Feed","floor":12,"key":"SMITH"},{"data":"Spot Weakness","floor":15,"key":"SMITH"},{"data":"True Grit","floor":25,"key":"SMITH"},{"data":"True Grit","floor":27,"key":"SMITH"},{"data":"expansioncontent:LastStand","floor":32,"key":"SMITH"},{"data":"Heavy Blade","floor":40,"key":"SMITH"},{"floor":44,"key":"RECALL"},{"data":"Rupture","floor":46,"key":"SMITH"},{"data":"Heavy Blade","floor":49,"key":"SMITH"},{"data":"Mayhem","floor":53,"key":"SMITH"}],"circlet_count":0,"master_deck":["Defend_R","Defend_R+1","Defend_R","Defend_R","Bash","Feed+1","Shrug It Off+1","Warcry","Hemokinesis","Cleave","Dropkick","Spot Weakness+1","Heavy Blade+1","Heavy Blade+1","Headbutt","Limit Break+1","Sword Boomerang","True Grit+1","Immolate+1","True Grit+1","expansioncontent:LastStand+1","Offering","Headbutt+1","Rupture+1","Dual Wield+1","Flex+1","Combust","Metallicize+1","Mayhem+1"],"relics":["Black Blood","Hammer of Thor","Seething Fire","Anvil of the Gods","Bronze Scales","Guardian:PocketSentry","OrangePellets","Smiling Mask","Eternal Feather","Ancient Tea Set","HornCleat","Mummified Hand","Lantern","Bag of Marbles","PreservedInsect","Incense Burner","Vajra","Tiny House","CeramicFish","Nunchaku","Strawberry","Pen Nib"],"acts_visited":["Exordium","TheCity","TheBeyond","TheEnding"],"potions_floor_usage":[6,6,14,16,16,23,33,33,35,50,50,55,55],"damage_taken":[{"damage":0,"enemies":"Cultist","floor":1,"turns":2},{"damage":0,"enemies":"Small Slimes","floor":2,"turns":3},{"damage":7,"enemies":"Jaw Worm","floor":3,"turns":2},{"damage":9,"enemies":"Looter","floor":4,"turns":3},{"damage":6,"enemies":"2 Fungi Beasts","floor":5,"turns":2},{"damage":18,"enemies":"Lagavulin","floor":6,"turns":5},{"damage":8,"enemies":"Red Slaver","floor":7,"turns":2},{"damage":21,"enemies":"3 Sentries","floor":8,"turns":6},{"damage":2,"enemies":"Large Slime","floor":10,"turns":4},{"damage":17,"enemies":"Gremlin Nob","floor":11,"turns":3},{"damage":0,"enemies":"Looter","floor":14,"turns":2},{"damage":27,"enemies":"Hexaghost","floor":16,"turns":5},{"damage":32,"enemies":"Chosen","floor":18,"turns":5},{"damage":7,"enemies":"Shell Parasite","floor":21,"turns":3},{"damage":21,"enemies":"Snake Plant","floor":22,"turns":3},{"damage":25,"enemies":"Gremlin Leader","floor":23,"turns":7},{"damage":36,"enemies":"Snecko","floor":24,"turns":5},{"damage":0,"enemies":"Slavers","floor":29,"turns":3},{"damage":12,"enemies":"Champ","floor":33,"turns":7},{"damage":28,"enemies":"3 Darklings","floor":35,"turns":5},{"damage":4,"enemies":"3 Shapes","floor":37,"turns":3},{"damage":37,"enemies":"Spire Growth","floor":39,"turns":5},{"damage":9,"enemies":"Sphere and 2 Shapes","floor":41,"turns":4},{"damage":10,"enemies":"4 Shapes","floor":42,"turns":2},{"damage":5,"enemies":"Jaw Worm Horde","floor":45,"turns":3},{"damage":10,"enemies":"Sphere and 2 Shapes","floor":48,"turns":3},{"damage":90,"enemies":"Time Eater","floor":50,"turns":7},{"damage":8,"enemies":"Shield and Spear","floor":54,"turns":3},{"damage":110,"enemies":"The Heart","floor":55,"turns":8}],"seed_played":"7859855750737212336","potions_obtained":[{"floor":4,"key":"Weak Potion"},{"floor":5,"key":"sneckomod:MuddlingPotion"},{"floor":7,"key":"Strength Potion"},{"floor":8,"key":"BloodPotion"},{"floor":10,"key":"FearPotion"},{"floor":14,"key":"PowerPotion"},{"floor":18,"key":"Weak Potion"},{"floor":24,"key":"CultistPotion"},{"floor":29,"key":"FairyPotion"},{"floor":34,"key":"Slimebound:ThreeZeroPotion"},{"floor":39,"key":"GamblersBrew"},{"floor":42,"key":"sneckomod:MuddlingPotion"},{"floor":45,"key":"Energy Potion"},{"floor":54,"key":"EntropicBrew"}],"is_trial":false,"path_per_floor":["M","M","M","M","M","E","M","E","T","M","E","R","?","M","R","B",null,"M","?","?","M","M","E","M","R","T","R","$","E","$","?","R","B",null,"M","T","M","?","M","R","M","M","T","R","M","R","?","M","R","B",null,"$","R","E","B",null],"character_chosen":"IRONCLAD","items_purchased":["Feed","Bronze Scales","Guardian:PocketSentry","OrangePellets","Bag of Marbles","PreservedInsect","Vajra","expansioncontent:LastStand","Strawberry","Mayhem"],"campfire_rested":0,"item_purchase_floors":[0,0,0,0,28,28,30,30,52,52],"current_hp_per_floor":[83,86,88,85,88,79,80,68,68,75,67,76,17,44,53,32,107,87,87,87,96,87,78,58,70,70,82,82,94,94,94,106,110,128,112,112,120,120,99,114,121,123,123,136,136,136,129,133,133,55,133,140,140,144,46],"gold":64,"neow_bonus":"","is_daily":false,"chose_seed":false,"campfire_upgraded":9,"win_rate":0.0,"timestamp":1608960788,"path_taken":["M","M","M","M","M","E","M","E","T","M","E","R","?","?","R","BOSS","M","?","?","M","M","E","M","R","T","R","$","E","$","?","R","BOSS","M","?","M","?","M","R","M","M","T","R","M","R","?","M","R","BOSS","$","R","E","BOSS"],"items_purchased_type":["Card","Relic","Relic","Relic","Relic","Relic","Relic","Card","Relic","Card"],"build_version":"2020-12-22","purchased_purges":4,"victory":true,"max_hp_per_floor":[83,86,89,89,92,95,98,101,101,104,107,107,107,107,107,107,107,107,107,107,111,111,115,119,119,119,119,119,119,119,119,119,123,128,128,128,128,128,132,132,136,136,136,136,136,136,129,133,133,133,133,140,140,144,144],"relic_stats":{"OrangePellets":[59],"Nunchaku":[4],"counters":[138,488],"Mummified Hand":[67],"Bronze Scales":[502],"CeramicFish":45,"Black Blood":782,"Eternal Feather":82,"PreservedInsect":390,"Pen Nib":[32],"Smiling Mask":440,"obtain_stats":[{"Ice Cream":12,"Tiny House":34,"Gremlin Horn":23,"CeramicFish":36,"Vajra":43,"Hammer of Thor":0,"Ginger":20,"Sling":42,"Boot":34,"Sozu":34,"Blood Vial":25,"Centennial Puzzle":54,"HornCleat":45,"DollysMirror":48,"Strawberry":45,"Toxic Egg 2":8,"Girya":42,"Pear":43,"Oddly Smooth Stone":0,"Eternal Feather":8,"Pen Nib":54,"Guardian:PocketSentry":0,"Question Card":9,"Du-Vu Doll":5,"SlaversCollar":34,"OrangePellets":0,"Bottled Flame":54,"Anvil of the Gods":0,"Shuriken":26,"Bronze Scales":54,"Snecko Eye":17,"Molten Egg 2":0,"Black Star":34,"Nloth\u0027s Gift":21,"Unceasing Top":30,"NlothsMask":22,"Darkstone Periapt":44,"Lantern":23,"Torii":38,"Black Blood":17,"Magic Flower":36,"StoneCalendar":44,"Mango":7,"Bag of Preparation":6,"Juzu Bracelet":31,"Incense Burner":29,"Empty Cage":17,"Ancient Tea Set":23,"Smiling Mask":8,"Burning Blood":0,"ClockworkSouvenir":30,"Nunchaku":54,"Matryoshka":9,"Mummified Hand":40,"Gambling Chip":34,"Pantograph":54,"Chemical X":0,"Cracked Core":0,"Red Skull":13,"Potion Belt":6,"Golden Idol":4,"Thread and Needle":38,"betterThird:NestCultRelic":25,"PreservedInsect":43,"The Courier":14,"Seething Fire":0,"Odd Mushroom":8,"Orichalcum":20,"Frozen Egg 2":20,"Medical Kit":20,"Mercury Hourglass":54,"Calling Bell":34,"Anchor":47,"Ornamental Fan":26,"Orrery":28,"Art of War":40,"Bag of Marbles":28,"Membership Card":4,"Bottled Lightning":37,"Toy Ornithopter":30,"FossilizedHelix":48,"TungstenRod":28},{"Ice Cream":7,"Tiny House":128,"Gremlin Horn":13,"CeramicFish":129,"Vajra":21,"Hammer of Thor":0,"Ginger":69,"Sling":77,"Boot":100,"Sozu":45,"Blood Vial":96,"Centennial Puzzle":26,"HornCleat":22,"DollysMirror":53,"Strawberry":22,"Toxic Egg 2":62,"Girya":77,"Pear":49,"Oddly Smooth Stone":27,"Eternal Feather":117,"Pen Nib":137,"Guardian:PocketSentry":109,"Question Card":62,"Du-Vu Doll":60,"SlaversCollar":74,"OrangePellets":109,"Bottled Flame":80,"Anvil of the Gods":0,"Shuriken":13,"Bronze Scales":55,"Snecko Eye":67,"Molten Egg 2":27,"Black Star":17,"Nloth\u0027s Gift":38,"Unceasing Top":99,"NlothsMask":94,"Darkstone Periapt":77,"Lantern":125,"Torii":77,"Black Blood":36,"Magic Flower":47,"StoneCalendar":21,"Mango":31,"Bag of Preparation":4,"Juzu Bracelet":99,"Incense Burner":127,"Empty Cage":8,"Ancient Tea Set":40,"Smiling Mask":86,"Burning Blood":0,"ClockworkSouvenir":15,"Nunchaku":26,"Matryoshka":5,"Mummified Hand":21,"Gambling Chip":100,"Pantograph":108,"Chemical X":81,"Cracked Core":0,"Red Skull":34,"Potion Belt":61,"Golden Idol":2,"Thread and Needle":20,"betterThird:NestCultRelic":13,"PreservedInsect":21,"The Courier":66,"Seething Fire":0,"Odd Mushroom":5,"Orichalcum":69,"Frozen Egg 2":69,"Medical Kit":69,"Mercury Hourglass":108,"Calling Bell":100,"Anchor":53,"Ornamental Fan":42,"Orrery":42,"Art of War":21,"Bag of Marbles":126,"Membership Card":30,"Bottled Lightning":47,"Toy Ornithopter":15,"FossilizedHelix":24,"TungstenRod":42},{"Ice Cream":17,"Tiny House":446,"Gremlin Horn":34,"CeramicFish":451,"Vajra":53,"Hammer of Thor":0,"Ginger":254,"Sling":285,"Boot":346,"Sozu":141,"Blood Vial":334,"Centennial Puzzle":61,"HornCleat":54,"DollysMirror":183,"Strawberry":54,"Toxic Egg 2":225,"Girya":285,"Pear":169,"Oddly Smooth Stone":65,"Eternal Feather":400,"Pen Nib":480,"Guardian:PocketSentry":376,"Question Card":225,"Du-Vu Doll":214,"SlaversCollar":274,"OrangePellets":376,"Bottled Flame":293,"Anvil of the Gods":0,"Shuriken":34,"Bronze Scales":196,"Snecko Eye":246,"Molten Egg 2":65,"Black Star":45,"Nloth\u0027s Gift":105,"Unceasing Top":340,"NlothsMask":331,"Darkstone Periapt":285,"Lantern":431,"Torii":285,"Black Blood":98,"Magic Flower":151,"StoneCalendar":53,"Mango":81,"Bag of Preparation":13,"Juzu Bracelet":340,"Incense Burner":439,"Empty Cage":22,"Ancient Tea Set":114,"Smiling Mask":312,"Burning Blood":0,"ClockworkSouvenir":40,"Nunchaku":61,"Matryoshka":15,"Mummified Hand":53,"Gambling Chip":346,"Pantograph":371,"Chemical X":300,"Cracked Core":0,"Red Skull":88,"Potion Belt":220,"Golden Idol":5,"Thread and Needle":52,"betterThird:NestCultRelic":34,"PreservedInsect":53,"The Courier":238,"Seething Fire":0,"Odd Mushroom":15,"Orichalcum":254,"Frozen Egg 2":254,"Medical Kit":254,"Mercury Hourglass":371,"Calling Bell":346,"Anchor":183,"Ornamental Fan":124,"Orrery":124,"Art of War":53,"Bag of Marbles":436,"Membership Card":73,"Bottled Lightning":151,"Toy Ornithopter":40,"FossilizedHelix":57,"TungstenRod":124}]},"card_choices":[{"not_picked":["Flex","Perfected Strike"],"picked":"Shrug It Off","floor":1},{"not_picked":["Disarm","Heavy Blade"],"picked":"Warcry","floor":2},{"not_picked":["Exhume","Perfected Strike","Seeing Red"],"picked":"SKIP","floor":3},{"not_picked":["Infernal Blade","True Grit"],"picked":"Hemokinesis","floor":4},{"not_picked":["Clash","Body Slam"],"picked":"Cleave","floor":5},{"not_picked":["Bloodletting","Dual Wield"],"picked":"Warcry","floor":6},{"not_picked":["Twin Strike","Infernal Blade"],"picked":"Dropkick","floor":7},{"not_picked":["Headbutt","Hemokinesis"],"picked":"Spot Weakness","floor":8},{"not_picked":["Exhume","Wild Strike"],"picked":"Heavy Blade","floor":10},{"not_picked":["Clothesline","Armaments"],"picked":"Heavy Blade","floor":11},{"not_picked":["Havoc","Armaments"],"picked":"Headbutt","floor":14},{"not_picked":["Offering","Reaper"],"picked":"Limit Break","floor":16},{"not_picked":["Burning Pact","Perfected Strike+1"],"picked":"Sword Boomerang","floor":18},{"not_picked":["Rampage+1","Perfected Strike","Seeing Red"],"picked":"SKIP","floor":21},{"not_picked":["Pummel","Warcry"],"picked":"True Grit","floor":22},{"not_picked":["Wild Strike+1","Rampage+1"],"picked":"Immolate","floor":23},{"not_picked":["Twin Strike","Iron Wave"],"picked":"True Grit","floor":24},{"not_picked":["Heavy Blade","Wild Strike+1","Havoc"],"picked":"SKIP","floor":29},{"not_picked":["Berserk","Immolate"],"picked":"Offering","floor":33},{"not_picked":["Clash","Warcry+1"],"picked":"Headbutt+1","floor":34},{"not_picked":["Ghostly Armor","Anger"],"picked":"Rupture","floor":35},{"not_picked":["Sever Soul+1","Clothesline+1"],"picked":"Dual Wield+1","floor":37},{"not_picked":["Heavy Blade","True Grit","Twin Strike+1"],"picked":"SKIP","floor":39},{"not_picked":["Cleave","Dropkick"],"picked":"Flex+1","floor":41},{"not_picked":["Disarm+1","Power Through","Burning Pact"],"picked":"SKIP","floor":42},{"not_picked":["Rage","Second Wind"],"picked":"Combust","floor":45},{"not_picked":["Armaments+1","Sword Boomerang"],"picked":"Metallicize+1","floor":48},{"not_picked":["Fiend Fire","Iron Wave","Havoc+1"],"picked":"SKIP","floor":54}],"player_experience":326958,"relics_obtained":[{"floor":6,"key":"Smiling Mask"},{"floor":8,"key":"Eternal Feather"},{"floor":9,"key":"Ancient Tea Set"},{"floor":11,"key":"HornCleat"},{"floor":23,"key":"Lantern"},{"floor":29,"key":"Incense Burner"},{"floor":36,"key":"CeramicFish"},{"floor":43,"key":"Nunchaku"},{"floor":54,"key":"Pen Nib"}],"event_choices":[{"damage_healed":0,"gold_gain":0,"player_choice":"RE UP UP ","damage_taken":65,"relics_obtained":["Mummified Hand"],"max_hp_gain":0,"max_hp_loss":0,"event_name":"betterSkull:BetterSkull","floor":13,"gold_loss":0,"cards_upgraded":["Shrug It Off","Defend_R"]},{"cards_removed":["Strike_R"],"damage_healed":0,"gold_gain":0,"player_choice":"Purged","damage_taken":0,"max_hp_gain":0,"max_hp_loss":0,"event_name":"Purifier","floor":19,"gold_loss":0},{"damage_healed":0,"gold_gain":0,"player_choice":"Upgraded","damage_taken":0,"max_hp_gain":0,"max_hp_loss":0,"event_name":"Upgrade Shrine","floor":20,"gold_loss":0,"cards_upgraded":["Limit Break"]},{"cards_removed":["Feed"],"damage_healed":0,"gold_gain":0,"player_choice":"Give","damage_taken":0,"max_hp_gain":0,"max_hp_loss":0,"event_name":"betterNote:BetterNote","floor":31,"gold_loss":0,"cards_obtained":["Slimebound:Darklings"]},{"cards_removed":["Warcry"],"damage_healed":0,"gold_gain":0,"player_choice":"Removed Skill","damage_taken":0,"max_hp_gain":0,"max_hp_loss":0,"event_name":"Falling","floor":38,"gold_loss":0},{"damage_healed":0,"gold_gain":0,"player_choice":"Max HP","damage_taken":0,"max_hp_gain":0,"max_hp_loss":7,"event_name":"Winding Halls","floor":47,"gold_loss":0}],"is_beta":false,"boss_relics":[{"not_picked":["Astrolabe","Fusion Hammer"],"picked":"Black Blood"},{"not_picked":["Velvet Choker","Black Star"],"picked":"Tiny House"}],"items_purged_floors":[0,0,28,52],"is_endless":false,"potions_floor_spawned":[4,5,7,8,10,14,18,24,29,39,42,45,54],"ascension_level":4}}