{"host":"h5acbxt0wmjo1kpm","time":1608954395,"event":{"mods":["2.2 Compatiblity","Act Like it!","AlwaysNeverKeys","Aspiration","Bartender","BaseMod","Better Third Choice","Colored Map","Elementarium","Gensokyo","GifTheSpireLib","Hallownest","Marisa????????","Minty Spire (QoL Compilation)","Permanent Neow","Potionbrewer","Relic Filter","Replay The Spire","Robot Space Explorer","RumiaBox-????????","Shade Mod","Spicy Shops","StSLib","Strawberry Spire","The Blackbeard","The Dragon Tamer","The Forsaken","The Gatherer","The Problem Sleuth","The Servant 0.9.4","Wandering Minibosses","vexMod"],"gold_per_floor":[116,4,53,53,53,82,12,12,12,47,64,31,66,55,55,156,156,168,119,119,119,43,43,43],"floor_reached":23,"playtime":1412,"items_purged":[],"score":290,"play_id":"d0d17048-437c-4304-8ef8-5e5809738391","local_time":"20201225194635","is_ascension_mode":true,"campfire_choices":[{"data":"Beat_Rush","floor":8,"key":"SMITH"}],"circlet_count":0,"master_deck":["AscendersBane","Strike_Bartender","Strike_Bartender+1","Strike_Bartender","Strike_Bartender","Defend_Bartender","Defend_Bartender","Defend_Bartender","Defend_Bartender","Somersault","Bicycle_Kick+1","Beat_Rush+1","Beat_Rush","Foot_Thrust","Well_Drinks","Bouncer","OpoOpo_Form+1","Combo_Master","Moonsault_Kick","Feint","OpoOpo_Form","OpoOpo_Form","Pot Of Greed","Pot Of Greed"],"relics":["Sneakers","aspiration:DSix","aspiration:ChemicalBlood","Eternal Feather","strawberrySpire:TinySteamboat","Gensokyo:YoukaiFlower","Omamori","vexMod:MemoryStick","Bag of Preparation","SacredBark","HornCleat","Grinning Jar"],"acts_visited":["Gensokyo:Gensokyo","Gensokyo:Gensokyoer"],"potions_floor_usage":[13,13,16,18,18,23,23],"damage_taken":[{"damage":2,"enemies":"Gensokyo:Python","floor":1,"turns":4},{"damage":15,"enemies":"Gensokyo:Mamizou","floor":6,"turns":7},{"damage":3,"enemies":"Gensokyo:Aya","floor":10,"turns":4},{"damage":0,"enemies":"Gensokyo:Gryphon","floor":11,"turns":3},{"damage":6,"enemies":"Gensokyo:Mamizou","floor":13,"turns":6},{"damage":3,"enemies":"Gensokyo:2_Kodama","floor":14,"turns":6},{"damage":8,"enemies":"Gensokyo:Kokoro","floor":16,"turns":10},{"damage":27,"enemies":"Gensokyo:3_Dogs","floor":18,"turns":5},{"damage":37,"enemies":"Gensokyo:Tenshi","floor":23,"turns":3}],"seed_played":"-5224489641550995831","potions_obtained":[{"floor":3,"key":"Reflective Coating"},{"floor":6,"key":"Explosive Potion"},{"floor":11,"key":"PowerPotion"},{"floor":13,"key":"GamblersBrew"},{"floor":13,"key":"Reflective Coating"},{"floor":14,"key":"LifebloodPotion"}],"is_trial":false,"path_per_floor":["M","$","?","?","?","E","?","R","T","E","M","$","E","M","R_BF","B",null,"M","$","?","?","$","E"],"character_chosen":"BARTENDER","items_purchased":["Beat_Rush","OpoOpo_Form","OpoOpo_Form","Grinning Jar"],"campfire_rested":0,"item_purchase_floors":[2,12,19,22],"current_hp_per_floor":[61,61,44,44,44,29,29,35,35,32,32,32,26,23,53,45,64,37,37,37,37,37,0,0],"gold":43,"neow_bonus":"DSIX","is_daily":false,"chose_seed":false,"campfire_upgraded":1,"win_rate":0.0,"timestamp":1608954395,"path_taken":["M","$","?","?","?","E","?","R","T","E","M","?","E","?","R_BF","BOSS","M","$","?","?","?","E"],"items_purchased_type":["Card","Card","Card","Relic"],"build_version":"2020-12-22","purchased_purges":0,"victory":false,"max_hp_per_floor":[70,70,70,70,70,70,70,70,70,70,70,70,70,70,70,70,70,70,70,65,65,65,65,65],"card_choices":[{"not_picked":["Dragonkick","Pony_Shot"],"picked":"Bicycle_Kick","floor":1},{"not_picked":["Ripple","Raptor_Form"],"picked":"RockBreaker","floor":3},{"not_picked":["On_The_House","Cross"],"picked":"Foot_Thrust","floor":6},{"not_picked":["Meteodrive","Rope_A_Dope"],"picked":"Well_Drinks","floor":10},{"not_picked":["On_The_Rocks","Cross"],"picked":"Bouncer","floor":11},{"not_picked":["Dragonkick","Power_Up_Punch"],"picked":"Combo_Master","floor":13},{"not_picked":["Sucker_Punch","Stick_and_Move","Ripple"],"picked":"SKIP","floor":14},{"not_picked":["Windup","Combo_Master"],"picked":"Moonsault_Kick","floor":16},{"not_picked":["Center_Self","ThreeSidedStar"],"picked":"Feint","floor":18}],"player_experience":1944927,"relics_obtained":[{"floor":1,"key":"aspiration:ChemicalBlood"},{"floor":1,"key":"Eternal Feather"},{"floor":3,"key":"strawberrySpire:TinySteamboat"},{"floor":6,"key":"Omamori"},{"floor":10,"key":"vexMod:MemoryStick"},{"floor":13,"key":"Bag of Preparation"}],"event_choices":[],"is_beta":false,"boss_relics":[{"not_picked":["Sozu","vexMod:NewClearReactor"],"picked":"SacredBark"}],"items_purged_floors":[],"is_endless":false,"potions_floor_spawned":[6,11,13,14],"killed_by":"Gensokyo:Tenshi","ascension_level":10}}