{"host":"0cnf9zf1gia27zti","time":1608986464,"event":{"mods":["BaseMod","BetterRewards","Card Forge","Colored Map","Colored Powertips","Conspire","Downfall","Minty Spire (QoL Compilation)","Practice Mode","Quick Restart","Replay The Spire","Robot Space Explorer","Shade Mod","Spicy Shops","StSLib"],"gold_per_floor":[112,112,130,54,96,96,171,96,145,60,76,0,12,44,44,122,122,141,157,157,157,157,157,41,57,74,74,74],"floor_reached":27,"playtime":4118,"items_purged":["Strike_B"],"score":430,"play_id":"f537d3e9-d306-4837-9cec-2c14eb3bae55","local_time":"20201226124104","is_ascension_mode":true,"campfire_choices":[{"floor":6,"key":"REST"},{"floor":15,"key":"REST"}],"circlet_count":0,"master_deck":["AscendersBane","Strike_B","Defend_B","Defend_B","Defend_B","Defend_B","Zap","Dualcast","Gash","Gash","Beam Cell","Conserve Battery","Secret Technique","Gash","FTL+1","Scrape+1","Rebound+1","Gash+1","Sweeping Beam+1","Sweeping Beam+1","Go for the Eyes+1","Gash+1","Sweeping Beam+1","Go for the Eyes+1","Echo Form+1","Gash+1","Scrape+1","Reinforced Body","Reprogram"],"relics":["Cracked Core","Hammer of Thor","Seething Fire","Anvil of the Gods","Replay:Wax Seal","Molten Egg 2","Replay:Baseball","InkBottle","Akabeko","conspire:IceCreamScoop","Empty Cage","CultistMask"],"acts_visited":["Exordium","TheCity"],"potions_floor_usage":[11,14],"damage_taken":[{"damage":5,"enemies":"Jaw Worm","floor":1,"turns":3},{"damage":9,"enemies":"2 Louse","floor":3,"turns":2},{"damage":0,"enemies":"Cultist","floor":10,"turns":2},{"damage":12,"enemies":"3 Louse","floor":11,"turns":3},{"damage":1,"enemies":"Blue Slaver","floor":13,"turns":2},{"damage":8,"enemies":"Gremlin Nob","floor":14,"turns":3},{"damage":4,"enemies":"Fading Forest","floor":16,"turns":11},{"damage":0,"enemies":"Spheric Guardian","floor":18,"turns":3},{"damage":0,"enemies":"3 Byrds","floor":19,"turns":2},{"damage":14,"enemies":"Shelled Parasite and Fungi","floor":25,"turns":2},{"damage":18,"enemies":"Snake Plant","floor":26,"turns":3},{"damage":29,"enemies":"Slavers","floor":27,"turns":1}],"seed_played":"-89546032064012767","potions_obtained":[{"floor":5,"key":"LiquidBronze"},{"floor":11,"key":"SkillPotion"},{"floor":13,"key":"SteroidPotion"}],"is_trial":false,"path_per_floor":["M","?","M","$","?","R","?","$","T","M","M","$","M","E","R","B",null,"M","M","$","PTL","PTL","?","$","M","M","E"],"character_chosen":"DEFECT","items_purchased":["Replay:Wax Seal","Gash","Beam Cell","Conserve Battery","Secret Technique","Gash","Molten Egg 2","FTL+1","Gash+1","Sweeping Beam+1","Gash+1","Scrape+1","Reinforced Body"],"campfire_rested":2,"item_purchase_floors":[0,0,0,0,0,0,0,0,4,4,12,24,24],"current_hp_per_floor":[59,54,45,45,17,38,27,27,27,27,15,15,14,6,27,31,61,61,61,61,61,61,61,61,47,29,0,0],"gold":74,"neow_bonus":"","is_daily":false,"chose_seed":false,"campfire_upgraded":0,"win_rate":0.0,"timestamp":1608986464,"path_taken":["M","?","M","$","?","R","?","$","T","M","M","?","M","E","R","BOSS","M","M","$","PTL","PTL","?","$","?","M","E"],"items_purchased_type":["Relic","Card","Card","Card","Card","Card","Relic","Card","Card","Card","Card","Card","Card"],"build_version":"2020-12-22","purchased_purges":1,"victory":false,"max_hp_per_floor":[71,71,71,71,71,71,71,71,71,71,71,71,71,71,71,71,71,71,71,71,71,71,71,71,71,71,71,71],"card_choices":[{"not_picked":["Steam Power","Stack"],"picked":"Scrape+1","floor":1},{"not_picked":["White Noise","Genetic Algorithm"],"picked":"Rebound+1","floor":3},{"not_picked":["ReplayTheSpireMod:Dual Polarity","Turbo"],"picked":"Sweeping Beam+1","floor":5},{"not_picked":["Crystallizer","Blizzard+1"],"picked":"Go for the Eyes+1","floor":10},{"not_picked":["Rip and Tear+1","Storm","Crystallizer"],"picked":"SKIP","floor":11},{"not_picked":["Cold Snap+1","ReplayTheSpireMod:Calculation Training"],"picked":"Sweeping Beam+1","floor":13},{"not_picked":["ReplaySolidLightProjector","Redo"],"picked":"Go for the Eyes+1","floor":14},{"not_picked":["Thunder Strike+1","ReplayRNGCard"],"picked":"Echo Form","floor":16},{"not_picked":["Stack","Conserve Battery","BasicCrystalCard"],"picked":"SKIP","floor":18},{"not_picked":["Rainbow","Compile Driver+1"],"picked":"Gash+1","floor":19},{"not_picked":["Streamline+1","Static Discharge"],"picked":"Reprogram","floor":25},{"not_picked":["Static Discharge","Coolheaded","Stack"],"picked":"SKIP","floor":26}],"player_experience":2524797,"relics_obtained":[{"floor":5,"key":"InkBottle"},{"floor":9,"key":"Akabeko"},{"floor":14,"key":"conspire:IceCreamScoop"}],"event_choices":[{"damage_healed":0,"gold_gain":0,"player_choice":"Success","damage_taken":5,"relics_obtained":["Replay:Baseball"],"max_hp_gain":0,"max_hp_loss":0,"event_name":"Scrap Ooze","floor":2,"gold_loss":0},{"damage_healed":0,"gold_gain":75,"player_choice":"Gather Gold","damage_taken":11,"max_hp_gain":0,"max_hp_loss":0,"event_name":"World of Goop","floor":7,"gold_loss":0},{"damage_healed":0,"gold_gain":0,"player_choice":"Trade","damage_taken":0,"relics_obtained":["CultistMask"],"max_hp_gain":0,"max_hp_loss":0,"event_name":"FaceTrader","floor":23,"gold_loss":0}],"is_beta":false,"boss_relics":[{"not_picked":["SacredBark","Ring of Chaos"],"picked":"Empty Cage"}],"items_purged_floors":[8],"is_endless":false,"potions_floor_spawned":[11,13],"killed_by":"Slavers","ascension_level":18}}