{"host":"8a3g9edf69u3epoz","time":1608974020,"event":{"mods":["BaseMod","Minty Spire (QoL Compilation)","MostiFishMod","Relic Stats","Remilia（蕾米莉亚）","StSLib","TestMod","UnlockEverythingMod","WarShipGirlsR/战舰少女R mod"],"gold_per_floor":[119,166,178,193,193,221,237,263,287,297,134,146,96,124,124,201,201,215,233,433,453,472,498,498,534,534,534,572,591,602,512,512,592,610,624,624,638,638,588,622,622,651,704,732,782,798,808,833,833,833,833,833,833,232,271,271],"floor_reached":57,"playtime":5307,"items_purged":["Strike_R","Strike_R","Strike_R"],"score":3619,"play_id":"8a18ff92-558f-4e7e-83d9-4ac8e867f8b0","local_time":"20201226171340","is_ascension_mode":true,"campfire_choices":[{"data":"MostiFishMod:SephirahHod","floor":15,"key":"SMITH"},{"floor":24,"key":"REST"},{"floor":27,"key":"RECALL"},{"floor":32,"key":"REST"},{"data":"MostiFishMod:404NotFound","floor":41,"key":"SMITH"},{"floor":49,"key":"REST"},{"floor":53,"key":"REST"}],"circlet_count":0,"master_deck":["AscendersBane","Strike_R","Strike_R","Defend_R","Defend_R","Defend_R","Defend_R","Bash","MostiFishMod:SephirahHod+1","Hemokinesis","Cleave","Inflame","Thunderclap","Spot Weakness","MostiFishMod:RacingGame","Infernal Blade","Whirlwind","Pummel","MostiFishMod:404NotFound+1","MostiFishMod:FrostNova","MostiFishMod:WinterMarkForm","MostiFishMod:HellRitual"],"relics":["Burning Blood","testmod-TestBox","MostiFishMod:Hod","testmod-Déjàvu","NeowsBlessing","SynthV:TestCard","Pen Nib","Smiling Mask","Vajra","MealTicket","Oddly Smooth Stone","DianPoetry","ChiXiaoBlade","Orichalcum","CeramicFish","Potion Belt","testmod-Muramasa","Bag of Preparation","FrostBlade","DaveBox","EGODaCapo","Happy Flower","testmod-OneHitWonder","testmod-IndustrialRevolution","ImprovedEquipment","testmod-Alchemist","Unceasing Top","testmod-ArcanaOfDestiny","testmod-BalancedPeriapt","Red Skull"],"acts_visited":["Exordium","TheCity","TheBeyond","TheEnding"],"potions_floor_usage":[40],"damage_taken":[{"damage":0.0,"enemies":"Cultist","floor":1.0,"turns":1.0},{"damage":0.0,"enemies":"Small Slimes","floor":3.0,"turns":1.0},{"damage":0.0,"enemies":"2 Louse","floor":4.0,"turns":1.0},{"damage":16.0,"enemies":"Lagavulin","floor":6.0,"turns":3.0},{"damage":14.0,"enemies":"Red Slaver","floor":7.0,"turns":2.0},{"damage":2.0,"enemies":"Gremlin Nob","floor":8.0,"turns":2.0},{"damage":13.0,"enemies":"Blue Slaver","floor":10.0,"turns":2.0},{"damage":0.0,"enemies":"Exordium Thugs","floor":12.0,"turns":2.0},{"damage":8,"enemies":"Lagavulin","floor":14,"turns":3},{"damage":4,"enemies":"Slime Boss","floor":16,"turns":2},{"damage":4,"enemies":"3 Byrds","floor":18,"turns":2},{"damage":15,"enemies":"Shell Parasite","floor":19,"turns":2},{"damage":6,"enemies":"Sentry and Sphere","floor":21,"turns":3},{"damage":27,"enemies":"Centurion and Healer","floor":22,"turns":3},{"damage":13,"enemies":"Slavers","floor":23,"turns":2},{"damage":8,"enemies":"Book of Stabbing","floor":25,"turns":3},{"damage":14,"enemies":"Slavers","floor":28,"turns":2},{"damage":7,"enemies":"Shelled Parasite and Fungi","floor":29,"turns":2},{"damage":0,"enemies":"Snecko","floor":30,"turns":2},{"damage":15,"enemies":"Collector","floor":33,"turns":3},{"damage":0,"enemies":"3 Darklings","floor":35,"turns":1},{"damage":0,"enemies":"Orb Walker","floor":37,"turns":2},{"damage":0,"enemies":"Reptomancer","floor":40,"turns":2},{"damage":0,"enemies":"Nemesis","floor":42,"turns":1},{"damage":0,"enemies":"Reptomancer","floor":44,"turns":1},{"damage":0,"enemies":"2 Orb Walkers","floor":45,"turns":2},{"damage":0,"enemies":"Sphere and 2 Shapes","floor":46,"turns":1},{"damage":0,"enemies":"Jaw Worm Horde","floor":47,"turns":1},{"damage":0,"enemies":"Mind Bloom Boss Battle","floor":48,"turns":2},{"damage":0,"enemies":"Time Eater","floor":50,"turns":2},{"damage":0,"enemies":"Awakened One","floor":51,"turns":2},{"damage":0,"enemies":"Shield and Spear","floor":55,"turns":2},{"damage":2,"enemies":"The Heart","floor":56,"turns":3}],"seed_played":"-2970708523829346995","potions_obtained":[{"floor":4.0,"key":"AttackPotion"},{"floor":6.0,"key":"Dexterity Potion"},{"floor":8.0,"key":"PowerPotion"},{"floor":29,"key":"Swift Potion"},{"floor":40,"key":"testmod-SpacePotion"},{"floor":47,"key":"Strength Potion"}],"is_trial":false,"path_per_floor":["M","T","M","M","?","E","M","E","T","M","$","M","$","E","R","B",null,"M","M","?","M","M","E","R","E","T","R","E","M","M","?","R","B",null,"M","?","M","?","$","E","R","E","T","E","?","M","M","?","R","B","B",null,"R","$","E","B",null],"character_chosen":"IRONCLAD","items_purchased":["Oddly Smooth Stone","testmod-ArcanaOfDestiny","testmod-BalancedPeriapt"],"campfire_rested":4,"item_purchase_floors":[11,54,54],"current_hp_per_floor":[74,74,75,75,57,47,39,43,43,36,51,57,72,70,70,72,74,75,66,66,66,45,38,60,58,58,58,50,49,55,55,75,66,73,75,75,75,75,75,75,75,75,75,75,75,75,75,75,75,75,75,75,75,75,75,75],"gold":271,"neow_bonus":"THREE_ENEMY_KILL","is_daily":false,"chose_seed":false,"campfire_upgraded":2,"win_rate":0.0,"timestamp":1608974020,"path_taken":["M","?","M","M","?","E","M","E","T","M","$","M","$","E","R","BOSS","M","M","?","M","?","E","R","E","T","R","E","M","M","?","R","BOSS","M","?","?","?","$","E","R","E","T","E","?","M","M","?","R","BOSS","BOSS","R","$","E","BOSS"],"items_purchased_type":["Relic","Relic","Relic"],"build_version":"2020-12-22","purchased_purges":3,"victory":true,"max_hp_per_floor":[75,75,75,75,75,75,75,75,75,75,75,75,75,75,75,75,75,75,75,75,75,75,75,75,75,75,75,75,75,75,75,75,75,75,75,75,75,75,75,75,75,75,75,75,75,75,75,75,75,75,75,75,75,75,75,75],"relic_stats":{"Happy Flower":[5],"counters":[33,65],"CeramicFish":54,"MealTicket":30,"Pen Nib":[16],"Bag of Preparation":[28],"Orichalcum":[30],"Smiling Mask":150,"obtain_stats":[{"DaveBox":0,"DianPoetry":14,"CeramicFish":25,"Vajra":6,"Bag of Preparation":31,"Smiling Mask":5,"Burning Blood":0,"testmod-Alchemist":45,"MealTicket":8,"testmod-Déjàvu":0,"testmod-ArcanaOfDestiny":54,"Red Skull":55,"Potion Belt":26,"MostiFishMod:Hod":0,"testmod-Muramasa":28,"testmod-TestBox":0,"NeowsBlessing":0,"Happy Flower":40,"ImprovedEquipment":44,"Oddly Smooth Stone":11,"Pen Nib":2,"Orichalcum":23,"testmod-IndustrialRevolution":43,"FrostBlade":34,"SynthV:TestCard":1,"EGODaCapo":38,"ChiXiaoBlade":17,"testmod-BalancedPeriapt":54,"testmod-OneHitWonder":42,"Unceasing Top":48},{"DaveBox":0,"DianPoetry":9,"CeramicFish":16,"Vajra":4,"Bag of Preparation":19,"Smiling Mask":3,"Burning Blood":0,"testmod-Alchemist":26,"MealTicket":6,"testmod-Déjàvu":0,"testmod-ArcanaOfDestiny":31,"Red Skull":32,"Potion Belt":16,"MostiFishMod:Hod":0,"testmod-Muramasa":17,"testmod-TestBox":0,"NeowsBlessing":0,"Happy Flower":23,"ImprovedEquipment":25,"Oddly Smooth Stone":7,"Pen Nib":1,"Orichalcum":15,"testmod-IndustrialRevolution":24,"FrostBlade":20,"SynthV:TestCard":1,"EGODaCapo":22,"ChiXiaoBlade":10,"testmod-BalancedPeriapt":31,"testmod-OneHitWonder":24,"Unceasing Top":29},{"DaveBox":0,"DianPoetry":17,"CeramicFish":34,"Vajra":6,"Bag of Preparation":40,"Smiling Mask":3,"Burning Blood":0,"testmod-Alchemist":52,"MealTicket":10,"testmod-Déjàvu":0,"testmod-ArcanaOfDestiny":60,"Red Skull":62,"Potion Belt":34,"MostiFishMod:Hod":0,"testmod-Muramasa":36,"testmod-TestBox":0,"NeowsBlessing":0,"Happy Flower":48,"ImprovedEquipment":50,"Oddly Smooth Stone":12,"Pen Nib":1,"Orichalcum":31,"testmod-IndustrialRevolution":49,"FrostBlade":43,"SynthV:TestCard":1,"EGODaCapo":46,"ChiXiaoBlade":19,"testmod-BalancedPeriapt":60,"testmod-OneHitWonder":49,"Unceasing Top":56}],"Burning Blood":112,"Unceasing Top":[0]},"card_choices":[{"not_picked":["Perfected Strike","Anger"],"picked":"Hemokinesis","floor":1.0},{"not_picked":["Reckless Charge","Perfected Strike","Iron Wave","Twin Strike"],"picked":"Cleave","floor":3.0},{"not_picked":["Clash","Headbutt","MostiFishMod:BrandingRite","Combust"],"picked":"Inflame","floor":4.0},{"not_picked":["Body Slam","Hemokinesis","Sword Boomerang","Sever Soul"],"picked":"Thunderclap","floor":6.0},{"not_picked":["Body Slam","Headbutt","Searing Blow","MostiFishMod:NewArrival","Heavy Blade"],"picked":"SKIP","floor":7.0},{"not_picked":["Battle Trance","Flex","Sentinel","Anger","Twin Strike"],"picked":"SKIP","floor":8.0},{"not_picked":["Shrug It Off","Twin Strike","Perfected Strike","Evolve","True Grit"],"picked":"SKIP","floor":10.0},{"not_picked":["Sword Boomerang","Warcry","Dual Wield","Uppercut"],"picked":"Spot Weakness","floor":12.0},{"not_picked":["Heavy Blade","Clash","Shrug It Off","Feed","Clothesline"],"picked":"SKIP","floor":14},{"not_picked":["Limit Break","MostiFishMod:FlyOverUtopia","MostiFishMod:ChineseTea","Feed"],"picked":"MostiFishMod:RacingGame","floor":16},{"not_picked":["Shockwave","Entrench","Twin Strike","Bloodletting"],"picked":"Infernal Blade","floor":18},{"not_picked":["Metallicize","Flex","Pommel Strike","Clothesline","Anger"],"picked":"SKIP","floor":19},{"not_picked":["Shockwave","Intimidate","Sentinel","Inflame","Havoc"],"picked":"SKIP","floor":21},{"not_picked":["Shrug It Off+1","Flex","Clothesline","MostiFishMod:Mania","Thunderclap"],"picked":"SKIP","floor":22},{"not_picked":["Rage","Shrug It Off","Perfected Strike+1","Thunderclap+1","Disarm"],"picked":"SKIP","floor":23},{"not_picked":["Power Through","Rage","Body Slam","Cleave"],"picked":"Whirlwind","floor":25},{"not_picked":["True Grit","Pommel Strike+1","Metallicize+1","Rampage"],"picked":"Pummel","floor":28},{"not_picked":["Clash","Thunderclap+1","Twin Strike","Body Slam","Iron Wave"],"picked":"SKIP","floor":29},{"not_picked":["True Grit+1","Cleave","Offering","Clothesline","Wild Strike"],"picked":"SKIP","floor":30},{"not_picked":["MostiFishMod:DarkDeal","Bludgeon","Impervious","MostiFishMod:ChineseTea"],"picked":"MostiFishMod:404NotFound","floor":33},{"not_picked":["Clash","Armaments","Searing Blow","Twin Strike+1","Warcry"],"picked":"SKIP","floor":35},{"not_picked":["Sword Boomerang","Clash","Burning Pact","Clothesline","Immolate"],"picked":"SKIP","floor":37},{"not_picked":["Feel No Pain","Hemokinesis","MostiFishMod:#F4004","Twin Strike","Brutality"],"picked":"SKIP","floor":40},{"not_picked":["Iron Wave","Pommel Strike+1","Thunderclap","Cleave","MostiFishMod:#F4004"],"picked":"SKIP","floor":42},{"not_picked":["Havoc","Hemokinesis","Thunderclap","Armaments","Cleave"],"picked":"SKIP","floor":44},{"not_picked":["Hemokinesis","Searing Blow","Heavy Blade","Anger+1","Shrug It Off"],"picked":"SKIP","floor":46},{"not_picked":["Body Slam+1","Perfected Strike","Shrug It Off+1","Burning Pact","Searing Blow"],"picked":"SKIP","floor":47},{"not_picked":["Sever Soul","Pummel+1","Blood for Blood","Shockwave"],"picked":"MostiFishMod:HellRitual","floor":55}],"player_experience":91845,"relics_obtained":[{"floor":1.0,"key":"SynthV:TestCard"},{"floor":2.0,"key":"Pen Nib"},{"floor":6.0,"key":"Vajra"},{"floor":8.0,"key":"MealTicket"},{"floor":14,"key":"DianPoetry"},{"floor":23,"key":"Orichalcum"},{"floor":25,"key":"CeramicFish"},{"floor":26,"key":"Potion Belt"},{"floor":28,"key":"testmod-Muramasa"},{"floor":40,"key":"Happy Flower"},{"floor":42,"key":"testmod-OneHitWonder"},{"floor":43,"key":"testmod-IndustrialRevolution"},{"floor":44,"key":"ImprovedEquipment"},{"floor":45,"key":"testmod-Alchemist"},{"floor":48,"key":"Unceasing Top"},{"floor":55,"key":"Red Skull"}],"event_choices":[{"damage_healed":0.0,"max_hp_gain":0.0,"max_hp_loss":0.0,"gold_gain":0.0,"event_name":"Scrap Ooze","player_choice":"Success","floor":5.0,"gold_loss":0.0,"damage_taken":18.0,"relics_obtained":["Smiling Mask"]},{"damage_healed":0,"gold_gain":250,"player_choice":"Bet on Owner","damage_taken":0,"max_hp_gain":0,"max_hp_loss":0,"event_name":"The Joust","floor":20,"gold_loss":50},{"damage_healed":0,"gold_gain":0,"player_choice":"Paid Gold","damage_taken":0,"relics_obtained":["Bag of Preparation"],"max_hp_gain":0,"max_hp_loss":0,"event_name":"WeMeetAgain","floor":31,"gold_loss":90},{"damage_healed":0,"gold_gain":0,"player_choice":"0 cards matched","damage_taken":0,"max_hp_gain":0,"max_hp_loss":0,"event_name":"Match and Keep!","floor":36,"gold_loss":0,"cards_obtained":[]},{"damage_healed":0,"gold_gain":0,"player_choice":"Swap Relic","damage_taken":0,"relics_obtained":["DaveBox"],"max_hp_gain":0,"max_hp_loss":0,"event_name":"给自己的盒子","floor":38,"relics_lost":["DaveBox"],"gold_loss":0},{"damage_healed":0,"gold_gain":0,"player_choice":"Fight","damage_taken":0,"max_hp_gain":0,"max_hp_loss":0,"event_name":"Mysterious Sphere","floor":45,"gold_loss":0},{"damage_healed":0,"gold_gain":0,"player_choice":"Fight","damage_taken":0,"max_hp_gain":0,"max_hp_loss":0,"event_name":"MindBloom","floor":48,"gold_loss":0}],"is_beta":false,"boss_relics":[{"not_picked":["Pandora\u0027s Box","Velvet Choker"],"picked":"ChiXiaoBlade"},{"not_picked":["Snecko Eye","GreenFoldingFan"],"picked":"FrostBlade"}],"items_purged_floors":[13,39,54],"is_endless":false,"potions_floor_spawned":[4,6,8,10,16,23,25,29,40,47],"ascension_level":20}}