{"host":"7k2a2omxz3voj5ax","time":1608997663,"event":{"mods":["BaseMod","Marisa£¨ìFÓê¡¡Ä§ÀíÉ³£©","Minty Spire (QoL Compilation)","Quick Restart","Spicy Shops","StSLib","Starting Relic: Pandora\u0027s Box","óô»ðÖ¸ÄÏ"],"gold_per_floor":[33,48,48,48,48,96,125,1644,1644,1671,2013,2145,2157,2174,1797,1885,1885,1913,1913,1838,1838,1453,1481,1481,1525,1525,1179,1179,1193,1224,1224,835,912,912,922,922,922,942,942,976,976,976,1003,1003,1021,1055,1084,1125,1137,1149,1161,1173,470,196,224,224],"floor_reached":57,"playtime":1701,"items_purged":["MasterSpark","DoubleSpark","BinaryStars+1"],"score":3658,"play_id":"3e744cf1-4649-487c-8951-ad8b75c14bb3","local_time":"20201227004743","is_ascension_mode":true,"campfire_choices":[{"data":"BlazingStar","floor":24.0,"key":"SMITH"},{"data":"EscapeVelocity","floor":42.0,"key":"SMITH"},{"floor":44.0,"key":"RECALL"},{"data":"OrrerysSun","floor":49.0,"key":"SMITH"}],"circlet_count":0,"master_deck":["AscendersBane","Singularity","AsteroidBelt","WitchLeyline+1","BlazingStar+1","WitchLeyline+1","EscapeVelocity+1","BlazeAway+1","MillisecondPulsars","OrrerysSun+1"],"relics":["MiniHakkero","Pocketwatch","Shuriken","Bronze Scales","Mummified Hand","Calipers","Gremlin Horn","Old Coin","Sundial","Calling Bell","MagicBroom","The Courier","Vajra","Enchiridion","PreservedInsect","Lee\u0027s Waffle","Ancient Tea Set","Blood Vial","Singing Bowl","Medical Kit","Toxic Egg 2","Toy Ornithopter","Membership Card","Omamori","Incense Burner","Black Star","Blue Candle","Kunai","Anchor","Smiling Mask","MawBank","Whetstone","Darkstone Periapt","Pear","SimpleLauncher","Bag of Preparation","Unceasing Top","SproutingBranch","FossilizedHelix","Torii","Pantograph","Ice Cream","HornCleat","Ornamental Fan"],"acts_visited":["Exordium","TheCity","TheBeyond","TheEnding"],"potions_floor_usage":[],"damage_taken":[{"damage":0.0,"enemies":"Cultist","floor":1.0,"turns":2.0},{"damage":0.0,"enemies":"2 Louse","floor":2.0,"turns":2.0},{"damage":16.0,"enemies":"3 Sentries","floor":6.0,"turns":3.0},{"damage":14.0,"enemies":"Jaw Worm","floor":7.0,"turns":2.0},{"damage":0.0,"enemies":"Blue Slaver","floor":10.0,"turns":1.0},{"damage":0.0,"enemies":"Gremlin Nob","floor":11.0,"turns":2.0},{"damage":5.0,"enemies":"The Mushroom Lair","floor":12.0,"turns":2.0},{"damage":0.0,"enemies":"Exordium Wildlife","floor":13.0,"turns":1.0},{"damage":2.0,"enemies":"Large Slime","floor":14.0,"turns":2.0},{"damage":0.0,"enemies":"Slime Boss","floor":16.0,"turns":3.0},{"damage":2.0,"enemies":"3 Byrds","floor":18.0,"turns":2.0},{"damage":22.0,"enemies":"Slavers","floor":23.0,"turns":2.0},{"damage":6.0,"enemies":"Book of Stabbing","floor":25.0,"turns":2.0},{"damage":0.0,"enemies":"Spheric Guardian","floor":29.0,"turns":1.0},{"damage":0.0,"enemies":"Slavers","floor":30.0,"turns":1.0},{"damage":0.0,"enemies":"Automaton","floor":33.0,"turns":1.0},{"damage":3.0,"enemies":"3 Darklings","floor":35.0,"turns":2.0},{"damage":3.0,"enemies":"Orb Walker","floor":38.0,"turns":2.0},{"damage":0.0,"enemies":"Giant Head","floor":40.0,"turns":2.0},{"damage":1.0,"enemies":"Jaw Worm Horde","floor":45.0,"turns":1.0},{"damage":4.0,"enemies":"Nemesis","floor":46.0,"turns":3.0},{"damage":0.0,"enemies":"Sphere and 2 Shapes","floor":47.0,"turns":1.0},{"damage":0.0,"enemies":"Giant Head","floor":48.0,"turns":2.0},{"damage":0.0,"enemies":"Awakened One","floor":50.0,"turns":3.0},{"damage":0.0,"enemies":"Donu and Deca","floor":51.0,"turns":2.0},{"damage":0.0,"enemies":"Shield and Spear","floor":55.0,"turns":1.0},{"damage":70,"enemies":"The Heart","floor":56,"turns":5}],"seed_played":"4235508490712281289","potions_obtained":[{"floor":1.0,"key":"Swift Potion"},{"floor":6.0,"key":"Energy Potion"},{"floor":10.0,"key":"FearPotion"},{"floor":11.0,"key":"ColorlessPotion"},{"floor":12.0,"key":"LiquidBronze"},{"floor":18.0,"key":"StarNLove"},{"floor":25.0,"key":"StarNLove"},{"floor":25.0,"key":"SteroidPotion"}],"is_trial":false,"path_per_floor":["M","M","?","?","T","E","M","R","T","M","E","?","M","M","R","B",null,"M","?","?","?","$","E","R","E","T","R","?","M","E","?","R","B",null,"M","?","?","M","?","E","T","R","T","R","M","E","M","E","R","B","B",null,"R","$","E","B",null],"character_chosen":"MARISA","items_purchased":["Mummified Hand","Calipers","Sundial","PreservedInsect","Lee\u0027s Waffle","Ancient Tea Set","Medical Kit","Toxic Egg 2","Membership Card","Omamori","Incense Burner","SimpleLauncher","Bag of Preparation","Unceasing Top","SproutingBranch","FossilizedHelix","Torii","Pantograph","Ice Cream","HornCleat"],"campfire_rested":0,"item_purchase_floors":[8,8,15,22,22,22,27,27,32,32,32,53,53,53,53,53,53,54,54,54],"current_hp_per_floor":[63,63,52,52,52,36,22,22,22,22,22,17,17,15,15,15,56,54,33,33,33,77,55,55,53,53,53,53,57,61,61,61,63,78,79,79,79,80,80,84,84,84,84,84,87,87,91,103,103,105,105,105,105,105,107,46],"gold":224,"neow_bonus":"THREE_RARE_CARDS","is_daily":false,"chose_seed":false,"campfire_upgraded":3,"win_rate":0.0,"timestamp":1608997663,"path_taken":["M","?","?","?","?","E","M","R","T","?","E","?","M","M","R","BOSS","M","?","?","?","$","E","R","E","T","R","?","M","E","?","R","BOSS","M","?","?","?","?","E","?","R","T","R","M","E","M","E","R","BOSS","BOSS","R","$","E","BOSS"],"items_purchased_type":["Relic","Relic","Relic","Relic","Relic","Relic","Relic","Relic","Relic","Relic","Relic","Relic","Relic","Relic","Relic","Relic","Relic","Relic","Relic","Relic"],"build_version":"2020-12-22","purchased_purges":3,"victory":true,"max_hp_per_floor":[70,70,70,70,70,70,70,70,70,70,70,70,70,70,70,70,70,70,70,70,70,77,77,77,79,79,79,79,81,83,83,83,83,83,85,85,85,87,87,89,89,89,89,89,91,93,95,105,105,105,105,105,105,105,107,107],"card_choices":[{"not_picked":["BinaryStars","AbsoluteMagnitude"],"picked":"BlazingStar","floor":0.0},{"not_picked":["MeteoricShower","BlazeAway","DoubleSpark"],"picked":"SKIP","floor":1.0},{"not_picked":["MachineGunSpark","EnergyRecoil"],"picked":"WitchLeyline","floor":2.0},{"not_picked":["DragonMeteor","PropBag","FairyDestructionRay"],"picked":"SKIP","floor":6.0},{"not_picked":["GalacticHalo","LuminesStrike","IllusionStar"],"picked":"SKIP","floor":7.0},{"not_picked":["UnstableBomb","PowerUp","ShootingEcho"],"picked":"SKIP","floor":10.0},{"not_picked":["Orbital","EnergyFlow","GrandCross"],"picked":"SKIP","floor":11.0},{"not_picked":["RefractionSpark","MagicAbsorber"],"picked":"EscapeVelocity","floor":12.0},{"not_picked":["EnergyFlow","DoubleSpark","AsteroidBelt"],"picked":"SKIP","floor":13.0},{"not_picked":["MilkyWay","GrandCross","WitchOfGreed"],"picked":"SKIP","floor":14.0},{"not_picked":["WitchLeyline","GravityBeat","MysteriousBeam+1"],"picked":"SKIP","floor":18.0},{"not_picked":["MysteriousBeam","MachineGunSpark","DC"],"picked":"SKIP","floor":23.0},{"not_picked":["EnergyFlow+1","6A","LuminesStrike+1"],"picked":"Singing Bowl","floor":25.0},{"not_picked":["Occultation+1","FairyDestructionRay","NonDirectionalLaser"],"picked":"Singing Bowl","floor":29.0},{"not_picked":["WitchLeyline","PropBag+1","AsteroidBelt+1"],"picked":"Singing Bowl","floor":30.0},{"not_picked":["StarDustReverie+1","FinalSpark"],"picked":"MillisecondPulsars","floor":33.0},{"not_picked":["Acceleration+1","MagicChant+1","NonDirectionalLaser"],"picked":"Singing Bowl","floor":35.0},{"not_picked":["GrandCross","DoubleSpark","GravityBeat"],"picked":"Singing Bowl","floor":38.0},{"not_picked":["SporeBomb+1","ShootingEcho","MilkyWay+1"],"picked":"Singing Bowl","floor":40.0},{"not_picked":["DarkSpark","StarBarrage","StarlightTyphoon+1"],"picked":"Singing Bowl","floor":45.0},{"not_picked":["MilkyWay+1","NonDirectionalLaser+1","UnstableBomb+1"],"picked":"Singing Bowl","floor":46.0},{"not_picked":["GalacticHalo+1","GrandCross","PowerUp+1"],"picked":"Singing Bowl","floor":47.0},{"not_picked":["JA","WitchOfGreed"],"picked":"OrrerysSun","floor":48.0},{"not_picked":["DarkMatter+1","EnergyFlow","UnstableBomb"],"picked":"Singing Bowl","floor":55.0}],"player_experience":371236,"relics_obtained":[{"floor":5.0,"key":"Shuriken"},{"floor":6.0,"key":"Bronze Scales"},{"floor":9.0,"key":"Gremlin Horn"},{"floor":11.0,"key":"Old Coin"},{"floor":17.0,"key":"MagicBroom"},{"floor":17.0,"key":"The Courier"},{"floor":17.0,"key":"Vajra"},{"floor":19.0,"key":"Enchiridion"},{"floor":23.0,"key":"Blood Vial"},{"floor":25.0,"key":"Singing Bowl"},{"floor":30.0,"key":"Toy Ornithopter"},{"floor":40.0,"key":"Blue Candle"},{"floor":40.0,"key":"Kunai"},{"floor":41.0,"key":"Anchor"},{"floor":43.0,"key":"Smiling Mask"},{"floor":46.0,"key":"MawBank"},{"floor":46.0,"key":"Whetstone"},{"floor":48.0,"key":"Darkstone Periapt"},{"floor":48.0,"key":"Pear"},{"floor":55.0,"key":"Ornamental Fan"}],"event_choices":[{"damage_healed":0.0,"max_hp_gain":0.0,"max_hp_loss":0.0,"gold_gain":0.0,"event_name":"Scrap Ooze","player_choice":"Success","floor":3.0,"gold_loss":0.0,"damage_taken":11.0,"relics_obtained":["Pocketwatch"]},{"damage_healed":0.0,"max_hp_gain":0.0,"max_hp_loss":0.0,"gold_gain":0.0,"event_name":"Liars Game","player_choice":"Ignored","floor":4.0,"gold_loss":0.0,"damage_taken":0.0},{"damage_healed":0.0,"max_hp_gain":0.0,"max_hp_loss":0.0,"gold_gain":0.0,"event_name":"Mushrooms_MRS","player_choice":"Fought Mushrooms","floor":12.0,"gold_loss":0.0,"damage_taken":0.0},{"damage_healed":0.0,"max_hp_gain":0.0,"max_hp_loss":0.0,"gold_gain":0.0,"event_name":"Mushrooms_MRS","player_choice":"Fought Mushrooms","floor":12.0,"gold_loss":0.0,"damage_taken":0.0},{"damage_healed":0.0,"max_hp_gain":0.0,"max_hp_loss":0.0,"gold_gain":0.0,"event_name":"Mushrooms_MRS","player_choice":"Fought Mushrooms","floor":12.0,"gold_loss":0.0,"damage_taken":0.0},{"damage_healed":0.0,"max_hp_gain":0.0,"max_hp_loss":0.0,"gold_gain":0.0,"event_name":"Cursed Tome","player_choice":"Obtained Book","floor":19.0,"gold_loss":0.0,"damage_taken":21.0},{"cards_removed":["MysteriousBeam"],"damage_healed":0.0,"max_hp_gain":0.0,"max_hp_loss":0.0,"gold_gain":0.0,"event_name":"Beggar","player_choice":"Gave Gold","floor":20.0,"gold_loss":75.0,"damage_taken":0.0},{"damage_healed":0.0,"max_hp_gain":0.0,"max_hp_loss":0.0,"gold_gain":0.0,"event_name":"Ghosts","player_choice":"Ignored","floor":21.0,"gold_loss":0.0,"damage_taken":0.0},{"damage_healed":0.0,"max_hp_gain":0.0,"max_hp_loss":0.0,"gold_gain":0.0,"cards_transformed":["NonDirectionalLaser","WitchOfGreed"],"event_name":"Drug Dealer","player_choice":"Became Test Subject","floor":28.0,"gold_loss":0.0,"damage_taken":0.0,"cards_obtained":["BlazeAway","BinaryStars"]},{"damage_healed":0.0,"max_hp_gain":0.0,"max_hp_loss":0.0,"gold_gain":0.0,"event_name":"Vampires","player_choice":"Ignored","floor":31.0,"gold_loss":0.0,"damage_taken":0.0},{"cards_removed":["Acceleration"],"damage_healed":0.0,"max_hp_gain":0.0,"max_hp_loss":0.0,"gold_gain":0.0,"event_name":"Falling","player_choice":"Removed Skill","floor":36.0,"gold_loss":0.0,"damage_taken":0.0},{"cards_removed":["UpSweep"],"damage_healed":0.0,"max_hp_gain":0.0,"max_hp_loss":0.0,"gold_gain":0.0,"event_name":"Purifier","player_choice":"Purged","floor":37.0,"gold_loss":0.0,"damage_taken":0.0},{"damage_healed":0.0,"max_hp_gain":0.0,"max_hp_loss":0.0,"gold_gain":0.0,"event_name":"Tomb of Lord Red Mask","player_choice":"Ignored","floor":39.0,"gold_loss":0.0,"damage_taken":0.0}],"is_beta":false,"boss_relics":[{"not_picked":["SacredBark","Fusion Hammer"],"picked":"Calling Bell"},{"not_picked":["Coffee Dripper","Tiny House"],"picked":"Black Star"}],"items_purged_floors":[8,15,32],"is_endless":false,"potions_floor_spawned":[6,10,12,13,16,18,25,30,40,45,46],"ascension_level":20}}