{"host":"fhq3k2nq5elnbks3","time":1608972658,"event":{"mods":["2.2 Compatiblity","AchievementEnabler","Act Like it!","AlwaysNeverKeys","Aspiration","Astrologer","Bard","BaseMod","Better Altar","Better Vampires","Better-Laid Plans","Block Reminder","CCEM","CapriCore","Card Filter","Colored Powertips","Conspire","Displayed Cursed Tome","Ekko","Energized Spire","Fireblade Mod","Friendly Minions","FutureSeer","GifTheSpireLib","Gremlin Mod","Gremlin Skip","HololiveMod","Hunter ??","Infinite Spire","Jorbs\u0027s Wanderer Trilogy","Koishi","Magitek Elite","Marisa????????","Mathemortician","Minty Spire (QoL Compilation)","Onozuka Komachi Mod","Pale of the Ancients","Permanent Neow","Prisma Mod","Quick Restart","Reimu??????","Relic Filter","Robot Space Explorer","Shop Mod","Somnambulant","Spikes Relics","StSLib","Stuff the Spire","SuperFastMode","The Blackbeard","The Cursed","The Death Knight","The Druid","The Exordian Avenger","The Gatherer","The Hierophant","The Marked","The Necromancer","The Runesmith","The Servant 0.9.4","The Trickster","The Valiant","The Wild Card","TheBandit","Trackpad","Transform Curses","Uncapped","Unknown Chances","Wandering Minibosses","thorton","vexMod"],"gold_per_floor":[112,131,149,162,181,181,181,181,207,207,207,225,107,119,119,216,216,349,181,193,212,222,252,252,271,271,288,288,319,54,64,64,164,164,179,196,221,221,468,493,138,153,153,169,184,315,329,349,349,349,368,388,388,227,227,238,238,133,133,0],"floor_reached":61,"playtime":2223,"items_purged":[],"score":1674,"play_id":"5a4d733a-587a-40ec-a710-f70775d851e2","local_time":"20201226025058","daily_mods":["Vintage","Heirloom","Time Dilation","Flight"],"is_ascension_mode":false,"campfire_choices":[{"data":"Eruption","floor":6,"key":"SMITH"},{"data":"Vigilance","floor":7,"key":"SMITH"},{"data":"Strike_P","floor":8,"key":"SMITH"},{"data":"Strike_P","floor":10,"key":"SMITH"},{"data":"Strike_P","floor":11,"key":"SMITH"},{"data":"1","floor":32,"key":"LIFT"},{"data":"2","floor":49,"key":"LIFT"},{"data":"3","floor":55,"key":"LIFT"}],"circlet_count":0,"master_deck":["Strike_P+1","Strike_P+1","Strike_P+1","Strike_P+1","Defend_P+1","Defend_P+1","Defend_P+1","Eruption+1","Vigilance+1"],"relics":["PureWater","Incense Burner","The Courier","infinitespire:Beetle Shell","conspire:DeflatedDodgeball","White Beast Statue","Centennial Puzzle","Anchor","MerchantsRug","thethorton:BrokenCalculator","aspiration:ArtOfWarUpgrade","HornCleat","Mastiff:ReiMu","LugNut","Angel_Ring","Gambling Chip","vexMod:ScavengeHelm","StuffTheSpire:Gunfinga","Bag of Marbles","aspiration:VileToxins","Runesmith:AutoHammer","Vajra","Bag of Preparation","MiniBlackHole","Girya","Toy Ornithopter","trackpad:PetRock","StuffTheSpire:MayFlowers","infinitespire:PuzzleCube","CCEMRelics:FryingPan","CCEMRelics:TechnogenicHelmet","Blood Vial","vexMod:BarristanHead","StuffTheSpire:HeavyRock","aspiration:Lifesprig","Letter Opener","wanderingMiniBosses:LockLocket","StuffTheSpire:Expresso","vexMod:InvisibilityCloak","Blue Candle","paleoftheancients:Timepiece","paleoftheancients:KeyRelic","Oddly Smooth Stone","Coffee Dripper","Gremlin Horn","SpikesRelics:DaevaFist","Tintinnabulum","trackpad:WritersBlock","trackpad:DisasterInABottle","Damaru","aspiration:Nostalgia","Gatherer:AlchemyBag"],"acts_visited":["Exordium","TheCity","TheBeyond","paleoftheancients:PaleOfTheAncients"],"potions_floor_usage":[51],"damage_taken":[{"damage":0,"enemies":"Jaw Worm","floor":1,"turns":3},{"damage":0,"enemies":"Small Slimes","floor":2,"turns":3},{"damage":0,"enemies":"Cultist","floor":3,"turns":2},{"damage":0,"enemies":"Exordium Thugs","floor":4,"turns":5},{"damage":7,"enemies":"Blue Slaver","floor":5,"turns":5},{"damage":2,"enemies":"Exordium Wildlife","floor":12,"turns":2},{"damage":0,"enemies":"Looter","floor":14,"turns":1},{"damage":20,"enemies":"The Guardian","floor":16,"turns":6},{"damage":0,"enemies":"2 Thieves","floor":18,"turns":7},{"damage":0,"enemies":"3 Byrds","floor":20,"turns":4},{"damage":0,"enemies":"Snecko","floor":21,"turns":3},{"damage":0,"enemies":"Snake Plant","floor":22,"turns":2},{"damage":44,"enemies":"Nightmare","floor":23,"turns":9},{"damage":0,"enemies":"Centurion and Healer","floor":25,"turns":6},{"damage":0,"enemies":"Cultist and Chosen","floor":27,"turns":3},{"damage":33,"enemies":"Gremlin Leader","floor":29,"turns":3},{"damage":0,"enemies":"Snake Plant","floor":31,"turns":1},{"damage":28,"enemies":"conspire:MysteriousRune","floor":33,"turns":4},{"damage":0,"enemies":"Orb Walker","floor":35,"turns":1},{"damage":0,"enemies":"3 Darklings","floor":36,"turns":1},{"damage":0,"enemies":"Jaw Worm Horde","floor":37,"turns":1},{"damage":0,"enemies":"4 Shapes","floor":39,"turns":7},{"damage":77,"enemies":"Nightmare","floor":40,"turns":5},{"damage":0,"enemies":"3 Darklings","floor":42,"turns":1},{"damage":2,"enemies":"Jaw Worm Horde","floor":44,"turns":6},{"damage":1,"enemies":"Spire Growth","floor":45,"turns":3},{"damage":0,"enemies":"Maw","floor":46,"turns":3},{"damage":0,"enemies":"Writhing Mass","floor":47,"turns":1},{"damage":6,"enemies":"Sphere and 2 Shapes","floor":48,"turns":3},{"damage":0,"enemies":"Time Eater","floor":50,"turns":2},{"damage":0,"enemies":"Time Eater","floor":51,"turns":3},{"damage":0,"enemies":"Time Eater","floor":52,"turns":2},{"damage":77,"enemies":"Time Eater","floor":56,"turns":8},{"damage":390,"enemies":"paleoftheancients:N","floor":60,"turns":7}],"seed_played":"7537320762897507600","potions_obtained":[{"floor":1,"key":"AttackPotion"},{"floor":3,"key":"BlessingOfTheForge"},{"floor":12,"key":"SkillPotion"},{"floor":14,"key":"GrandPatriotsElixir:ReiMu"},{"floor":16,"key":"BottledMiracle"},{"floor":18,"key":"EssenceOfSteel"},{"floor":20,"key":"Ancient Potion"},{"floor":21,"key":"FearPotion"},{"floor":22,"key":"GrandPatriotsElixir:ReiMu"},{"floor":23,"key":"FairyPotion"},{"floor":31,"key":"DeathKnight:RimePotion"},{"floor":33,"key":"ZuzhouPotion:ReiMu"},{"floor":35,"key":"DuplicationPotion"},{"floor":42,"key":"DuplicationPotion"},{"floor":44,"key":"Block Potion"},{"floor":45,"key":"StancePotion"},{"floor":51,"key":"ZuzhouPotion:ReiMu"},{"floor":52,"key":"Weak Potion"},{"floor":56,"key":"SteroidPotion"}],"is_trial":true,"path_per_floor":["M","M","M","M","M","R","R","R","T","R","R","M","$","M","R","B",null,"M","$","M","M","M","NM","R","M","T","M","AVR","E","$","M","R","B",null,"M","M","M","AVR","M","NM","$","M","T","M","M","M","M","M","R","B","M","M","?","$","R","M","R","$","?","B",null],"character_chosen":"WATCHER","items_purchased":["MerchantsRug","thethorton:BrokenCalculator","Mastiff:ReiMu","Mango","CCEMRelics:WrappedPresent","Vajra","Bag of Preparation","MiniBlackHole","CCEMRelics:TechnogenicHelmet","Blood Vial","vexMod:BarristanHead","aspiration:TomeofQuesting","trackpad:WritersBlock","trackpad:DisasterInABottle","aspiration:Nostalgia"],"campfire_rested":0,"item_purchase_floors":[13,13,19,19,30,30,30,30,41,41,41,41,54,54,58],"current_hp_per_floor":[72,72,72,72,65,65,65,65,65,65,65,63,63,63,63,43,72,72,86,86,86,86,42,42,42,42,42,72,39,49,59,59,31,131,131,131,131,131,131,54,54,56,62,65,66,68,70,66,66,137,137,137,137,137,137,102,103,104,105,99],"gold":0,"neow_bonus":"","is_daily":false,"chose_seed":false,"campfire_upgraded":5,"win_rate":0.0,"timestamp":1608972658,"path_taken":["M","M","M","M","M","R","R","R","T","R","R","M","$","M","R","BOSS","M","$","M","M","M","NM","R","M","T","M","AVR","E","$","M","R","BOSS","M","M","M","AVR","M","NM","$","M","T","M","M","M","M","M","R","BOSS","M","M","?","$","R","M","R","$","?","BOSS"],"items_purchased_type":["Relic","Relic","Relic","Relic","Relic","Relic","Relic","Relic","Relic","Relic","Relic","Relic","Relic","Relic","Relic"],"build_version":"2020-12-22","purchased_purges":0,"victory":true,"max_hp_per_floor":[72,72,72,72,72,72,72,72,72,72,72,72,72,72,72,72,72,72,86,86,86,86,86,86,86,86,86,116,116,121,131,131,131,131,131,131,131,131,131,131,131,131,137,137,137,137,137,137,137,137,137,137,137,137,137,137,137,137,137,137],"card_choices":[{"not_picked":["Crescendo","FlurryOfBlows","SashWhip"],"picked":"SKIP","floor":23},{"not_picked":["wariomod:AbandonGame","Future_Borrow","Detonate_Bones"],"picked":"SKIP","floor":29},{"not_picked":["ClearTheMind","FollowUp","JustLucky+1"],"picked":"SKIP","floor":40}],"player_experience":412998,"relics_obtained":[{"floor":1,"key":"StuffTheSpire:NeowsTribute"},{"floor":2,"key":"The Courier"},{"floor":3,"key":"infinitespire:Beetle Shell"},{"floor":4,"key":"conspire:DeflatedDodgeball"},{"floor":5,"key":"White Beast Statue"},{"floor":9,"key":"Centennial Puzzle"},{"floor":12,"key":"Anchor"},{"floor":14,"key":"Art of War"},{"floor":18,"key":"HornCleat"},{"floor":20,"key":"LugNut"},{"floor":21,"key":"Angel_Ring"},{"floor":22,"key":"Gambling Chip"},{"floor":23,"key":"vexMod:ScavengeHelm"},{"floor":25,"key":"StuffTheSpire:Gunfinga"},{"floor":26,"key":"Huge Egg"},{"floor":27,"key":"Bag of Marbles"},{"floor":29,"key":"Runesmith:AutoHammer"},{"floor":30,"key":"Girya"},{"floor":31,"key":"Pear"},{"floor":35,"key":"infinitespire:Eraser"},{"floor":36,"key":"Toy Ornithopter"},{"floor":37,"key":"trackpad:PetRock"},{"floor":39,"key":"infinitespire:PuzzleCube"},{"floor":40,"key":"CCEMRelics:FryingPan"},{"floor":42,"key":"StuffTheSpire:HeavyRock"},{"floor":43,"key":"StuffTheSpire:Rhapsscallions"},{"floor":44,"key":"aspiration:Lifesprig"},{"floor":45,"key":"Letter Opener"},{"floor":46,"key":"wanderingMiniBosses:LockLocket"},{"floor":46,"key":"StuffTheSpire:Expresso"},{"floor":47,"key":"vexMod:InvisibilityCloak"},{"floor":48,"key":"Blue Candle"},{"floor":51,"key":"SpikesRelics:DaevaFist"},{"floor":52,"key":"Tintinnabulum"},{"floor":56,"key":"Damaru"}],"event_choices":[],"is_beta":false,"boss_relics":[{"not_picked":["conspire:RoyalGoblet","StuffTheSpire:RunicConfusion"],"picked":"vexMod:ImprovementManual"},{"not_picked":["Empty Cage","conspire:SlowCooker","conspire:SeveredTorchhead"]}],"items_purged_floors":[],"is_endless":false,"potions_floor_spawned":[1,3,12,14,16,18,20,21,22,23,25,27,29,31,33,35,36,37,39,40,42,44,45,46,47,48,51,52,56],"ascension_level":0}}