{"host":"4edbuligkc8x13l4","time":1608959167,"event":{"mods":["BaseMod","Minty Spire (QoL Compilation)","StSLib","SuperFastMode"],"gold_per_floor":[114,126,126,146,160,160,193,193,219,219,237,247,267,267,267],"floor_reached":14,"playtime":347,"items_purged":[],"score":179,"play_id":"9d59feef-59b9-4dbd-8c65-a634fc8e442e","local_time":"20201226130607","is_ascension_mode":true,"campfire_choices":[{"data":"True Grit","floor":6,"key":"SMITH"},{"floor":10,"key":"REST"}],"circlet_count":0,"master_deck":["AscendersBane","Strike_R","Strike_R","Strike_R","Strike_R","Strike_R","Defend_R+1","Defend_R+1","Defend_R","Defend_R","Bash","Blood for Blood","Searing Blow+1","True Grit+1","Shrug It Off","Rage","Armaments"],"relics":["Burning Blood","NeowsBlessing","Boot","War Paint"],"acts_visited":["Exordium"],"potions_floor_usage":[7,7,14],"damage_taken":[{"damage":0,"enemies":"2 Louse","floor":1,"turns":1},{"damage":0,"enemies":"Cultist","floor":2,"turns":1},{"damage":0,"enemies":"Jaw Worm","floor":4,"turns":1},{"damage":22,"enemies":"Lots of Slimes","floor":5,"turns":4},{"damage":45,"enemies":"Gremlin Nob","floor":7,"turns":5},{"damage":13,"enemies":"Red Slaver","floor":11,"turns":4},{"damage":7,"enemies":"Looter","floor":12,"turns":5},{"damage":25,"enemies":"Gremlin Gang","floor":13,"turns":7},{"damage":25,"enemies":"Lagavulin","floor":14,"turns":6}],"seed_played":"-1182212072391984069","potions_obtained":[{"floor":1,"key":"Weak Potion"},{"floor":5,"key":"PowerPotion"},{"floor":7,"key":"AttackPotion"},{"floor":8,"key":"Explosive Potion"}],"is_trial":false,"path_per_floor":["M","M","?","M","M","R","E","?","T","R","M","M","M","E"],"character_chosen":"IRONCLAD","items_purchased":[],"campfire_rested":1,"item_purchase_floors":[],"current_hp_per_floor":[74,75,75,75,59,59,20,20,20,42,35,34,15,0,0],"gold":267,"neow_bonus":"THREE_ENEMY_KILL","is_daily":false,"chose_seed":false,"campfire_upgraded":1,"win_rate":0.0,"timestamp":1608959167,"path_taken":["M","M","?","M","?","R","E","?","T","R","M","?","M","E"],"items_purchased_type":[],"build_version":"2020-12-22","purchased_purges":0,"victory":false,"max_hp_per_floor":[75,75,75,75,75,75,75,75,75,75,75,75,75,75,75],"card_choices":[{"not_picked":["Uppercut","Shrug It Off"],"picked":"Blood for Blood","floor":1},{"not_picked":["Heavy Blade","Warcry"],"picked":"Searing Blow","floor":2},{"not_picked":["Twin Strike","Warcry","Wild Strike"],"picked":"SKIP","floor":4},{"not_picked":["Reckless Charge","Anger"],"picked":"True Grit","floor":5},{"not_picked":["Entrench","Clothesline"],"picked":"Shrug It Off","floor":7},{"not_picked":["Perfected Strike","Blood for Blood"],"picked":"Rage","floor":11},{"not_picked":["True Grit","Power Through","Pommel Strike"],"picked":"SKIP","floor":12},{"not_picked":["Barricade","Dropkick"],"picked":"Armaments","floor":13}],"player_experience":919963,"relics_obtained":[{"floor":7,"key":"Boot"},{"floor":9,"key":"War Paint"}],"event_choices":[{"damage_healed":0,"gold_gain":0,"player_choice":"Upgraded","damage_taken":0,"max_hp_gain":0,"max_hp_loss":0,"event_name":"Upgrade Shrine","floor":3,"gold_loss":0,"cards_upgraded":["Searing Blow"]},{"damage_healed":0,"gold_gain":0,"player_choice":"Got Potions","damage_taken":0,"max_hp_gain":0,"max_hp_loss":0,"event_name":"Lab","floor":8,"gold_loss":0}],"is_beta":false,"boss_relics":[],"items_purged_floors":[],"is_endless":false,"potions_floor_spawned":[1,5,7],"killed_by":"Lagavulin","ascension_level":18}}