{"host":"kq2g769nefmuyn7c","time":1608963004,"event":{"mods":["Act Like it!","BaseMod","Gensokyo","Hallownest","Koishi","Minty Spire (QoL Compilation)","Replay The Spire","StSLib","The Bug Knight"],"gold_per_floor":[153,164,164,164,50,50,78,78,78,12,12,42,77,260,272,381,393,422,434,446,470,482,494,531,543,580,592,616,61,61,73,73,178,178,197,209,119,151,151,184,203,216,216,216,251,45,55,55,55,55,55,55,5,37,37],"floor_reached":56,"playtime":4043,"items_purged":["Delirium","Koishi:Ego+1","HandOfGreed"],"score":1483,"play_id":"7641abd5-cdd6-4386-9090-b0ef4568ceef","local_time":"20201226141004","is_ascension_mode":false,"campfire_choices":[{"data":"Koishi:HauntingSlash","floor":6.0,"key":"SMITH"},{"data":"Koishi:IdleWhim","floor":8.0,"key":"SMITH"},{"data":"Koishi:HeartAttack","floor":11.0,"key":"SMITH"},{"data":"Koishi:DanmakuParanoia","floor":23.0,"key":"SMITH"},{"data":"Koishi:Prune","floor":25.0,"key":"SMITH"},{"data":"Koishi:Untouchable","floor":27.0,"key":"SMITH"},{"data":"Koishi:FreudianInstinct","floor":32.0,"key":"SMITH"},{"data":"Koishi:Heartbroken","floor":44,"key":"SMITH"},{"floor":49,"key":"RECALL"},{"data":"Koishi:LastRemote","floor":52,"key":"SMITH"}],"circlet_count":0,"master_deck":["Koishi:BasicStrike","Koishi:BasicStrike","Koishi:BasicStrike","Koishi:BasicDefend","Koishi:BasicDefend+1","Koishi:BasicDefend","Koishi:BasicDefend","Koishi:Provoke+1","Koishi:HauntingSlash+1","m_Survivalism","Strike_R","Koishi:ReleaseOfTheId+1","Koishi:Untouchable+1","Koishi:DanmakuParanoia+1","Koishi:HeartAttack+1","Koishi:IdleWhim+1","Koishi:SubterraneanRose+1","Koishi:PhilosophyOfTheDespised+1","Koishi:Prune+1","Koishi:StingingMind","Koishi:PerfectMindControl+1","Koishi:PredatoryInstincts+1","Koishi:ReflexRadar+1","Koishi:FleetingPhantom+1","Koishi:FreudianInstinct+1","Koishi:LastRemote+1","Koishi:JumpScare+1","Koishi:DNAsFlaw+1","Koishi:MindStellarRelief+1","Koishi:DNAsFlaw+1","Gensokyo:CustomPotion","Koishi:FourthEye+1","Koishi:Heartbroken+1","Koishi:ReleaseOfTheId+1","Koishi:SprinkleStarAndHeart+1"],"relics":["Koishi:ImaginaryFriend","Ring of Fangs","ReplayTheSpireMod:Ring of Challenge","ReplayFunnel","Toxic Egg 2","MawBank","ChewingGum","Koishi:AHoleWhereASisterShouldBe","Gensokyo:SongOfSouls","War Paint","Lantern","Replay:Mystery Machine","Koishi:LettersToReimu","HollowMod:JonisBlessing","SlaversCollar","Bag of Preparation","Smiling Mask","Strange Spoon","Gensokyo:DualWield","Mercury Hourglass"],"acts_visited":["Gensokyo:Gensokyo","Gensokyo:Gensokyoer","Gensokyo:Gensokyoest","TheEnding"],"potions_floor_usage":[50,54,55],"damage_taken":[{"damage":0.0,"enemies":"Gensokyo:2_Kodama","floor":1.0,"turns":3.0},{"damage":4.0,"enemies":"Gensokyo:Gryphon","floor":2.0,"turns":4.0},{"damage":16.0,"enemies":"Gensokyo:Mamizou","floor":7.0,"turns":9.0},{"damage":0.0,"enemies":"Gensokyo:Python","floor":12.0,"turns":2.0},{"damage":13.0,"enemies":"Gensokyo:3_Kodama","floor":13.0,"turns":5.0},{"damage":12.0,"enemies":"Gensokyo:Aya","floor":14.0,"turns":6.0},{"damage":10.0,"enemies":"Gensokyo:Kokoro","floor":16.0,"turns":11.0},{"damage":6.0,"enemies":"Gensokyo:3_Dogs","floor":18.0,"turns":8.0},{"damage":19.0,"enemies":"Gensokyo:CosmicMonolith","floor":21.0,"turns":4.0},{"damage":22.0,"enemies":"Gensokyo:Koishi","floor":24.0,"turns":6.0},{"damage":0.0,"enemies":"Gensokyo:Slime_Group","floor":28.0,"turns":6.0},{"damage":0.0,"enemies":"Gensokyo:Wraith","floor":31.0,"turns":4.0},{"damage":0.0,"enemies":"Gensokyo:Eiki","floor":33.0,"turns":15.0},{"damage":0.0,"enemies":"Gensokyo:AncientGuardian","floor":35.0,"turns":6.0},{"damage":0.0,"enemies":"Gensokyo:3_Boulders","floor":36.0,"turns":6.0},{"damage":0,"enemies":"Gensokyo:SeedOfUnknown","floor":38,"turns":9},{"damage":0,"enemies":"Gensokyo:Marisa","floor":40,"turns":5},{"damage":0,"enemies":"Gensokyo:Rafflesia","floor":41,"turns":7},{"damage":0,"enemies":"Gensokyo:Sharpion","floor":42,"turns":5},{"damage":0,"enemies":"Gensokyo:Kasen","floor":45,"turns":7},{"damage":0,"enemies":"Gensokyo:3_Boulders","floor":47,"turns":7},{"damage":0,"enemies":"Gensokyo:Scarlet_Devils","floor":50,"turns":11},{"damage":3,"enemies":"Shield and Spear","floor":54,"turns":7},{"damage":0,"enemies":"The Heart","floor":55,"turns":11}],"seed_played":"5039830569935193667","potions_obtained":[{"floor":2.0,"key":"Elixir"},{"floor":7.0,"key":"Weak Potion"},{"floor":12.0,"key":"Swift Potion"},{"floor":18.0,"key":"Weak Potion"},{"floor":31.0,"key":"Languid Potion"},{"floor":35.0,"key":"Energy Potion"}],"is_trial":false,"path_per_floor":["M","M","?","?","$","R","E","R","T","COS","R","M","M","E","R","B",null,"M","?","?","M","T","R","E","R","T","R","M","$","?","M","R","B",null,"M","M","?","M","?","E","M","M","T","R","E","$","M","?","R","B",null,"R","$","E","B",null],"character_chosen":"KOISHI","items_purchased":["Koishi:DanmakuParanoia","Koishi:HeartAttack","Koishi:LettersToReimu","Koishi:LastRemote","HollowMod:JonisBlessing","Koishi:JumpScare+1","Strange Spoon"],"campfire_rested":0,"item_purchase_floors":[5,5,29,29,29,29,46],"current_hp_per_floor":[60,56,56,56,56,56,44,44,44,44,44,44,31,23,23,21,60,60,56,56,49,49,49,33,33,33,33,35,35,35,35,35,35,56,56,56,56,56,48,48,48,48,48,48,48,48,48,48,48,48,56,56,56,53,53],"gold":37,"neow_bonus":"RANDOM_COLORLESS_2","is_daily":false,"chose_seed":false,"campfire_upgraded":9,"win_rate":0.0,"timestamp":1608963004,"path_taken":["M","M","?","?","$","R","E","R","T","COS","R","M","M","E","R","BOSS","M","?","?","M","?","R","E","R","T","R","M","$","?","?","R","BOSS","M","M","?","M","?","E","?","M","T","R","E","$","M","?","R","BOSS","R","$","E","BOSS"],"items_purchased_type":["Card","Card","Relic","Card","Relic","Card","Relic"],"build_version":"2020-12-22","purchased_purges":3,"victory":true,"max_hp_per_floor":[60,60,60,60,60,60,60,60,60,60,60,60,60,60,60,60,60,60,56,56,56,56,56,56,56,56,56,56,56,56,56,56,56,56,56,56,56,56,56,56,56,56,56,56,56,56,56,56,56,56,56,56,56,56,56],"card_choices":[{"not_picked":["Magnetism","Secret Technique"],"picked":"HandOfGreed","floor":0.0},{"not_picked":["Koishi:EmbryosDream","Koishi:RacingHeart"],"picked":"Koishi:ReleaseOfTheId","floor":1.0},{"not_picked":["Koishi:RacingHeart","Koishi:Whimsy"],"picked":"Koishi:Untouchable","floor":2.0},{"not_picked":["Koishi:Untouchable","Koishi:UnconsciousUprising"],"picked":"Koishi:IdleWhim","floor":7.0},{"not_picked":["Koishi:DreadfulBlow","Koishi:VengefulSpirit"],"picked":"Koishi:SubterraneanRose+1","floor":12.0},{"not_picked":["Koishi:SubconsciousSweep","Koishi:FidgetySnatcher"],"picked":"Koishi:PhilosophyOfTheDespised+1","floor":13.0},{"not_picked":["Koishi:ParalyzingFear","Koishi:Catatonia"],"picked":"Koishi:Prune","floor":14.0},{"not_picked":["Koishi:PerfectMindControl+1","Koishi:RoseHell+1"],"picked":"Koishi:Ego+1","floor":16.0},{"not_picked":["Koishi:FormlessExistence","Koishi:MentalBreakdown"],"picked":"Koishi:PerfectMindControl+1","floor":16.0},{"not_picked":["Koishi:SpiritedAway+1","Koishi:RacingHeart"],"picked":"Koishi:PredatoryInstincts+1","floor":18.0},{"not_picked":["Koishi:UnconsciousUprising+1","Koishi:SprinkleStarAndHeart+1"],"picked":"Koishi:ReflexRadar+1","floor":21.0},{"not_picked":["Koishi:IdleWhim+1","Koishi:ReleaseOfTheId+1"],"picked":"Koishi:FleetingPhantom+1","floor":24.0},{"not_picked":["Koishi:StingingMind","Koishi:HeartfeltFancy+1"],"picked":"Koishi:FreudianInstinct","floor":28.0},{"not_picked":["Koishi:SprinkleStarAndHeart+1","Koishi:BloodcurdlingScream"],"picked":"Koishi:DNAsFlaw+1","floor":31.0},{"not_picked":["Koishi:ConfinedInnocent","Koishi:FormlessExistence"],"picked":"Koishi:MindStellarRelief+1","floor":33.0},{"not_picked":["Koishi:Prune+1","Koishi:PhantomBarrier+1","Koishi:SubconsciousSweep+1"],"picked":"SKIP","floor":35.0},{"not_picked":["Koishi:UnseenTerror+1","Koishi:MindNumbingTerror"],"picked":"Koishi:DNAsFlaw+1","floor":36.0},{"not_picked":["Koishi:SilentAndRestless","Koishi:UnansweredLove+1"],"picked":"Koishi:FourthEye+1","floor":38},{"not_picked":["Koishi:UnconsciousUprising+1","Koishi:StingingMind+1"],"picked":"Koishi:Heartbroken","floor":40},{"not_picked":["Koishi:LastRemote+1","Koishi:StingingMind+1","Koishi:ParalyzingFear+1"],"picked":"SKIP","floor":41},{"not_picked":["Koishi:PhantomBarrier+1","Koishi:LastRemote+1"],"picked":"Koishi:ReleaseOfTheId+1","floor":42},{"not_picked":["Koishi:Catatonia+1","Koishi:Vanish+1","Koishi:GhostParty+1"],"picked":"SKIP","floor":45},{"not_picked":["Koishi:StingingMind","Koishi:SubterraneanRose+1"],"picked":"Koishi:SprinkleStarAndHeart+1","floor":47},{"not_picked":["Koishi:CatchAndRose+1","Koishi:SubterraneanRose+1","Koishi:BloodcurdlingScream"],"picked":"SKIP","floor":54}],"player_experience":84190,"relics_obtained":[{"floor":3.0,"key":"Ring of Fangs"},{"floor":3.0,"key":"ReplayTheSpireMod:Ring of Challenge"},{"floor":7.0,"key":"ReplayFunnel"},{"floor":9.0,"key":"Toxic Egg 2"},{"floor":14.0,"key":"MawBank"},{"floor":22.0,"key":"War Paint"},{"floor":24.0,"key":"Lantern"},{"floor":26.0,"key":"Replay:Mystery Machine"},{"floor":40,"key":"Bag of Preparation"},{"floor":45,"key":"Smiling Mask"},{"floor":54,"key":"Mercury Hourglass"}],"event_choices":[],"is_beta":false,"boss_relics":[{"not_picked":["Busted Crown","Fusion Hammer"],"picked":"ChewingGum"},{"not_picked":["Empty Cage","Velvet Choker"],"picked":"SlaversCollar"}],"items_purged_floors":[29,46,53],"is_endless":false,"potions_floor_spawned":[2,7,12,18,31,33,35,36,45,47],"ascension_level":0}}