{"host":"a5lz0e76zb3fcwkm","time":1608997709,"event":{"mods":["AchievementEnabler","BaseMod","Colored Map","Colored Powertips","Minty Spire (QoL Compilation)","StSLib","SuperFastMode"],"gold_per_floor":[115,190,190,201,219,245,265,291,317,344,354,354,279,295,295,367,367,378,428,438,453,18,18,18],"floor_reached":23,"playtime":619,"items_purged":["Strike_R+1"],"score":426,"play_id":"c104f21b-6a51-4d83-8ebc-0084064930d3","local_time":"20201227004829","is_ascension_mode":true,"campfire_choices":[{"floor":12.0,"key":"REST"},{"data":"Fire Breathing","floor":15,"key":"SMITH"}],"circlet_count":0,"master_deck":["AscendersBane","Defend_R","Defend_R","Defend_R","Defend_R","Bash","Battle Trance","Bloodletting","Pommel Strike","Anger+1","Shrug It Off","Fire Breathing+1","Reckless Charge","Barricade","Blood for Blood+1"],"relics":["Burning Blood","Smiling Mask","MealTicket","Whetstone","Runic Pyramid","Dead Branch"],"acts_visited":["Exordium","TheCity"],"potions_floor_usage":[21,23,23],"damage_taken":[{"damage":7.0,"enemies":"Jaw Worm","floor":1.0,"turns":4.0},{"damage":2.0,"enemies":"2 Louse","floor":4.0,"turns":3.0},{"damage":8.0,"enemies":"Small Slimes","floor":5.0,"turns":3.0},{"damage":8.0,"enemies":"Gremlin Nob","floor":6.0,"turns":3.0},{"damage":4.0,"enemies":"Red Slaver","floor":7.0,"turns":3.0},{"damage":28.0,"enemies":"Lagavulin","floor":8.0,"turns":6.0},{"damage":42.0,"enemies":"3 Sentries","floor":10.0,"turns":11.0},{"damage":5.0,"enemies":"Exordium Thugs","floor":11.0,"turns":2.0},{"damage":5,"enemies":"Gremlin Gang","floor":14,"turns":5},{"damage":2,"enemies":"Slime Boss","floor":16,"turns":6},{"damage":14,"enemies":"Spheric Guardian","floor":18,"turns":4},{"damage":3,"enemies":"Chosen","floor":20,"turns":4},{"damage":52,"enemies":"Snecko","floor":21,"turns":8},{"damage":37,"enemies":"Slavers","floor":23,"turns":3}],"seed_played":"-5359876251519852666","potions_obtained":[{"floor":1.0,"key":"Regen Potion"},{"floor":4.0,"key":"AttackPotion"},{"floor":10.0,"key":"AttackPotion"},{"floor":11.0,"key":"Energy Potion"},{"floor":21,"key":"PowerPotion"}],"is_trial":false,"path_per_floor":["M","?","?","M","M","E","M","E","T","E","M","R","?","M","R","B",null,"M","?","M","M","$","E"],"character_chosen":"IRONCLAD","items_purchased":["Dead Branch","BloodPotion"],"campfire_rested":1,"item_purchase_floors":[22,22],"current_hp_per_floor":[67,56,49,53,51,49,51,29,29,8,9,29,29,30,30,34,60,52,52,55,9,24,0,0],"gold":18,"neow_bonus":"TRANSFORM_TWO_CARDS","is_daily":false,"chose_seed":false,"campfire_upgraded":1,"win_rate":0.0,"timestamp":1608997709,"path_taken":["M","?","?","M","M","E","M","E","T","E","M","R","?","M","R","BOSS","M","?","M","?","?","E"],"items_purchased_type":["Relic","Potion"],"build_version":"2020-12-22","purchased_purges":1,"victory":false,"max_hp_per_floor":[68,68,68,68,68,68,68,68,68,68,68,68,68,68,68,68,68,68,68,68,68,68,68,68],"card_choices":[{"not_picked":["Sword Boomerang","Searing Blow"],"picked":"Pommel Strike","floor":1.0},{"not_picked":["Armaments","Clothesline","Flex"],"picked":"SKIP","floor":4.0},{"not_picked":["Pommel Strike","Limit Break"],"picked":"Anger","floor":5.0},{"not_picked":["Thunderclap","Juggernaut"],"picked":"Shrug It Off","floor":6.0},{"not_picked":["Cleave","Havoc","Intimidate"],"picked":"SKIP","floor":7.0},{"not_picked":["Sentinel","Heavy Blade","Shrug It Off"],"picked":"SKIP","floor":8.0},{"not_picked":["Iron Wave","Body Slam"],"picked":"Fire Breathing","floor":10.0},{"not_picked":["True Grit","Heavy Blade"],"picked":"Reckless Charge","floor":11.0},{"not_picked":["Battle Trance","Dropkick","Ghostly Armor"],"picked":"SKIP","floor":14},{"not_picked":["Brutality","Impervious"],"picked":"Barricade","floor":16},{"not_picked":["Combust+1","Anger","Disarm"],"picked":"SKIP","floor":18},{"not_picked":["Perfected Strike","Cleave"],"picked":"Blood for Blood+1","floor":20},{"not_picked":["Searing Blow","Pommel Strike","Sword Boomerang"],"picked":"SKIP","floor":21}],"player_experience":1648695,"relics_obtained":[{"floor":6.0,"key":"Smiling Mask"},{"floor":8.0,"key":"MealTicket"},{"floor":10.0,"key":"Whetstone"}],"event_choices":[{"damage_healed":0.0,"max_hp_gain":0.0,"max_hp_loss":0.0,"gold_gain":75.0,"event_name":"World of Goop","player_choice":"Gather Gold","floor":2.0,"gold_loss":0.0,"damage_taken":11.0},{"cards_removed":["Strike_R"],"damage_healed":0.0,"max_hp_gain":0.0,"max_hp_loss":0.0,"gold_gain":0.0,"event_name":"Golden Wing","player_choice":"Card Removal","floor":3.0,"gold_loss":0.0,"damage_taken":7.0},{"cards_removed":["Strike_R"],"damage_healed":0.0,"max_hp_gain":0.0,"max_hp_loss":0.0,"gold_gain":0.0,"event_name":"The Cleric","player_choice":"Card Removal","floor":13.0,"gold_loss":75.0,"damage_taken":0.0},{"damage_healed":0,"gold_gain":50,"player_choice":"Pray","damage_taken":0,"max_hp_gain":0,"max_hp_loss":0,"event_name":"Golden Shrine","floor":19,"gold_loss":0}],"is_beta":false,"boss_relics":[{"not_picked":["Ectoplasm","Black Blood"],"picked":"Runic Pyramid"}],"items_purged_floors":[22],"is_endless":false,"potions_floor_spawned":[1,4,10,11,21],"killed_by":"Slavers","ascension_level":20}}