{"host":"djfsqftupta9xgss","time":1608978880,"event":{"mods":["ATMod(阿瑾Mod)","Act Like it!","BaseMod","Gensokyo","Minty Spire (QoL Compilation)","MostiFishMod","Replay The Spire","Spicy Shops","StSLib","TestMod"],"gold_per_floor":[212,232,250,112,132,164,164,348,348,378,378,641,641,641,721,1121,1121,1195,1195,1212,1312,1312,1325,1340,745,757,788,788,788,804,516,526,809,809,1036,1036,1052,1066,1066,1066,1078,1106,1106,144,144,163,15,15,24,49,49,49,49,49,49,49,77,77],"floor_reached":59,"playtime":2962,"items_purged":["Defend_G","Defend_G"],"score":3384,"play_id":"4f0893da-157f-4231-96ff-55f4849d7ec6","local_time":"20201226183440","is_ascension_mode":true,"campfire_choices":[{"data":"MostiFishMod:Dislodge","floor":11,"key":"SMITH"},{"data":"Acrobatics","floor":17,"key":"SMITH"},{"floor":34,"key":"RECALL"},{"floor":43,"key":"DIG"},{"floor":51,"key":"DIG"},{"floor":55,"key":"DIG"}],"circlet_count":0,"master_deck":["AscendersBane","Strike_G","Strike_G","Strike_G","Strike_G","Defend_G","Survivor","Neutralize","AT_ChampionStep","Acrobatics+1","Acrobatics","Backflip","MostiFishMod:Dislodge+1","Grand Finale","Adrenaline","testmod-ChaoticCore","Prepared+1","Calculated Gamble+1","Gensokyo:Dawn+1","MostiFishMod:Listen"],"relics":["Ring of the Snake","testmod-TestBox","ImprovedEquipment","testmod-GiftOfSatan","SynthV:TestCard","Toy Ornithopter","AT_SunfireAegis","ReplayTheSpireMod:Shallot","Art of War","MealTicket","HaiYi:Twilight","BionicSphere","Incense Burner","Bag of Marbles","Boot","Letter Opener","Replay:Multitool","DaveBox","GuanYuAspect","MetatronsCube","AT_BellDemon","Replay:Wax Seal","Potion Belt","HoveringKite","Paper Crane","Shovel","testmod-ArcanaOfDestiny","AT_Kusabimaru","Dodecahedron","ReplayTheSpireMod:TigerMarble","testmod-Charity","testmod-CasingShield","Oddly Smooth Stone","Replay:Baseball","HornCleat","Kunai"],"acts_visited":["Exordium","Gensokyo:Gensokyo","Gensokyo:Gensokyoer","TheEnding"],"potions_floor_usage":[10,58,58,58,58,58,58,58,58,58,58,58,58,58,58,58],"damage_taken":[{"damage":6.0,"enemies":"Gensokyo:2_Kodama","floor":1.0,"turns":4.0},{"damage":0.0,"enemies":"Gensokyo:3_Fairies","floor":2.0,"turns":4.0},{"damage":0.0,"enemies":"Gensokyo:Gryphon","floor":3.0,"turns":3.0},{"damage":6.0,"enemies":"Gensokyo:3_Kodama","floor":5.0,"turns":3.0},{"damage":11.0,"enemies":"Gensokyo:Mamizou","floor":6.0,"turns":10.0},{"damage":1,"enemies":"Gensokyo:Cirno","floor":8,"turns":5},{"damage":3,"enemies":"Gensokyo:Aya","floor":10,"turns":5},{"damage":0,"enemies":"Gensokyo:LivingMonolith","floor":12,"turns":3},{"damage":20,"enemies":"Gensokyo:Yukari","floor":18,"turns":5},{"damage":0,"enemies":"Gensokyo:AngelMirror","floor":20,"turns":4},{"damage":16,"enemies":"Gensokyo:AngelMirror","floor":21,"turns":6},{"damage":0,"enemies":"Gensokyo:Chomper","floor":23,"turns":2},{"damage":0,"enemies":"Gensokyo:Slime_Group","floor":24,"turns":2},{"damage":0,"enemies":"Gensokyo:Mirror_and_Dog","floor":26,"turns":3},{"damage":0,"enemies":"Gensokyo:Tenshi","floor":27,"turns":1},{"damage":0,"enemies":"Gensokyo:Swordslinger","floor":30,"turns":2},{"damage":0,"enemies":"Gensokyo:Slime_Group","floor":32,"turns":3},{"damage":0,"enemies":"Gensokyo:Reisen","floor":33,"turns":3},{"damage":0,"enemies":"Gensokyo:Eternal_Rivals","floor":35,"turns":5},{"damage":0,"enemies":"Gensokyo:3_Bats","floor":37,"turns":1},{"damage":0,"enemies":"Gensokyo:AncientGuardian","floor":38,"turns":1},{"damage":0,"enemies":"Gensokyo:AncientGuardian","floor":39,"turns":6},{"damage":0,"enemies":"Gensokyo:Sharpion","floor":41,"turns":1},{"damage":0,"enemies":"Gensokyo:Doremy","floor":42,"turns":2},{"damage":0,"enemies":"Gensokyo:Dusk_and_Dawn","floor":46,"turns":1},{"damage":0,"enemies":"Gensokyo:AtlasGolem","floor":49,"turns":1},{"damage":0,"enemies":"Gensokyo:Kasen","floor":50,"turns":1},{"damage":0,"enemies":"Gensokyo:Shinki","floor":52,"turns":3},{"damage":0,"enemies":"Gensokyo:Scarlet_Devils","floor":53,"turns":1},{"damage":0,"enemies":"Shield and Spear","floor":57,"turns":1},{"damage":0,"enemies":"The Heart","floor":58,"turns":4}],"seed_played":"-1549802738980430835","potions_obtained":[{"floor":2.0,"key":"ColorlessPotion"},{"floor":6.0,"key":"AttackPotion"},{"floor":18,"key":"Block Potion"},{"floor":23,"key":"Energy Potion"},{"floor":37,"key":"Energy Potion"},{"floor":41,"key":"Ancient Potion"},{"floor":49,"key":"Cursed Concoction"}],"is_trial":false,"path_per_floor":["M","M","M","COS","M","E","?","E","T","E","R","M","PTL","PTL","?","?","R","B",null,"M","?","?","M","M","$","M","E","T","?","M","COS","M","E","R","B",null,"M","M","?","?","M","E","R","$","T","M","COS","?","M","E","R","B","B",null,"R","$","E","B",null],"character_chosen":"THE_SILENT","items_purchased":["Bag of Marbles","Boot","testmod-ChaoticCore","testmod-ArcanaOfDestiny","AT_Kusabimaru","Dodecahedron","EntropicBrew"],"campfire_rested":0,"item_purchase_floors":[25,25,25,44,44,44,44],"current_hp_per_floor":[62,71,76,76,70,59,59,73,73,75,75,81,81,81,81,81,81,80,85,91,98,98,103,103,103,103,103,103,52,56,56,66,71,71,76,77,77,77,77,77,77,77,77,77,77,77,77,39,44,49,49,59,63,69,69,77,85,85],"gold":77,"neow_bonus":"HUNDRED_GOLD","is_daily":false,"chose_seed":false,"campfire_upgraded":2,"win_rate":0.0,"timestamp":1608978880,"path_taken":["M","M","?","COS","M","E","?","E","T","E","R","M","PTL","PTL","?","?","R","BOSS","M","?","?","M","?","$","M","E","T","?","M","COS","?","E","R","BOSS","M","M","?","?","M","E","R","$","T","M","COS","?","M","E","R","BOSS","BOSS","R","$","E","BOSS"],"items_purchased_type":["Relic","Relic","Card","Relic","Relic","Relic","Potion"],"build_version":"2020-12-22","purchased_purges":2,"victory":true,"max_hp_per_floor":[71,71,76,76,76,76,76,76,76,76,76,81,81,81,81,81,81,86,86,91,98,98,103,103,103,103,103,103,52,57,57,67,72,72,77,77,77,77,77,77,77,77,77,77,77,77,77,77,78,79,79,79,79,79,79,79,85,85],"card_choices":[{"not_picked":["Cloak And Dagger","Deadly Poison"],"picked":"Acrobatics","floor":1.0},{"not_picked":["AT_WindFlip","Heel Hook","Deadly Poison","Storm of Steel"],"picked":"Acrobatics","floor":2.0},{"not_picked":["Flying Knee","Underhanded Strike","Dodge and Roll","Blur"],"picked":"Backflip","floor":3.0},{"not_picked":["Bane","Setup","AT_WindFlip","Prepared","Quick Slash"],"picked":"SKIP","floor":5.0},{"not_picked":["MostiFishMod:HiddenBlade","MostiFishMod:PoisonShield","Cloak And Dagger","Flying Knee","Finisher"],"picked":"SKIP","floor":6.0},{"not_picked":["AT_WindFlip","Flying Knee","Acrobatics","Well Laid Plans","Slice"],"picked":"SKIP","floor":8},{"not_picked":["All Out Attack","Quick Slash","Cloak And Dagger","Acrobatics"],"picked":"MostiFishMod:Dislodge","floor":10},{"not_picked":["Infinite Blades","Underhanded Strike","Outmaneuver","Bane","Backflip"],"picked":"SKIP","floor":12},{"not_picked":["Venomology","MostiFishMod:VineMother","After Image","MostiFishMod:Listen"],"picked":"Grand Finale","floor":18},{"not_picked":["Cloak And Dagger","Acrobatics","PiercingWail","Outmaneuver","AT_TinkerSharpsword"],"picked":"SKIP","floor":20},{"not_picked":["Accuracy","AT_WindRun","Reflex","Slice","Caltrops"],"picked":"SKIP","floor":23},{"not_picked":["MostiFishMod:ThornCasing","Dodge and Roll","Outmaneuver","Flying Knee"],"picked":"Adrenaline","floor":24},{"not_picked":["Dagger Throw","AT_WindFlip","Deadly Poison","Setup+1","MostiFishMod:InvigoratingSolution"],"picked":"SKIP","floor":26},{"not_picked":["Poisoned Stab","Outmaneuver","MostiFishMod:LethalBlade","Dash"],"picked":"Prepared+1","floor":27},{"not_picked":["Flying Knee","All Out Attack","Quick Slash","MostiFishMod:PoisonShield","Crippling Poison"],"picked":"SKIP","floor":30},{"not_picked":["Outmaneuver","Underhanded Strike+1","Terror","Tools of the Trade","Dagger Spray"],"picked":"SKIP","floor":32},{"not_picked":["Sucker Punch","Eviscerate","Outmaneuver","MostiFishMod:PoisonShield","Finisher"],"picked":"SKIP","floor":33},{"not_picked":["Bullet Time","MostiFishMod:Listen","MostiFishMod:AdrenalineArouse","Storm of Steel"],"picked":"MostiFishMod:FullyArmed","floor":35},{"not_picked":["Bane","AT_ThistleTea","Flying Knee","Catalyst"],"picked":"Calculated Gamble+1","floor":37},{"not_picked":["Catalyst","Underhanded Strike","Choke","Poisoned Stab","Terror+1"],"picked":"SKIP","floor":38},{"not_picked":["Gensokyo:UnhurriedMind+1","Gensokyo:UnlikelyAid+1"],"picked":"Gensokyo:Dawn+1","floor":39},{"not_picked":["Escape Plan","MostiFishMod:GrandStart","Underhanded Strike","Quick Slash","Blade Dance"],"picked":"SKIP","floor":41},{"not_picked":["Acrobatics","Backflip+1","Deflect","Sucker Punch","Footwork"],"picked":"SKIP","floor":42},{"not_picked":["Poisoned Stab","Noxious Fumes","Heel Hook","Underhanded Strike","Bane+1"],"picked":"SKIP","floor":46},{"not_picked":["Envenom","AT_TwilightShroud","Riddle With Holes","Underhanded Strike","Bane"],"picked":"SKIP","floor":49},{"not_picked":["Acrobatics","Underhanded Strike","Quick Slash","Concentrate+1"],"picked":"MostiFishMod:Listen","floor":50},{"not_picked":["Calculated Gamble","Quick Slash","Concentrate","Sucker Punch","Blade Dance"],"picked":"SKIP","floor":57}],"player_experience":346201,"relics_obtained":[{"floor":1.0,"key":"SynthV:TestCard"},{"floor":6.0,"key":"AT_SunfireAegis"},{"floor":8,"key":"ReplayTheSpireMod:Shallot"},{"floor":10,"key":"MealTicket"},{"floor":21,"key":"BionicSphere"},{"floor":21,"key":"Incense Burner"},{"floor":27,"key":"Letter Opener"},{"floor":28,"key":"Replay:Multitool"},{"floor":33,"key":"Replay:Wax Seal"},{"floor":42,"key":"Paper Crane"},{"floor":43,"key":"Shovel"},{"floor":45,"key":"ReplayTheSpireMod:TigerMarble"},{"floor":50,"key":"Oddly Smooth Stone"},{"floor":51,"key":"Replay:Baseball"},{"floor":55,"key":"HornCleat"},{"floor":57,"key":"Kunai"}],"event_choices":[{"damage_healed":0,"gold_gain":400,"player_choice":"Sell","damage_taken":0,"max_hp_gain":0,"max_hp_loss":0,"event_name":"恩洛斯的盘子","floor":16,"relics_lost":["AT_ATBox"],"gold_loss":0},{"damage_healed":0,"gold_gain":0,"player_choice":"Swap Relic","damage_taken":0,"relics_obtained":["DaveBox"],"max_hp_gain":0,"max_hp_loss":0,"event_name":"给自己的盒子","floor":29,"relics_lost":["DaveBox"],"gold_loss":0}],"is_beta":false,"boss_relics":[{"not_picked":["Cursed Key","xbg"],"picked":"HaiYi:Twilight"},{"not_picked":["MoonlightInvasionPlan","Philosopher\u0027s Stone"],"picked":"HoveringKite"}],"items_purged_floors":[25,44],"is_endless":false,"potions_floor_spawned":[2,6,18,23,24,27,32,33,37,41,49,57],"ascension_level":20}}