{"host":"pg2biz4zy3df4ctj","time":1608959171,"event":{"mods":["BaseMod","Minty Spire (QoL Compilation)","Quick Restart","Random Character Button"],"gold_per_floor":[359,378,378,43,55,83,83,83,83,83,83,96,96,111,111,208,208,219,233,233,233,233],"floor_reached":21,"playtime":852,"items_purged":[],"score":233,"play_id":"3cd9f139-76c4-4ff5-a11a-51eae71c870a","local_time":"20201225210611","is_ascension_mode":true,"campfire_choices":[{"data":"Eruption","floor":8.0,"key":"SMITH"},{"floor":10.0,"key":"REST"},{"data":"BowlingBash","floor":13.0,"key":"SMITH"},{"data":"Vigilance","floor":15.0,"key":"SMITH"}],"circlet_count":0,"master_deck":["Strike_P","Defend_P","Defend_P","Defend_P","Defend_P","Eruption+1","Vigilance+1","BowlingBash+1","Evaluate","FlurryOfBlows","ClearTheMind","Protect","EmptyBody","ThirdEye","FlurryOfBlows","Brilliance","EmptyBody+1","FollowUp"],"relics":["PureWater","Bottled Flame","Mercury Hourglass","Tiny Chest","Empty Cage","Enchiridion"],"acts_visited":["Exordium","TheCity"],"potions_floor_usage":[],"damage_taken":[{"damage":0.0,"enemies":"Cultist","floor":1.0,"turns":4.0},{"damage":0.0,"enemies":"2 Louse","floor":2.0,"turns":2.0},{"damage":0.0,"enemies":"Small Slimes","floor":5.0,"turns":1.0},{"damage":57.0,"enemies":"Lagavulin","floor":6.0,"turns":13.0},{"damage":0.0,"enemies":"Gremlin Gang","floor":12.0,"turns":4.0},{"damage":0.0,"enemies":"3 Louse","floor":14.0,"turns":2.0},{"damage":34.0,"enemies":"Hexaghost","floor":16.0,"turns":14.0},{"damage":17,"enemies":"Spheric Guardian","floor":18,"turns":7},{"damage":9,"enemies":"Chosen","floor":19,"turns":5},{"damage":18,"enemies":"Centurion and Healer","floor":21,"turns":1}],"seed_played":"-2129071892234613281","potions_obtained":[{"floor":3.0,"key":"SkillPotion"},{"floor":3.0,"key":"Block Potion"},{"floor":3.0,"key":"FairyPotion"},{"floor":6.0,"key":"Ambrosia"},{"floor":12.0,"key":"StancePotion"},{"floor":14.0,"key":"DistilledChaos"},{"floor":16.0,"key":"Energy Potion"}],"is_trial":false,"path_per_floor":["M","M","?","$","M","E","$","R","T","R","?","M","R","M","R","B",null,"M","M","?","M"],"character_chosen":"WATCHER","items_purchased":["FlurryOfBlows","ClearTheMind","Bottled Flame"],"campfire_rested":1,"item_purchase_floors":[4,4,4],"current_hp_per_floor":[47,47,47,47,47,21,21,21,21,42,42,42,42,42,42,8,56,39,30,14,0,0],"gold":233,"neow_bonus":"TWO_FIFTY_GOLD","is_daily":false,"chose_seed":false,"campfire_upgraded":3,"win_rate":0.0,"timestamp":1608959171,"path_taken":["M","?","?","$","?","E","?","R","T","R","?","?","R","M","R","BOSS","M","M","?","M"],"items_purchased_type":["Card","Card","Relic"],"build_version":"2020-12-22","purchased_purges":0,"victory":false,"max_hp_per_floor":[72,72,72,72,72,72,72,72,72,72,72,72,72,72,72,72,72,72,72,72,72,72],"card_choices":[{"not_picked":["PathToVictory","Crescendo"],"picked":"BowlingBash","floor":1.0},{"not_picked":["Pray","CrushJoints"],"picked":"Evaluate","floor":2.0},{"not_picked":["FlyingSleeves","MasterReality"],"picked":"Protect","floor":5.0},{"not_picked":["CrushJoints","Omniscience"],"picked":"EmptyBody","floor":6.0},{"not_picked":["SashWhip","Adaptation"],"picked":"ThirdEye","floor":12.0},{"not_picked":["Meditate","PathToVictory"],"picked":"FlurryOfBlows","floor":14.0},{"not_picked":["Establishment","MasterReality"],"picked":"Brilliance","floor":16.0},{"not_picked":["Meditate","CutThroughFate"],"picked":"EmptyBody+1","floor":18},{"not_picked":["ClearTheMind","EmptyMind"],"picked":"FollowUp","floor":19}],"player_experience":577517,"relics_obtained":[{"floor":6.0,"key":"Mercury Hourglass"},{"floor":9.0,"key":"Tiny Chest"},{"floor":20,"key":"Enchiridion"}],"event_choices":[{"damage_healed":0.0,"max_hp_gain":0.0,"max_hp_loss":0.0,"gold_gain":0.0,"event_name":"Lab","player_choice":"Got Potions","floor":3.0,"gold_loss":0.0,"damage_taken":0.0},{"cards_removed":["Strike_P"],"damage_healed":0.0,"max_hp_gain":0.0,"max_hp_loss":0.0,"gold_gain":0.0,"event_name":"Purifier","player_choice":"Purged","floor":11.0,"gold_loss":0.0,"damage_taken":0.0},{"damage_healed":0,"gold_gain":0,"player_choice":"Obtained Book","damage_taken":16,"max_hp_gain":0,"max_hp_loss":0,"event_name":"Cursed Tome","floor":20,"gold_loss":0}],"is_beta":false,"boss_relics":[{"not_picked":["Snecko Eye","SacredBark"],"picked":"Empty Cage"}],"items_purged_floors":[],"is_endless":false,"potions_floor_spawned":[6,12,14,16],"killed_by":"Centurion and Healer","ascension_level":6}}