{"host":"ymw71f7rc9ndansy","time":1608990864,"event":{"mods":["ATMod(°¢èªMod)","Act Like it!","Aspiration","BaseMod","DeckTracker","Hubris","Library of Ruina","Library of Ruina Extra","Minty Spire (QoL Compilation)","MostiFishMod","Remove Card Discount Mod","Replay The Spire","StSLib","TestMod","¡¾ÒÅÎï¿¨ÅÆ¡¿REMEMod","²ÐÁôÖ®Îï"],"gold_per_floor":[115,115,115,130,60,60,85,96,96,123,140,105,115,140,140,213,213,225,238,253,82,97,97,130,130,154,180,180,207,227,227,227,298,298,316,332,121,121,121],"floor_reached":38,"playtime":924,"items_purged":["Dodge","LightAttack","LightDefense","LightDefense","LightDefense","LightDefense+1"],"score":1108,"play_id":"8ac851be-9aee-46a4-a316-b1fcc81734bc","local_time":"20201226215424","is_ascension_mode":true,"campfire_choices":[{"data":"AT_Desolate","floor":6,"key":"SMITH"},{"data":"RepressedFlesh","floor":15,"key":"SMITH"},{"data":"UnforgettableMelody","floor":23,"key":"SMITH"},{"data":"MostiFishMod:DarkDeal","floor":32,"key":"SMITH"}],"circlet_count":0,"master_deck":["AscendersBane","LightAttack","LightAttack","ChargeAndCover","FocusedStrikes+1","AT_Desolate+1","MostiFishMod:DarkDeal+1","UpbeatPerformance","RepressedFlesh+1","UnforgettableMelody+1","YouOnlyLiveOnce","BurningFlash","BurningFlash","ScratchThat+1","FlashingStrike+1","UnforgettableMelody+1","RepressedFlesh","MostiFishMod:SephirahHod","SinglePointStab","BurningFlash","Observe","Observe"],"relics":["PageOfLibrarian","testmod-TestBox","DaveBox","REME_ComplimentaryCards","AT_ATBox","EGODaCapo","testmod-LifeArmor","PreservedInsect","SynthV:TestCard","testmod-InjuryResistance","Pantograph","hubris:SlimyHat","Juzu Bracelet","hubris:BlackHole","PageOfHappyTeddyBear","AT_SunfireAegis","testmod-RealStoneCalender","MostiFishMod:Hod"],"acts_visited":["Exordium","TheCity","TheBeyond"],"potions_floor_usage":[13,16],"damage_taken":[{"damage":0,"enemies":"Cultist","floor":1,"turns":3},{"damage":0,"enemies":"Small Slimes","floor":4,"turns":3},{"damage":5,"enemies":"3 Sentries","floor":7,"turns":3},{"damage":5,"enemies":"2 Louse","floor":8,"turns":2},{"damage":3,"enemies":"Gremlin Nob","floor":10,"turns":2},{"damage":2,"enemies":"2 Fungi Beasts","floor":11,"turns":2},{"damage":0,"enemies":"3 Louse","floor":13,"turns":2},{"damage":1,"enemies":"3 Sentries","floor":14,"turns":2},{"damage":15,"enemies":"Fading Forest","floor":16,"turns":13},{"damage":0,"enemies":"Chosen","floor":18,"turns":1},{"damage":0,"enemies":"Spheric Guardian","floor":19,"turns":1},{"damage":0,"enemies":"Snake Plant","floor":20,"turns":1},{"damage":5,"enemies":"Chosen and Byrds","floor":22,"turns":1},{"damage":0,"enemies":"Slavers","floor":24,"turns":2},{"damage":0,"enemies":"Book of Stabbing","floor":27,"turns":1},{"damage":0,"enemies":"Gremlin Leader","floor":29,"turns":1},{"damage":4,"enemies":"Shelled Parasite and Fungi","floor":30,"turns":1},{"damage":3,"enemies":"Collector","floor":33,"turns":2},{"damage":2,"enemies":"3 Darklings","floor":35,"turns":1},{"damage":0,"enemies":"3 Shapes","floor":36,"turns":1},{"damage":0,"enemies":"Transient","floor":38,"turns":3}],"seed_played":"-5421576389337577615","potions_obtained":[{"floor":1,"key":"Dexterity Potion"},{"floor":11,"key":"SteroidPotion"},{"floor":13,"key":"Fruit Juice"},{"floor":16,"key":"Weak Potion"},{"floor":18,"key":"SmokeBomb"},{"floor":27,"key":"Swift Potion"}],"is_trial":false,"path_per_floor":["M","?","?","M","$","R","E","M","T","E","M","?","M","E","R","B",null,"M","M","M","$","M","R","E","$","T","E","?","E","M","?","R","B",null,"M","M","$","M"],"character_chosen":"Librarian","items_purchased":["UpbeatPerformance","ScratchThat","BurningFlash","Observe"],"campfire_rested":0,"item_purchase_floors":[5,21,37,37],"current_hp_per_floor":[54,57,39,39,39,39,34,29,29,26,24,42,47,46,46,64,84,84,84,84,84,79,79,79,79,79,79,79,79,75,75,75,88,90,88,88,88,88,88],"gold":121,"neow_bonus":"RANDOM_COMMON_RELIC","is_daily":false,"chose_seed":false,"campfire_upgraded":4,"win_rate":0.0,"timestamp":1608990864,"path_taken":["M","?","?","M","$","R","E","M","T","E","M","?","M","E","R","BOSS","M","M","M","$","M","R","E","$","T","E","?","E","M","?","R","BOSS","M","M","?","M"],"items_purchased_type":["Card","Card","Card","Card"],"build_version":"2020-12-22","purchased_purges":6,"victory":false,"max_hp_per_floor":[60,60,60,60,60,60,60,70,70,81,74,74,79,79,79,91,91,91,91,91,91,91,91,91,91,91,91,91,91,91,91,91,91,91,91,91,91,91,91],"card_choices":[{"not_picked":["HighKick","AutomatedMovement","EndlessBattle","Brawl"],"picked":"SKIP","floor":1},{"not_picked":["UnavoidableGaze","ToOvercomeCrisis","Wallop_lor","Quickness","Overcharge"],"picked":"RepressedFlesh","floor":10},{"not_picked":["Thrust","FlyingSword","AutomatedMovement","Leap_lor","DarkCloud","ExtremeEdge"],"picked":"SKIP","floor":11},{"not_picked":["ElectricShock","Parry","SunsetBlade","UnavoidableGaze","UpbeatPerformance","ViolentFlame"],"picked":"SKIP","floor":13},{"not_picked":["HandleRequest","DimensionalRift","SharpenedBlade","SunsetBlade","ViolentFlame","BurningFlash"],"picked":"SKIP","floor":14},{"not_picked":["BoundaryOfDeath","ChargeUp","Observe","FormingStorm"],"picked":"UnforgettableMelody","floor":16},{"not_picked":["BindingArms","HardRehearsal","SharpenedBlade","EndlessBattle","EnergyCycle"],"picked":"YouOnlyLiveOnce","floor":18},{"not_picked":["PreemptiveStrike","Overpower","Rewind","ViolentFlame","EnergyCycle"],"picked":"BurningFlash","floor":19},{"not_picked":["Zzzzzap","BindingArms","HiddenBlade+1","Track","DesperateStruggle"],"picked":"BurningFlash","floor":20},{"not_picked":["TraceOfFumes","DarkCloud","TendonChords","HighKick","FieryWaltz"],"picked":"FlashingStrike+1","floor":22},{"not_picked":["SunsetBlade","EnergyCycle","HighKick","Wallop_lor","UpbeatPerformance","DarkCloud"],"picked":"SKIP","floor":24},{"not_picked":["Leap_lor","UpbeatPerformance+1","StructuralAnalysis","Thrust","LossOfSenses","Parry+1"],"picked":"SKIP","floor":27},{"not_picked":["BindingArms","ChopItOff","ViolentFlame","Leap_lor","HiddenBlade","Rampage_lor"],"picked":"SKIP","floor":29},{"not_picked":["HighKick","StructuralAnalysis","HiddenBlade+1","UpbeatPerformance","Wallop_lor","EndlessBattle"],"picked":"SKIP","floor":30},{"not_picked":["FormingStorm","CleanUp","TieShanKao","RipSpace"],"picked":"RepressedFlesh","floor":33},{"not_picked":["Rewind+1","UnavoidableGaze+1","HiddenBlade","EnergyCycle","TraceOfFumes","SunsetBlade"],"picked":"SKIP","floor":35},{"not_picked":["HiddenBlade","SunsetBlade+1","FieryWaltz+1","Parry","StructuralAnalysis"],"picked":"SinglePointStab","floor":36}],"player_experience":993289,"relics_obtained":[{"floor":1,"key":"SynthV:TestCard"},{"floor":7,"key":"testmod-InjuryResistance"},{"floor":9,"key":"Pantograph"},{"floor":10,"key":"hubris:SlimyHat"},{"floor":14,"key":"Juzu Bracelet"},{"floor":24,"key":"PageOfHappyTeddyBear"},{"floor":27,"key":"AT_SunfireAegis"},{"floor":29,"key":"testmod-RealStoneCalender"}],"event_choices":[{"damage_healed":0,"gold_gain":0,"player_choice":"Entered Light","damage_taken":18,"max_hp_gain":0,"max_hp_loss":0,"event_name":"Shining Light","floor":3,"gold_loss":0,"cards_upgraded":["FocusedStrikes","LightDefense"]},{"damage_healed":18,"gold_gain":0,"player_choice":"Healed","damage_taken":0,"max_hp_gain":0,"max_hp_loss":0,"event_name":"The Cleric","floor":12,"gold_loss":35},{"damage_healed":0,"gold_gain":0,"player_choice":"Copied","damage_taken":0,"max_hp_gain":0,"max_hp_loss":0,"event_name":"Duplicator","floor":31,"gold_loss":0,"cards_obtained":["UnforgettableMelody"]}],"is_beta":false,"boss_relics":[{"not_picked":["testmod-DreamHouse","Empty Cage"],"picked":"hubris:BlackHole"},{"not_picked":["FixedStarFall","testmod-SaigiyounoYou"],"picked":"MostiFishMod:Hod"}],"items_purged_floors":[5,5,5,5,5,5],"is_endless":false,"potions_floor_spawned":[1,11,13,16,18,27,29,30,33],"killed_by":"Transient","ascension_level":20}}