{"host":"2tomtqbg6oyju2cq","time":1608982747,"event":{"mods":["BaseMod","Colored Map","Colored Powertips","Minty Spire (QoL Compilation)","StSLib","SuperFastMode"],"gold_per_floor":[111,111,111,127,46,46,58,58,81,96,114,125,145,161,161,256,256,274,287,35,54,71,71,71],"floor_reached":23,"playtime":847,"items_purged":["Defend_R"],"score":189,"play_id":"61b37c61-d5c4-4172-83d0-d9310da09b89","local_time":"20201226033907","is_ascension_mode":false,"campfire_choices":[{"data":"Inflame","floor":6,"key":"SMITH"},{"data":"Searing Blow","floor":8,"key":"SMITH"},{"data":"Inflame","floor":15,"key":"SMITH"}],"circlet_count":0,"master_deck":["Strike_R","Strike_R","Strike_R","Strike_R","Defend_R","Defend_R","Defend_R","Bash","Limit Break","Inflame+1","Headbutt","Second Wind","Searing Blow+1","Clothesline","Body Slam","Twin Strike","Inflame+1","Reaper","Sever Soul+1","Spot Weakness","Carnage","Cleave+1","Clash"],"relics":["Burning Blood","Orichalcum","Philosopher\u0027s Stone","Brimstone"],"acts_visited":["Exordium","TheCity"],"potions_floor_usage":[10,10,11,16,16,16,21,23],"damage_taken":[{"damage":6,"enemies":"Small Slimes","floor":1,"turns":4},{"damage":5,"enemies":"Cultist","floor":4,"turns":4},{"damage":6,"enemies":"Jaw Worm","floor":7,"turns":4},{"damage":0,"enemies":"Looter","floor":10,"turns":1},{"damage":11,"enemies":"Large Slime","floor":11,"turns":4},{"damage":6,"enemies":"Exordium Wildlife","floor":12,"turns":3},{"damage":8,"enemies":"Exordium Thugs","floor":13,"turns":4},{"damage":13,"enemies":"Lots of Slimes","floor":14,"turns":4},{"damage":29,"enemies":"Slime Boss","floor":16,"turns":9},{"damage":40,"enemies":"3 Byrds","floor":18,"turns":6},{"damage":2,"enemies":"Chosen","floor":19,"turns":4},{"damage":57,"enemies":"Shelled Parasite and Fungi","floor":21,"turns":4},{"damage":24,"enemies":"Centurion and Healer","floor":22,"turns":4},{"damage":31,"enemies":"Book of Stabbing","floor":23,"turns":2}],"seed_played":"-7114625623893802358","potions_obtained":[{"floor":4,"key":"Fire Potion"},{"floor":7,"key":"Energy Potion"},{"floor":13,"key":"BlessingOfTheForge"},{"floor":14,"key":"SneckoOil"},{"floor":16,"key":"Fruit Juice"},{"floor":18,"key":"BloodPotion"},{"floor":22,"key":"Swift Potion"}],"is_trial":false,"path_per_floor":["M","?","?","M","$","R","M","R","T","M","M","M","M","M","R","B",null,"M","M","$","M","M","E"],"character_chosen":"IRONCLAD","items_purchased":["Second Wind","SkillPotion","Brimstone","Carnage"],"campfire_rested":0,"item_purchase_floors":[5,5,20,20],"current_hp_per_floor":[80,73,73,74,74,74,74,74,74,80,75,75,73,66,66,48,85,57,61,61,42,24,0,0],"gold":71,"neow_bonus":"ONE_RANDOM_RARE_CARD","is_daily":false,"chose_seed":false,"campfire_upgraded":3,"win_rate":0.0,"timestamp":1608982747,"path_taken":["M","?","?","M","$","R","?","R","T","M","M","M","?","M","R","BOSS","M","M","$","?","M","E"],"items_purchased_type":["Card","Potion","Relic","Card"],"build_version":"2020-12-22","purchased_purges":1,"victory":false,"max_hp_per_floor":[80,80,80,80,80,80,80,80,80,80,80,80,80,80,80,85,85,85,85,85,85,85,85,85],"card_choices":[{"not_picked":["Flex","Intimidate"],"picked":"Inflame","floor":1},{"not_picked":["Thunderclap","Fire Breathing"],"picked":"Headbutt","floor":4},{"not_picked":["Thunderclap","Havoc"],"picked":"Searing Blow","floor":7},{"not_picked":["Sword Boomerang","Second Wind"],"picked":"Clothesline","floor":10},{"not_picked":["Reckless Charge","Headbutt"],"picked":"Body Slam","floor":11},{"not_picked":["Dark Embrace","Thunderclap"],"picked":"Twin Strike","floor":12},{"not_picked":["Havoc","Second Wind","Iron Wave"],"picked":"SKIP","floor":13},{"not_picked":["Iron Wave","Clothesline"],"picked":"Inflame","floor":14},{"not_picked":["Feed","Double Tap"],"picked":"Reaper","floor":16},{"not_picked":["Thunderclap+1","Clothesline"],"picked":"Sever Soul+1","floor":18},{"not_picked":["Sentinel+1","Dark Embrace"],"picked":"Spot Weakness","floor":19},{"not_picked":["Pommel Strike","Entrench+1"],"picked":"Cleave+1","floor":21},{"not_picked":["Armaments","Battle Trance"],"picked":"Clash","floor":22}],"player_experience":314390,"relics_obtained":[{"floor":9,"key":"Orichalcum"}],"event_choices":[{"cards_removed":["Strike_R"],"damage_healed":0,"gold_gain":0,"player_choice":"Card Removal","damage_taken":7,"max_hp_gain":0,"max_hp_loss":0,"event_name":"Golden Wing","floor":2,"gold_loss":0},{"damage_healed":0,"gold_gain":0,"player_choice":"Ignored","damage_taken":0,"max_hp_gain":0,"max_hp_loss":0,"event_name":"NoteForYourself","floor":3,"gold_loss":0}],"is_beta":false,"boss_relics":[{"not_picked":["Pandora\u0027s Box","Busted Crown"],"picked":"Philosopher\u0027s Stone"}],"items_purged_floors":[20],"is_endless":false,"potions_floor_spawned":[4,7,13,14,16,18,22],"killed_by":"Book of Stabbing","ascension_level":0}}