{"host":"yvb207ks1sg3cxef","time":1608988589,"event":{"mods":["2.2 Compatiblity","BaseMod","Bestiary","Colored Powertips","Minty Spire (QoL Compilation)","Permanent Neow","Quick Restart","Relic Stats","StSLib"],"gold_per_floor":[99,99,99,99,99,99,99,99,99,99,39,39,39,9,9,9,9,9,9,9,9,9,9],"floor_reached":22,"playtime":1227,"items_purged":[],"score":377,"play_id":"f7d2b0c5-515a-4a80-b917-e0ec0b0a6eaa","local_time":"20201226184629","is_ascension_mode":true,"campfire_choices":[{"floor":13.0,"key":"REST"},{"data":"Deadly Poison","floor":15.0,"key":"SMITH"}],"circlet_count":0,"master_deck":["AscendersBane","Strike_G","Strike_G","Strike_G","Strike_G","Defend_G","Defend_G","Defend_G","Defend_G","Defend_G","Survivor","Neutralize","Dash","Dagger Spray","Backflip","Footwork","Predator","Venomology","Deadly Poison+1","Tools of the Trade","Acrobatics","Deflect","Outmaneuver"],"relics":["Ectoplasm","Bag of Preparation","Sundial","Regal Pillow","Omamori","Unceasing Top","Runic Pyramid","Red Mask"],"acts_visited":["Exordium","TheCity"],"potions_floor_usage":[22,22],"damage_taken":[{"damage":3.0,"enemies":"Small Slimes","floor":1.0,"turns":5.0},{"damage":0.0,"enemies":"Jaw Worm","floor":3.0,"turns":3.0},{"damage":0.0,"enemies":"2 Louse","floor":5.0,"turns":2.0},{"damage":12.0,"enemies":"3 Sentries","floor":6.0,"turns":7.0},{"damage":22.0,"enemies":"Gremlin Nob","floor":8.0,"turns":5.0},{"damage":0.0,"enemies":"Exordium Wildlife","floor":10.0,"turns":7.0},{"damage":4.0,"enemies":"Looter","floor":11.0,"turns":5.0},{"damage":3.0,"enemies":"3 Sentries","floor":12.0,"turns":12.0},{"damage":33.0,"enemies":"Hexaghost","floor":16.0,"turns":12.0},{"damage":14.0,"enemies":"Spheric Guardian","floor":18.0,"turns":9.0},{"damage":42.0,"enemies":"Masked Bandits","floor":19.0,"turns":6.0},{"damage":0,"enemies":"3 Byrds","floor":20,"turns":7},{"damage":17,"enemies":"3 Cultists","floor":22,"turns":5}],"seed_played":"-107083072229400504","potions_obtained":[{"floor":1.0,"key":"BlessingOfTheForge"},{"floor":5.0,"key":"SneckoOil"},{"floor":8.0,"key":"DistilledChaos"},{"floor":11.0,"key":"Energy Potion"},{"floor":18.0,"key":"Fruit Juice"},{"floor":19.0,"key":"Swift Potion"}],"is_trial":false,"path_per_floor":["M","?","M","T","M","E","?","E","T","M","M","E","R","$","R","B",null,"M","?","M","?","M"],"character_chosen":"THE_SILENT","items_purchased":["Deadly Poison"],"campfire_rested":1,"item_purchase_floors":[14],"current_hp_per_floor":[56,56,56,56,56,44,37,15,15,15,11,8,42,42,42,9,52,38,1,1,15,0,0],"gold":9,"neow_bonus":"BOSS_RELIC","is_daily":false,"chose_seed":false,"campfire_upgraded":1,"win_rate":0.0,"timestamp":1608988589,"path_taken":["M","?","M","?","M","E","?","E","T","M","M","E","R","$","R","BOSS","M","?","M","?","M"],"items_purchased_type":["Card"],"build_version":"2020-12-22","purchased_purges":0,"victory":false,"max_hp_per_floor":[66,66,66,66,66,66,66,66,66,66,66,66,66,66,66,66,66,66,71,71,71,71,71],"relic_stats":{"Regal Pillow":15,"counters":[13,85],"Sundial":[14],"Ectoplasm":435,"Bag of Preparation":[22],"obtain_stats":[{"Regal Pillow":8,"Sundial":6,"Ectoplasm":0,"Bag of Preparation":4,"Omamori":9,"Red Mask":19,"Unceasing Top":12,"Ring of the Snake":0,"Runic Pyramid":17},{"Regal Pillow":5,"Sundial":4,"Ectoplasm":0,"Bag of Preparation":2,"Omamori":5,"Red Mask":11,"Unceasing Top":8,"Ring of the Snake":0,"Runic Pyramid":9},{"Regal Pillow":22,"Sundial":17,"Ectoplasm":0,"Bag of Preparation":8,"Omamori":22,"Red Mask":73,"Unceasing Top":46,"Ring of the Snake":0,"Runic Pyramid":58}],"Unceasing Top":[3]},"card_choices":[{"not_picked":["Skewer","Caltrops"],"picked":"Dash","floor":1.0},{"not_picked":["Calculated Gamble","Cloak And Dagger"],"picked":"Dagger Spray","floor":3.0},{"not_picked":["Skewer","Masterful Stab"],"picked":"Backflip","floor":5.0},{"not_picked":["Dodge and Roll","Riddle With Holes","Deflect"],"picked":"SKIP","floor":6.0},{"not_picked":["Prepared","Terror"],"picked":"Footwork","floor":8.0},{"not_picked":["Prepared","Bane","Slice"],"picked":"SKIP","floor":10.0},{"not_picked":["Caltrops","Backflip"],"picked":"Predator","floor":11.0},{"not_picked":["Sucker Punch","Deflect"],"picked":"Venomology","floor":12.0},{"not_picked":["Venomology","Unload"],"picked":"Tools of the Trade","floor":16.0},{"not_picked":["Crippling Poison","Slice"],"picked":"Acrobatics","floor":18.0},{"not_picked":["Riddle With Holes","Dagger Throw"],"picked":"Deflect","floor":19.0},{"not_picked":["Sucker Punch","Dagger Throw"],"picked":"Outmaneuver","floor":20}],"player_experience":218241,"relics_obtained":[{"floor":4.0,"key":"Bag of Preparation"},{"floor":6.0,"key":"Sundial"},{"floor":8.0,"key":"Regal Pillow"},{"floor":9.0,"key":"Omamori"},{"floor":12.0,"key":"Unceasing Top"},{"floor":19.0,"key":"Red Mask"}],"event_choices":[{"damage_healed":0.0,"max_hp_gain":0.0,"max_hp_loss":0.0,"gold_gain":0.0,"event_name":"Liars Game","player_choice":"Ignored","floor":2.0,"gold_loss":0.0,"damage_taken":0.0},{"cards_removed":["Strike_G"],"damage_healed":0.0,"max_hp_gain":0.0,"max_hp_loss":0.0,"gold_gain":0.0,"event_name":"Golden Wing","player_choice":"Card Removal","floor":7.0,"gold_loss":0.0,"damage_taken":7.0},{"damage_healed":0.0,"max_hp_gain":0.0,"max_hp_loss":0.0,"gold_gain":0.0,"event_name":"Masked Bandits","player_choice":"Fought Bandits","floor":19.0,"gold_loss":0.0,"damage_taken":0.0},{"damage_healed":14,"gold_gain":0,"player_choice":"Heal","damage_taken":0,"max_hp_gain":0,"max_hp_loss":0,"event_name":"The Library","floor":21,"gold_loss":0}],"is_beta":false,"boss_relics":[{"not_picked":["Velvet Choker","Fusion Hammer"],"picked":"Runic Pyramid"}],"items_purged_floors":[],"is_endless":false,"potions_floor_spawned":[1,5,8,11,18,19],"killed_by":"3 Cultists","ascension_level":17}}