{"host":"kw4o7b3ro2ktmmbe","time":1608944267,"event":{"mods":["BaseMod","Evolution","Minty Spire (QoL Compilation)","Robot Space Explorer","StSLib","Treasure Hunter"],"gold_per_floor":[171,191,201,51,51,51,51,51,51,51,64,64,41,70,70,172,172,187,187,187,213,233,233,262,262,287,313,313,8,19,34,34,131,131,150,2,1001,1019,1035,1035,1081,1116,1116,1143,1157,1177,513,533,533,534],"floor_reached":51,"playtime":4784,"items_purged":["RobotSpaceExplorer:ShockKick"],"score":1091,"play_id":"d3c602a6-5ca6-40ee-acd9-818e2ebf01f7","local_time":"20201226135747","is_ascension_mode":true,"campfire_choices":[{"data":"RobotSpaceExplorer:Pulsar","floor":6.0,"key":"SMITH"},{"data":"RobotSpaceExplorer:SelfCleaning","floor":8.0,"key":"SMITH"},{"data":"TH:BikiniMail","floor":10.0,"key":"SMITH"},{"data":"RobotSpaceExplorer:DroneSwarm","floor":15.0,"key":"SMITH"},{"data":"RobotSpaceExplorer:Arsenal","floor":23.0,"key":"SMITH"},{"data":"RobotSpaceExplorer:Blaster","floor":25.0,"key":"SMITH"},{"data":"RobotSpaceExplorer:FreezeRay","floor":28.0,"key":"SMITH"},{"data":"RobotSpaceExplorer:Pulsar","floor":32.0,"key":"SMITH"},{"data":"RobotSpaceExplorer:Accelerator","floor":40.0,"key":"SMITH"},{"data":"RobotSpaceExplorer:StarDust","floor":49,"key":"SMITH"}],"circlet_count":0,"master_deck":["RobotSpaceExplorer:ShockKick","RobotSpaceExplorer:ShockKick+1","RobotSpaceExplorer:ShockKick+1","RobotSpaceExplorer:Defend+1","RobotSpaceExplorer:Defend+1","RobotSpaceExplorer:Defend+1","RobotSpaceExplorer:Scan+1","RobotSpaceExplorer:MiniLasers","RobotSpaceExplorer:SelfCleaning+1","RobotSpaceExplorer:Pulsar+1","TH:BikiniMail+1","RobotSpaceExplorer:SelfCleaning","RobotSpaceExplorer:Pulsar+1","TH:TreasureMap","RobotSpaceExplorer:DroneSwarm+1","TH:BikiniMail","RobotSpaceExplorer:Arsenal+1","RobotSpaceExplorer:FreezeRay+1","TH:ArmorSpikes","RobotSpaceExplorer:SlimeMissile+1","TH:BikiniMail","RobotSpaceExplorer:Blaster+1","TH:CursedSword","TH:TreasureMap","RobotSpaceExplorer:ScrapMissile+1","RobotSpaceExplorer:ShovelStrike+1","RobotSpaceExplorer:Pulsar","TH:TreasureMap","RobotSpaceExplorer:Accelerator+1","RobotSpaceExplorer:StarDust+1","RobotSpaceExplorer:MiniDrones+1","RobotSpaceExplorer:Pulsar","TH:CursedSword","RobotSpaceExplorer:GlueSpray+1","TH:CursedSword","TH:CopperCoins","Bandage Up","BootSequence"],"relics":["EVO:Axolotl","RobotSpaceExplorer:Reprocessor","Bronze Scales","War Paint","Art of War","Strawberry","Coffee Dripper","Omamori","Lantern","Akabeko","Vajra","Anchor","HandDrill","RobotSpaceExplorer:SearchSpecs","Lee\u0027s Waffle","Pocketwatch","Bag of Marbles","CaptainsWheel","MealTicket","Whetstone","Oddly Smooth Stone","PrismaticShard"],"acts_visited":["Exordium","TheCity","TheBeyond"],"potions_floor_usage":[44,50,50,50],"damage_taken":[{"damage":0.0,"enemies":"Cultist","floor":1.0,"turns":4.0},{"damage":0.0,"enemies":"Small Slimes","floor":2.0,"turns":2.0},{"damage":2.0,"enemies":"2 Louse","floor":3.0,"turns":3.0},{"damage":0.0,"enemies":"Looter","floor":11.0,"turns":3.0},{"damage":0.0,"enemies":"3 Sentries","floor":14.0,"turns":5.0},{"damage":15.0,"enemies":"Slime Boss","floor":16.0,"turns":9.0},{"damage":4.0,"enemies":"Chosen","floor":18.0,"turns":5.0},{"damage":0.0,"enemies":"Shell Parasite","floor":22.0,"turns":7.0},{"damage":21.0,"enemies":"Slavers","floor":24.0,"turns":4.0},{"damage":0.0,"enemies":"Gremlin Leader","floor":27.0,"turns":4.0},{"damage":0.0,"enemies":"Snecko","floor":30.0,"turns":4.0},{"damage":0.0,"enemies":"Shelled Parasite and Fungi","floor":31.0,"turns":4.0},{"damage":17.0,"enemies":"Automaton","floor":33.0,"turns":9.0},{"damage":0.0,"enemies":"3 Shapes","floor":35.0,"turns":3.0},{"damage":15.0,"enemies":"3 Darklings","floor":38.0,"turns":4.0},{"damage":0.0,"enemies":"Writhing Mass","floor":39.0,"turns":4.0},{"damage":6.0,"enemies":"2 Orb Walkers","floor":41.0,"turns":4.0},{"damage":0.0,"enemies":"Nemesis","floor":42.0,"turns":7.0},{"damage":0,"enemies":"Giant Head","floor":44,"turns":7},{"damage":0,"enemies":"Maw","floor":45,"turns":7},{"damage":0,"enemies":"Transient","floor":46,"turns":5},{"damage":0,"enemies":"Sphere and 2 Shapes","floor":48,"turns":4},{"damage":21,"enemies":"Awakened One","floor":50,"turns":11}],"seed_played":"1005479430724303469","potions_obtained":[{"floor":3.0,"key":"Fire Potion"},{"floor":11.0,"key":"Strength Potion"},{"floor":16.0,"key":"Dexterity Potion"},{"floor":22.0,"key":"EssenceOfSteel"},{"floor":24.0,"key":"Energy Potion"},{"floor":27.0,"key":"FearPotion"},{"floor":33.0,"key":"CultistPotion"},{"floor":38.0,"key":"Dexterity Potion"},{"floor":44,"key":"GamblersBrew"},{"floor":48,"key":"ColorlessPotion"}],"is_trial":false,"path_per_floor":["M","M","M","$","?","R","?","R","T","R","M","?","$","E","R","B",null,"M","?","?","T","M","R","E","R","T","E","R","$","M","M","R","B",null,"M","$","?","M","M","R","?","E","T","E","M","M","$","M","R","B",null],"character_chosen":"RobotSpaceExplorer","items_purchased":["Bronze Scales","RobotSpaceExplorer:Pulsar","Anchor","HandDrill","Lee\u0027s Waffle","Whetstone","Oddly Smooth Stone","PrismaticShard","Block Potion","Bandage Up"],"campfire_rested":0,"item_purchase_floors":[4,13,29,29,36,47,47,47,47,47],"current_hp_per_floor":[75,75,73,73,78,78,71,71,71,71,71,68,68,75,75,60,80,76,76,76,76,76,76,55,55,55,55,55,55,55,55,55,38,75,75,94,94,79,79,79,73,73,73,73,73,73,88,92,92,75],"gold":534,"neow_bonus":"BOSS_RELIC","is_daily":false,"chose_seed":false,"campfire_upgraded":10,"win_rate":0.0,"timestamp":1608944267,"path_taken":["M","?","?","$","?","R","?","R","T","R","M","?","?","E","R","BOSS","M","?","?","?","M","R","E","R","T","E","R","$","M","M","R","BOSS","M","?","?","M","M","R","?","E","T","E","M","M","$","M","R","BOSS"],"items_purchased_type":["Relic","Card","Relic","Relic","Relic","Relic","Relic","Relic","Potion","Card"],"build_version":"2020-12-22","purchased_purges":1,"victory":true,"max_hp_per_floor":[75,75,75,75,80,80,80,80,80,80,80,80,80,87,87,87,87,87,87,87,87,87,87,87,87,87,87,87,87,87,87,87,87,87,87,94,94,94,94,94,94,94,94,94,94,94,94,94,94,94],"card_choices":[{"not_picked":["RobotSpaceExplorer:Smokescreen","RobotSpaceExplorer:ImprovisedAttack"],"picked":"RobotSpaceExplorer:SelfCleaning","floor":1.0},{"not_picked":["RobotSpaceExplorer:Ammunition","RobotSpaceExplorer:Electroshield"],"picked":"RobotSpaceExplorer:Pulsar","floor":2.0},{"not_picked":["RobotSpaceExplorer:StunGrenade","RobotSpaceExplorer:ToxicBomb"],"picked":"RobotSpaceExplorer:PowerGlove","floor":3.0},{"not_picked":["TH:ElvenBoots"],"picked":"TH:BikiniMail","floor":9.0},{"not_picked":["RobotSpaceExplorer:Probe","RobotSpaceExplorer:GlueSpray"],"picked":"RobotSpaceExplorer:SelfCleaning","floor":11.0},{"not_picked":["TH:DeckOfManyThings"],"picked":"TH:TreasureMap","floor":14.0},{"not_picked":["RobotSpaceExplorer:ToxicBomb","RobotSpaceExplorer:Fix"],"picked":"RobotSpaceExplorer:DroneSwarm","floor":14.0},{"not_picked":["TH:PixieDust"],"picked":"TH:BikiniMail","floor":16.0},{"not_picked":["RobotSpaceExplorer:Asteroid","RobotSpaceExplorer:HighVoltage"],"picked":"RobotSpaceExplorer:Arsenal","floor":16.0},{"not_picked":["RobotSpaceExplorer:SurgingStrike","RobotSpaceExplorer:MiniDrones"],"picked":"RobotSpaceExplorer:FreezeRay","floor":18.0},{"not_picked":["TH:Mimic"],"picked":"TH:ArmorSpikes","floor":21.0},{"not_picked":["RobotSpaceExplorer:Counterblock","RobotSpaceExplorer:FreezingShield+1"],"picked":"RobotSpaceExplorer:SlimeMissile+1","floor":22.0},{"not_picked":["TH:PixieDust"],"picked":"TH:BikiniMail","floor":24.0},{"not_picked":["RobotSpaceExplorer:ScrapMissile","RobotSpaceExplorer:SurgingShield"],"picked":"RobotSpaceExplorer:Blaster","floor":24.0},{"not_picked":["TH:CopperCoins"],"picked":"TH:CursedSword","floor":26.0},{"not_picked":["TH:Mimic"],"picked":"TH:TreasureMap","floor":27.0},{"not_picked":["RobotSpaceExplorer:GlueShot+1","RobotSpaceExplorer:FranticSearch+1"],"picked":"RobotSpaceExplorer:ScrapMissile+1","floor":27.0},{"not_picked":["RobotSpaceExplorer:Electroshield","RobotSpaceExplorer:SwiftStep"],"picked":"RobotSpaceExplorer:ShovelStrike+1","floor":30.0},{"not_picked":["RobotSpaceExplorer:Ammunition","RobotSpaceExplorer:BigMissile"],"picked":"RobotSpaceExplorer:Pulsar","floor":31.0},{"not_picked":["TH:ArmorSpikes"],"picked":"TH:TreasureMap","floor":33.0},{"not_picked":["RobotSpaceExplorer:ShockMissile","RobotSpaceExplorer:HighVoltage"],"picked":"RobotSpaceExplorer:Accelerator","floor":33.0},{"not_picked":["RobotSpaceExplorer:ImprovisedAttack","RobotSpaceExplorer:Ammunition+1"],"picked":"RobotSpaceExplorer:StarDust","floor":35.0},{"not_picked":["RobotSpaceExplorer:SurgingStrike","RobotSpaceExplorer:ShovelStrike+1"],"picked":"RobotSpaceExplorer:MiniDrones+1","floor":38.0},{"not_picked":["RobotSpaceExplorer:SwiftStep","RobotSpaceExplorer:FranticSearch+1","RobotSpaceExplorer:FrostMissile+1"],"picked":"SKIP","floor":39.0},{"not_picked":["RobotSpaceExplorer:MiniDrones","RobotSpaceExplorer:FrostMissile"],"picked":"RobotSpaceExplorer:Pulsar","floor":41.0},{"not_picked":["TH:DeckOfManyThings"],"picked":"TH:CursedSword","floor":42.0},{"not_picked":["RobotSpaceExplorer:MakeshiftVolley+1","RobotSpaceExplorer:TurboDodge"],"picked":"RobotSpaceExplorer:GlueSpray+1","floor":42.0},{"not_picked":["TH:BikiniMail"],"picked":"TH:CursedSword","floor":43.0},{"not_picked":["TH:PixieDust"],"picked":"TH:CopperCoins","floor":44},{"not_picked":["RobotSpaceExplorer:MiniDrones","RobotSpaceExplorer:SelfCleaning"],"picked":"RobotSpaceExplorer:Wormhole","floor":44},{"not_picked":["RobotSpaceExplorer:SwiftStep+1","RobotSpaceExplorer:FranticSearch","RobotSpaceExplorer:ToxicBomb"],"picked":"SKIP","floor":45},{"not_picked":["RobotSpaceExplorer:Calculate","RobotSpaceExplorer:DoubleFind+1","RobotSpaceExplorer:Ammunition+1"],"picked":"SKIP","floor":46},{"not_picked":["RobotSpaceExplorer:SurgingStrike","Dagger Spray"],"picked":"BootSequence","floor":48}],"player_experience":1800857,"relics_obtained":[{"floor":9.0,"key":"War Paint"},{"floor":14.0,"key":"Strawberry"},{"floor":21.0,"key":"Omamori"},{"floor":24.0,"key":"Lantern"},{"floor":26.0,"key":"Akabeko"},{"floor":27.0,"key":"Vajra"},{"floor":41.0,"key":"Pocketwatch"},{"floor":42.0,"key":"Bag of Marbles"},{"floor":43.0,"key":"CaptainsWheel"},{"floor":44,"key":"MealTicket"}],"event_choices":[{"damage_healed":0.0,"max_hp_gain":5.0,"max_hp_loss":0.0,"gold_gain":0.0,"event_name":"Big Fish","player_choice":"Donut","floor":5.0,"gold_loss":0.0,"damage_taken":0.0},{"cards_removed":["RobotSpaceExplorer:Defend"],"damage_healed":0.0,"max_hp_gain":0.0,"max_hp_loss":0.0,"gold_gain":0.0,"event_name":"Golden Wing","player_choice":"Card Removal","floor":7.0,"gold_loss":0.0,"damage_taken":7.0},{"damage_healed":0.0,"max_hp_gain":0.0,"max_hp_loss":0.0,"gold_gain":0.0,"event_name":"Scrap Ooze","player_choice":"Success","floor":12.0,"gold_loss":0.0,"damage_taken":3.0,"relics_obtained":["Art of War"]},{"damage_healed":0.0,"max_hp_gain":0.0,"max_hp_loss":0.0,"gold_gain":0.0,"event_name":"Back to Basics","player_choice":"Simplicity","floor":19.0,"gold_loss":0.0,"damage_taken":0.0,"cards_upgraded":["RobotSpaceExplorer:Defend","RobotSpaceExplorer:Defend"]},{"damage_healed":0.0,"max_hp_gain":0.0,"max_hp_loss":0.0,"gold_gain":0.0,"event_name":"Ghosts","player_choice":"Ignored","floor":20.0,"gold_loss":0.0,"damage_taken":0.0},{"damage_healed":0.0,"max_hp_gain":0.0,"max_hp_loss":0.0,"gold_gain":999.0,"event_name":"MindBloom","player_choice":"Gold","floor":37.0,"gold_loss":0.0,"damage_taken":0.0,"cards_obtained":["Normality","Normality"]},{"damage_healed":0.0,"max_hp_gain":0.0,"max_hp_loss":0.0,"gold_gain":0.0,"event_name":"Mysterious Sphere","player_choice":"Fight","floor":41.0,"gold_loss":0.0,"damage_taken":0.0}],"is_beta":false,"boss_relics":[{"not_picked":["Philosopher\u0027s Stone","Calling Bell"],"picked":"Coffee Dripper"},{"not_picked":["Tiny House","Astrolabe"],"picked":"RobotSpaceExplorer:SearchSpecs"}],"items_purged_floors":[47],"is_endless":false,"potions_floor_spawned":[3,11,16,22,24,27,33,38,41,44,48],"ascension_level":5}}