{"host":"rpu0b34yn88n8zeb","time":1608962822,"event":{"mods":["Act Like it!","BaseMod","CapriCore","Colored Powertips","Defuse TimeMaze Blight","Gensokyo","Marisa£®ÏF”Í°°ƒß¿Ì…≥£©","Minty Spire (QoL Compilation)","Quick Restart","Reimu£®≤©¿ˆ¡È√Œ£©","Shop Mod","Spicy Shops","StSLib","The Immortal","The Servant 0.9.4","Yakumo Yukari mod","Youmu£®ªÍ∆«—˝√Œ£©"],"gold_per_floor":[140,30,30,30,30,30,40,71,97,284,303,303,143,164,164,275,275,304,313,213,237,34,71,104,104,104],"floor_reached":25,"playtime":1183,"items_purged":["Clumsy"],"score":238,"play_id":"5e822e63-7b12-401f-b896-da55fc0aee7b","local_time":"20201225230702","is_ascension_mode":true,"campfire_choices":[{"data":"Mirror_FormAndEmptin_purple","floor":6,"key":"SMITH"},{"floor":12,"key":"REST"},{"data":"Worldmountain_purple","floor":15,"key":"SMITH"}],"circlet_count":0,"master_deck":["AT_purpleEX","AT_purpleEX+1","AT_purpleEX","AT_purpleEX","Defend_purpleEX+1","Defend_purpleEX","Defend_purpleEX","Defend_purpleEX","Observe_purple_1","Observe_purple_2+1","Mirror_FormAndEmptin_purple+1","Injury","ExistenceContinue_purple","WingOfChimera_purple","Worldmountain_purple+1","ExistenceContinue_purple","Charmbait_purple","GluttonyofRealm_purpleEX+1","StateErode_purple","Shame","Gensokyo:BlemishedSteel","SfantasyHide_purple+1","StretchesForeverDream_purple+1","Charmbait_purple+1","MNeedle_purple"],"relics":["Boundary_crack","Memoryfragments_purpleEX","Mercury Hourglass","Gensokyo:NagashiBinaDoll","Vajra","RuthlessExorcism:ReiMu","CeramicFish","Gensokyo:BookOfSpecters","Incense Burner","Black Star","Shuriken","Toxic Egg 2","Ornamental Fan"],"acts_visited":["Exordium","Gensokyo:Gensokyo"],"potions_floor_usage":[8,23,23],"damage_taken":[{"damage":3,"enemies":"Gensokyo:Python","floor":1,"turns":4},{"damage":13,"enemies":"Gensokyo:Gryphon","floor":7,"turns":5},{"damage":40,"enemies":"Gensokyo:Aya","floor":8,"turns":7},{"damage":20,"enemies":"Gensokyo:Mamizou","floor":10,"turns":8},{"damage":0,"enemies":"Gensokyo:2_Kodama","floor":11,"turns":1},{"damage":0,"enemies":"Gensokyo:Kitsune","floor":14,"turns":2},{"damage":10,"enemies":"Gensokyo:Reimu","floor":16,"turns":7},{"damage":0,"enemies":"Gensokyo:AngelMirror","floor":18,"turns":2},{"damage":0,"enemies":"Gensokyo:Chomper","floor":21,"turns":2},{"damage":32,"enemies":"Gensokyo:Koishi","floor":23,"turns":6},{"damage":24,"enemies":"Gensokyo:Slime_Group","floor":24,"turns":4},{"damage":31,"enemies":"Gensokyo:Tenshi","floor":25,"turns":1}],"seed_played":"-7041989503136047098","potions_obtained":[{"floor":7,"key":"ColorlessPotion"},{"floor":10,"key":"Energy Potion"},{"floor":11,"key":"Explosive Potion"},{"floor":21,"key":"SteroidPotion"}],"is_trial":false,"path_per_floor":["M","COS","?","?","?","R","M","E","T","E","M","R","?","M","R","B",null,"M","?","COS","M","$","E","M","E"],"character_chosen":"Youkari","items_purchased":["Shuriken"],"campfire_rested":1,"item_purchase_floors":[22],"current_hp_per_floor":[76,76,76,76,76,76,68,33,33,16,18,41,41,43,43,37,77,77,77,77,77,77,46,26,0,0],"gold":104,"neow_bonus":"TEN_PERCENT_HP_BONUS","is_daily":false,"chose_seed":false,"campfire_upgraded":2,"win_rate":0.0,"timestamp":1608962822,"path_taken":["M","COS","?","?","?","R","M","E","T","E","?","R","?","M","R","BOSS","M","?","COS","M","$","E","M","E"],"items_purchased_type":["Relic"],"build_version":"2020-12-22","purchased_purges":1,"victory":false,"max_hp_per_floor":[77,77,77,77,77,77,77,77,77,77,77,77,77,77,77,77,77,77,77,77,77,77,77,81,81,81],"card_choices":[{"not_picked":["RuleDissolution_purple","OmniscientAndOmnipotent_Monster_purple"],"picked":"Mirror_FormAndEmptin_purple","floor":1},{"not_picked":["Shallow_ocean_purpleEX","DimensionStaggered_purple"],"picked":"ExistenceContinue_purple","floor":7},{"not_picked":["RealityDreamConfluencek_purple","PositiveMatter_Antimatter_Universe_purple"],"picked":"WingOfChimera_purple","floor":8},{"not_picked":["Boundary_of_Extermination_purpleEX","Human_Monster_Realm_purple"],"picked":"Worldmountain_purple","floor":10},{"not_picked":["StateDuplicate_purple","SfantasyHide_purple"],"picked":"ExistenceContinue_purple","floor":11},{"not_picked":["StretchesForeverDream_purple","PurpleNeedle_purple"],"picked":"Charmbait_purple","floor":14},{"not_picked":["Computing_the_future_purpleEX","Theboundaryofcreation_purpleEX"],"picked":"GluttonyofRealm_purpleEX","floor":16},{"not_picked":["Boundary_DreamRealityDamnation_purple","Yakumo_Ran_purple"],"picked":"StateErode_purple","floor":18},{"not_picked":["Realm_recovery_purpleEX","StateDuplicate_purple"],"picked":"SfantasyHide_purple+1","floor":21},{"not_picked":["WatchEChange_purple+1","Boundary_of_Extermination_purpleEX"],"picked":"StretchesForeverDream_purple+1","floor":23},{"not_picked":["SharpContractionReality_purple+1","SfantasyHide_purple+1"],"picked":"Charmbait_purple+1","floor":24},{"not_picked":["Worldmountain_purple","Fancifulhole_purple"],"picked":"MNeedle_purple","floor":24}],"player_experience":524348,"relics_obtained":[{"floor":8,"key":"Vajra"},{"floor":9,"key":"RuthlessExorcism:ReiMu"},{"floor":10,"key":"CeramicFish"},{"floor":23,"key":"Toxic Egg 2"},{"floor":23,"key":"Ornamental Fan"}],"event_choices":[],"is_beta":false,"boss_relics":[{"not_picked":["Sozu","Tiny House"],"picked":"Black Star"}],"items_purged_floors":[22],"is_endless":false,"potions_floor_spawned":[7,10,11,21],"killed_by":"Gensokyo:Tenshi","ascension_level":1}}