{"host":"12piqfhmdln9x2la","time":1608960298,"event":{"mods":["2.2 Compatiblity","AchievementEnabler","BaseMod","BetterRewards","Colored Powertips","Minty Spire (QoL Compilation)","Quick Restart","SuperFastMode"],"gold_per_floor":[138,138,173,211,211,211,211,211],"floor_reached":7,"playtime":106,"items_purged":[],"score":47,"play_id":"5be4c43d-5ab6-483f-8058-eeca83eb61b7","local_time":"20201226142458","is_ascension_mode":true,"campfire_choices":[{"data":"1","floor":6,"key":"LIFT"}],"circlet_count":0,"master_deck":["Strike_R","Strike_R","Strike_R","Strike_R","Strike_R","Defend_R","Defend_R","Defend_R","Defend_R","Bash","HandOfGreed","Spot Weakness","Sword Boomerang","Flex","Dropkick"],"relics":["Burning Blood","Girya","Frozen Eye","Peace Pipe","Golden Idol"],"acts_visited":["Exordium"],"potions_floor_usage":[1],"damage_taken":[{"damage":7,"enemies":"Jaw Worm","floor":1,"turns":2},{"damage":15,"enemies":"Cultist","floor":3,"turns":5},{"damage":8,"enemies":"Small Slimes","floor":4,"turns":2},{"damage":18,"enemies":"Gremlin Nob","floor":7,"turns":2}],"seed_played":"-4014182521243072096","potions_obtained":[{"floor":1,"key":"Fruit Juice"}],"is_trial":false,"path_per_floor":["M","?","M","M","?","R","E"],"character_chosen":"IRONCLAD","items_purchased":["Girya","Frozen Eye","HandOfGreed","Spot Weakness"],"campfire_rested":0,"item_purchase_floors":[0,0,0,0],"current_hp_per_floor":[48,48,39,37,16,16,0,0],"gold":211,"neow_bonus":"","is_daily":false,"chose_seed":false,"campfire_upgraded":0,"win_rate":0.0,"timestamp":1608960298,"path_taken":["M","?","M","?","?","R","E"],"items_purchased_type":["Relic","Relic","Card","Card"],"build_version":"2020-12-22","purchased_purges":0,"victory":false,"max_hp_per_floor":[85,85,85,85,85,85,85,85],"card_choices":[{"not_picked":["Fire Breathing","Shrug It Off"],"picked":"Sword Boomerang","floor":1},{"not_picked":["True Grit","Body Slam"],"picked":"Flex","floor":3},{"not_picked":["True Grit","Clothesline"],"picked":"Dropkick","floor":4}],"player_experience":123034,"relics_obtained":[],"event_choices":[{"damage_healed":0,"gold_gain":0,"player_choice":"Bought 0 Potions","damage_taken":0,"max_hp_gain":0,"max_hp_loss":0,"event_name":"The Woman in Blue","floor":2,"gold_loss":0},{"damage_healed":0,"gold_gain":0,"player_choice":"Take Damage","damage_taken":21,"relics_obtained":["Golden Idol"],"max_hp_gain":0,"max_hp_loss":0,"event_name":"Golden Idol","floor":5,"gold_loss":0}],"is_beta":false,"boss_relics":[],"items_purged_floors":[],"is_endless":false,"potions_floor_spawned":[1],"killed_by":"Gremlin Nob","ascension_level":3}}