{"host":"egwexuw5uvnxf11j","time":1608941561,"event":{"mods":["2.2 Compatiblity","Aspiration","BaseMod","Better Altar","Better Note","Better Sensory Stone","Better Third Choice","Displayed Cursed Tome","Downfall","Hermit","Key Reminder","Koishi","Marisa????????","Minty Spire (QoL Compilation)","Quick Restart","Shade Mod","Spicy Shops","StSLib","The Construct","The Cursed","The Hierophant","The Runesmith","The Senshi","The Servant 0.9.4","Transform Curses"],"gold_per_floor":[117,128,147,157,157,157,169,199,199,255,255,22,38,48,48,146,146,158,158,18,18,32,32,32,32],"floor_reached":24,"playtime":1001,"items_purged":[],"score":218,"play_id":"f12e2943-7c83-426a-accb-aed26850e191","local_time":"20201225191241","is_ascension_mode":true,"campfire_choices":[{"data":"Runesmith:CraftMagma","floor":6.0,"key":"SMITH"},{"floor":15.0,"key":"REST"},{"floor":23,"key":"REST"}],"circlet_count":0,"master_deck":["Runesmith:Defend_RS","Runesmith:Defend_RS","Runesmith:Defend_RS","Runesmith:Defend_RS","Runesmith:CraftFirestone","Runesmith:Fortify","Runesmith:BackupBattery","Runesmith:CraftProtectio","Runesmith:ChargedHammer","Runesmith:CraftMagma+1","Runesmith:CraftIncendium","Runesmith:HeatExchange","Runesmith:UnstableHammer","Runesmith:HammerTime","Runesmith:GrandSlam","Runesmith:Grindstone","Runesmith:CraftIndustria","Runesmith:Reinforce","Runesmith:Firestorm","Runesmith:ChiselStab+1","Runesmith:ShiftingStrike","Runesmith:CreatorForm","Runesmith:CraftProtectio+1","Runesmith:FieryHammer+1","Slimebound:Tackle+1","Slimebound:Tackle+1","Slimebound:Tackle+1","Runesmith:UnstableHammer"],"relics":["Runesmith:BrokenRuby","aspiration:Nostalgia","construct:Cogwheel","Strawberry","keyreminder:keyreminder","aspiration:HatOfInfinitePower","Smiling Mask","Tiny Chest","Runesmith:MiniCore","aspiration:RunicSpoon","Orrery"],"acts_visited":["Exordium","TheCity"],"potions_floor_usage":[24],"damage_taken":[{"damage":3.0,"enemies":"Small Slimes","floor":1.0,"turns":4.0},{"damage":10.0,"enemies":"2 Louse","floor":2.0,"turns":3.0},{"damage":13.0,"enemies":"Jaw Worm","floor":3.0,"turns":4.0},{"damage":2.0,"enemies":"2 Fungi Beasts","floor":4.0,"turns":4.0},{"damage":9.0,"enemies":"Looter","floor":7.0,"turns":3.0},{"damage":3.0,"enemies":"3 Sentries","floor":8.0,"turns":5.0},{"damage":7.0,"enemies":"3 Sentries","floor":10.0,"turns":6.0},{"damage":1.0,"enemies":"Exordium Wildlife","floor":13.0,"turns":3.0},{"damage":0.0,"enemies":"Lots of Slimes","floor":14.0,"turns":1.0},{"damage":23.0,"enemies":"Hexaghost","floor":16.0,"turns":8.0},{"damage":5,"enemies":"Spheric Guardian","floor":18,"turns":3},{"damage":39,"enemies":"2 Thieves","floor":22,"turns":4},{"damage":64,"enemies":"Slavers","floor":24,"turns":3}],"seed_played":"3194811910037563829","potions_obtained":[{"floor":1.0,"key":"Energy Potion"},{"floor":2.0,"key":"Regen Potion"},{"floor":4.0,"key":"LiquidMemories"},{"floor":7.0,"key":"PowerPotion"},{"floor":14.0,"key":"Ancient Potion"}],"is_trial":false,"path_per_floor":["M","M","M","M","?","R","M","E","T","?","?","$","M","M","R","B",null,"M","?","$","?","M","R","E"],"character_chosen":"RUNESMITH_CLASS","items_purchased":["Runesmith:MiniCore","Runesmith:HammerTime","Runesmith:Firestorm","Orrery"],"campfire_rested":2,"item_purchase_floors":[12,12,20,20],"current_hp_per_floor":[67,57,44,42,65,65,56,60,60,53,35,35,34,34,57,34,77,72,72,72,72,33,56,0,0],"gold":32,"neow_bonus":"NOSTALGIA","is_daily":false,"chose_seed":false,"campfire_upgraded":1,"win_rate":0.0,"timestamp":1608941561,"path_taken":["M","M","M","M","?","R","M","E","T","?","?","$","M","M","R","BOSS","M","?","$","?","M","R","E"],"items_purchased_type":["Relic","Card","Card","Relic"],"build_version":"2020-12-22","purchased_purges":0,"victory":false,"max_hp_per_floor":[70,70,70,70,70,70,70,77,77,77,77,77,77,77,77,77,77,77,77,77,77,77,77,77,77],"card_choices":[{"not_picked":["Runesmith:Electrocute","Runesmith:UnstableHammer"],"picked":"Runesmith:BackupBattery","floor":1.0},{"not_picked":["Runesmith:ChaoticBlast","Runesmith:Superposition"],"picked":"Runesmith:CraftProtectio","floor":2.0},{"not_picked":["Runesmith:CraftProtectio","Runesmith:Firestorm"],"picked":"Runesmith:ChargedHammer","floor":3.0},{"not_picked":["Runesmith:StaticCage","Runesmith:NegativeSpace"],"picked":"Runesmith:CraftMagma","floor":4.0},{"not_picked":["Runesmith:Overpower","Runesmith:ChiselStab"],"picked":"Runesmith:CraftIncendium","floor":7.0},{"not_picked":["Runesmith:CraftMagma","Runesmith:HammerThrow"],"picked":"Runesmith:HeatExchange","floor":8.0},{"not_picked":["Runesmith:ShiftingStrike","Runesmith:Discharge"],"picked":"Runesmith:UnstableHammer","floor":10.0},{"not_picked":["Runesmith:Repurpose","Runesmith:Overpower"],"picked":"Runesmith:GrandSlam","floor":13.0},{"not_picked":["Runesmith:EarthShield","Runesmith:Permafrost"],"picked":"Runesmith:Grindstone","floor":14.0},{"not_picked":["Runesmith:GenerateForcefield","Runesmith:Duplicate"],"picked":"Runesmith:CraftIndustria","floor":16.0},{"not_picked":["Runesmith:HeatExchange","Runesmith:PerfectChisel"],"picked":"Runesmith:Reinforce","floor":18},{"not_picked":["Runesmith:Malloc","Runesmith:HeatExchange"],"picked":"Runesmith:ChiselStab+1","floor":20},{"not_picked":["Runesmith:NanitesCloud","Runesmith:MakeshiftArmor"],"picked":"Runesmith:ShiftingStrike","floor":20},{"not_picked":["Runesmith:GrandSlam","Runesmith:CraftProtectio"],"picked":"Runesmith:CreatorForm","floor":20},{"not_picked":["Runesmith:HeatedChisel","Runesmith:RuneHurl"],"picked":"Runesmith:CraftProtectio+1","floor":20},{"not_picked":["Runesmith:NegativeSpace","Runesmith:HeatExchange"],"picked":"Runesmith:FieryHammer+1","floor":20},{"not_picked":["Runesmith:HeatedChisel","Runesmith:EarthShield"],"picked":"Runesmith:UnstableHammer","floor":22}],"player_experience":2097556,"relics_obtained":[{"floor":8.0,"key":"Strawberry"},{"floor":9.0,"key":"aspiration:HatOfInfinitePower"},{"floor":10.0,"key":"Smiling Mask"}],"event_choices":[{"damage_healed":23.0,"max_hp_gain":0.0,"max_hp_loss":0.0,"gold_gain":0.0,"event_name":"Big Fish","player_choice":"Banana","floor":5.0,"gold_loss":0.0,"damage_taken":0.0},{"damage_healed":0.0,"max_hp_gain":0.0,"max_hp_loss":0.0,"gold_gain":0.0,"event_name":"Dead Adventurer","player_choice":"Searched \u00271\u0027 times","floor":10.0,"gold_loss":0.0,"damage_taken":0.0},{"damage_healed":0.0,"max_hp_gain":0.0,"max_hp_loss":0.0,"gold_gain":0.0,"event_name":"betterThird:BetterScrap","player_choice":"Relic ","floor":11.0,"gold_loss":0.0,"damage_taken":18.0,"cards_obtained":["Vault"]},{"damage_healed":0,"gold_gain":0,"player_choice":"Ignored","damage_taken":0,"max_hp_gain":0,"max_hp_loss":0,"event_name":"Ghosts","floor":19,"gold_loss":0}],"is_beta":false,"boss_relics":[{"not_picked":["Runic Pyramid","Philosopher\u0027s Stone"],"picked":"aspiration:RunicSpoon"}],"items_purged_floors":[],"is_endless":false,"potions_floor_spawned":[1,2,4,7,14],"killed_by":"Slavers","ascension_level":2}}