{"host":"9dfaar78vv55a585","time":1608944768,"event":{"mods":["Aspiration","Bard","BaseMod","Beaked The Cultist","Better Third Choice","BetterRewards","Clockwork Mod","Conspire","DeckTracker","Energized Spire","Glutton Mod","Halation","Hermit","Hubris","Infinite Spire","KinomotoSakuraMod(????)","LagranYue(???·?)","Marisa????????","Mimic Mod","Minty Spire (QoL Compilation)","Permanent Neow","Reimu??????","Remilia??????","Replay The Spire","Shop Mod","Spicy Shops","Spikes Relics","StSLib","SuperFastMode","The Cursed","The Juggle","The Jungle","The Sage","The Valiant","The Vixen","TheArtist","TheVacant","Trackpad","egg","vexMod"],"gold_per_floor":[109,129,146,146,146,146,69,88,115,115,134,104,104,114,114,217,217,142,142,142,142,155,155,186,161,187,204,0,0,0],"floor_reached":29,"playtime":1470,"items_purged":["infinitespire:UltimateForm"],"score":213,"play_id":"80160fa4-4593-4ce4-9d60-bd4f9aa8cc4c","local_time":"20201226010608","is_ascension_mode":false,"campfire_choices":[{"data":"Clockwork:MechanicalMass","floor":6,"key":"SMITH"},{"data":"Clockwork:Tinker","floor":10,"key":"SMITH"},{"floor":13,"key":"REST"},{"floor":15,"key":"REST"},{"floor":23,"key":"REST"}],"circlet_count":0,"master_deck":["Clockwork:Strike","Clockwork:Strike","Clockwork:Strike","Clockwork:Strike","Clockwork:Shield","Clockwork:Shield","Clockwork:Shield","Clockwork:Shield","Clockwork:Tinker+1","Clockwork:WarmUp","Clockwork:MechanicalMass+1","Clockwork:RevUp","Clockwork:RevUp","Clockwork:SystemHardening","Clockwork:CogBarrier","Necronomicurse"],"relics":["Clockwork:MomentumEngine","LagranYue:RandomDrawCardRelic","aspiration:Nostalgia","infinitespire:DarkRift","Centennial Puzzle","Painkiller Herb","Strange Spoon","hubris:Towel","Necronomicon","Clockwork:QuicksilverHourglass","Clockwork:BloodPhial","Bag of Preparation"],"acts_visited":["Exordium","TheCity"],"potions_floor_usage":[5,8,11,14,16,22,24],"damage_taken":[{"damage":5,"enemies":"Cultist","floor":1,"turns":8},{"damage":5,"enemies":"Small Slimes","floor":2,"turns":7},{"damage":2,"enemies":"2 Louse","floor":3,"turns":3},{"damage":11,"enemies":"2 Fungi Beasts","floor":8,"turns":7},{"damage":23,"enemies":"3 Louse","floor":11,"turns":10},{"damage":0,"enemies":"Looter","floor":12,"turns":4},{"damage":17,"enemies":"Large Slime","floor":14,"turns":4},{"damage":38,"enemies":"Fading Forest","floor":16,"turns":11},{"damage":37,"enemies":"2 Thieves","floor":18,"turns":5},{"damage":22,"enemies":"conspire:FuzzyDice","floor":22,"turns":9},{"damage":30,"enemies":"Snake Plant","floor":24,"turns":4},{"damage":11,"enemies":"Snecko","floor":27,"turns":5},{"damage":18,"enemies":"Centurion and Healer","floor":29,"turns":5}],"seed_played":"7241881890496943946","potions_obtained":[{"floor":3,"key":"LifebloodPotion"},{"floor":5,"key":"Fruit Juice"},{"floor":5,"key":"Cursed Concoction"},{"floor":5,"key":"Weak Potion"},{"floor":11,"key":"Elixir"},{"floor":14,"key":"Adrenaline Potion"},{"floor":16,"key":"ColorlessPotion"},{"floor":22,"key":"ColorlessPotion"}],"is_trial":false,"path_per_floor":["M","M","M","?","?","R","$","M","T","R","M","M","R","M","R","B",null,"?","AVR","?","?","?","T","?","?","T","?","?","?"],"character_chosen":"CLOCKWORK","items_purchased":["Clockwork:RevUp"],"campfire_rested":3,"item_purchase_floors":[7],"current_hp_per_floor":[80,75,73,51,56,56,56,45,45,45,22,22,49,32,59,31,90,55,55,55,39,19,46,18,18,18,9,9,0,0],"gold":0,"neow_bonus":"NOSTALGIA","is_daily":false,"chose_seed":false,"campfire_upgraded":2,"win_rate":0.0,"timestamp":1608944768,"path_taken":["M","M","?","?","?","R","$","?","T","R","?","M","R","M","R","BOSS","?","AVR","?","?","?","T","?","?","T","?","?","?"],"items_purchased_type":["Card"],"build_version":"2020-12-22","purchased_purges":1,"victory":false,"max_hp_per_floor":[85,85,85,85,90,90,90,90,90,90,90,90,90,90,90,90,90,90,90,90,90,90,90,90,90,90,90,90,90,90],"card_choices":[{"not_picked":["Clockwork:AdaptiveCannon","Clockwork:ForgeStrike"],"picked":"Clockwork:MechanicalMass","floor":1},{"not_picked":["Clockwork:Scour","Clockwork:RitualDaggerMk0","Clockwork:ForgeStrike"],"picked":"SKIP","floor":2},{"not_picked":["Clockwork:ForgeStrike","Clockwork:HeadStart"],"picked":"Clockwork:RevUp","floor":3},{"not_picked":["ReplayTheSpireMod:Chaos Vortex","infinitespire:Execution"],"picked":"infinitespire:UltimateForm","floor":4},{"not_picked":["Clockwork:Friction","Clockwork:Pluck"],"picked":"Clockwork:SystemHardening","floor":8},{"not_picked":["Clockwork:InertialShield","Clockwork:Improve"],"picked":"Clockwork:CraftBloodPhial","floor":11},{"not_picked":["Clockwork:QuantumStrike","Clockwork:TestingEnvironment","Clockwork:ChargingBlade"],"picked":"SKIP","floor":12},{"not_picked":["Clockwork:Roundhouse","Clockwork:QuantumStrike"],"picked":"Clockwork:CogBarrier","floor":14},{"not_picked":["Clockwork:Strangle","Clockwork:UnlimitedCogworks"],"picked":"Clockwork:CraftQuicksilverHourglass","floor":16},{"not_picked":["Clockwork:CogBarrier+1","Clockwork:Enhance","Clockwork:InertialShield"],"picked":"SKIP","floor":18},{"not_picked":["Clockwork:SpringShield+1","Clockwork:Pluck","Clockwork:ReserveSystems+1"],"picked":"SKIP","floor":22},{"not_picked":["Clockwork:Selectivity","Clockwork:ForgeStrike","Clockwork:MechanicalMass+1"],"picked":"SKIP","floor":24},{"not_picked":["Clockwork:CogShield","Clockwork:SpurOn","Clockwork:RitualDaggerMk0"],"picked":"SKIP","floor":27}],"player_experience":93460,"relics_obtained":[{"floor":9,"key":"Centennial Puzzle"},{"floor":21,"key":"Necronomicon"},{"floor":26,"key":"Bag of Preparation"}],"event_choices":[{"damage_healed":0,"gold_gain":0,"player_choice":"Got Potions","damage_taken":0,"max_hp_gain":0,"max_hp_loss":0,"event_name":"Lab","floor":5,"gold_loss":0},{"damage_healed":0,"gold_gain":0,"player_choice":"Obtained Book","damage_taken":16,"max_hp_gain":0,"max_hp_loss":0,"event_name":"Cursed Tome","floor":21,"gold_loss":0},{"damage_healed":0,"gold_gain":0,"player_choice":"Paid Fearfully","damage_taken":0,"max_hp_gain":0,"max_hp_loss":0,"event_name":"Masked Bandits","floor":28,"gold_loss":204}],"is_beta":false,"boss_relics":[{"not_picked":["ChewingGum","vexMod:RockOfEvil"],"picked":"Painkiller Herb"}],"items_purged_floors":[19],"is_endless":false,"potions_floor_spawned":[3,11,14,16,22],"killed_by":"Centurion and Healer","ascension_level":0}}