{"host":"utqe55yv0jihe4d6","time":1608953848,"event":{"mods":["2.2 Compatiblity","AchievementEnabler","BaseMod","Block Reminder","Colored Map","Colored Powertips","Minty Spire (QoL Compilation)","Quick Restart","Rare Cards Sparkle","Relic Stats","SuperFastMode"],"gold_per_floor":[116,116,128,143,143,143,173,173,173,173,188,213,213,231,231,309,309,319,319,333,343,359,359,393,393,393,243,243,271,287,315,315,389,389,405,139,139,149,149,149,179,179,179,198,198,198,36,55,55,55,55],"floor_reached":52,"playtime":2029,"items_purged":["Decay","Strike_P","Shame"],"score":1996,"play_id":"df10414c-0945-433f-aae7-79db1dab22ef","local_time":"20201225223728","is_ascension_mode":true,"campfire_choices":[{"data":"Eruption","floor":6.0,"key":"SMITH"},{"data":"EmptyFist","floor":8.0,"key":"SMITH"},{"data":"Vigilance","floor":10.0,"key":"SMITH"},{"data":"Tantrum","floor":13.0,"key":"SMITH"},{"data":"CutThroughFate","floor":15.0,"key":"SMITH"},{"floor":23.0,"key":"REST"},{"data":"FlurryOfBlows","floor":25.0,"key":"SMITH"},{"data":"Wallop","floor":28.0,"key":"SMITH"},{"floor":32.0,"key":"DIG"},{"data":"TalkToTheHand","floor":40.0,"key":"SMITH"},{"floor":42.0,"key":"DIG"},{"floor":45.0,"key":"DIG"},{"data":"DevaForm","floor":49,"key":"SMITH"}],"circlet_count":0,"master_deck":["AscendersBane","Strike_P","Strike_P","Defend_P","Eruption+1","Vigilance+1","EmptyFist+1","ThirdEye+1","Perseverance+1","Vault+1","Halt+1","Tantrum+1","CutThroughFate+1","Scrawl+1","BowlingBash+1","FlurryOfBlows+1","Meditate+1","Wallop+1","EmptyBody+1","CutThroughFate","DevaForm+1","TalkToTheHand+1","Adaptation","ClearTheMind+1","WaveOfTheHand+1","Scrawl+1"],"relics":["PureWater","NeowsBlessing","Toxic Egg 2","Happy Flower","Singing Bowl","Lantern","Cursed Key","Eternal Feather","Incense Burner","Shovel","Bag of Preparation","HornCleat","Empty Cage","Akabeko","Blood Vial","StrikeDummy","Ice Cream"],"acts_visited":["Exordium","TheCity","TheBeyond"],"potions_floor_usage":[],"damage_taken":[{"damage":0.0,"enemies":"Jaw Worm","floor":1.0,"turns":1.0},{"damage":0.0,"enemies":"Cultist","floor":3.0,"turns":1.0},{"damage":0.0,"enemies":"2 Louse","floor":4.0,"turns":2.0},{"damage":3.0,"enemies":"Lagavulin","floor":7.0,"turns":5.0},{"damage":19.0,"enemies":"Exordium Thugs","floor":11.0,"turns":7.0},{"damage":5.0,"enemies":"3 Sentries","floor":12.0,"turns":7.0},{"damage":0.0,"enemies":"Lots of Slimes","floor":14.0,"turns":3.0},{"damage":28.0,"enemies":"Slime Boss","floor":16.0,"turns":8.0},{"damage":0.0,"enemies":"Spheric Guardian","floor":18.0,"turns":2.0},{"damage":15.0,"enemies":"2 Thieves","floor":20.0,"turns":2.0},{"damage":0.0,"enemies":"3 Cultists","floor":21.0,"turns":3.0},{"damage":0.0,"enemies":"Snecko","floor":22.0,"turns":5.0},{"damage":7.0,"enemies":"Gremlin Leader","floor":24.0,"turns":4.0},{"damage":0.0,"enemies":"Slavers","floor":29.0,"turns":4.0},{"damage":5.0,"enemies":"Shelled Parasite and Fungi","floor":30.0,"turns":4.0},{"damage":0.0,"enemies":"Gremlin Leader","floor":31.0,"turns":6.0},{"damage":37.0,"enemies":"Champ","floor":33.0,"turns":7.0},{"damage":0.0,"enemies":"Orb Walker","floor":35.0,"turns":3.0},{"damage":0.0,"enemies":"3 Darklings","floor":38.0,"turns":5.0},{"damage":0.0,"enemies":"Nemesis","floor":41.0,"turns":6.0},{"damage":0.0,"enemies":"Spire Growth","floor":44.0,"turns":4.0},{"damage":0.0,"enemies":"Maw","floor":48.0,"turns":6.0},{"damage":5,"enemies":"Donu and Deca","floor":50,"turns":8},{"damage":55,"enemies":"Time Eater","floor":51,"turns":10}],"seed_played":"-1221517481478615694","potions_obtained":[{"floor":3.0,"key":"SteroidPotion"},{"floor":11.0,"key":"Strength Potion"},{"floor":14.0,"key":"FearPotion"},{"floor":18.0,"key":"Explosive Potion"},{"floor":20.0,"key":"Fire Potion"},{"floor":29.0,"key":"Explosive Potion"},{"floor":38.0,"key":"DuplicationPotion"},{"floor":48.0,"key":"Dexterity Potion"}],"is_trial":false,"path_per_floor":["M","?","M","M","?","R","E","R","T","R","M","E","R","M","R","B",null,"M","?","M","M","M","R","E","R","T","$","R","E","M","E","R","B",null,"M","$","?","M","?","R","E","R","T","M","R","?","$","M","R","B","B",null],"character_chosen":"WATCHER","items_purchased":["Wallop","TalkToTheHand","Adaptation","WaveOfTheHand+1"],"campfire_rested":1,"item_purchase_floors":[27,36,36,47],"current_hp_per_floor":[61,61,61,61,61,61,58,58,58,58,39,34,34,34,34,6,53,55,49,34,36,36,57,50,62,62,62,72,72,69,69,74,37,65,67,67,67,69,69,78,78,78,78,80,80,80,80,80,80,75,22],"gold":55,"neow_bonus":"THREE_ENEMY_KILL","is_daily":false,"chose_seed":false,"campfire_upgraded":9,"win_rate":0.0,"timestamp":1608953848,"path_taken":["M","?","?","M","?","R","E","R","T","R","M","E","R","M","R","BOSS","M","?","?","M","M","R","E","R","T","$","R","E","M","E","R","BOSS","M","$","?","?","?","R","E","R","T","?","R","?","$","M","R","BOSS","BOSS"],"items_purchased_type":["Card","Card","Card","Card"],"build_version":"2020-12-22","purchased_purges":3,"victory":true,"max_hp_per_floor":[68,68,68,68,68,68,68,68,68,68,68,68,68,68,68,68,68,70,70,70,72,72,72,72,72,72,72,72,72,74,74,74,74,74,76,76,76,78,78,78,78,78,78,80,80,80,80,80,80,80,80],"relic_stats":{"Blood Vial":2,"Shovel":3,"Happy Flower":[34],"Singing Bowl":12,"counters":[24,113],"Eternal Feather":36,"Bag of Preparation":[16],"Cursed Key":2,"obtain_stats":[{"Ice Cream":45,"Lantern":12,"NeowsBlessing":0,"Happy Flower":7,"Singing Bowl":9,"Eternal Feather":24,"Incense Burner":26,"Bag of Preparation":31,"Cursed Key":17,"Empty Cage":34,"Akabeko":39,"Blood Vial":41,"Shovel":29,"HornCleat":32,"PureWater":0,"Toxic Egg 2":2,"StrikeDummy":42},{"Ice Cream":21,"Lantern":6,"NeowsBlessing":0,"Happy Flower":4,"Singing Bowl":4,"Eternal Feather":13,"Incense Burner":13,"Bag of Preparation":16,"Cursed Key":8,"Empty Cage":17,"Akabeko":19,"Blood Vial":20,"Shovel":14,"HornCleat":16,"PureWater":0,"Toxic Egg 2":1,"StrikeDummy":20},{"Ice Cream":89,"Lantern":23,"NeowsBlessing":0,"Happy Flower":9,"Singing Bowl":9,"Eternal Feather":50,"Incense Burner":50,"Bag of Preparation":64,"Cursed Key":34,"Empty Cage":71,"Akabeko":79,"Blood Vial":85,"Shovel":54,"HornCleat":64,"PureWater":0,"Toxic Egg 2":1,"StrikeDummy":85}]},"card_choices":[{"not_picked":["BowlingBash","ThirdEye"],"picked":"EmptyFist","floor":1.0},{"not_picked":["SashWhip","Sanctity+1"],"picked":"ThirdEye+1","floor":3.0},{"not_picked":["Pray+1","Nirvana"],"picked":"Perseverance+1","floor":4.0},{"not_picked":["Wireheading","MentalFortress"],"picked":"Vault+1","floor":7.0},{"not_picked":["Study","SashWhip"],"picked":"Halt+1","floor":11.0},{"not_picked":["PathToVictory+1","Indignation+1"],"picked":"Tantrum","floor":12.0},{"not_picked":["EmptyFist","JustLucky"],"picked":"CutThroughFate","floor":14.0},{"not_picked":["Wish+1","SpiritShield+1"],"picked":"Scrawl+1","floor":16.0},{"not_picked":["Consecrate","Prostrate+1","Protect+1"],"picked":"Singing Bowl","floor":18.0},{"not_picked":["Consecrate+1","BattleHymn+1"],"picked":"BowlingBash+1","floor":20.0},{"not_picked":["ThirdEye+1","Prostrate+1","Vengeance+1"],"picked":"Singing Bowl","floor":21.0},{"not_picked":["Pray+1","SignatureMove"],"picked":"FlurryOfBlows","floor":22.0},{"not_picked":["Halt+1","FlyingSleeves"],"picked":"Meditate+1","floor":24.0},{"not_picked":["Brilliance","CutThroughFate"],"picked":"EmptyBody+1","floor":29.0},{"not_picked":["JustLucky","CutThroughFate","CrushJoints"],"picked":"Singing Bowl","floor":30.0},{"not_picked":["WindmillStrike","ThirdEye+1"],"picked":"CutThroughFate","floor":31.0},{"not_picked":["DeusExMachina+1","LessonLearned"],"picked":"DevaForm","floor":33.0},{"not_picked":["FlyingSleeves","EmptyFist+1","Evaluate+1"],"picked":"Singing Bowl","floor":35.0},{"not_picked":["FollowUp","SashWhip","Worship+1"],"picked":"Singing Bowl","floor":38.0},{"not_picked":["ThirdEye+1","Swivel+1"],"picked":"ClearTheMind+1","floor":41.0},{"not_picked":["FollowUp","SashWhip","Tantrum+1"],"picked":"Singing Bowl","floor":44.0},{"not_picked":["Crescendo+1","Perseverance+1"],"picked":"Scrawl+1","floor":48.0}],"player_experience":2862531,"relics_obtained":[{"floor":2.0,"key":"Toxic Egg 2"},{"floor":7.0,"key":"Happy Flower"},{"floor":9.0,"key":"Singing Bowl"},{"floor":12.0,"key":"Lantern"},{"floor":24.0,"key":"Eternal Feather"},{"floor":26.0,"key":"Incense Burner"},{"floor":29.0,"key":"Shovel"},{"floor":31.0,"key":"Bag of Preparation"},{"floor":32.0,"key":"HornCleat"},{"floor":41.0,"key":"Blood Vial"},{"floor":42.0,"key":"StrikeDummy"},{"floor":45.0,"key":"Ice Cream"}],"event_choices":[{"damage_healed":0.0,"max_hp_gain":0.0,"max_hp_loss":0.0,"gold_gain":0.0,"event_name":"Wheel of Change","player_choice":"Relic","floor":2.0,"gold_loss":0.0,"damage_taken":0.0},{"cards_removed":["Defend_P"],"damage_healed":0.0,"max_hp_gain":0.0,"max_hp_loss":0.0,"gold_gain":0.0,"event_name":"Purifier","player_choice":"Purged","floor":5.0,"gold_loss":0.0,"damage_taken":0.0},{"damage_healed":0.0,"max_hp_gain":0.0,"max_hp_loss":0.0,"gold_gain":0.0,"event_name":"Knowing Skull","player_choice":"","floor":19.0,"potions_obtained":[],"gold_loss":0.0,"damage_taken":6.0,"cards_obtained":[]},{"cards_removed":["Defend_P"],"damage_healed":0.0,"max_hp_gain":0.0,"max_hp_loss":0.0,"gold_gain":0.0,"event_name":"Purifier","player_choice":"Purged","floor":37.0,"gold_loss":0.0,"damage_taken":0.0},{"damage_healed":0.0,"max_hp_gain":0.0,"max_hp_loss":0.0,"gold_gain":0.0,"event_name":"WeMeetAgain","player_choice":"Gave Potion","floor":39.0,"gold_loss":0.0,"damage_taken":0.0,"relics_obtained":["Akabeko"]},{"damage_healed":0.0,"max_hp_gain":0.0,"max_hp_loss":0.0,"gold_gain":0.0,"event_name":"Tomb of Lord Red Mask","player_choice":"Ignored","floor":46.0,"gold_loss":0.0,"damage_taken":0.0}],"is_beta":false,"boss_relics":[{"not_picked":["SlaversCollar","Coffee Dripper"],"picked":"Cursed Key"},{"not_picked":["Fusion Hammer","Calling Bell"],"picked":"Empty Cage"}],"items_purged_floors":[27,36,47],"is_endless":false,"potions_floor_spawned":[3,11,14,18,20,24,29,38,48],"ascension_level":20}}