{"host":"ftwsn2kbtsx9x7xs","time":1608955991,"event":{"mods":["BaseMod","Hermit","Minty Spire (QoL Compilation)","Replay The Spire","StSLib","Td1madao Mod","The Dragon Tamer"],"gold_per_floor":[115,127,147,147,163,163,66,66,66,99,99,124,148,73,73,194,194,207,207,207,207,207,207,246,345,395,295,313,313,338,376,376,497,497,520,533,103,103,103,136,136,136,163,163,13,47,67,130,130,130,130,130,130,173,173],"floor_reached":56,"playtime":3293,"items_purged":["Strike_R","Strike_R","Strike_R","Looming Evil"],"score":1390,"play_id":"7dbc4150-c0a3-4a72-9cb2-c7b676c9e60c","local_time":"20201226131311","is_ascension_mode":true,"campfire_choices":[{"data":"Armaments","floor":6.0,"key":"SMITH"},{"floor":8.0,"key":"RECALL"},{"data":"Defend_R","floor":15.0,"key":"PURGE"},{"data":"Metallicize","floor":23.0,"key":"SMITH"},{"data":"Strike_R+1","floor":29.0,"key":"SMITH"},{"floor":32.0,"key":"REST"},{"floor":41.0,"key":"REST"},{"data":"Strike_R+1","floor":44.0,"key":"SMITH"},{"data":"Strike_R+2","floor":49.0,"key":"SMITH"},{"data":"Strike_R+3","floor":52.0,"key":"SMITH"}],"circlet_count":0,"master_deck":["Strike_R+1","Defend_R","Defend_R+1","Bash","Armaments+1","Warcry","ReplayTheSpireMod:Stacked","Purity+1","Metallicize+1","Disarm+1","Metallicize","Armaments+1","Demonic Infusion","Metallicize","Seeing Red+1"],"relics":["Burning Blood","Simple Rune","Golden Idol","Gremlin Horn","Empty Cage","Du-Vu Doll","Enchiridion","War Paint","ReplayFunnel","Iron Hammer","Sozu","TungstenRod","Ring of Peace","Mercury Hourglass","Vajra","Replay:Bottled Steam","Ginger","ReplayTheSpireMod:TigerMarble"],"acts_visited":["Exordium","TheCity","TheBeyond","TheEnding"],"potions_floor_usage":[55],"damage_taken":[{"damage":7.0,"enemies":"Small Slimes","floor":1.0,"turns":3.0},{"damage":3.0,"enemies":"Cultist","floor":2.0,"turns":4.0},{"damage":6.0,"enemies":"Jaw Worm","floor":3.0,"turns":4.0},{"damage":5.0,"enemies":"2 Fungi Beasts","floor":5.0,"turns":4.0},{"damage":13.0,"enemies":"Gremlin Nob","floor":10.0,"turns":4.0},{"damage":1.0,"enemies":"Looter","floor":12.0,"turns":5.0},{"damage":10.0,"enemies":"Blue Slaver","floor":13.0,"turns":4.0},{"damage":55.0,"enemies":"Hexaghost","floor":16.0,"turns":10.0},{"damage":0.0,"enemies":"Spheric Guardian","floor":18.0,"turns":8.0},{"damage":36.0,"enemies":"Slavers","floor":24.0,"turns":10.0},{"damage":0.0,"enemies":"Chosen","floor":28.0,"turns":6.0},{"damage":0.0,"enemies":"Snake Plant","floor":30.0,"turns":6.0},{"damage":19.0,"enemies":"Gremlin Leader","floor":31.0,"turns":7.0},{"damage":9.0,"enemies":"Automaton","floor":33.0,"turns":10.0},{"damage":3.0,"enemies":"3 Darklings","floor":35.0,"turns":9.0},{"damage":2.0,"enemies":"Orb Walker","floor":36.0,"turns":7.0},{"damage":41.0,"enemies":"Reptomancer","floor":40.0,"turns":12.0},{"damage":0.0,"enemies":"R_Hoarder","floor":46.0,"turns":11.0},{"damage":0.0,"enemies":"Maw","floor":47.0,"turns":6.0},{"damage":0.0,"enemies":"Mind Bloom Boss Battle","floor":48.0,"turns":7.0},{"damage":21.0,"enemies":"Donu and Deca","floor":50.0,"turns":10.0},{"damage":29.0,"enemies":"Shield and Spear","floor":54.0,"turns":6.0},{"damage":37,"enemies":"The Heart","floor":55,"turns":15}],"seed_played":"2411549284480713448","potions_obtained":[{"floor":1.0,"key":"Fire Potion"},{"floor":5.0,"key":"LiquidMemories"},{"floor":10.0,"key":"Dexterity Potion"},{"floor":13.0,"key":"Adrenaline Potion"},{"floor":16.0,"key":"BlessingOfTheForge"}],"is_trial":false,"path_per_floor":["M","M","M","?","M","R","$","R","T","E","?","M","M","$","R","B",null,"M","$","?","?","$","R","E","?","T","$","M","R","M","E","R","B",null,"M","M","$","?","$","E","R","?","T","R","$","E","M","?","R","B",null,"R","$","E","B",null],"character_chosen":"IRONCLAD","items_purchased":["Purity","TungstenRod"],"campfire_rested":2,"item_purchase_floors":[7,37],"current_hp_per_floor":[79,80,80,80,80,80,80,80,80,73,73,78,74,74,74,25,80,80,80,80,64,64,64,34,34,34,34,40,40,46,33,57,54,80,80,80,80,80,80,45,69,69,69,69,69,78,80,80,80,65,80,80,80,57,26],"gold":173,"neow_bonus":"RANDOM_COMMON_RELIC","is_daily":false,"chose_seed":false,"campfire_upgraded":6,"win_rate":0.0,"timestamp":1608955991,"path_taken":["M","M","M","?","M","R","$","R","T","E","?","M","?","?","R","BOSS","M","$","?","?","$","R","E","?","T","$","M","R","M","E","R","BOSS","M","M","$","?","$","E","R","?","T","R","?","E","M","?","R","BOSS","R","$","E","BOSS"],"items_purchased_type":["Card","Relic"],"build_version":"2020-12-22","purchased_purges":4,"victory":true,"max_hp_per_floor":[80,80,80,80,80,80,80,80,80,80,80,80,80,80,80,80,80,80,80,80,80,80,80,80,80,80,80,80,80,80,80,80,80,80,80,80,80,80,80,80,80,80,80,80,80,80,80,80,80,80,80,80,80,80,80],"card_choices":[{"not_picked":["Battle Trance","Headbutt","Hemokinesis"],"picked":"SKIP","floor":1.0},{"not_picked":["Blood for Blood","Sentinel"],"picked":"Armaments","floor":2.0},{"not_picked":["Sever Soul","Flex"],"picked":"Warcry","floor":3.0},{"not_picked":["Anger","Ghostly Armor"],"picked":"ReplayTheSpireMod:Stacked","floor":5.0},{"not_picked":["ReplayReversal","Massacre","Flex"],"picked":"SKIP","floor":10.0},{"not_picked":["Anger","Massacre"],"picked":"Metallicize","floor":12.0},{"not_picked":["Iron Wave","Pommel Strike","Massacre"],"picked":"SKIP","floor":13.0},{"not_picked":["Headbutt+1","Thunderclap"],"picked":"Disarm+1","floor":18.0},{"not_picked":["Run Through","Replay:Undeath\u0027s Touch","Iron Wave"],"picked":"SKIP","floor":24.0},{"not_picked":["Anger","Infernal Blade"],"picked":"Metallicize","floor":28.0},{"not_picked":["Headbutt","Ghostly Armor+1","ReplayTheSpireMod:Strike From Hell+1"],"picked":"SKIP","floor":30.0},{"not_picked":["Anger+1","Sword Boomerang"],"picked":"Armaments+1","floor":31.0},{"not_picked":["Immolate","Demon Form"],"picked":"Demonic Infusion","floor":33.0},{"not_picked":["Sword Boomerang","Pommel Strike+1","Rage+1"],"picked":"SKIP","floor":35.0},{"not_picked":["Bloodletting","Thunderclap"],"picked":"Metallicize","floor":36.0},{"not_picked":["Iron Wave+1","Uppercut+1","Wild Strike+1"],"picked":"SKIP","floor":40.0},{"not_picked":["Second Wind+1","Sentinel","Replay:Undeath\u0027s Touch+1"],"picked":"SKIP","floor":46.0},{"not_picked":["Abandon+1","Armaments+1"],"picked":"Seeing Red+1","floor":47.0},{"not_picked":["Clothesline+1","Bludgeon","True Grit+1"],"picked":"SKIP","floor":54.0}],"player_experience":161201,"relics_obtained":[{"floor":10.0,"key":"Gremlin Horn"},{"floor":21.0,"key":"Enchiridion"},{"floor":24.0,"key":"War Paint"},{"floor":26.0,"key":"ReplayFunnel"},{"floor":31.0,"key":"Iron Hammer"},{"floor":38.0,"key":"Ring of Peace"},{"floor":40.0,"key":"Mercury Hourglass"},{"floor":43.0,"key":"Vajra"},{"floor":46.0,"key":"Replay:Bottled Steam"},{"floor":48.0,"key":"Ginger"},{"floor":54.0,"key":"ReplayTheSpireMod:TigerMarble"}],"event_choices":[{"damage_healed":0.0,"max_hp_gain":0.0,"max_hp_loss":0.0,"gold_gain":0.0,"event_name":"Golden Idol","player_choice":"Take Wound","floor":4.0,"gold_loss":0.0,"damage_taken":0.0,"relics_obtained":["Golden Idol"],"cards_obtained":["Injury"]},{"cards_removed":["Injury"],"damage_healed":0.0,"max_hp_gain":0.0,"max_hp_loss":0.0,"gold_gain":0.0,"event_name":"Fountain of Cleansing","player_choice":"Removed Curses","floor":11.0,"gold_loss":0.0,"damage_taken":0.0},{"damage_healed":0.0,"max_hp_gain":0.0,"max_hp_loss":0.0,"gold_gain":0.0,"event_name":"The Mausoleum","player_choice":"Opened","floor":20.0,"gold_loss":0.0,"damage_taken":0.0,"relics_obtained":["Du-Vu Doll"]},{"damage_healed":0.0,"max_hp_gain":0.0,"max_hp_loss":0.0,"gold_gain":0.0,"event_name":"Cursed Tome","player_choice":"Obtained Book","floor":21.0,"gold_loss":0.0,"damage_taken":16.0},{"damage_healed":0.0,"max_hp_gain":0.0,"max_hp_loss":0.0,"gold_gain":99.0,"event_name":"Nest","player_choice":"Stole From Cult","floor":25.0,"gold_loss":0.0,"damage_taken":0.0},{"damage_healed":0.0,"max_hp_gain":0.0,"max_hp_loss":0.0,"gold_gain":0.0,"event_name":"Mysterious Sphere","player_choice":"Ignored","floor":42.0,"gold_loss":0.0,"damage_taken":0.0},{"damage_healed":0.0,"max_hp_gain":0.0,"max_hp_loss":0.0,"gold_gain":0.0,"event_name":"MindBloom","player_choice":"Fight","floor":48.0,"gold_loss":0.0,"damage_taken":0.0}],"is_beta":false,"boss_relics":[{"not_picked":["Philosopher\u0027s Stone","Ectoplasm"],"picked":"Empty Cage"},{"not_picked":["Cursed Key","Black Star"],"picked":"Sozu"}],"items_purged_floors":[14,27,37,45],"is_endless":false,"potions_floor_spawned":[1,5,10,13,16,18,35,40,46,47],"ascension_level":2}}