{"host":"9l1knhxfturzliqa","time":1608952016,"event":{"mods":["BaseMod","Colored Map","Colored Powertips","DeckTracker","Highlight Path","Keyboard Shortcuts","Minty Spire (QoL Compilation)","Quick Restart","Random Character Button"],"gold_per_floor":[109,109,109,132,132,132,147,165,165,165,179,202,215,238,238,364,364,378,401,401,59,59,59,77,110,110,110,151,167,266,89,89,215,215,215,215,236,256,279,279,313,313,313,313,56,56,56,79,79,79],"floor_reached":51,"playtime":3902,"items_purged":["Defend_G","Defend_G"],"score":725,"play_id":"4a25cd43-5eeb-4eba-bcc5-a5c12bdd8c19","local_time":"20201226120656","is_ascension_mode":true,"campfire_choices":[{"data":"Deadly Poison","floor":6.0,"key":"SMITH"},{"data":"Noxious Fumes","floor":10.0,"key":"SMITH"},{"data":"Well Laid Plans","floor":15.0,"key":"SMITH"},{"data":"Tools of the Trade","floor":23.0,"key":"SMITH"},{"floor":27.0,"key":"REST"},{"floor":32.0,"key":"REST"},{"floor":40.0,"key":"REST"},{"floor":42.0,"key":"REST"},{"data":"Envenom","floor":46.0,"key":"SMITH"},{"floor":49.0,"key":"REST"}],"circlet_count":0,"master_deck":["Survivor","Neutralize","Well Laid Plans+1","Leg Sweep","Poisoned Stab","Deadly Poison+1","Noxious Fumes+1","Cloak And Dagger","Bane","PiercingWail+1","Cloak And Dagger+1","Night Terror+1","Tools of the Trade+1","Calculated Gamble+1","Glass Knife+1","Blade Dance+1","Wraith Form v2","Tools of the Trade+1","Terror+1","Crippling Poison+1","Phantasmal Killer+1","Eviscerate","Prepared+1","Accuracy","Secret Technique+1","Metamorphosis+1","Tactician+1","Heel Hook","Envenom+1","Backstab+1","Catalyst+1"],"relics":["Ring of the Snake","Golden Idol","Omamori","Toxic Egg 2","Astrolabe","HornCleat","Snake Skull","Letter Opener","Matryoshka","Bottled Flame","Calling Bell","Anchor","Darkstone Periapt","WingedGreaves","Question Card","Pear","Orrery"],"acts_visited":["Exordium","TheCity","TheBeyond"],"potions_floor_usage":[],"damage_taken":[{"damage":0.0,"enemies":"Small Slimes","floor":1.0,"turns":5.0},{"damage":0.0,"enemies":"Jaw Worm","floor":4.0,"turns":6.0},{"damage":0.0,"enemies":"Cultist","floor":7.0,"turns":3.0},{"damage":3.0,"enemies":"Exordium Thugs","floor":8.0,"turns":6.0},{"damage":1.0,"enemies":"Exordium Wildlife","floor":11.0,"turns":3.0},{"damage":0.0,"enemies":"2 Fungi Beasts","floor":12.0,"turns":4.0},{"damage":0.0,"enemies":"Blue Slaver","floor":13.0,"turns":4.0},{"damage":3.0,"enemies":"Looter","floor":14.0,"turns":4.0},{"damage":2.0,"enemies":"Hexaghost","floor":16.0,"turns":10.0},{"damage":4.0,"enemies":"3 Byrds","floor":18.0,"turns":4.0},{"damage":23.0,"enemies":"2 Thieves","floor":19.0,"turns":4.0},{"damage":7.0,"enemies":"Cultist and Chosen","floor":24.0,"turns":6.0},{"damage":10.0,"enemies":"Gremlin Leader","floor":25.0,"turns":5.0},{"damage":10.0,"enemies":"Book of Stabbing","floor":28.0,"turns":6.0},{"damage":19.0,"enemies":"Centurion and Healer","floor":29.0,"turns":5.0},{"damage":17.0,"enemies":"Champ","floor":33.0,"turns":9.0},{"damage":24.0,"enemies":"3 Darklings","floor":35.0,"turns":5.0},{"damage":1.0,"enemies":"3 Shapes","floor":37.0,"turns":7.0},{"damage":13.0,"enemies":"3 Darklings","floor":38.0,"turns":4.0},{"damage":2.0,"enemies":"Maw","floor":39.0,"turns":6.0},{"damage":22.0,"enemies":"Giant Head","floor":41.0,"turns":8.0},{"damage":6.0,"enemies":"4 Shapes","floor":48.0,"turns":5.0},{"damage":77,"enemies":"Awakened One","floor":50,"turns":10}],"seed_played":"-145838979152048280","potions_obtained":[{"floor":4.0,"key":"SteroidPotion"},{"floor":12.0,"key":"Dexterity Potion"},{"floor":13.0,"key":"SkillPotion"},{"floor":14.0,"key":"BlessingOfTheForge"},{"floor":16.0,"key":"Swift Potion"},{"floor":19.0,"key":"FairyPotion"},{"floor":24.0,"key":"AttackPotion"},{"floor":33.0,"key":"PowerPotion"},{"floor":37.0,"key":"DistilledChaos"},{"floor":39.0,"key":"Fire Potion"}],"is_trial":false,"path_per_floor":["M","?","T","M","?","R","M","M","T","R","M","M","M","M","R","B",null,"M","M","?","$","?","R","M","E","T","R","E","M","?","$","R","B",null,"M","?","M","M","M","R","E","R","T","?","$","R","?","M","R","B",null],"character_chosen":"THE_SILENT","items_purchased":["Terror+1","HornCleat","Prepared+1","Accuracy","Orrery"],"campfire_rested":5,"item_purchase_floors":[21,21,31,31,45],"current_hp_per_floor":[49,49,49,49,54,54,54,51,51,51,50,50,50,47,47,45,70,66,43,43,43,43,43,36,26,26,47,37,18,18,18,39,22,70,46,36,35,22,20,41,19,40,50,50,50,50,50,44,68,16],"gold":79,"neow_bonus":"TRANSFORM_TWO_CARDS","is_daily":false,"chose_seed":false,"campfire_upgraded":5,"win_rate":0.0,"timestamp":1608952016,"path_taken":["M","?","?","M","?","R","?","M","T","R","M","M","M","M","R","BOSS","M","M","?","$","?","R","M","E","T","R","E","?","?","?","R","BOSS","M","?","M","M","M","R","E","R","T","?","$","R","?","?","R","BOSS"],"items_purchased_type":["Card","Relic","Card","Card","Relic"],"build_version":"2020-12-22","purchased_purges":2,"victory":true,"max_hp_per_floor":[70,65,65,65,70,70,70,70,70,70,70,70,70,70,70,70,70,70,70,70,70,70,70,70,70,70,70,70,70,70,70,70,70,70,70,70,70,70,70,70,70,70,80,80,80,80,80,80,80,80],"card_choices":[{"not_picked":["Outmaneuver","Blade Dance"],"picked":"Poisoned Stab","floor":1.0},{"not_picked":["Outmaneuver","Dodge and Roll"],"picked":"Deadly Poison","floor":4.0},{"not_picked":["Prepared","Escape Plan"],"picked":"Noxious Fumes","floor":7.0},{"not_picked":["Choke","Endless Agony"],"picked":"Cloak And Dagger","floor":8.0},{"not_picked":["Blade Dance+1","Cloak And Dagger+1"],"picked":"Bane","floor":11.0},{"not_picked":["Poisoned Stab","Outmaneuver+1"],"picked":"PiercingWail+1","floor":12.0},{"not_picked":["Predator","All Out Attack","Quick Slash"],"picked":"SKIP","floor":13.0},{"not_picked":["Bullet Time+1","Riddle With Holes"],"picked":"Cloak And Dagger+1","floor":14.0},{"not_picked":["Storm of Steel+1","Malaise+1"],"picked":"Night Terror+1","floor":16.0},{"not_picked":["Flying Knee+1","Expertise+1"],"picked":"Blade Dance+1","floor":18.0},{"not_picked":["Dodge and Roll+1","Flechettes+1","Backstab+1"],"picked":"SKIP","floor":19.0},{"not_picked":["Expertise+1","Riddle With Holes+1"],"picked":"Crippling Poison+1","floor":24.0},{"not_picked":["Skewer","Accuracy"],"picked":"Phantasmal Killer+1","floor":25.0},{"not_picked":["Blade Dance+1","Noxious Fumes","Underhanded Strike"],"picked":"SKIP","floor":28.0},{"not_picked":["Well Laid Plans+1","Calculated Gamble+1"],"picked":"Eviscerate","floor":29.0},{"not_picked":["Sucker Punch+1","PiercingWail+1","Dagger Throw+1"],"picked":"SKIP","floor":35.0},{"not_picked":["Enlightenment+1","Finesse+1"],"picked":"Secret Technique+1","floor":36.0},{"not_picked":["Jack Of All Trades+1","Swift Strike"],"picked":"Metamorphosis+1","floor":36.0},{"not_picked":["Noxious Fumes+1","PiercingWail+1","All Out Attack"],"picked":"SKIP","floor":37.0},{"not_picked":["Prepared+1","Deadly Poison+1"],"picked":"Tactician+1","floor":38.0},{"not_picked":["Flechettes+1","Finisher","Noxious Fumes+1"],"picked":"SKIP","floor":39.0},{"not_picked":["Flying Knee+1","Deflect+1"],"picked":"Heel Hook","floor":41.0},{"not_picked":["Skewer+1","Prepared+1","Underhanded Strike+1"],"picked":"Envenom","floor":45.0},{"not_picked":["Dash+1","Slice","Cloak And Dagger+1"],"picked":"Backstab+1","floor":45.0},{"not_picked":["Quick Slash+1","Poisoned Stab","Endless Agony+1"],"picked":"Catalyst+1","floor":48.0}],"player_experience":247236,"relics_obtained":[{"floor":3.0,"key":"Omamori"},{"floor":9.0,"key":"Toxic Egg 2"},{"floor":25.0,"key":"Letter Opener"},{"floor":26.0,"key":"Matryoshka"},{"floor":28.0,"key":"Bottled Flame"},{"floor":34.0,"key":"Anchor"},{"floor":34.0,"key":"Darkstone Periapt"},{"floor":34.0,"key":"WingedGreaves"},{"floor":41.0,"key":"Question Card"},{"floor":43.0,"key":"Pear"}],"event_choices":[{"damage_healed":0.0,"max_hp_gain":0.0,"max_hp_loss":5.0,"gold_gain":0.0,"event_name":"Golden Idol","player_choice":"Lose Max HP","floor":2.0,"gold_loss":0.0,"damage_taken":0.0,"relics_obtained":["Golden Idol"]},{"damage_healed":0.0,"max_hp_gain":5.0,"max_hp_loss":0.0,"gold_gain":0.0,"event_name":"Big Fish","player_choice":"Donut","floor":5.0,"gold_loss":0.0,"damage_taken":0.0},{"damage_healed":0.0,"max_hp_gain":0.0,"max_hp_loss":0.0,"gold_gain":0.0,"cards_transformed":["Defend_G","Defend_G"],"event_name":"Drug Dealer","player_choice":"Became Test Subject","floor":20.0,"gold_loss":0.0,"damage_taken":0.0,"cards_obtained":["Wraith Form v2","Tools of the Trade"]},{"damage_healed":0.0,"max_hp_gain":0.0,"max_hp_loss":0.0,"gold_gain":0.0,"event_name":"The Mausoleum","player_choice":"Opened","floor":22.0,"gold_loss":0.0,"damage_taken":0.0,"relics_obtained":["Snake Skull"]},{"damage_healed":0.0,"max_hp_gain":0.0,"max_hp_loss":0.0,"gold_gain":99.0,"event_name":"Nest","player_choice":"Stole From Cult","floor":30.0,"gold_loss":0.0,"damage_taken":0.0},{"damage_healed":0.0,"max_hp_gain":0.0,"max_hp_loss":0.0,"gold_gain":0.0,"event_name":"SensoryStone","player_choice":"Memory 3","floor":36.0,"gold_loss":0.0,"damage_taken":10.0},{"damage_healed":0.0,"max_hp_gain":0.0,"max_hp_loss":0.0,"gold_gain":0.0,"event_name":"Tomb of Lord Red Mask","player_choice":"Ignored","floor":44.0,"gold_loss":0.0,"damage_taken":0.0},{"cards_removed":["Strike_G"],"damage_healed":0.0,"max_hp_gain":0.0,"max_hp_loss":0.0,"gold_gain":0.0,"event_name":"Falling","player_choice":"Removed Attack","floor":47.0,"gold_loss":0.0,"damage_taken":0.0}],"is_beta":false,"boss_relics":[{"not_picked":["WristBlade","Busted Crown"],"picked":"Astrolabe"},{"not_picked":["Black Star","Fusion Hammer"],"picked":"Calling Bell"}],"items_purged_floors":[31,45],"is_endless":false,"potions_floor_spawned":[4,12,13,14,16,19,24,33,35,37,39],"ascension_level":2}}