{"host":"3a1ypf1irl30q4k8","time":1608993045,"event":{"mods":["AchievementEnabler","BaseMod","Bestiary","Colored Map","Minty Spire (QoL Compilation)","Relic Stats"],"gold_per_floor":[360,35,49,49,64,64,79,93,93,93,73,88,107,107,107,107,107],"floor_reached":16,"playtime":547,"items_purged":["Strike_R"],"score":165,"play_id":"90d750bf-4aa3-401c-9498-181bc082137c","local_time":"20201226143045","is_ascension_mode":true,"campfire_choices":[{"data":"True Grit","floor":6,"key":"SMITH"},{"floor":10,"key":"REST"},{"data":"Whirlwind","floor":15,"key":"SMITH"}],"circlet_count":0,"master_deck":["AscendersBane","Strike_R","Strike_R","Strike_R","Strike_R","Defend_R","Defend_R","Defend_R","Defend_R","Bash","Anger","Rampage","Burning Pact","Purity","Whirlwind+1","Decay","True Grit+1","Headbutt","Hemokinesis","Juggernaut+1","Parasite"],"relics":["Burning Blood","Frozen Egg 2"],"acts_visited":["Exordium"],"potions_floor_usage":[12,12],"damage_taken":[{"damage":10,"enemies":"2 Louse","floor":1,"turns":3},{"damage":6,"enemies":"Cultist","floor":3,"turns":4},{"damage":12,"enemies":"Jaw Worm","floor":5,"turns":2},{"damage":41,"enemies":"Red Slaver","floor":7,"turns":5},{"damage":19,"enemies":"Blue Slaver","floor":8,"turns":4},{"damage":0,"enemies":"2 Fungi Beasts","floor":12,"turns":1},{"damage":16,"enemies":"Red Slaver","floor":13,"turns":3},{"damage":51,"enemies":"Slime Boss","floor":16,"turns":11}],"seed_played":"7981101824993458828","potions_obtained":[{"floor":5,"key":"Strength Potion"},{"floor":7,"key":"Fire Potion"},{"floor":11,"key":"Fire Potion"},{"floor":12,"key":"Energy Potion"},{"floor":13,"key":"SkillPotion"}],"is_trial":false,"path_per_floor":["M","$","M","?","M","R","M","M","T","R","?","M","M","?","R","B"],"character_chosen":"IRONCLAD","items_purchased":["Rampage","Burning Pact","Purity"],"campfire_rested":1,"item_purchase_floors":[2,2,2],"current_hp_per_floor":[64,64,64,64,58,58,23,10,10,30,30,36,26,43,43,0,0],"gold":107,"neow_bonus":"TWO_FIFTY_GOLD","is_daily":false,"chose_seed":false,"campfire_upgraded":2,"win_rate":0.0,"timestamp":1608993045,"path_taken":["M","$","M","?","M","R","M","?","T","R","?","M","?","?","R","BOSS"],"items_purchased_type":["Card","Card","Card"],"build_version":"2020-12-22","purchased_purges":1,"victory":false,"max_hp_per_floor":[68,68,68,68,68,68,68,68,68,68,68,68,68,68,68,68,68],"relic_stats":{"counters":[8,33],"obtain_stats":[{"Frozen Egg 2":9,"Burning Blood":0},{"Frozen Egg 2":5,"Burning Blood":0},{"Frozen Egg 2":18,"Burning Blood":0}],"Burning Blood":42},"card_choices":[{"not_picked":["Sword Boomerang","Bloodletting"],"picked":"Anger","floor":1},{"not_picked":["Spot Weakness","Iron Wave"],"picked":"Whirlwind","floor":3},{"not_picked":["Flex","Clothesline"],"picked":"True Grit","floor":5},{"not_picked":["Twin Strike","Whirlwind"],"picked":"Headbutt","floor":7},{"not_picked":["Heavy Blade","Perfected Strike","Sword Boomerang"],"picked":"SKIP","floor":8},{"not_picked":["Flex","Clothesline"],"picked":"Hemokinesis","floor":12},{"not_picked":["Sentinel","Anger"],"picked":"Juggernaut+1","floor":13}],"player_experience":890685,"relics_obtained":[{"floor":9,"key":"Frozen Egg 2"}],"event_choices":[{"damage_healed":0,"gold_gain":0,"player_choice":"Cursed","damage_taken":0,"max_hp_gain":0,"max_hp_loss":0,"event_name":"Wheel of Change","floor":4,"gold_loss":0,"cards_obtained":["Decay"]},{"damage_healed":0,"gold_gain":0,"player_choice":"Bought 1 Potion","damage_taken":0,"max_hp_gain":0,"max_hp_loss":0,"event_name":"The Woman in Blue","floor":11,"gold_loss":0},{"damage_healed":17,"gold_gain":0,"player_choice":"Healed and dodged fight","damage_taken":0,"max_hp_gain":0,"max_hp_loss":0,"event_name":"Mushrooms","floor":14,"gold_loss":0,"cards_obtained":["Parasite"]}],"is_beta":false,"boss_relics":[],"items_purged_floors":[2],"is_endless":false,"potions_floor_spawned":[5,7,12,13],"killed_by":"Slime Boss","ascension_level":15}}