{"host":"lhth1efayex2023z","time":1608940907,"event":{"mods":["BaseMod","Colored Map","Googly Eyes","Minty Spire (QoL Compilation)","StSLib"],"gold_per_floor":[210,210,21,21,41,75,75,103,103,116,116,134,134,161,161,233,233,253,253,272,272,22,50,50,50,50,50,76,1,36,61,61,132,132,152,169,23,40,55,55,87,87,87,121,121,343,376,276,276,276,276,276,62,96,96],"floor_reached":56,"playtime":2024,"items_purged":["Defend_B","Defend_B"],"score":2272,"play_id":"e1158453-7c5b-4888-a59f-8326ea80f2fa","local_time":"20201225170147","is_ascension_mode":true,"campfire_choices":[{"data":"Zap","floor":7.0,"key":"SMITH"},{"floor":11.0,"key":"REST"},{"data":"Loop","floor":13.0,"key":"SMITH"},{"data":"Redo","floor":15.0,"key":"SMITH"},{"floor":25.0,"key":"REST"},{"floor":27.0,"key":"REST"},{"floor":32.0,"key":"DIG"},{"data":"Defend_B","floor":40.0,"key":"PURGE"},{"floor":49.0,"key":"RECALL"},{"data":"Defend_B","floor":52.0,"key":"PURGE"}],"circlet_count":0,"master_deck":["AscendersBane","Zap+1","Dualcast","Genetic Algorithm","Lockon","Loop+1","Ball Lightning","Static Discharge","Force Field+1","Consume+1","Capacitor","Seek+1","Force Field+1","Panacea+1","Coolheaded+1","Steam Power+1","Barrage","Seek+1","Defragment","White Noise+1","Amplify+1","Self Repair","Rainbow+1","Static Discharge","Loop+1","Coolheaded+1","Recycle+1","Storm","Thunder Strike","Reinforced Body+1"],"relics":["Cracked Core","Runic Capacitor","Calipers","Mummified Hand","Toxic Egg 2","Pear","SlaversCollar","Matryoshka","Mercury Hourglass","Bag of Preparation","Peace Pipe","StoneCalendar","Shovel","Red Mask","Ice Cream","Runic Pyramid","Lizard Tail","Regal Pillow","Meat on the Bone","Omamori","Boot"],"acts_visited":["Exordium","TheCity","TheBeyond","TheEnding"],"potions_floor_usage":[55],"damage_taken":[{"damage":5.0,"enemies":"2 Louse","floor":1.0,"turns":3.0},{"damage":3.0,"enemies":"Jaw Worm","floor":5.0,"turns":4.0},{"damage":20.0,"enemies":"Gremlin Nob","floor":6.0,"turns":3.0},{"damage":20.0,"enemies":"Lagavulin","floor":8.0,"turns":6.0},{"damage":1.0,"enemies":"Cultist","floor":10.0,"turns":3.0},{"damage":1.0,"enemies":"Looter","floor":12.0,"turns":4.0},{"damage":13.0,"enemies":"Gremlin Nob","floor":14.0,"turns":4.0},{"damage":18.0,"enemies":"Hexaghost","floor":16.0,"turns":5.0},{"damage":7.0,"enemies":"Chosen","floor":18.0,"turns":4.0},{"damage":10.0,"enemies":"Spheric Guardian","floor":20.0,"turns":5.0},{"damage":45.0,"enemies":"Gremlin Leader","floor":23.0,"turns":5.0},{"damage":0.0,"enemies":"Book of Stabbing","floor":28.0,"turns":4.0},{"damage":0.0,"enemies":"Slavers","floor":30.0,"turns":5.0},{"damage":9.0,"enemies":"Masked Bandits","floor":31.0,"turns":3.0},{"damage":0.0,"enemies":"Collector","floor":33.0,"turns":7.0},{"damage":0.0,"enemies":"3 Darklings","floor":35.0,"turns":3.0},{"damage":3.0,"enemies":"Orb Walker","floor":36.0,"turns":3.0},{"damage":0.0,"enemies":"Sphere and 2 Shapes","floor":38.0,"turns":5.0},{"damage":2.0,"enemies":"3 Darklings","floor":39.0,"turns":3.0},{"damage":0.0,"enemies":"Giant Head","floor":41.0,"turns":5.0},{"damage":19.0,"enemies":"Reptomancer","floor":44.0,"turns":4.0},{"damage":0.0,"enemies":"Giant Head","floor":47.0,"turns":5.0},{"damage":30.0,"enemies":"Awakened One","floor":50.0,"turns":6.0},{"damage":0,"enemies":"Shield and Spear","floor":54,"turns":2},{"damage":94,"enemies":"The Heart","floor":55,"turns":5}],"seed_played":"4616465334871937905","potions_obtained":[{"floor":1.0,"key":"DistilledChaos"},{"floor":10.0,"key":"SteroidPotion"},{"floor":14.0,"key":"SmokeBomb"},{"floor":23.0,"key":"SkillPotion"},{"floor":28.0,"key":"Fire Potion"},{"floor":35.0,"key":"EssenceOfSteel"},{"floor":39.0,"key":"Dexterity Potion"},{"floor":44.0,"key":"SteroidPotion"}],"is_trial":false,"path_per_floor":["M","?","$","?","M","E","R","E","T","M","R","M","R","E","R","B",null,"M","?","M","?","$","E","?","R","T","R","E","$","E","?","R","B",null,"M","M","$","M","M","R","E","?","T","E","?","?","E","$","R","B",null,"R","$","E","B",null],"character_chosen":"DEFECT","items_purchased":["Runic Capacitor","Loop","Matryoshka","Rainbow+1","Static Discharge","Storm","Thunder Strike"],"campfire_rested":3,"item_purchase_floors":[3,3,22,37,37,53,53],"current_hp_per_floor":[63,63,63,63,60,40,40,20,20,19,41,40,40,37,37,19,69,62,62,52,52,52,7,7,32,32,57,57,57,57,48,48,48,76,76,73,73,80,85,85,85,85,85,73,73,73,80,80,80,57,75,75,75,75,40],"gold":96,"neow_bonus":"HUNDRED_GOLD","is_daily":false,"chose_seed":false,"campfire_upgraded":3,"win_rate":0.0,"timestamp":1608940907,"path_taken":["M","?","$","?","M","E","R","E","T","M","R","?","R","E","R","BOSS","M","?","?","?","$","E","?","R","T","R","E","$","E","?","R","BOSS","M","M","$","M","M","R","E","?","T","E","?","?","E","?","R","BOSS","R","$","E","BOSS"],"items_purchased_type":["Relic","Card","Relic","Card","Card","Card","Card"],"build_version":"2020-12-22","purchased_purges":2,"victory":true,"max_hp_per_floor":[75,75,75,75,75,75,75,75,75,75,75,75,75,85,85,85,85,85,85,85,85,85,85,85,85,85,85,85,85,85,85,85,85,85,85,85,85,85,85,85,85,85,85,85,81,81,81,81,81,81,81,81,81,81,81],"card_choices":[{"not_picked":["Hologram","Rebound"],"picked":"Genetic Algorithm","floor":1.0},{"not_picked":["Double Energy","Sweeping Beam"],"picked":"Ball Lightning","floor":5.0},{"not_picked":["Tempest","Conserve Battery"],"picked":"Redo","floor":6.0},{"not_picked":["Chaos","Hologram"],"picked":"Static Discharge","floor":8.0},{"not_picked":["Self Repair","Static Discharge"],"picked":"Force Field+1","floor":10.0},{"not_picked":["Darkness+1","Loop"],"picked":"Consume+1","floor":12.0},{"not_picked":["Turbo+1","Tempest+1"],"picked":"Capacitor","floor":14.0},{"not_picked":["Meteor Strike","Core Surge"],"picked":"Seek+1","floor":16.0},{"not_picked":["Leap+1","Sweeping Beam","Beam Cell"],"picked":"SKIP","floor":18.0},{"not_picked":["FTL","Streamline"],"picked":"Coolheaded+1","floor":20.0},{"not_picked":["Steam+1","Beam Cell"],"picked":"Steam Power+1","floor":23.0},{"not_picked":["Steam+1","Hello World"],"picked":"Defragment","floor":28.0},{"not_picked":["Cold Snap","Coolheaded+1"],"picked":"White Noise+1","floor":30.0},{"not_picked":["Meteor Strike","Buffer"],"picked":"Amplify+1","floor":33.0},{"not_picked":["Gash","Rebound","Skim+1"],"picked":"SKIP","floor":35.0},{"not_picked":["Streamline+1","Skim+1","Self Repair"],"picked":"SKIP","floor":36.0},{"not_picked":["Streamline+1","Skim+1"],"picked":"Self Repair","floor":36.0},{"not_picked":["Ball Lightning","Redo+1","Beam Cell"],"picked":"SKIP","floor":38.0},{"not_picked":["Leap+1","Compile Driver","Steam+1"],"picked":"SKIP","floor":39.0},{"not_picked":["Go for the Eyes","Buffer"],"picked":"Loop+1","floor":41.0},{"not_picked":["Cold Snap+1","Self Repair"],"picked":"Coolheaded+1","floor":44.0},{"not_picked":["Turbo+1","Rebound"],"picked":"Recycle+1","floor":47.0},{"not_picked":["Hello World","Barrage"],"picked":"Reinforced Body+1","floor":54}],"player_experience":403781,"relics_obtained":[{"floor":6.0,"key":"Calipers"},{"floor":8.0,"key":"Mummified Hand"},{"floor":9.0,"key":"Toxic Egg 2"},{"floor":14.0,"key":"Pear"},{"floor":23.0,"key":"Mercury Hourglass"},{"floor":26.0,"key":"Bag of Preparation"},{"floor":26.0,"key":"Peace Pipe"},{"floor":28.0,"key":"StoneCalendar"},{"floor":30.0,"key":"Shovel"},{"floor":31.0,"key":"Red Mask"},{"floor":32.0,"key":"Ice Cream"},{"floor":41.0,"key":"Lizard Tail"},{"floor":43.0,"key":"Regal Pillow"},{"floor":44.0,"key":"Meat on the Bone"},{"floor":47.0,"key":"Omamori"},{"floor":54,"key":"Boot"}],"event_choices":[{"damage_healed":0.0,"max_hp_gain":0.0,"max_hp_loss":0.0,"gold_gain":0.0,"cards_transformed":["Strike_B"],"event_name":"Living Wall","player_choice":"Change","floor":2.0,"gold_loss":0.0,"damage_taken":0.0,"cards_obtained":["Lockon"]},{"cards_removed":["Strike_B"],"damage_healed":0.0,"max_hp_gain":0.0,"max_hp_loss":0.0,"gold_gain":0.0,"event_name":"Purifier","player_choice":"Purged","floor":4.0,"gold_loss":0.0,"damage_taken":0.0},{"damage_healed":0.0,"max_hp_gain":0.0,"max_hp_loss":0.0,"gold_gain":0.0,"event_name":"Match and Keep!","player_choice":"2 cards matched","floor":19.0,"gold_loss":0.0,"damage_taken":0.0,"cards_obtained":["Force Field","Panacea"]},{"damage_healed":0.0,"max_hp_gain":0.0,"max_hp_loss":0.0,"gold_gain":0.0,"event_name":"Ghosts","player_choice":"Ignored","floor":21.0,"gold_loss":0.0,"damage_taken":0.0},{"damage_healed":0.0,"max_hp_gain":0.0,"max_hp_loss":0.0,"gold_gain":0.0,"cards_transformed":["Strike_B","Strike_B"],"event_name":"Drug Dealer","player_choice":"Became Test Subject","floor":24.0,"gold_loss":0.0,"damage_taken":0.0,"cards_obtained":["Barrage","Seek"]},{"damage_healed":0.0,"max_hp_gain":0.0,"max_hp_loss":0.0,"gold_gain":0.0,"event_name":"Masked Bandits","player_choice":"Fought Bandits","floor":31.0,"gold_loss":0.0,"damage_taken":0.0},{"cards_removed":["Redo"],"damage_healed":0.0,"max_hp_gain":0.0,"max_hp_loss":0.0,"gold_gain":0.0,"event_name":"Falling","player_choice":"Removed Skill","floor":42.0,"gold_loss":0.0,"damage_taken":0.0},{"damage_healed":0.0,"max_hp_gain":0.0,"max_hp_loss":4.0,"gold_gain":0.0,"event_name":"Winding Halls","player_choice":"Max HP","floor":45.0,"gold_loss":0.0,"damage_taken":0.0},{"damage_healed":0.0,"max_hp_gain":0.0,"max_hp_loss":0.0,"gold_gain":222.0,"event_name":"Tomb of Lord Red Mask","player_choice":"Wore Mask","floor":46.0,"gold_loss":0.0,"damage_taken":0.0}],"is_beta":false,"boss_relics":[{"not_picked":["Cursed Key","Velvet Choker"],"picked":"SlaversCollar"},{"not_picked":["Empty Cage","Busted Crown"],"picked":"Runic Pyramid"}],"items_purged_floors":[29,48],"is_endless":false,"potions_floor_spawned":[1,10,14,23,28,30,35,39,44,47],"ascension_level":13}}