{"host":"om3vwxs2fz5vu4gd","time":1608954766,"event":{"mods":["BaseMod","Downfall","Minty Spire (QoL Compilation)","StSLib"],"gold_per_floor":[99,114,126,126,126,126,126,146,146,162,194,210,135,23,43,146,146,146,162,173,15,34,34,34,34,67,95,107,107,126,160,170,274,274,274,294,304,320,353,453,479,65,76,1,1,36,55,55,74,74],"floor_reached":51,"playtime":3934,"items_purged":["hexamod:Defend","hexamod:Strike+1"],"score":746,"play_id":"f295d41b-78dd-46a4-bd0b-946930e16386","local_time":"20201226145246","is_ascension_mode":false,"campfire_choices":[{"data":"hexamod:Sear","floor":1,"key":"SMITH"},{"data":"hexamod:ChargedBarrage","floor":13,"key":"SMITH"},{"data":"hexamod:NightmareStrike","floor":18,"key":"SMITH"},{"data":"hexamod:VolcanoVisage","floor":25,"key":"SMITH"},{"floor":35,"key":"RECALL"},{"data":"expansioncontent:StudyTheSpire","floor":44,"key":"SMITH"}],"circlet_count":0,"master_deck":["hexamod:Strike+1","hexamod:Strike+1","hexamod:Strike+1","hexamod:Defend+1","hexamod:Defend+1","hexamod:Sear+1","hexamod:Float+1","hexamod:EtherealExpedition+1","hexamod:BurningTouch+1","hexamod:FourthSeal","hexamod:RecurringNightmare+1","hexamod:ChargedBarrage+1","hexamod:NightmareStrike+1","hexamod:HexaLevel+1","hexamod:SixthSeal","hexamod:HauntingEcho+1","hexamod:NightmareGuise+1","hexamod:SoulSteal+1","hexamod:VolcanoVisage+1","hexamod:FirstSeal","hexamod:EtherealExpedition+1","hexamod:Hexaguard+1","hexamod:HeatMetal+1","hexamod:WildfireWeapon+1","hexamod:PhantomCloak+1","hexamod:TimeWarp+1","expansioncontent:StudyTheSpire+1","hexamod:SwordOfDarkness+1","hexamod:WildfireWeapon+1","hexamod:DynamicBlow+1","hexamod:ShieldOfDarkness+1","hexamod:AdvancingGuard+1"],"relics":["hexamod:SpiritBrand","Letter Opener","MealTicket","downfall:HeartBlessingGreen","Runic Dome","Enchiridion","Meat on the Bone","Peace Pipe","Red Mask","Vajra","Philosopher\u0027s Stone","Question Card","Orrery","downfall:HeartBlessingBlue","hexamod:InflammatoryLetter"],"acts_visited":["Exordium","TheCity","TheBeyond"],"potions_floor_usage":[16,20,21,26,27,33,36,38,39,39,39,39,43],"damage_taken":[{"damage":0,"enemies":"Small Slimes","floor":2,"turns":3},{"damage":0,"enemies":"Jaw Worm","floor":3,"turns":3},{"damage":0,"enemies":"2 Louse","floor":8,"turns":2},{"damage":5,"enemies":"Large Slime","floor":10,"turns":5},{"damage":19,"enemies":"3 Sentries","floor":11,"turns":6},{"damage":0,"enemies":"Gremlin Gang","floor":12,"turns":3},{"damage":0,"enemies":"downfall:FleeingMerchant","floor":14,"turns":4},{"damage":0,"enemies":"3 Louse","floor":15,"turns":1},{"damage":29,"enemies":"downfall:Ironclad","floor":16,"turns":6},{"damage":6,"enemies":"3 Byrds","floor":19,"turns":4},{"damage":12,"enemies":"Snecko","floor":20,"turns":4},{"damage":0,"enemies":"downfall:FleeingMerchant","floor":21,"turns":4},{"damage":10,"enemies":"Centurion and Healer","floor":22,"turns":5},{"damage":21,"enemies":"Book of Stabbing","floor":26,"turns":4},{"damage":13,"enemies":"Masked Bandits","floor":27,"turns":3},{"damage":0,"enemies":"3 Cultists","floor":28,"turns":3},{"damage":0,"enemies":"Cultist and Chosen","floor":30,"turns":4},{"damage":25,"enemies":"Slavers","floor":31,"turns":4},{"damage":9,"enemies":"Snake Plant","floor":32,"turns":4},{"damage":20,"enemies":"downfall:Silent","floor":33,"turns":7},{"damage":25,"enemies":"3 Darklings","floor":36,"turns":4},{"damage":0,"enemies":"3 Shapes","floor":37,"turns":4},{"damage":32,"enemies":"Transient","floor":38,"turns":5},{"damage":13,"enemies":"downfall:FleeingMerchant","floor":39,"turns":3},{"damage":34,"enemies":"Spire Growth","floor":43,"turns":5},{"damage":9,"enemies":"Nemesis","floor":46,"turns":6},{"damage":0,"enemies":"3 Darklings","floor":47,"turns":3},{"damage":21,"enemies":"Maw","floor":49,"turns":6},{"damage":4,"enemies":"downfall:Watcher","floor":50,"turns":6}],"seed_played":"-4594861688378370749","potions_obtained":[{"floor":2,"key":"Energy Potion"},{"floor":8,"key":"Energy Potion"},{"floor":10,"key":"GamblersBrew"},{"floor":11,"key":"Fire Potion"},{"floor":12,"key":"CultistPotion"},{"floor":12,"key":"DuplicationPotion"},{"floor":19,"key":"Fire Potion"},{"floor":20,"key":"LiquidMemories"},{"floor":20,"key":"Block Potion"},{"floor":22,"key":"Ancient Potion"},{"floor":26,"key":"ColorlessPotion"},{"floor":27,"key":"Slimebound:ThreeZeroPotion"},{"floor":31,"key":"EntropicBrew"},{"floor":33,"key":"Fruit Juice"},{"floor":36,"key":"FearPotion"},{"floor":38,"key":"Fire Potion"},{"floor":39,"key":"Fire Potion"},{"floor":46,"key":"SteroidPotion"}],"is_trial":false,"path_per_floor":["R","M","M","?","?","?","T","M","?","M","E","M","R","$","M","B",null,"R","M","M","$","M","?","T","R","E","?","M","?","M","E","M","B",null,"R","M","M","M","$","?","T","$","M","R","$","E","M","$","M","B",null],"character_chosen":"THE_SPIRIT","items_purchased":["hexamod:NightmareStrike","hexamod:VolcanoVisage","expansioncontent:StudyTheSpire","Question Card","Orrery"],"campfire_rested":0,"item_purchase_floors":[14,21,39,42,42],"current_hp_per_floor":[77,77,77,77,77,77,77,77,77,72,53,53,53,68,68,39,77,77,71,59,74,64,48,48,48,46,52,52,52,59,53,51,50,77,77,64,71,51,69,69,69,82,48,58,73,71,71,86,72,68],"gold":74,"neow_bonus":"TEN_PERCENT_HP_BONUS","is_daily":false,"chose_seed":false,"campfire_upgraded":5,"win_rate":0.0,"timestamp":1608954766,"path_taken":["R","M","M","?","?","?","T","M","?","M","E","M","R","$","M","BOSS","R","M","M","$","?","?","T","R","E","?","M","?","?","E","M","BOSS","R","M","M","M","$","?","T","$","M","R","?","E","?","?","M","BOSS"],"items_purchased_type":["Card","Card","Card","Relic","Relic"],"build_version":"2020-12-22","purchased_purges":2,"victory":true,"max_hp_per_floor":[77,77,77,77,77,77,77,77,77,77,77,77,77,77,77,77,77,77,77,77,77,77,77,77,77,77,77,77,77,77,77,77,77,77,77,82,82,82,82,82,82,82,82,92,92,92,92,92,92,92],"card_choices":[{"not_picked":["hexamod:NightmareGuise","hexamod:StepThrough"],"picked":"hexamod:EtherealExpedition","floor":2},{"not_picked":["hexamod:ThermalTransfer","hexamod:GhostShield"],"picked":"hexamod:BurningTouch","floor":3},{"not_picked":["hexamod:ShieldOfDarkness","hexamod:BacktrackSmack"],"picked":"hexamod:RecurringNightmare","floor":8},{"not_picked":["hexamod:ChargedBarrage","hexamod:NightmareGuise","hexamod:ShieldOfDarkness"],"picked":"SKIP","floor":10},{"not_picked":["hexamod:HeatCrush","hexamod:SearingWound"],"picked":"hexamod:ChargedBarrage","floor":11},{"not_picked":["hexamod:RainOfEmbers","hexamod:Hexaguard","hexamod:ShieldOfDarkness"],"picked":"SKIP","floor":12},{"not_picked":["hexamod:NecessarySacrifice","hexamod:InspiringFlames","hexamod:BacktrackSmack"],"picked":"SKIP","floor":14},{"not_picked":["hexamod:ShieldOfDarkness","hexamod:PhantomCloak"],"picked":"hexamod:HexaLevel","floor":15},{"not_picked":["hexamod:WildfireWeapon","hexamod:EmpoweringStance"],"picked":"hexamod:SixthSeal","floor":16},{"not_picked":["hexamod:Incineration","hexamod:ChargedBarrage+1"],"picked":"hexamod:HauntingEcho+1","floor":19},{"not_picked":["hexamod:BacktrackSmack","hexamod:GhostShield"],"picked":"hexamod:NightmareGuise","floor":20},{"not_picked":["hexamod:HeatCrush+1","hexamod:GhostShield"],"picked":"hexamod:SoulSteal+1","floor":21},{"not_picked":["hexamod:HeatCrush","hexamod:Again"],"picked":"hexamod:FirstSeal","floor":22},{"not_picked":["hexamod:GhostLash+1","hexamod:ChargedBarrage","hexamod:HeatCrush"],"picked":"SKIP","floor":26},{"not_picked":["hexamod:GhostflameInferno","hexamod:RainOfEmbers"],"picked":"hexamod:EtherealExpedition","floor":28},{"not_picked":["hexamod:BacktrackSmack","hexamod:NightmareStrike","hexamod:Firestarter"],"picked":"SKIP","floor":30},{"not_picked":["hexamod:NightmareGuise+1","hexamod:SoulSteal"],"picked":"hexamod:Hexaguard","floor":31},{"not_picked":["hexamod:CrushingStance","hexamod:ThermalTransfer"],"picked":"hexamod:HeatMetal","floor":32},{"not_picked":["hexamod:SixthSeal","hexamod:EmpoweringStance"],"picked":"hexamod:WildfireWeapon","floor":33},{"not_picked":["hexamod:Firestarter+1","hexamod:AdvancingGuard+1","hexamod:BacktrackSmack+1"],"picked":"SKIP","floor":36},{"not_picked":["hexamod:HeatMetal+1","hexamod:GhostOfSpireFuture","hexamod:StepThrough+1"],"picked":"SKIP","floor":37},{"not_picked":["hexamod:AdvancingGuard+1","hexamod:ThermalTransfer"],"picked":"hexamod:PhantomCloak+1","floor":38},{"not_picked":["hexamod:ThermalTransfer","hexamod:GhostLash"],"picked":"hexamod:TimeWarp","floor":39},{"not_picked":["hexamod:Again+1","hexamod:FastForward","hexamod:GhostShield+1"],"picked":"hexamod:SwordOfDarkness","floor":42},{"not_picked":["hexamod:Firestarter+1","hexamod:NightmareGuise+1","hexamod:ShieldOfDarkness"],"picked":"hexamod:WildfireWeapon","floor":42},{"not_picked":["hexamod:InspiringFlames","hexamod:EtherealExpedition","hexamod:GhostflameBarrier+1"],"picked":"hexamod:DynamicBlow","floor":42},{"not_picked":["hexamod:FastForward","hexamod:HauntingEcho","hexamod:GhostShield+1"],"picked":"hexamod:ShieldOfDarkness+1","floor":43},{"not_picked":["hexamod:ThermalTransfer","hexamod:InspiringFlames+1","hexamod:FirstSeal","hexamod:Firestarter+1"],"picked":"SKIP","floor":46},{"not_picked":["hexamod:EtherealExpedition","hexamod:SecondSeal","hexamod:HauntingEcho","hexamod:ThermalTransfer+1"],"picked":"SKIP","floor":47},{"not_picked":["hexamod:SixthSeal","hexamod:InspiringFlames","hexamod:HauntingEcho"],"picked":"hexamod:AdvancingGuard+1","floor":49}],"player_experience":410552,"relics_obtained":[{"floor":7,"key":"Letter Opener"},{"floor":11,"key":"MealTicket"},{"floor":23,"key":"Enchiridion"},{"floor":24,"key":"Meat on the Bone"},{"floor":26,"key":"Peace Pipe"},{"floor":27,"key":"Red Mask"},{"floor":31,"key":"Vajra"},{"floor":46,"key":"hexamod:InflammatoryLetter"}],"event_choices":[{"cards_removed":["Regret"],"damage_healed":0,"gold_gain":0,"player_choice":"Card Removal","damage_taken":0,"max_hp_gain":0,"max_hp_loss":0,"event_name":"The Cleric","floor":6,"gold_loss":0},{"cards_removed":["hexamod:Defend"],"damage_healed":0,"gold_gain":0,"player_choice":"Purged","damage_taken":0,"max_hp_gain":0,"max_hp_loss":0,"event_name":"Purifier","floor":9,"gold_loss":0},{"damage_healed":0,"gold_gain":0,"player_choice":"Fought Bandits","damage_taken":0,"max_hp_gain":0,"max_hp_loss":0,"event_name":"Masked Bandits","floor":27,"gold_loss":0},{"damage_healed":0,"gold_gain":0,"player_choice":"Ignored","damage_taken":0,"max_hp_gain":0,"max_hp_loss":0,"event_name":"Vampires","floor":29,"gold_loss":0}],"is_beta":false,"boss_relics":[{"not_picked":["SacredBark","Pandora\u0027s Box"],"picked":"Runic Dome"},{"not_picked":["Busted Crown","Sozu"],"picked":"Philosopher\u0027s Stone"}],"items_purged_floors":[14,39],"is_endless":false,"potions_floor_spawned":[2,8,12,15,20,27,30,31,32,33,37,38],"ascension_level":0}}