{"host":"ymw71f7rc9ndansy","time":1608989894,"event":{"mods":["ATMod(°¢èªMod)","Act Like it!","Aspiration","BaseMod","DeckTracker","Hubris","Library of Ruina","Library of Ruina Extra","Minty Spire (QoL Compilation)","MostiFishMod","Remove Card Discount Mod","Replay The Spire","StSLib","TestMod","¡¾ÒÅÎï¿¨ÅÆ¡¿REMEMod","²ÐÁôÖ®Îï"],"gold_per_floor":[117,117,137,137,148,175,186,98,145,145,145],"floor_reached":10,"playtime":236,"items_purged":["Defend_P","Defend_P","Consecrate","Defend_P","Strike_P","Strike_P"],"score":136,"play_id":"c3018502-7519-4108-a715-567f65740aac","local_time":"20201226213814","is_ascension_mode":true,"campfire_choices":[],"circlet_count":0,"master_deck":["AscendersBane","Strike_P","Strike_P","Defend_P","Eruption+1","Vigilance","AT_IrregularMenstruation","AT_CelerityRune","AT_OneInchPunch","Pray","REME_MusicOfDeath"],"relics":["PureWater","testmod-TestBox","DaveBox","REME_ComplimentaryCards","AT_ATBox","testmod-Hope","GuanYuAspect","NeowsBlessing","SynthV:TestCard","CultistMask","Boot","AT_ChloranthyRing"],"acts_visited":["Exordium"],"potions_floor_usage":[6,10,10],"damage_taken":[{"damage":0,"enemies":"Jaw Worm","floor":1,"turns":1},{"damage":0,"enemies":"Cultist","floor":3,"turns":1},{"damage":0,"enemies":"2 Louse","floor":5,"turns":2},{"damage":27,"enemies":"Lagavulin","floor":6,"turns":6},{"damage":0,"enemies":"Red Slaver","floor":7,"turns":2},{"damage":29,"enemies":"3 Sentries","floor":10,"turns":5}],"seed_played":"-1022576191529898245","potions_obtained":[{"floor":3,"key":"SpeedPotion"},{"floor":5,"key":"Fire Potion"},{"floor":7,"key":"SkillPotion"}],"is_trial":false,"path_per_floor":["M","?","M","?","M","E","M","$","T","E"],"character_chosen":"WATCHER","items_purchased":["REME_MusicOfDeath"],"campfire_rested":0,"item_purchase_floors":[8],"current_hp_per_floor":[34,34,34,34,34,14,19,19,19,0,0],"gold":145,"neow_bonus":"THREE_ENEMY_KILL","is_daily":false,"chose_seed":false,"campfire_upgraded":0,"win_rate":0.0,"timestamp":1608989894,"path_taken":["M","?","M","?","M","E","?","$","T","E"],"items_purchased_type":["Card"],"build_version":"2020-12-22","purchased_purges":6,"victory":false,"max_hp_per_floor":[34,34,34,34,34,34,34,34,34,34,34],"card_choices":[{"not_picked":["WindmillStrike","CutThroughFate","Replay:Battleflow"],"picked":"SKIP","floor":1},{"not_picked":["Perseverance","Replay:Vibes","CrushJoints","CutThroughFate","EmptyBody"],"picked":"SKIP","floor":3},{"not_picked":["Evaluate","EmptyFist","Halt","JustLucky"],"picked":"Consecrate","floor":5},{"not_picked":["REME_Repentance","DeceiveReality","SignatureMove","Swivel"],"picked":"AT_OneInchPunch","floor":6},{"not_picked":["MostiFishMod:Clarity","Replay:BluntJabs","Perseverance","SignatureMove"],"picked":"Pray","floor":7}],"player_experience":993034,"relics_obtained":[{"floor":1,"key":"SynthV:TestCard"},{"floor":6,"key":"Boot"},{"floor":9,"key":"AT_ChloranthyRing"}],"event_choices":[{"damage_healed":0,"gold_gain":0,"player_choice":"Grow","damage_taken":0,"max_hp_gain":0,"max_hp_loss":0,"event_name":"Living Wall","floor":2,"gold_loss":0,"cards_upgraded":["Eruption"]},{"damage_healed":0,"gold_gain":0,"player_choice":"Trade","damage_taken":0,"relics_obtained":["CultistMask"],"max_hp_gain":0,"max_hp_loss":0,"event_name":"FaceTrader","floor":4,"gold_loss":0}],"is_beta":false,"boss_relics":[],"items_purged_floors":[8,8,8,8,8,8],"is_endless":false,"potions_floor_spawned":[3,5,7],"killed_by":"3 Sentries","ascension_level":20}}