{"host":"9d83omykrosjn1d3","time":1608942849,"event":{"mods":["AchievementEnabler","BaseMod","BetterRewards","Card Forge","Downfall","Hubris","MarisaÅiñ∂âJÅ@ñÇóùçπÅj","Minty Spire (QoL Compilation)","Permanent Neow","Shop Mod","StSLib","SuperFastMode","The Administrix","The Construct","The Servant 0.9.4"],"gold_per_floor":[119,129,204,219,243,271,297,327,350,375,375,57,89,124,124,221,221,239,239,259,61,61,91,91,117,117,117,117],"floor_reached":27,"playtime":1385,"items_purged":[],"score":420,"play_id":"3c45bbf7-3bfd-4166-b105-a71afe46d1d9","local_time":"20201226093409","daily_mods":["Heirloom","Flight","downfall:Lament","DeadlyEvents","Elite Swarm"],"is_ascension_mode":false,"campfire_choices":[{"data":"AdministrixMod:GirlsDoItBetter","floor":11,"key":"SMITH"},{"data":"AdministrixMod:ArmillarySphere","floor":15,"key":"SMITH"},{"floor":24,"key":"RECALL"}],"circlet_count":0,"master_deck":["AdministrixMod:BegetEternity+1","AdministrixMod:HaveItAll+1","AdministrixMod:HaveItAll+1","AdministrixMod:FaithfulFlames+1","AdministrixMod:GirlsDoItBetter+1","AdministrixMod:ArmillarySphere+1","AdministrixMod:TouchOfCinnabar+1","AdministrixMod:StarSwordSoul+1","AdministrixMod:LifeforceNet+1","AdministrixMod:TouchOfCinnabar+1","AdministrixMod:BattleforgedBonds"],"relics":["AdministrixMod:ConductorRitualBaton","Hammer of Thor","Seething Fire","Anvil of the Gods","NeowsBlessing","construct:RocketBooster","Prayer Wheel","Akabeko","hubris:Metronome","Vajra","PreservedInsect","MerchantsRug","hubris:SlimyHat","Ice Cream","Whetstone","AdministrixMod:ElixirOfImmorality","Singing Bowl","Peace Pipe","hubris:TenFootPole","champ:DuelingGlove"],"acts_visited":["Exordium","TheCity"],"potions_floor_usage":[],"damage_taken":[{"damage":0,"enemies":"Cultist","floor":1,"turns":1},{"damage":0,"enemies":"Jaw Worm","floor":2,"turns":1},{"damage":0,"enemies":"Small Slimes","floor":4,"turns":1},{"damage":5,"enemies":"3 Sentries","floor":6,"turns":11},{"damage":3,"enemies":"Gremlin Nob","floor":7,"turns":3},{"damage":17,"enemies":"3 Sentries","floor":8,"turns":7},{"damage":0,"enemies":"Lagavulin","floor":10,"turns":3},{"damage":0,"enemies":"3 Sentries","floor":13,"turns":2},{"damage":0,"enemies":"Lagavulin","floor":14,"turns":4},{"damage":0,"enemies":"Slime Boss","floor":16,"turns":1},{"damage":8,"enemies":"2 Thieves","floor":18,"turns":2},{"damage":8,"enemies":"Chosen","floor":20,"turns":3},{"damage":24,"enemies":"Slavers","floor":23,"turns":2},{"damage":2,"enemies":"Gremlin Leader","floor":25,"turns":3},{"damage":28,"enemies":"Slavers","floor":27,"turns":1}],"seed_played":"7827594438876913718","potions_obtained":[{"floor":1,"key":"Guardian:BlockOnCardUsePotion"},{"floor":2,"key":"SteroidPotion"},{"floor":7,"key":"sneckomod:MuddlingPotion"},{"floor":13,"key":"EntropicBrew"},{"floor":14,"key":"EntropicBrew"},{"floor":20,"key":"CultistPotion"},{"floor":23,"key":"Energy Potion"}],"is_trial":true,"path_per_floor":["M","M","?","M","T","E","E","E","T","E","R","$","E","E","R","B",null,"M","?","M","$","?","E","R","E","T","E"],"character_chosen":"TheAdministrix","items_purchased":["AdministrixMod:ArmillarySphere","MerchantsRug","AdministrixMod:TouchOfCinnabar","hubris:SlimyHat","Singing Bowl","AdministrixMod:TouchOfCinnabar"],"campfire_rested":0,"item_purchase_floors":[12,12,12,12,21,21],"current_hp_per_floor":[65,65,59,59,59,54,51,34,34,34,34,34,34,34,34,34,65,57,57,49,49,49,27,27,25,25,0,0],"gold":117,"neow_bonus":"","is_daily":false,"chose_seed":false,"campfire_upgraded":2,"win_rate":0.0,"timestamp":1608942849,"path_taken":["M","?","?","?","?","E","E","E","T","E","R","$","E","E","R","BOSS","M","?","?","$","?","E","R","E","T","E"],"items_purchased_type":["Card","Relic","Card","Relic","Relic","Card"],"build_version":"2020-12-22","purchased_purges":0,"victory":false,"max_hp_per_floor":[65,65,65,65,65,65,65,65,65,65,65,65,65,65,65,65,65,65,65,65,65,65,67,67,67,67,67,67],"card_choices":[{"not_picked":["AdministrixMod:DiversionaryTactic","AdministrixMod:Metempsychosis"],"picked":"AdministrixMod:BishamonBlessing","floor":1},{"not_picked":["AdministrixMod:LightOfYourLife","AdministrixMod:SipOfSparks","AdministrixMod:JustRewards"],"picked":"SKIP","floor":2},{"not_picked":["AdministrixMod:TrickOfTheLight","AdministrixMod:PlateOfAntiquity"],"picked":"AdministrixMod:BegetEternity","floor":4},{"not_picked":["AdministrixMod:CosmosControl","AdministrixMod:DeathByGlamour"],"picked":"AdministrixMod:HaveItAll","floor":6},{"not_picked":["AdministrixMod:TenDesires","AdministrixMod:ImmortalClarity"],"picked":"AdministrixMod:HaveItAll","floor":7},{"not_picked":["AdministrixMod:LifeforceNet","AdministrixMod:ImmortalClarity"],"picked":"AdministrixMod:FaithfulFlames","floor":8},{"not_picked":["AdministrixMod:FearOfDeath","AdministrixMod:BattleforgedBonds"],"picked":"AdministrixMod:GirlsDoItBetter","floor":10},{"not_picked":["AdministrixMod:NewbornDivinity","AdministrixMod:HopeInTheDark","AdministrixMod:HaveItAll"],"picked":"SKIP","floor":13},{"not_picked":["AdministrixMod:NewbornDivinity","AdministrixMod:BrewingCloister"],"picked":"AdministrixMod:StarSwordSoul","floor":14},{"not_picked":["AdministrixMod:BrewingCloister","AdministrixMod:FaithfulFlames"],"picked":"AdministrixMod:LifeforceNet","floor":16},{"not_picked":["AdministrixMod:LightOfYourLife+1","AdministrixMod:NewWardrobe","AdministrixMod:TrickOfTheLight+1"],"picked":"SKIP","floor":18},{"not_picked":["AdministrixMod:CenturiesAscent","AdministrixMod:SealAway","AdministrixMod:RebukeDesires"],"picked":"SKIP","floor":18},{"not_picked":["AdministrixMod:CrackingPangu","AdministrixMod:FaithfulFlames","AdministrixMod:RisingSunPrince"],"picked":"SKIP","floor":20},{"not_picked":["AdministrixMod:NoblePath","AdministrixMod:Transition","AdministrixMod:LightOfYourLife+1"],"picked":"SKIP","floor":20},{"not_picked":["AdministrixMod:LuminaryPath","AdministrixMod:FearOfDeath","AdministrixMod:AmassedMasks"],"picked":"Singing Bowl","floor":23},{"not_picked":["AdministrixMod:HopeInTheDark","AdministrixMod:FalseDeath"],"picked":"AdministrixMod:BattleforgedBonds","floor":25}],"player_experience":772534,"relics_obtained":[{"floor":6,"key":"Prayer Wheel"},{"floor":7,"key":"Akabeko"},{"floor":8,"key":"hubris:Metronome"},{"floor":9,"key":"Vajra"},{"floor":10,"key":"PreservedInsect"},{"floor":13,"key":"Ice Cream"},{"floor":14,"key":"Whetstone"},{"floor":23,"key":"Peace Pipe"},{"floor":25,"key":"hubris:TenFootPole"},{"floor":26,"key":"champ:DuelingGlove"}],"event_choices":[{"damage_healed":0,"gold_gain":75,"player_choice":"Touch","damage_taken":6,"max_hp_gain":0,"max_hp_loss":0,"event_name":"FaceTrader","floor":3,"gold_loss":0},{"damage_healed":0,"gold_gain":0,"player_choice":"Ignored","damage_taken":0,"max_hp_gain":0,"max_hp_loss":0,"event_name":"Vampires","floor":22,"gold_loss":0}],"is_beta":false,"boss_relics":[{"not_picked":["hubris:CrackedHourglass","hubris:Stopwatch"],"picked":"AdministrixMod:ElixirOfImmorality"}],"items_purged_floors":[],"is_endless":false,"potions_floor_spawned":[1,2,7,13,14,20,23],"killed_by":"Slavers","ascension_level":0}}