{"host":"7l2t4psy44vpcd9q","time":1608987208,"event":{"mods":["AchievementEnabler","BaseMod","DeckTracker","Minty Spire (QoL Compilation)","SuperFastMode"],"gold_per_floor":[116,131,141,155,155,155,80,80,80,105,117,127,127,141,141,214,214,226,226,244,159,59,91,91,120,120,120,132,132,132,76,76,153,153,167,167,181,181,102,102,135,135,185,99,113,23,23,34,34,34,34],"floor_reached":50,"playtime":2394,"items_purged":["Pain","Decay"],"score":1166,"play_id":"57db7b02-4f26-4847-8358-b5ee651021f1","local_time":"20201226215328","is_ascension_mode":true,"campfire_choices":[{"data":"Phantasmal Killer","floor":6,"key":"SMITH"},{"data":"Choke","floor":8,"key":"SMITH"},{"data":"Eviscerate","floor":13,"key":"SMITH"},{"data":"Acrobatics","floor":15,"key":"SMITH"},{"data":"Tactician","floor":24,"key":"SMITH"},{"data":"Burst","floor":27,"key":"SMITH"},{"data":"Footwork","floor":30,"key":"SMITH"},{"data":"Cloak And Dagger","floor":32,"key":"SMITH"},{"data":"Concentrate","floor":40,"key":"SMITH"},{"data":"Deflect","floor":42,"key":"SMITH"},{"data":"Neutralize","floor":49,"key":"SMITH"}],"circlet_count":0,"master_deck":["AscendersBane","Strike_G","Strike_G","Strike_G","Strike_G","Strike_G","Defend_G","Defend_G","Defend_G","Defend_G","Neutralize+1","Choke+1","Cloak And Dagger+1","Dagger Throw","Phantasmal Killer+1","Acrobatics+1","Deflect+1","Eviscerate+1","Backflip","Burst+1","Acrobatics+1","Tactician+1","Footwork+1","Escape Plan","Concentrate+1","Dagger Throw+1","Calculated Gamble","Cloak And Dagger+1","Well Laid Plans"],"relics":["Coffee Dripper","WarpedTongs","StrikeDummy","FossilizedHelix","HoveringKite","Bag of Preparation","Oddly Smooth Stone","Shuriken","Meat on the Bone","Busted Crown","Prayer Wheel","Strawberry"],"acts_visited":["Exordium","TheCity","TheBeyond"],"potions_floor_usage":[10,11,20,25,25,41,41,50],"damage_taken":[{"damage":1,"enemies":"Small Slimes","floor":1,"turns":5},{"damage":0,"enemies":"Cultist","floor":2,"turns":3},{"damage":0,"enemies":"Jaw Worm","floor":3,"turns":3},{"damage":14,"enemies":"3 Louse","floor":4,"turns":4},{"damage":5,"enemies":"Lagavulin","floor":10,"turns":6},{"damage":0,"enemies":"Exordium Thugs","floor":11,"turns":3},{"damage":0,"enemies":"Large Slime","floor":12,"turns":2},{"damage":0,"enemies":"Exordium Wildlife","floor":14,"turns":3},{"damage":6,"enemies":"The Guardian","floor":16,"turns":8},{"damage":0,"enemies":"Spheric Guardian","floor":18,"turns":3},{"damage":0,"enemies":"Shell Parasite","floor":20,"turns":3},{"damage":0,"enemies":"Book of Stabbing","floor":23,"turns":5},{"damage":17,"enemies":"Slavers","floor":25,"turns":3},{"damage":16,"enemies":"Snecko","floor":28,"turns":5},{"damage":0,"enemies":"Champ","floor":33,"turns":8},{"damage":0,"enemies":"3 Shapes","floor":35,"turns":4},{"damage":0,"enemies":"3 Darklings","floor":37,"turns":4},{"damage":11,"enemies":"Reptomancer","floor":41,"turns":6},{"damage":0,"enemies":"Transient","floor":45,"turns":6},{"damage":5,"enemies":"Maw","floor":48,"turns":5},{"damage":49,"enemies":"Time Eater","floor":50,"turns":7}],"seed_played":"-3469011810387452994","potions_obtained":[{"floor":1,"key":"Poison Potion"},{"floor":3,"key":"GamblersBrew"},{"floor":10,"key":"Regen Potion"},{"floor":12,"key":"Explosive Potion"},{"floor":23,"key":"Swift Potion"},{"floor":33,"key":"Block Potion"},{"floor":35,"key":"GamblersBrew"},{"floor":48,"key":"GamblersBrew"}],"is_trial":false,"path_per_floor":["M","M","M","M","?","R","$","R","T","E","M","M","R","M","R","B",null,"M","?","M","?","$","E","R","E","T","R","M","?","R","$","R","B",null,"M","?","M","?","$","R","E","R","T","$","M","$","?","M","R","B"],"character_chosen":"THE_SILENT","items_purchased":["Weak Potion","Concentrate","Calculated Gamble","Well Laid Plans"],"campfire_rested":0,"item_purchase_floors":[31,39,44,46],"current_hp_per_floor":[58,58,58,44,44,44,44,44,44,39,48,48,48,48,48,42,60,60,60,60,60,60,60,60,43,43,43,39,39,39,39,39,39,59,59,59,59,59,59,59,48,48,55,55,55,55,55,50,50,1,1],"gold":34,"neow_bonus":"BOSS_RELIC","is_daily":false,"chose_seed":false,"campfire_upgraded":11,"win_rate":0.0,"timestamp":1608987208,"path_taken":["M","M","M","M","?","R","$","R","T","E","M","M","R","?","R","BOSS","M","?","M","?","$","E","R","E","T","R","M","?","R","$","R","BOSS","M","?","M","?","$","R","E","R","T","$","M","?","?","M","R","BOSS"],"items_purchased_type":["Potion","Card","Card","Card"],"build_version":"2020-12-22","purchased_purges":2,"victory":false,"max_hp_per_floor":[66,66,66,66,66,66,66,66,66,66,66,66,66,66,66,66,66,66,66,66,66,66,66,66,66,66,66,66,66,66,66,66,66,66,66,66,66,63,63,63,63,63,70,70,70,70,70,70,70,70,70],"card_choices":[{"not_picked":["Slice","Skewer"],"picked":"Choke","floor":1},{"not_picked":["Blur","Poisoned Stab"],"picked":"Cloak And Dagger","floor":2},{"not_picked":["PiercingWail","Prepared"],"picked":"Dagger Throw","floor":3},{"not_picked":["Bane","Choke"],"picked":"Phantasmal Killer","floor":4},{"not_picked":["Predator","Outmaneuver"],"picked":"Acrobatics","floor":10},{"not_picked":["Deadly Poison","Unload"],"picked":"Deflect","floor":11},{"not_picked":["Masterful Stab","Quick Slash"],"picked":"Eviscerate","floor":12},{"not_picked":["Blur","Prepared"],"picked":"Backflip","floor":14},{"not_picked":["Envenom","Corpse Explosion"],"picked":"Burst","floor":16},{"not_picked":["Quick Slash","Backflip"],"picked":"Acrobatics+1","floor":18},{"not_picked":["Dodge and Roll","Masterful Stab"],"picked":"Tactician","floor":20},{"not_picked":["Backflip","Catalyst","Dodge and Roll"],"picked":"SKIP","floor":23},{"not_picked":["Backflip","Catalyst","Dodge and Roll"],"picked":"SKIP","floor":23},{"not_picked":["Night Terror","Grand Finale"],"picked":"Footwork","floor":25},{"not_picked":["Deadly Poison+1","Dagger Throw","Crippling Poison+1"],"picked":"SKIP","floor":28},{"not_picked":["Bane+1"],"picked":"SKIP","floor":35},{"not_picked":[],"picked":"Escape Plan","floor":37},{"not_picked":[],"picked":"Dagger Throw+1","floor":41},{"not_picked":[],"picked":"Cloak And Dagger+1","floor":45},{"not_picked":["Cloak And Dagger"],"picked":"SKIP","floor":45},{"not_picked":["Outmaneuver"],"picked":"SKIP","floor":48},{"not_picked":["Outmaneuver+1"],"picked":"SKIP","floor":48}],"player_experience":1143245,"relics_obtained":[{"floor":9,"key":"StrikeDummy"},{"floor":10,"key":"FossilizedHelix"},{"floor":23,"key":"Oddly Smooth Stone"},{"floor":25,"key":"Shuriken"},{"floor":26,"key":"Meat on the Bone"},{"floor":41,"key":"Prayer Wheel"},{"floor":43,"key":"Strawberry"}],"event_choices":[{"damage_healed":0,"gold_gain":0,"player_choice":"Rummage","damage_taken":0,"relics_obtained":["WarpedTongs"],"max_hp_gain":0,"max_hp_loss":0,"event_name":"Accursed Blacksmith","floor":5,"gold_loss":0,"cards_obtained":["Pain"]},{"damage_healed":0,"gold_gain":0,"player_choice":"Smashed Altar","damage_taken":0,"max_hp_gain":0,"max_hp_loss":0,"event_name":"Forgotten Altar","floor":19,"gold_loss":0,"cards_obtained":["Decay"]},{"damage_healed":0,"gold_gain":0,"player_choice":"Obtained Relic","damage_taken":0,"relics_obtained":["Bag of Preparation"],"max_hp_gain":0,"max_hp_loss":0,"event_name":"Addict","floor":21,"gold_loss":85},{"cards_removed":["Defend_G"],"damage_healed":0,"gold_gain":0,"player_choice":"Offered Basic","damage_taken":0,"max_hp_gain":0,"max_hp_loss":0,"event_name":"Bonfire Elementals","floor":29,"gold_loss":0},{"damage_healed":0,"gold_gain":0,"player_choice":"Ignored","damage_taken":0,"max_hp_gain":0,"max_hp_loss":0,"event_name":"Tomb of Lord Red Mask","floor":36,"gold_loss":0},{"damage_healed":0,"gold_gain":0,"player_choice":"Max HP","damage_taken":0,"max_hp_gain":0,"max_hp_loss":3,"event_name":"Winding Halls","floor":38,"gold_loss":0},{"cards_removed":["Survivor"],"damage_healed":0,"gold_gain":0,"player_choice":"Removed Skill","damage_taken":0,"max_hp_gain":0,"max_hp_loss":0,"event_name":"Falling","floor":47,"gold_loss":0}],"is_beta":false,"boss_relics":[{"not_picked":["WristBlade","Cursed Key"],"picked":"HoveringKite"},{"not_picked":["Black Star","Pandora\u0027s Box"],"picked":"Busted Crown"}],"items_purged_floors":[7,22],"is_endless":false,"potions_floor_spawned":[1,3,10,12,14,23,33,35,48],"killed_by":"Time Eater","ascension_level":20}}