{"host":"yuoancq4cku3x8wq","time":1608983200,"event":{"mods":["ATMod(°¢èªMod)","AchievementEnabler","BaseMod","Minty Spire (QoL Compilation)","Quick Restart","StSLib","SuperFastMode"],"gold_per_floor":[12,12,36,36,56,56,80,80,80,124,142,185,223,246,246,345,345,361,361,23,37,51,94,94,110,156,199,199,235,235,251,251,350,350,369,702,429,447,463,498,498,569,595,470,470,503,521,535,535,535,535],"floor_reached":52,"playtime":2504,"items_purged":["Strike_G","Strike_G","Strike_G"],"score":2139,"play_id":"8512d8de-c0fe-447b-ace9-027275b3b5ff","local_time":"20201226194640","is_ascension_mode":true,"campfire_choices":[{"data":"Apotheosis","floor":6.0,"key":"SMITH"},{"data":"AT_ShadowStep","floor":8.0,"key":"SMITH"},{"floor":15.0,"key":"REST"},{"data":"Prepared","floor":24.0,"key":"SMITH"},{"data":"AT_ShadowStep","floor":28.0,"key":"SMITH"},{"data":"AT_FocusSwordFire","floor":30.0,"key":"SMITH"},{"floor":32.0,"key":"REST"},{"data":"Footwork","floor":41.0,"key":"SMITH"},{"floor":45.0,"key":"REST"},{"floor":49,"key":"REST"}],"circlet_count":0,"master_deck":["AscendersBane","Defend_G","Defend_G","Defend_G","Defend_G","Defend_G","Survivor","Neutralize","AT_Desolate","Apotheosis+1","Dagger Spray","Expertise","AT_FocusSwordFire+1","AT_ShadowStep+1","Prepared+1","AT_ArcaneSupremacy","Deflect","AT_EssenceShift","Leg Sweep","Blade Dance+1","Reflex","AT_ShadowStep+1","Backflip","Footwork+1","Tactician","Blur"],"relics":["Ring of the Snake","AT_ATBox","Tiny Chest","Shuriken","Centennial Puzzle","Odd Mushroom","Snecko Eye","AT_ImmortalShieldbow","Potion Belt","AT_BladeRuinedKing","Singing Bowl","Smiling Mask","Empty Cage","Bag of Preparation","Letter Opener","AT_ChloranthyRing","Snake Skull"],"acts_visited":["Exordium","TheCity","TheBeyond"],"potions_floor_usage":[],"damage_taken":[{"damage":13.0,"enemies":"Jaw Worm","floor":1.0,"turns":4.0},{"damage":0.0,"enemies":"2 Louse","floor":3.0,"turns":4.0},{"damage":10.0,"enemies":"Small Slimes","floor":5.0,"turns":3.0},{"damage":6.0,"enemies":"Exordium Thugs","floor":7.0,"turns":3.0},{"damage":28.0,"enemies":"3 Sentries","floor":10.0,"turns":9.0},{"damage":1.0,"enemies":"Looter","floor":11.0,"turns":3.0},{"damage":0.0,"enemies":"Lagavulin","floor":12.0,"turns":5.0},{"damage":0.0,"enemies":"The Mushroom Lair","floor":13.0,"turns":3.0},{"damage":2.0,"enemies":"2 Fungi Beasts","floor":14.0,"turns":4.0},{"damage":4.0,"enemies":"The Guardian","floor":16.0,"turns":5.0},{"damage":7.0,"enemies":"Chosen","floor":18.0,"turns":5.0},{"damage":14.0,"enemies":"Spheric Guardian","floor":21.0,"turns":4.0},{"damage":16.0,"enemies":"Shelled Parasite and Fungi","floor":22.0,"turns":8.0},{"damage":1.0,"enemies":"Book of Stabbing","floor":23.0,"turns":3.0},{"damage":0.0,"enemies":"Cultist and Chosen","floor":25.0,"turns":2.0},{"damage":1.0,"enemies":"Slavers","floor":27.0,"turns":3.0},{"damage":19.0,"enemies":"Gremlin Leader","floor":29.0,"turns":5.0},{"damage":11.0,"enemies":"Sentry and Sphere","floor":31.0,"turns":3.0},{"damage":12.0,"enemies":"Automaton","floor":33.0,"turns":5.0},{"damage":0.0,"enemies":"Orb Walker","floor":35.0,"turns":5.0},{"damage":8.0,"enemies":"3 Darklings","floor":38.0,"turns":5.0},{"damage":16.0,"enemies":"Maw","floor":39.0,"turns":6.0},{"damage":12.0,"enemies":"Giant Head","floor":40.0,"turns":5.0},{"damage":37.0,"enemies":"Reptomancer","floor":46.0,"turns":6.0},{"damage":0.0,"enemies":"Jaw Worm Horde","floor":47.0,"turns":2.0},{"damage":21,"enemies":"Sphere and 2 Shapes","floor":48,"turns":7},{"damage":9,"enemies":"Awakened One","floor":50,"turns":5},{"damage":0,"enemies":"Donu and Deca","floor":51,"turns":6}],"seed_played":"4397639357893865995","potions_obtained":[{"floor":3.0,"key":"Swift Potion"},{"floor":10.0,"key":"Weak Potion"},{"floor":11.0,"key":"Regen Potion"},{"floor":13.0,"key":"EssenceOfSteel"},{"floor":14.0,"key":"LiquidMemories"},{"floor":18.0,"key":"SteroidPotion"},{"floor":21.0,"key":"Swift Potion"},{"floor":27.0,"key":"Strength Potion"},{"floor":31.0,"key":"Energy Potion"},{"floor":35.0,"key":"GamblersBrew"},{"floor":39.0,"key":"Poison Potion"},{"floor":46.0,"key":"BlessingOfTheForge"},{"floor":47.0,"key":"SteroidPotion"}],"is_trial":false,"path_per_floor":["M","?","M","?","M","R","M","R","T","E","M","E","?","M","R","B",null,"M","?","$","M","M","E","R","M","T","E","R","E","R","M","R","B",null,"M","?","$","M","M","E","R","T","T","$","R","E","M","M","R","B","B",null],"character_chosen":"THE_SILENT","items_purchased":["AT_ImmortalShieldbow","Bag of Preparation","Backflip","Tactician"],"campfire_rested":4,"item_purchase_floors":[20,37,37,44],"current_hp_per_floor":[46,46,46,46,36,36,30,30,30,2,1,15,15,13,31,27,52,45,45,45,31,38,37,37,37,37,36,36,37,37,28,47,37,59,61,61,61,55,41,29,29,29,29,29,50,23,25,8,30,33,37],"gold":535,"neow_bonus":"RANDOM_COLORLESS_2","is_daily":false,"chose_seed":false,"campfire_upgraded":6,"win_rate":0.0,"timestamp":1608983200,"path_taken":["M","?","M","?","M","R","M","R","T","E","M","E","?","M","R","BOSS","M","?","$","M","M","E","R","M","T","E","R","E","R","M","R","BOSS","M","?","$","M","M","E","R","?","T","$","R","E","M","M","R","BOSS","BOSS"],"items_purchased_type":["Relic","Relic","Card","Card"],"build_version":"2020-12-22","purchased_purges":3,"victory":true,"max_hp_per_floor":[66,60,60,60,60,60,60,60,60,60,60,60,60,60,60,60,60,60,60,60,60,60,60,60,60,60,60,60,62,62,64,64,66,66,68,68,68,70,72,72,72,72,72,72,72,72,74,76,76,76,76],"card_choices":[{"not_picked":["The Bomb","Transmutation"],"picked":"Apotheosis","floor":0.0},{"not_picked":["PiercingWail","Backflip"],"picked":"Dagger Spray","floor":1.0},{"not_picked":["Quick Slash","Deflect"],"picked":"Expertise","floor":3.0},{"not_picked":["AT_EssenceShift","Prepared"],"picked":"AT_FocusSwordFire","floor":5.0},{"not_picked":["Underhanded Strike","AT_WindFlip"],"picked":"AT_ShadowStep","floor":7.0},{"not_picked":["Poisoned Stab","Finisher","Outmaneuver"],"picked":"SKIP","floor":10.0},{"not_picked":["AT_WomanClash","Deflect"],"picked":"Prepared","floor":11.0},{"not_picked":["Die Die Die","Flying Knee","Deflect"],"picked":"SKIP","floor":12.0},{"not_picked":["Sucker Punch","PiercingWail"],"picked":"AT_ArcaneSupremacy","floor":13.0},{"not_picked":["Dodge and Roll","Outmaneuver"],"picked":"Deflect","floor":14.0},{"not_picked":["Burst","Doppelganger"],"picked":"AT_EssenceShift","floor":16.0},{"not_picked":["Masterful Stab","Prepared+1"],"picked":"Leg Sweep","floor":18.0},{"not_picked":["Bane","Catalyst","Flying Knee"],"picked":"SKIP","floor":21.0},{"not_picked":["Flechettes","Deflect"],"picked":"Blade Dance+1","floor":22.0},{"not_picked":["Bouncing Flask","Slice"],"picked":"Reflex","floor":23.0},{"not_picked":["Terror","Riddle With Holes","AT_KneejerkReflex"],"picked":"SKIP","floor":25.0},{"not_picked":["Masterful Stab","Blade Dance"],"picked":"AT_ShadowStep","floor":27.0},{"not_picked":["Terror","Heel Hook","Prepared"],"picked":"Singing Bowl","floor":29.0},{"not_picked":["AT_ArcaneSupremacy","Outmaneuver","Dodge and Roll"],"picked":"Singing Bowl","floor":31.0},{"not_picked":["Storm of Steel","Tools of the Trade","Night Terror"],"picked":"Singing Bowl","floor":33.0},{"not_picked":["Deflect+1","Deadly Poison+1","Finisher"],"picked":"Singing Bowl","floor":35.0},{"not_picked":["Dagger Throw","Choke","Dagger Spray"],"picked":"Singing Bowl","floor":38.0},{"not_picked":["Bane","Flying Knee","AT_ThistleTea"],"picked":"Singing Bowl","floor":39.0},{"not_picked":["Concentrate","Slice"],"picked":"Footwork","floor":40.0},{"not_picked":["Dodge and Roll","Eviscerate"],"picked":"Blur","floor":46.0},{"not_picked":["Cloak And Dagger","AT_FocusSwordFire","Dodge and Roll"],"picked":"Singing Bowl","floor":47.0},{"not_picked":["AT_MyraUnstableElement","Deflect","Caltrops"],"picked":"Singing Bowl","floor":48}],"player_experience":230150,"relics_obtained":[{"floor":9.0,"key":"Tiny Chest"},{"floor":10.0,"key":"Shuriken"},{"floor":12.0,"key":"Centennial Puzzle"},{"floor":13.0,"key":"Odd Mushroom"},{"floor":23.0,"key":"Potion Belt"},{"floor":26.0,"key":"AT_BladeRuinedKing"},{"floor":27.0,"key":"Singing Bowl"},{"floor":29.0,"key":"Smiling Mask"},{"floor":40.0,"key":"Letter Opener"},{"floor":43.0,"key":"AT_ChloranthyRing"},{"floor":46.0,"key":"Snake Skull"}],"event_choices":[{"damage_healed":0.0,"max_hp_gain":0.0,"max_hp_loss":6.0,"gold_gain":0.0,"event_name":"Golden Idol","player_choice":"Lose Max HP","floor":2.0,"gold_loss":0.0,"damage_taken":0.0,"relics_obtained":["Golden Idol"]},{"damage_healed":0.0,"max_hp_gain":0.0,"max_hp_loss":0.0,"gold_gain":0.0,"event_name":"Liars Game","player_choice":"Ignored","floor":4.0,"gold_loss":0.0,"damage_taken":0.0},{"damage_healed":0.0,"max_hp_gain":0.0,"max_hp_loss":0.0,"gold_gain":0.0,"event_name":"Mushrooms","player_choice":"Fought Mushrooms","floor":13.0,"gold_loss":0.0,"damage_taken":0.0},{"damage_healed":0.0,"max_hp_gain":0.0,"max_hp_loss":0.0,"gold_gain":0.0,"event_name":"The Mausoleum","player_choice":"Ignored","floor":19.0,"gold_loss":0.0,"damage_taken":0.0},{"damage_healed":0.0,"max_hp_gain":0.0,"max_hp_loss":0.0,"gold_gain":333.0,"event_name":"The Moai Head","player_choice":"Gave Idol","floor":36.0,"relics_lost":["Golden Idol"],"gold_loss":0.0,"damage_taken":0.0}],"is_beta":false,"boss_relics":[{"not_picked":["SlaversCollar","Runic Pyramid"],"picked":"Snecko Eye"},{"not_picked":["Tiny House","Busted Crown"],"picked":"Empty Cage"}],"items_purged_floors":[20,37,44],"is_endless":false,"potions_floor_spawned":[3,10,11,13,14,18,21,27,31,35,39,46,47],"ascension_level":20}}