{"host":"qxeepl7ydvsgmfdb","time":1608991213,"event":{"mods":["AchievementEnabler","BaseMod","Colored Powertips","Minty Spire (QoL Compilation)","Quick Restart","slay the spire mod where everything is the same but ironclad has a cowboy hat"],"gold_per_floor":[109,122,122,122,23,23,51,63,63,92,167,342,342,355,355,459,459,478,492,492,86,111,143,163,163,163],"floor_reached":25,"playtime":1192,"items_purged":["Regret"],"score":330,"play_id":"aaf599db-e3e0-4e06-b55b-2163cd2ee242","local_time":"20201226090013","is_ascension_mode":true,"campfire_choices":[{"data":"Poisoned Stab","floor":6,"key":"SMITH"},{"floor":13,"key":"REST"},{"data":"Deadly Poison","floor":15,"key":"SMITH"}],"circlet_count":0,"master_deck":["Strike_G","Strike_G","Strike_G","Strike_G","Defend_G+1","Defend_G+1","Defend_G","Defend_G","Defend_G+1","Survivor","Neutralize+1","Slice","Poisoned Stab+1","Deadly Poison+1","All Out Attack","After Image+1","Deflect+1","Blade Dance"],"relics":["Ring of the Snake","NeowsBlessing","Darkstone Periapt","Snake Skull","Bottled Flame","Letter Opener","Empty Cage","TwistedFunnel","Pantograph","War Paint","Potion Belt"],"acts_visited":["Exordium","TheCity"],"potions_floor_usage":[10,10,18,18,18,23],"damage_taken":[{"damage":0,"enemies":"Jaw Worm","floor":1,"turns":1},{"damage":0,"enemies":"Small Slimes","floor":2,"turns":1},{"damage":0,"enemies":"Gremlin Nob","floor":7,"turns":1},{"damage":0,"enemies":"Cultist","floor":8,"turns":3},{"damage":10,"enemies":"Lagavulin","floor":10,"turns":4},{"damage":3,"enemies":"3 Louse","floor":14,"turns":2},{"damage":20,"enemies":"The Guardian","floor":16,"turns":10},{"damage":14,"enemies":"2 Thieves","floor":18,"turns":4},{"damage":40,"enemies":"3 Byrds","floor":19,"turns":6},{"damage":36,"enemies":"Book of Stabbing","floor":23,"turns":6},{"damage":9,"enemies":"Cultist and Chosen","floor":24,"turns":6},{"damage":4,"enemies":"Slavers","floor":25,"turns":1}],"seed_played":"3685433293223512563","potions_obtained":[{"floor":2,"key":"ColorlessPotion"},{"floor":8,"key":"Poison Potion"},{"floor":16,"key":"EntropicBrew"},{"floor":18,"key":"FairyPotion"},{"floor":19,"key":"Block Potion"}],"is_trial":false,"path_per_floor":["M","M","?","?","$","R","E","M","T","E","?","?","R","M","R","B",null,"M","M","?","$","T","E","M","E"],"character_chosen":"THE_SILENT","items_purchased":["Poisoned Stab","TwistedFunnel","Pantograph"],"campfire_rested":1,"item_purchase_floors":[5,21,21],"current_hp_per_floor":[63,63,69,54,54,54,54,54,54,44,33,39,63,60,60,40,72,58,18,18,18,18,10,1,0,0],"gold":163,"neow_bonus":"THREE_ENEMY_KILL","is_daily":false,"chose_seed":false,"campfire_upgraded":2,"win_rate":0.0,"timestamp":1608991213,"path_taken":["M","M","?","?","$","R","E","M","T","E","?","?","R","?","R","BOSS","M","M","?","$","?","E","M","E"],"items_purchased_type":["Card","Relic","Relic"],"build_version":"2020-12-22","purchased_purges":1,"victory":false,"max_hp_per_floor":[70,70,76,76,76,76,76,76,76,76,76,82,82,82,82,82,82,82,82,82,82,82,82,82,82,82],"card_choices":[{"not_picked":["Catalyst","Acrobatics"],"picked":"Slice","floor":1},{"not_picked":["Bane","Bouncing Flask","Eviscerate"],"picked":"SKIP","floor":2},{"not_picked":["Blade Dance","PiercingWail"],"picked":"Deadly Poison","floor":7},{"not_picked":["Masterful Stab","Distraction"],"picked":"All Out Attack","floor":8},{"not_picked":["Expertise","Reflex","Calculated Gamble"],"picked":"SKIP","floor":10},{"not_picked":["Heel Hook","Blur","Grand Finale"],"picked":"SKIP","floor":14},{"not_picked":["Doppelganger","Glass Knife"],"picked":"After Image","floor":16},{"not_picked":["Outmaneuver","Setup+1","Prepared"],"picked":"SKIP","floor":18},{"not_picked":["Bane","Concentrate+1"],"picked":"Deflect+1","floor":19},{"not_picked":["Doppelganger","All Out Attack"],"picked":"Blade Dance","floor":23},{"not_picked":["Backflip","Outmaneuver","PiercingWail+1"],"picked":"SKIP","floor":24}],"player_experience":388367,"relics_obtained":[{"floor":7,"key":"Snake Skull"},{"floor":9,"key":"Bottled Flame"},{"floor":10,"key":"Letter Opener"},{"floor":22,"key":"War Paint"},{"floor":23,"key":"Potion Belt"}],"event_choices":[{"damage_healed":0,"gold_gain":0,"player_choice":"Box","damage_taken":0,"relics_obtained":["Darkstone Periapt"],"max_hp_gain":0,"max_hp_loss":0,"event_name":"Big Fish","floor":3,"gold_loss":0,"cards_obtained":["Regret"]},{"damage_healed":0,"gold_gain":0,"player_choice":"Entered Light","damage_taken":15,"max_hp_gain":0,"max_hp_loss":0,"event_name":"Shining Light","floor":4,"gold_loss":0,"cards_upgraded":["Neutralize","Defend_G"]},{"damage_healed":0,"gold_gain":75,"player_choice":"Gather Gold","damage_taken":11,"max_hp_gain":0,"max_hp_loss":0,"event_name":"World of Goop","floor":11,"gold_loss":0},{"damage_healed":0,"gold_gain":175,"player_choice":"AGREE","damage_taken":0,"max_hp_gain":0,"max_hp_loss":0,"event_name":"Liars Game","floor":12,"gold_loss":0,"cards_obtained":["Doubt"]},{"damage_healed":0,"gold_gain":0,"player_choice":"Forge","damage_taken":0,"max_hp_gain":0,"max_hp_loss":0,"event_name":"Accursed Blacksmith","floor":20,"gold_loss":0,"cards_upgraded":["After Image"]}],"is_beta":false,"boss_relics":[{"not_picked":["Coffee Dripper","Snecko Eye"],"picked":"Empty Cage"}],"items_purged_floors":[5],"is_endless":false,"potions_floor_spawned":[2,8,16,18,19],"killed_by":"Slavers","ascension_level":6}}