{"host":"gkh5j5k5w4qf7k7n","time":1608942922,"event":{"mods":["2.2 Compatiblity","AchievementEnabler","Arknights The Spire","BaseMod","Colored Map","Colored Powertips","GifTheSpireLib","Keyboard Shortcuts","Minty Spire (QoL Compilation)","Quick Restart","StSLib","SuperFastMode","The Construct","The Dragon Tamer","The Marked","TheBandit","¡¼?Úª?ø«¡½REMEMod"],"gold_per_floor":[360,370,370,382,397,397,417,417,444,454,454,151,151,162,162,261,261,272,290,290,290,290,290,290],"floor_reached":23,"playtime":1150,"items_purged":["theMarked:Strike"],"score":183,"play_id":"ccc5e0dc-3a62-4b15-85b9-4b369b18bdc5","local_time":"20201226093522","is_ascension_mode":false,"campfire_choices":[{"data":"theMarked:SoldierOfQuellstein","floor":6.0,"key":"SMITH"},{"data":"theMarked:SoldierOfQuellstein","floor":8.0,"key":"SMITH"},{"data":"theMarked:ComboAttacks","floor":13.0,"key":"SMITH"},{"floor":15.0,"key":"REST"}],"circlet_count":0,"master_deck":["theMarked:Strike","theMarked:Defend","theMarked:Defend","theMarked:Defend","theMarked:Defend","theMarked:SoldierOfQuellstein+1","Exhume","theMarked:SwordAndMagic","theMarked:Reabsorb","theMarked:ComboAttacks+1","theMarked:SoldierOfQuellstein+1","REME_ShortnessOfBreath","theMarked:SoldierForm","theMarked:ChannelForce","theMarked:RogueSparks","theMarked:EternalStudent","theMarked:EnhancedHearing","theMarked:WastefulDefense","theMarked:EnhanceMovement"],"relics":["theMarked:ArtifactOfAir","REME_ComplimentaryCards","TheAbacus","Cursed Key","Blood Vial"],"acts_visited":["Exordium","TheCity"],"potions_floor_usage":[],"damage_taken":[{"damage":4.0,"enemies":"Cultist","floor":1.0,"turns":4.0},{"damage":11.0,"enemies":"Jaw Worm","floor":2.0,"turns":2.0},{"damage":0.0,"enemies":"Small Slimes","floor":4.0,"turns":3.0},{"damage":7.0,"enemies":"3 Louse","floor":5.0,"turns":4.0},{"damage":8.0,"enemies":"Large Slime","floor":7.0,"turns":5.0},{"damage":6.0,"enemies":"Lots of Slimes","floor":10.0,"turns":4.0},{"damage":5.0,"enemies":"Exordium Wildlife","floor":14.0,"turns":4.0},{"damage":25.0,"enemies":"Slime Boss","floor":16.0,"turns":8.0},{"damage":19.0,"enemies":"Shell Parasite","floor":18.0,"turns":4.0},{"damage":20,"enemies":"Chosen","floor":19,"turns":5},{"damage":44,"enemies":"Gremlin Leader","floor":23,"turns":6}],"seed_played":"2540774373573130180","potions_obtained":[{"floor":4.0,"key":"DuplicationPotion"},{"floor":10.0,"key":"Energy Potion"}],"is_trial":false,"path_per_floor":["M","M","?","M","M","R","M","R","T","M","?","$","R","M","R","B",null,"M","M","?","?","?","E"],"character_chosen":"THE_DEFAULT","items_purchased":["theMarked:RogueSparks","TheAbacus"],"campfire_rested":1,"item_purchase_floors":[12,12],"current_hp_per_floor":[45,34,34,34,27,27,19,19,19,13,13,13,13,8,29,4,70,51,31,31,31,31,0,0],"gold":290,"neow_bonus":"TWO_FIFTY_GOLD","is_daily":false,"chose_seed":false,"campfire_upgraded":3,"win_rate":0.0,"timestamp":1608942922,"path_taken":["M","?","?","?","M","R","M","R","T","?","?","?","R","M","R","BOSS","M","M","?","?","?","E"],"items_purchased_type":["Card","Relic"],"build_version":"2020-12-22","purchased_purges":1,"victory":false,"max_hp_per_floor":[70,70,70,70,70,70,70,70,70,70,70,70,70,70,70,70,70,70,70,70,70,70,70,70],"card_choices":[{"not_picked":["theMarked:Convert","theMarked:Opportunist"],"picked":"theMarked:SwordAndMagic","floor":1.0},{"not_picked":["theMarked:KeepCalmAndFightOn","theMarked:WardOff"],"picked":"theMarked:Reabsorb","floor":2.0},{"not_picked":["theMarked:RepellingDischarge","theMarked:SwordAndMagic","theMarked:ResourceFulStrike"],"picked":"SKIP","floor":4.0},{"not_picked":["theMarked:RepellingDischarge","theMarked:Opportunist","theMarked:BanishingStrike"],"picked":"SKIP","floor":5.0},{"not_picked":["theMarked:WastefulAttack","theMarked:SwordAndMagic"],"picked":"theMarked:ChannelForce","floor":7.0},{"not_picked":["theMarked:MagicAdept","theMarked:Improvise","theMarked:ComboAttacks"],"picked":"SKIP","floor":10.0},{"not_picked":["theMarked:Frustration","theMarked:ElectricStrings","theMarked:WardOff"],"picked":"SKIP","floor":14.0},{"not_picked":["theMarked:Challenge","theMarked:SummonStrength"],"picked":"theMarked:EternalStudent","floor":16.0},{"not_picked":["theMarked:WardOff","theMarked:Electrocute"],"picked":"theMarked:EnhancedHearing","floor":18.0},{"not_picked":["theMarked:DeterminationOfTheMarked","theMarked:Seal","theMarked:SelfDefenseTraining"],"picked":"SKIP","floor":19}],"player_experience":937888,"relics_obtained":[],"event_choices":[{"damage_healed":0.0,"max_hp_gain":0.0,"max_hp_loss":0.0,"gold_gain":0.0,"event_name":"Match and Keep!","player_choice":"4 cards matched","floor":3.0,"gold_loss":0.0,"damage_taken":0.0,"cards_obtained":["theMarked:ComboAttacks","theMarked:SoldierOfQuellstein","REME_ShortnessOfBreath","theMarked:SoldierForm"]},{"damage_healed":0.0,"max_hp_gain":0.0,"max_hp_loss":0.0,"gold_gain":0.0,"event_name":"Liars Game","player_choice":"Ignored","floor":11.0,"gold_loss":0.0,"damage_taken":0.0},{"damage_healed":0,"gold_gain":0,"player_choice":"Opened","damage_taken":0,"relics_obtained":["Blood Vial"],"max_hp_gain":0,"max_hp_loss":0,"event_name":"The Mausoleum","floor":20,"gold_loss":0},{"cards_removed":["theMarked:Strike"],"damage_healed":0,"gold_gain":0,"player_choice":"Elegance","damage_taken":0,"max_hp_gain":0,"max_hp_loss":0,"event_name":"Back to Basics","floor":21,"gold_loss":0},{"damage_healed":0,"gold_gain":0,"cards_transformed":["theMarked:Strike","theMarked:Strike"],"player_choice":"Became Test Subject","damage_taken":0,"max_hp_gain":0,"max_hp_loss":0,"event_name":"Drug Dealer","floor":22,"gold_loss":0,"cards_obtained":["theMarked:WastefulDefense","theMarked:EnhanceMovement"]}],"is_beta":false,"boss_relics":[{"not_picked":["Astrolabe","Fusion Hammer"],"picked":"Cursed Key"}],"items_purged_floors":[12],"is_endless":false,"potions_floor_spawned":[4,10],"killed_by":"Gremlin Leader","ascension_level":0}}