{"host":"qm4rv4rkpk76sbxu","time":1608976954,"event":{"mods":["BaseMod","Bestiary","Block Reminder","DeckTracker","Filter the Spire","Keyboard Shortcuts","Minty Spire (QoL Compilation)","MonsterHotkey","Potion Indicator Mod","Quick Restart","Random Character Button","Relic Stats","Slay-I","StSLib","ojb\u0027s Better Paths Mod"],"gold_per_floor":[111,122,36,52,127,157,157,184,184,184,201,228,228,248,248,322,322,338,338,348,398,409,409,409],"floor_reached":23,"playtime":1484,"items_purged":[],"score":422,"play_id":"6bc334c4-9a9b-498d-89d9-a382f8ace641","local_time":"20201226110234","is_ascension_mode":true,"campfire_choices":[{"data":"Creative AI","floor":13.0,"key":"SMITH"},{"floor":15.0,"key":"REST"}],"circlet_count":0,"master_deck":["AscendersBane","Strike_B","Strike_B","Defend_B","Defend_B","Defend_B","Defend_B","Zap","Dualcast","Clumsy","Sunder+1","Chill","Ball Lightning","Leap","Creative AI+1","Conserve Battery","Conserve Battery","Conserve Battery","Fission","Aggregate","Creative AI","Self Repair"],"relics":["Cracked Core","MealTicket","Ice Cream","Mercury Hourglass","Lantern","Bronze Scales","Black Star"],"acts_visited":["Exordium","TheCity"],"potions_floor_usage":[23],"damage_taken":[{"damage":0.0,"enemies":"Cultist","floor":1.0,"turns":3.0},{"damage":12.0,"enemies":"Jaw Worm","floor":2.0,"turns":3.0},{"damage":5.0,"enemies":"2 Louse","floor":4.0,"turns":2.0},{"damage":12.0,"enemies":"3 Sentries","floor":6.0,"turns":6.0},{"damage":10.0,"enemies":"Lagavulin","floor":8.0,"turns":6.0},{"damage":0.0,"enemies":"Blue Slaver","floor":11.0,"turns":2.0},{"damage":5.0,"enemies":"Gremlin Nob","floor":12.0,"turns":3.0},{"damage":0.0,"enemies":"Looter","floor":14.0,"turns":3.0},{"damage":4.0,"enemies":"The Guardian","floor":16.0,"turns":12.0},{"damage":7.0,"enemies":"Chosen","floor":18.0,"turns":5.0},{"damage":29.0,"enemies":"2 Thieves","floor":20.0,"turns":5.0},{"damage":13,"enemies":"Snake Plant","floor":22,"turns":4},{"damage":29,"enemies":"Book of Stabbing","floor":23,"turns":3}],"seed_played":"-1903237182592499702","potions_obtained":[{"floor":4.0,"key":"GamblersBrew"},{"floor":14.0,"key":"Strength Potion"},{"floor":16.0,"key":"ColorlessPotion"}],"is_trial":false,"path_per_floor":["M","M","$","M","?","E","?","E","T","T","M","E","R","M","R","B",null,"M","?","M","?","M","E"],"character_chosen":"DEFECT","items_purchased":["LiquidMemories"],"campfire_rested":1,"item_purchase_floors":[3],"current_hp_per_floor":[78,66,66,61,50,38,38,28,28,28,28,23,23,23,48,44,75,68,68,39,39,26,0,0],"gold":409,"neow_bonus":"TWENTY_PERCENT_HP_BONUS","is_daily":false,"chose_seed":false,"campfire_upgraded":1,"win_rate":0.0,"timestamp":1608976954,"path_taken":["M","?","?","M","?","E","?","E","T","?","M","E","R","?","R","BOSS","M","?","M","?","M","E"],"items_purchased_type":["Potion"],"build_version":"2020-12-22","purchased_purges":0,"victory":false,"max_hp_per_floor":[85,85,85,85,85,85,85,85,85,85,85,85,85,85,85,85,85,85,85,85,85,85,85,85],"relic_stats":{"counters":[13,57],"Bronze Scales":[112],"MealTicket":0,"Black Star":0,"obtain_stats":[{"Ice Cream":8,"Lantern":10,"Bronze Scales":12,"MealTicket":6,"Black Star":17,"Cracked Core":0,"Mercury Hourglass":9},{"Ice Cream":5,"Lantern":5,"Bronze Scales":7,"MealTicket":4,"Black Star":9,"Cracked Core":0,"Mercury Hourglass":5},{"Ice Cream":20,"Lantern":20,"Bronze Scales":25,"MealTicket":14,"Black Star":40,"Cracked Core":0,"Mercury Hourglass":20}],"Mercury Hourglass":[102]},"card_choices":[{"not_picked":["Compile Driver","Double Energy"],"picked":"Sunder","floor":1.0},{"not_picked":["Rebound","White Noise"],"picked":"Chill","floor":2.0},{"not_picked":["Melter","Stack"],"picked":"Ball Lightning","floor":4.0},{"not_picked":["Storm","Sweeping Beam"],"picked":"Leap","floor":6.0},{"not_picked":["Gash","Blizzard"],"picked":"Creative AI","floor":8.0},{"not_picked":["Cold Snap","Compile Driver"],"picked":"Conserve Battery","floor":11.0},{"not_picked":["Hologram","Loop"],"picked":"Conserve Battery","floor":12.0},{"not_picked":["Amplify","Stack"],"picked":"Conserve Battery","floor":14.0},{"not_picked":["Creative AI","Hyperbeam"],"picked":"Fission","floor":16.0},{"not_picked":["Hologram","Redo","Barrage+1"],"picked":"SKIP","floor":18.0},{"not_picked":["Sweeping Beam","Redo","Capacitor"],"picked":"SKIP","floor":20.0},{"not_picked":["Rip and Tear+1","Coolheaded"],"picked":"Self Repair","floor":22}],"player_experience":1130648,"relics_obtained":[{"floor":6.0,"key":"MealTicket"},{"floor":8.0,"key":"Ice Cream"},{"floor":9.0,"key":"Mercury Hourglass"},{"floor":10.0,"key":"Lantern"},{"floor":12.0,"key":"Bronze Scales"}],"event_choices":[{"damage_healed":0.0,"max_hp_gain":0.0,"max_hp_loss":0.0,"gold_gain":75.0,"event_name":"World of Goop","player_choice":"Gather Gold","floor":5.0,"gold_loss":0.0,"damage_taken":11.0},{"damage_healed":0.0,"max_hp_gain":0.0,"max_hp_loss":0.0,"gold_gain":0.0,"event_name":"Living Wall","player_choice":"Grow","floor":7.0,"gold_loss":0.0,"damage_taken":0.0,"cards_upgraded":["Sunder"]},{"damage_healed":0.0,"max_hp_gain":0.0,"max_hp_loss":0.0,"gold_gain":0.0,"cards_transformed":["Strike_B","Strike_B"],"event_name":"Drug Dealer","player_choice":"Became Test Subject","floor":19.0,"gold_loss":0.0,"damage_taken":0.0,"cards_obtained":["Aggregate","Creative AI"]},{"damage_healed":0.0,"max_hp_gain":0.0,"max_hp_loss":0.0,"gold_gain":50.0,"event_name":"Nest","player_choice":"Stole From Cult","floor":21.0,"gold_loss":0.0,"damage_taken":0.0}],"is_beta":false,"boss_relics":[{"not_picked":["Sozu","Philosopher\u0027s Stone"],"picked":"Black Star"}],"items_purged_floors":[],"is_endless":false,"potions_floor_spawned":[4,14,16],"killed_by":"Book of Stabbing","ascension_level":20}}