{"host":"ec09novo68szpe7d","time":1608945925,"event":{"mods":["AchievementEnabler","BaseMod","Bestiary","Minty Spire (QoL Compilation)","StSLib"],"gold_per_floor":[117,192,192,210,210,239,250,276,276,294,294,329,329,342,342,445,445,455,455,475,491,520,520,520,553,634,634,964,964,480,493,493,595,595,615,635,635,635,381,381,410,410,434,447,474,76,102,117,117,117,117,117,18,18,18],"floor_reached":54,"playtime":5782,"items_purged":["Hemokinesis","Madness"],"score":1082,"play_id":"7dd099ec-7a25-45a5-a16d-48c4aad1482f","local_time":"20201226022525","is_ascension_mode":true,"campfire_choices":[{"data":"Juggernaut","floor":11.0,"key":"SMITH"},{"data":"Metallicize","floor":15.0,"key":"SMITH"},{"data":"Feed","floor":23.0,"key":"SMITH"},{"data":"Limit Break","floor":27.0,"key":"SMITH"},{"data":"Armaments","floor":29.0,"key":"SMITH"},{"data":"Armaments","floor":32.0,"key":"SMITH"},{"data":"Demon Form","floor":40.0,"key":"SMITH"},{"data":"Iron Wave","floor":42.0,"key":"SMITH"},{"floor":49.0,"key":"RECALL"},{"data":"Madness","floor":52.0,"key":"SMITH"}],"circlet_count":0,"master_deck":["Bash","Metallicize+1","Whirlwind","Clash","Ghostly Armor","Brutality","Rampage","Pummel","Shrug It Off","Juggernaut+1","Shrug It Off","Iron Wave+1","Armaments+1","Armaments+1","Feed+1","Iron Wave+1","Inflame+1","Limit Break+1","Impervious","Infernal Blade","Demon Form+1","Exhume","Flex+1","Madness+1","Sword Boomerang+1","Bandage Up","Heavy Blade+1"],"relics":["Pandora\u0027s Box","Art of War","FossilizedHelix","HornCleat","White Beast Statue","Toy Ornithopter","SlaversCollar","Red Mask","Nloth\u0027s Gift","Mercury Hourglass","Singing Bowl","Old Coin","Anchor","Darkstone Periapt","Black Star","Strange Spoon","Gambling Chip","Centennial Puzzle","Potion Belt","Shuriken","Calipers","Champion Belt","CaptainsWheel"],"acts_visited":["Exordium","TheCity","TheBeyond","TheEnding"],"potions_floor_usage":[54,54],"damage_taken":[{"damage":2.0,"enemies":"2 Louse","floor":1.0,"turns":2.0},{"damage":0.0,"enemies":"Jaw Worm","floor":4.0,"turns":2.0},{"damage":11.0,"enemies":"Lagavulin","floor":6.0,"turns":5.0},{"damage":0.0,"enemies":"Cultist","floor":7.0,"turns":2.0},{"damage":16.0,"enemies":"Gremlin Nob","floor":8.0,"turns":4.0},{"damage":0.0,"enemies":"3 Louse","floor":10.0,"turns":2.0},{"damage":5.0,"enemies":"Lagavulin","floor":12.0,"turns":5.0},{"damage":0.0,"enemies":"Exordium Wildlife","floor":14.0,"turns":3.0},{"damage":0.0,"enemies":"Slime Boss","floor":16.0,"turns":5.0},{"damage":12.0,"enemies":"Spheric Guardian","floor":18.0,"turns":6.0},{"damage":0.0,"enemies":"3 Byrds","floor":20.0,"turns":7.0},{"damage":12.0,"enemies":"Centurion and Healer","floor":21.0,"turns":5.0},{"damage":28.0,"enemies":"Masked Bandits","floor":22.0,"turns":5.0},{"damage":0.0,"enemies":"Gremlin Leader","floor":25.0,"turns":5.0},{"damage":0.0,"enemies":"Slavers","floor":28.0,"turns":4.0},{"damage":6.0,"enemies":"Snake Plant","floor":31.0,"turns":3.0},{"damage":3.0,"enemies":"Collector","floor":33.0,"turns":8.0},{"damage":9.0,"enemies":"3 Darklings","floor":35.0,"turns":5.0},{"damage":4.0,"enemies":"3 Shapes","floor":36.0,"turns":3.0},{"damage":40.0,"enemies":"Nemesis","floor":41.0,"turns":9.0},{"damage":29.0,"enemies":"Jaw Worm Horde","floor":44.0,"turns":6.0},{"damage":0.0,"enemies":"Reptomancer","floor":45.0,"turns":5.0},{"damage":7.0,"enemies":"Nemesis","floor":47.0,"turns":7.0},{"damage":9.0,"enemies":"3 Darklings","floor":48.0,"turns":6.0},{"damage":32.0,"enemies":"Donu and Deca","floor":50.0,"turns":6.0},{"damage":106,"enemies":"Shield and Spear","floor":54,"turns":8}],"seed_played":"-2404576160479843780","potions_obtained":[{"floor":6.0,"key":"Strength Potion"},{"floor":7.0,"key":"DuplicationPotion"},{"floor":10.0,"key":"PowerPotion"},{"floor":12.0,"key":"Energy Potion"},{"floor":16.0,"key":"Strength Potion"},{"floor":18.0,"key":"Regen Potion"},{"floor":20.0,"key":"EssenceOfSteel"},{"floor":21.0,"key":"SteroidPotion"},{"floor":22.0,"key":"DuplicationPotion"},{"floor":25.0,"key":"Ancient Potion"},{"floor":28.0,"key":"Fire Potion"},{"floor":31.0,"key":"Swift Potion"},{"floor":33.0,"key":"Weak Potion"},{"floor":35.0,"key":"EssenceOfSteel"},{"floor":36.0,"key":"Strength Potion"},{"floor":44.0,"key":"ColorlessPotion"},{"floor":45.0,"key":"SneckoOil"},{"floor":47.0,"key":"Block Potion"},{"floor":48.0,"key":"ColorlessPotion"}],"is_trial":false,"path_per_floor":["M","?","?","M","$","E","M","E","T","M","R","E","T","M","R","B",null,"M","?","M","M","?","R","?","E","T","R","E","R","$","M","R","B",null,"M","M","?","?","$","R","E","R","T","M","E","$","E","M","R","B",null,"R","$","E"],"character_chosen":"IRONCLAD","items_purchased":["Anchor","Darkstone Periapt","Strange Spoon","Calipers","Bandage Up","Dexterity Potion","PowerPotion"],"campfire_rested":0,"item_purchase_floors":[30,30,39,46,46,53,53],"current_hp_per_floor":[78,67,64,64,64,53,53,37,37,37,37,32,32,32,32,47,80,72,72,72,75,47,47,47,52,52,52,57,57,57,61,61,58,84,75,76,65,65,65,65,35,35,35,17,24,24,31,26,26,17,94,94,94,0,0],"gold":18,"neow_bonus":"BOSS_RELIC","is_daily":false,"chose_seed":false,"campfire_upgraded":9,"win_rate":0.0,"timestamp":1608945925,"path_taken":["M","?","?","M","$","E","M","E","T","M","R","E","?","M","R","BOSS","M","?","M","M","?","R","?","E","T","R","E","R","$","?","R","BOSS","M","M","?","?","$","R","E","R","T","M","E","$","E","M","R","BOSS","R","$","E"],"items_purchased_type":["Relic","Relic","Relic","Relic","Card","Potion","Potion"],"build_version":"2020-12-22","purchased_purges":2,"victory":false,"max_hp_per_floor":[80,80,80,80,80,80,80,80,80,80,80,80,80,80,80,80,80,84,84,84,84,84,84,84,84,84,84,84,84,84,84,84,84,84,84,84,84,84,84,84,84,84,84,90,92,92,94,94,94,94,94,94,94,94,94],"card_choices":[{"not_picked":["Thunderclap","Rage","Sword Boomerang"],"picked":"SKIP","floor":1.0},{"not_picked":["Headbutt","Dark Embrace"],"picked":"Shrug It Off","floor":4.0},{"not_picked":["Dual Wield","Body Slam"],"picked":"Juggernaut","floor":6.0},{"not_picked":["Twin Strike","Dark Embrace"],"picked":"Shrug It Off","floor":7.0},{"not_picked":["Rage","Heavy Blade"],"picked":"Iron Wave","floor":8.0},{"not_picked":["Wild Strike","Rage"],"picked":"Armaments","floor":10.0},{"not_picked":["Flex","Clash","Cleave"],"picked":"SKIP","floor":12.0},{"not_picked":["Clash","Bloodletting"],"picked":"Armaments","floor":14.0},{"not_picked":["Berserk","Demon Form"],"picked":"Feed","floor":16.0},{"not_picked":["Headbutt+1","Fire Breathing+1"],"picked":"Iron Wave+1","floor":18.0},{"not_picked":["Evolve","Wild Strike","Havoc"],"picked":"SKIP","floor":20.0},{"not_picked":["Heavy Blade+1","Havoc+1","Headbutt"],"picked":"SKIP","floor":21.0},{"not_picked":["Heavy Blade","Whirlwind"],"picked":"Inflame+1","floor":22.0},{"not_picked":["Combust+1","Bloodletting"],"picked":"Limit Break","floor":25.0},{"not_picked":["Pommel Strike","Thunderclap"],"picked":"Impervious","floor":28.0},{"not_picked":["Corruption","Perfected Strike"],"picked":"Infernal Blade","floor":31.0},{"not_picked":["Reaper","Fiend Fire"],"picked":"Demon Form","floor":33.0},{"not_picked":["Pommel Strike","Clash+1"],"picked":"Exhume","floor":35.0},{"not_picked":["Armaments","True Grit"],"picked":"Flex+1","floor":36.0},{"not_picked":["Juggernaut","Corruption"],"picked":"Sword Boomerang+1","floor":41.0},{"not_picked":["Clash+1","Pommel Strike+1","Uppercut+1"],"picked":"Singing Bowl","floor":44.0},{"not_picked":["Flex+1","Dropkick","Power Through"],"picked":"Singing Bowl","floor":45.0},{"not_picked":["Uppercut+1","Warcry","Twin Strike"],"picked":"Singing Bowl","floor":47.0},{"not_picked":["Shockwave","Bludgeon"],"picked":"Heavy Blade+1","floor":48.0}],"player_experience":205680,"relics_obtained":[{"floor":6.0,"key":"FossilizedHelix"},{"floor":8.0,"key":"HornCleat"},{"floor":9.0,"key":"White Beast Statue"},{"floor":12.0,"key":"Toy Ornithopter"},{"floor":13.0,"key":"Torii"},{"floor":22.0,"key":"Red Mask"},{"floor":25.0,"key":"Mercury Hourglass"},{"floor":26.0,"key":"Singing Bowl"},{"floor":28.0,"key":"Old Coin"},{"floor":41.0,"key":"Gambling Chip"},{"floor":41.0,"key":"Centennial Puzzle"},{"floor":45.0,"key":"Potion Belt"},{"floor":45.0,"key":"Shuriken"},{"floor":47.0,"key":"Champion Belt"},{"floor":47.0,"key":"CaptainsWheel"}],"event_choices":[{"damage_healed":0.0,"max_hp_gain":0.0,"max_hp_loss":0.0,"gold_gain":75.0,"event_name":"World of Goop","player_choice":"Gather Gold","floor":2.0,"gold_loss":0.0,"damage_taken":11.0},{"damage_healed":0.0,"max_hp_gain":0.0,"max_hp_loss":0.0,"gold_gain":0.0,"event_name":"Scrap Ooze","player_choice":"Success","floor":3.0,"gold_loss":0.0,"damage_taken":3.0,"relics_obtained":["Art of War"]},{"damage_healed":0.0,"max_hp_gain":0.0,"max_hp_loss":0.0,"gold_gain":0.0,"event_name":"Vampires","player_choice":"Ignored","floor":19.0,"gold_loss":0.0,"damage_taken":0.0},{"damage_healed":0.0,"max_hp_gain":0.0,"max_hp_loss":0.0,"gold_gain":0.0,"event_name":"Masked Bandits","player_choice":"Fought Bandits","floor":22.0,"gold_loss":0.0,"damage_taken":0.0},{"damage_healed":0.0,"max_hp_gain":0.0,"max_hp_loss":0.0,"gold_gain":0.0,"event_name":"N\u0027loth","player_choice":"Traded Relic","floor":24.0,"relics_lost":["Torii"],"gold_loss":0.0,"damage_taken":0.0,"relics_obtained":["Nloth\u0027s Gift"]},{"damage_healed":0.0,"max_hp_gain":0.0,"max_hp_loss":0.0,"gold_gain":0.0,"event_name":"Winding Halls","player_choice":"Embrace Madness","floor":37.0,"gold_loss":0.0,"damage_taken":11.0,"cards_obtained":["Madness","Madness"]},{"cards_removed":["Bludgeon"],"damage_healed":0.0,"max_hp_gain":0.0,"max_hp_loss":0.0,"gold_gain":0.0,"event_name":"Falling","player_choice":"Removed Attack","floor":38.0,"gold_loss":0.0,"damage_taken":0.0}],"is_beta":false,"boss_relics":[{"not_picked":["Busted Crown","Empty Cage"],"picked":"SlaversCollar"},{"not_picked":["Snecko Eye","Tiny House"],"picked":"Black Star"}],"items_purged_floors":[30,39],"is_endless":false,"potions_floor_spawned":[6,7,10,12,14,16,18,20,21,22,25,28,31,33,35,36,44,45,47,48],"killed_by":"Shield and Spear","ascension_level":4}}