{"host":"d6ni0fvdmr494qs7","time":1608994995,"event":{"mods":["ATMod(阿瑾Mod)","BaseMod","Colored Powertips","Minty Spire (QoL Compilation)","Replay The Spire","Spicy Shops","StSLib","The Blue Laboratory","WarShipGirlsR/战舰少女R mod","【遗物卡牌】REMEMod"],"gold_per_floor":[114,114,133,148,148,178,178,192,192,192,36,47,37,37,37,37,37,132,132,152,152,7,7,25,54,54,66,66,114,128,488,505,505,505,604,604,700,700,719,77,285,285,285,285,30,30,30,43,66,66,66,86,116,132,132,132,132,132,7,37,37],"floor_reached":62,"playtime":2876,"items_purged":["rmod:defend","rmod:strick","Looming Evil"],"score":1523,"play_id":"42b88dd7-772a-45ad-aaf8-c38f1cb96a77","local_time":"20201226230315","is_ascension_mode":false,"campfire_choices":[{"data":"rmod:diamondstrike","floor":7.0,"key":"SMITH"},{"data":"AT_FamilyPortrait","floor":10.0,"key":"SMITH"},{"data":"rmod:highspeedmaneuver","floor":17.0,"key":"SMITH"},{"data":"rmod:windflower","floor":26.0,"key":"SMITH"},{"floor":36.0,"key":"REST"},{"data":"rmod:ridicule","floor":46.0,"key":"SMITH"},{"floor":50.0,"key":"RECALL"},{"data":"rmod:ridicule","floor":55.0,"key":"SMITH"},{"data":"rmod:acesubmarine","floor":58.0,"key":"SMITH"}],"circlet_count":0,"master_deck":["rmod:strick+1","rmod:defend","rmod:defend","rmod:basicallowance","rmod:maingunfire","AT_FamilyPortrait+1","ReplayTheSpireMod:Omega Cannon+1","rmod:diamondstrike+1","rmod:intelligenceanalysis","rmod:supportescort","rmod:ridicule+1","rmod:circuitoustactics+1","rmod:highspeedmaneuver+1","rmod:fletcherpendant","rmod:timeschanged","rmod:windflower+1","AT_EmpoweredMortalDraw+1","rmod:punchline+1","rmod:steelsupply+1","rmod:acesubmarine+1","rmod:ammunitionsupply+1","rmod:punchline+1","rmod:ridicule+1","rmod:supportaircraftcarrier","AT_EmpoweredMortalDraw+1","rmod:garrisonisland+1"],"relics":["REME_ComplimentaryCards","AT_ATBox","Gremlin Food","CaptainsWheel","InkBottle","Orrery","AT_MortalBlade","AT_BladeRuinedKing","Nloth\u0027s Gift","MealTicket","Replay:Bottled Eggs","Bottled Lightning","War Paint","Busted Crown","AT_DeathDance","BargainBundle","REME_CardOfGreed","ReplayTheSpireMod:Ring of Collecting","Ring of Panic","Blood Vial","Vajra","AT_BellowingDragoncrestRing"],"acts_visited":["Exordium","TheCity","TheBeyond","TheEnding"],"potions_floor_usage":[61,61],"damage_taken":[{"damage":0.0,"enemies":"Small Slimes","floor":1.0,"turns":2.0},{"damage":0.0,"enemies":"Cultist","floor":3.0,"turns":2.0},{"damage":0.0,"enemies":"Jaw Worm","floor":4.0,"turns":1.0},{"damage":3.0,"enemies":"3 Sentries","floor":6.0,"turns":3.0},{"damage":0.0,"enemies":"Large Slime","floor":8.0,"turns":4.0},{"damage":0.0,"enemies":"2 Fungi Beasts","floor":12.0,"turns":2.0},{"damage":8.0,"enemies":"Fading Forest","floor":18.0,"turns":11.0},{"damage":0.0,"enemies":"Spheric Guardian","floor":20.0,"turns":1.0},{"damage":0.0,"enemies":"3 Byrds","floor":24.0,"turns":1.0},{"damage":18.0,"enemies":"Book of Stabbing","floor":25.0,"turns":2.0},{"damage":0.0,"enemies":"Centurion and Healer","floor":27.0,"turns":1.0},{"damage":0.0,"enemies":"Snake Plant","floor":30.0,"turns":2.0},{"damage":0.0,"enemies":"Cultist and Chosen","floor":32.0,"turns":2.0},{"damage":10.0,"enemies":"Automaton","floor":37.0,"turns":6.0},{"damage":0.0,"enemies":"3 Shapes","floor":39.0,"turns":1.0},{"damage":0.0,"enemies":"Orb Walker","floor":48.0,"turns":1.0},{"damage":0.0,"enemies":"3 Darklings","floor":52.0,"turns":1.0},{"damage":0.0,"enemies":"Reptomancer","floor":53.0,"turns":1.0},{"damage":0.0,"enemies":"4 Shapes","floor":54.0,"turns":1.0},{"damage":20.0,"enemies":"Awakened One","floor":56.0,"turns":4.0},{"damage":0,"enemies":"Shield and Spear","floor":60,"turns":2},{"damage":88,"enemies":"The Heart","floor":61,"turns":5}],"seed_played":"-9007740099401607520","potions_obtained":[{"floor":3.0,"key":"Strength Potion"},{"floor":4.0,"key":"blueLaboratory:FruitPunch"},{"floor":20.0,"key":"blueLaboratory:FrostheartPotion"},{"floor":32.0,"key":"blueLaboratory:RememoryPotion"},{"floor":52.0,"key":"BlessingOfTheForge"}],"is_trial":false,"path_per_floor":["M","?","M","M","?","E","R","M","T","R","$","M","?","?","PTL","PTL","R","B",null,"M","?","$","?","M","E","R","M","T","T","M","?","M","PTL","PTL","?","R","B",null,"M","$","?","T","PTL","PTL","$","R","?","M","T","R","?","M","E","M","R","B",null,"R","$","E","B",null],"character_chosen":"PRAEFECT","items_purchased":["Orrery","AT_BladeRuinedKing","AT_EmpoweredMortalDraw","AT_DeathDance","BargainBundle","blueLaboratory:Moonshine","FearPotion","REME_CardOfGreed"],"campfire_rested":1,"item_purchase_floors":[11,22,40,40,40,40,40,45],"current_hp_per_floor":[62,62,62,62,62,59,59,59,59,59,59,59,59,52,52,52,52,56,77,77,63,63,63,63,45,45,45,45,45,45,9,9,9,9,9,33,23,82,82,82,82,82,82,82,82,82,82,82,82,82,78,78,78,78,78,58,78,78,78,78,4],"gold":37,"neow_bonus":"REMOVE_TWO","is_daily":false,"chose_seed":false,"campfire_upgraded":7,"win_rate":0.0,"timestamp":1608994995,"path_taken":["M","?","?","M","?","E","R","M","T","R","$","?","?","?","PTL","PTL","R","BOSS","M","?","$","?","?","E","R","M","T","?","M","?","?","PTL","PTL","?","R","BOSS","M","$","?","?","PTL","PTL","$","R","?","M","T","R","?","M","E","M","R","BOSS","R","$","E","BOSS"],"items_purchased_type":["Relic","Relic","Card","Relic","Relic","Potion","Potion","Relic"],"build_version":"2020-12-22","purchased_purges":3,"victory":true,"max_hp_per_floor":[75,75,75,75,75,75,75,75,75,75,75,75,75,75,75,75,75,77,77,77,82,82,82,82,82,82,82,82,82,82,82,82,82,82,82,82,82,82,82,82,82,82,82,82,82,82,82,82,82,82,78,78,78,78,78,78,78,78,78,78,78],"card_choices":[{"not_picked":["rmod:steelsupply","rmod:diamondstrike"],"picked":"rmod:intelligenceanalysis","floor":1.0},{"not_picked":["rmod:victimresponsibility","rmod:fuelsupply","rmod:firesupport"],"picked":"SKIP","floor":3.0},{"not_picked":["rmod:capitalist","rmod:stealaluminum"],"picked":"rmod:diamondstrike","floor":4.0},{"not_picked":["rmod:diaomin","rmod:tearstotiara"],"picked":"rmod:intelligenceanalysis","floor":6.0},{"not_picked":["rmod:launchingtorpedo","rmod:chargemoney"],"picked":"rmod:supportescort","floor":8.0},{"not_picked":["rmod:diaomin","rmod:supportescort"],"picked":"rmod:ridicule","floor":11.0},{"not_picked":["rmod:victimresponsibility","rmod:diaomin"],"picked":"rmod:circuitoustactics","floor":11.0},{"not_picked":["rmod:victimresponsibility","rmod:supportescort"],"picked":"rmod:highspeedmaneuver","floor":11.0},{"not_picked":["rmod:fuelsupply","rmod:sl"],"picked":"rmod:fletcherpendant","floor":11.0},{"not_picked":["rmod:smokecover","rmod:luckystar"],"picked":"rmod:timeschanged","floor":12.0},{"not_picked":["rmod:u235","rmod:abidefaith"],"picked":"rmod:windflower","floor":18.0},{"not_picked":["rmod:supportescort","rmod:victimresponsibility"],"picked":"rmod:punchline","floor":20.0},{"not_picked":["rmod:diamondstrike+1","rmod:intelligenceanalysis+1"],"picked":"rmod:steelsupply+1","floor":24.0},{"not_picked":["rmod:luckystar","rmod:mineteam+1"],"picked":"rmod:acesubmarine","floor":25.0},{"not_picked":["rmod:steelsupply+1","rmod:aluminumsupply"],"picked":"rmod:ammunitionsupply+1","floor":27.0},{"not_picked":["rmod:diamondstrike","rmod:fletcherpendant","rmod:spoils"],"picked":"SKIP","floor":30.0},{"not_picked":["rmod:aviationdawn","rmod:luckystar"],"picked":"rmod:punchline+1","floor":32.0},{"not_picked":["rmod:abidefaith","rmod:fletcher"],"picked":"rmod:ridicule","floor":37.0},{"not_picked":[],"picked":"rmod:supportaircraftcarrier","floor":39.0},{"not_picked":["rmod:supportescort+1"],"picked":"SKIP","floor":48.0},{"not_picked":["rmod:lonelyqueen"],"picked":"SKIP","floor":52.0},{"not_picked":["rmod:advancebysurprise+1"],"picked":"SKIP","floor":53.0},{"not_picked":[],"picked":"rmod:garrisonisland+1","floor":54.0},{"not_picked":["rmod:smokecover+1"],"picked":"SKIP","floor":60}],"player_experience":171786,"relics_obtained":[{"floor":6.0,"key":"CaptainsWheel"},{"floor":9.0,"key":"InkBottle"},{"floor":25.0,"key":"Replay:Bottled Eggs"},{"floor":28.0,"key":"Bottled Lightning"},{"floor":29.0,"key":"War Paint"},{"floor":47.0,"key":"ReplayTheSpireMod:Ring of Collecting"},{"floor":47.0,"key":"Ring of Panic"},{"floor":49.0,"key":"Blood Vial"},{"floor":53.0,"key":"Vajra"},{"floor":60,"key":"AT_BellowingDragoncrestRing"}],"event_choices":[{"cards_removed":["rmod:intelligenceanalysis"],"damage_healed":0.0,"max_hp_gain":0.0,"max_hp_loss":0.0,"gold_gain":0.0,"event_name":"WeMeetAgain","player_choice":"Gave Card","floor":2.0,"gold_loss":0.0,"damage_taken":0.0,"relics_obtained":["Gremlin Food"]},{"damage_healed":0.0,"max_hp_gain":0.0,"max_hp_loss":0.0,"gold_gain":0.0,"event_name":"Upgrade Shrine","player_choice":"Upgraded","floor":5.0,"gold_loss":0.0,"damage_taken":0.0,"cards_upgraded":["ReplayTheSpireMod:Omega Cannon"]},{"cards_removed":["rmod:strick"],"damage_healed":0.0,"max_hp_gain":0.0,"max_hp_loss":0.0,"gold_gain":0.0,"event_name":"Golden Wing","player_choice":"Card Removal","floor":14.0,"gold_loss":0.0,"damage_taken":7.0},{"damage_healed":0.0,"max_hp_gain":5.0,"max_hp_loss":0.0,"gold_gain":0.0,"event_name":"Forgotten Altar","player_choice":"Shed Blood","floor":21.0,"gold_loss":0.0,"damage_taken":19.0},{"damage_healed":0.0,"max_hp_gain":0.0,"max_hp_loss":0.0,"gold_gain":0.0,"event_name":"N\u0027loth","player_choice":"Traded Relic","floor":23.0,"relics_lost":["rmod:firstchargereward"],"gold_loss":0.0,"damage_taken":0.0,"relics_obtained":["Nloth\u0027s Gift"]},{"damage_healed":0.0,"max_hp_gain":0.0,"max_hp_loss":0.0,"gold_gain":360.0,"event_name":"Knowing Skull","player_choice":"GOLD GOLD GOLD GOLD ","floor":31.0,"potions_obtained":[],"gold_loss":0.0,"damage_taken":36.0,"cards_obtained":[]},{"damage_healed":0.0,"max_hp_gain":0.0,"max_hp_loss":0.0,"gold_gain":99.0,"event_name":"Nest","player_choice":"Stole From Cult","floor":35.0,"gold_loss":0.0,"damage_taken":0.0},{"damage_healed":0.0,"max_hp_gain":0.0,"max_hp_loss":4.0,"gold_gain":0.0,"event_name":"Winding Halls","player_choice":"Max HP","floor":51.0,"gold_loss":0.0,"damage_taken":0.0}],"is_beta":false,"boss_relics":[{"not_picked":["AT_TrinityForce","SlaversCollar"],"picked":"AT_MortalBlade"},{"not_picked":["Runic Dome","Replay:Wanted Poster"],"picked":"Busted Crown"}],"items_purged_floors":[40,45,59],"is_endless":false,"potions_floor_spawned":[3,4,20,32,48,52,54],"ascension_level":0}}