{"host":"Sereno","time":1608956512,"event":{"mods":["AchievementEnabler","BaseMod","Better Third Choice","Colored Map","Colored Powertips","DeckTracker","Friendly Minions","Highlight Path","Minty Spire (QoL Compilation)","Quick Restart","Random Character Button","Relic Stats","StSLib","Unceasing Turn Reminder"],"gold_per_floor":[113,113,125,141,153,153,153,153],"floor_reached":7,"playtime":360,"items_purged":[],"score":73,"play_id":"e4343c3f-4726-49ea-a1d8-dfa885f0200d","local_time":"20201225232152","is_ascension_mode":true,"campfire_choices":[{"data":"Backflip","floor":6,"key":"SMITH"}],"circlet_count":0,"master_deck":["AscendersBane","Strike_G","Strike_G","Strike_G","Strike_G","Defend_G","Defend_G","Defend_G","Defend_G","Survivor","Neutralize+1","Escape Plan","Backflip+1","Flying Knee"],"relics":["Ring of the Snake"],"acts_visited":["Exordium"],"potions_floor_usage":[5,5,7],"damage_taken":[{"damage":5,"enemies":"Small Slimes","floor":1,"turns":5},{"damage":0,"enemies":"Cultist","floor":3,"turns":4},{"damage":0,"enemies":"2 Louse","floor":4,"turns":3},{"damage":7,"enemies":"Lots of Slimes","floor":5,"turns":4},{"damage":52,"enemies":"Gremlin Nob","floor":7,"turns":5}],"seed_played":"1722143333652448577","potions_obtained":[{"floor":1,"key":"SkillPotion"},{"floor":3,"key":"LiquidMemories"},{"floor":5,"key":"Ancient Potion"}],"is_trial":false,"path_per_floor":["M","?","M","M","M","R","E"],"character_chosen":"THE_SILENT","items_purchased":[],"campfire_rested":0,"item_purchase_floors":[],"current_hp_per_floor":[54,54,54,54,47,47,0,0],"gold":153,"neow_bonus":"REMOVE_TWO","is_daily":false,"chose_seed":false,"campfire_upgraded":1,"win_rate":0.0,"timestamp":1608956512,"path_taken":["M","?","M","M","?","R","E"],"items_purchased_type":[],"build_version":"2020-12-18","purchased_purges":0,"victory":false,"max_hp_per_floor":[60,60,60,60,60,60,60,60],"relic_stats":{"counters":[5,21],"obtain_stats":[{"Ring of the Snake":0},{"Ring of the Snake":0},{"Ring of the Snake":0}],"Ring of the Snake":[10]},"card_choices":[{"not_picked":["Dodge and Roll","Setup"],"picked":"Escape Plan","floor":1},{"not_picked":["Deflect","Flechettes","Dagger Throw"],"picked":"SKIP","floor":3},{"not_picked":["Acrobatics","Dagger Throw"],"picked":"Backflip","floor":4},{"not_picked":["Eviscerate","Dodge and Roll"],"picked":"Flying Knee","floor":5}],"player_experience":1831689,"relics_obtained":[],"event_choices":[{"damage_healed":0,"gold_gain":0,"player_choice":"Upgraded","damage_taken":0,"max_hp_gain":0,"max_hp_loss":0,"event_name":"Upgrade Shrine","floor":2,"gold_loss":0,"cards_upgraded":["Neutralize"]}],"is_beta":true,"boss_relics":[],"items_purged_floors":[],"is_endless":false,"potions_floor_spawned":[1,3,5],"killed_by":"Gremlin Nob","ascension_level":14}}