{"host":"48zyk7qbyaqvksy3","time":1608997216,"event":{"mods":["Act Like it!","BaseMod","GifTheSpireLib","Marisa£®ÏF”Í°°ƒß¿Ì…≥£©","Minty Spire (QoL Compilation)","StSLib","The Servant 0.9.4","Waifu the Spire"],"gold_per_floor":[114,127,202,221,73,104,104,117,117,117,150,170,188,204,204,308,308,322,322,322,96,113,143,143,143,166,194,293,93,108,142,142,244,244,254,254,272,272,287,287,316,316,316,336,363,375,387,92,92,92,92],"floor_reached":50,"playtime":2154,"items_purged":["Concentrate"],"score":940,"play_id":"34f6b738-854f-4d7a-baad-cbe6b81e4578","local_time":"20201226234016","is_ascension_mode":true,"campfire_choices":[{"data":"Terror","floor":7.0,"key":"SMITH"},{"data":"Neutralize","floor":10.0,"key":"SMITH"},{"floor":15.0,"key":"REST"},{"data":"Adrenaline","floor":25.0,"key":"SMITH"},{"data":"Adrenaline","floor":32.0,"key":"SMITH"},{"floor":40.0,"key":"REST"},{"data":"Glass Knife","floor":42.0,"key":"SMITH"},{"data":"Well Laid Plans","floor":46,"key":"SMITH"},{"data":"Footwork","floor":49,"key":"SMITH"}],"circlet_count":0,"master_deck":["AscendersBane","Defend_G+1","Defend_G+1","Defend_G+1","Defend_G+1","Defend_G+1","Survivor","Neutralize+1","Leg Sweep","Acrobatics","Terror+1","Choke","Infinite Blades","Riddle With Holes","PiercingWail","Choke","Finisher","Eviscerate","Adrenaline+1","Eviscerate","Adrenaline+1","Footwork+1","Bite","Bite","Bite","Bite","Bite","Accuracy","PiercingWail+1","Setup","Glass Knife+1","Acrobatics","Calculated Gamble+1","Well Laid Plans+1","Finesse","Terror+1","Prepared+1","Accuracy"],"relics":["Ring of the Snake","NeowsBlessing","Eternal Feather","Letter Opener","Matryoshka","SlaversCollar","PreservedInsect","Vajra","MealTicket","Tingsha","Omamori","Thread and Needle","Sozu","WarpedTongs","The Specimen","Bottled Tornado","Art of War","MawBank","Orrery"],"acts_visited":["Exordium","TheCity","TheBeyond"],"potions_floor_usage":[50],"damage_taken":[{"damage":0.0,"enemies":"Cultist","floor":1.0,"turns":1.0},{"damage":0.0,"enemies":"2 Louse","floor":2.0,"turns":1.0},{"damage":0.0,"enemies":"Jaw Worm","floor":4.0,"turns":1.0},{"damage":18.0,"enemies":"Gremlin Nob","floor":6.0,"turns":3.0},{"damage":7.0,"enemies":"Looter","floor":8.0,"turns":4.0},{"damage":7.0,"enemies":"Lagavulin","floor":11.0,"turns":7.0},{"damage":4.0,"enemies":"Exordium Wildlife","floor":12.0,"turns":3.0},{"damage":19.0,"enemies":"Lots of Slimes","floor":13.0,"turns":5.0},{"damage":9.0,"enemies":"Blue Slaver","floor":14.0,"turns":4.0},{"damage":13.0,"enemies":"Hexaghost","floor":16.0,"turns":9.0},{"damage":49.0,"enemies":"Spheric Guardian","floor":18.0,"turns":6.0},{"damage":3.0,"enemies":"2 Thieves","floor":22.0,"turns":4.0},{"damage":1.0,"enemies":"Book of Stabbing","floor":23.0,"turns":4.0},{"damage":12.0,"enemies":"Slavers","floor":27.0,"turns":2.0},{"damage":20.0,"enemies":"Shelled Parasite and Fungi","floor":30.0,"turns":4.0},{"damage":0.0,"enemies":"Book of Stabbing","floor":31.0,"turns":4.0},{"damage":35.0,"enemies":"Champ","floor":33.0,"turns":10.0},{"damage":41.0,"enemies":"3 Darklings","floor":35.0,"turns":6.0},{"damage":11.0,"enemies":"Orb Walker","floor":37.0,"turns":4.0},{"damage":17.0,"enemies":"Maw","floor":39.0,"turns":7.0},{"damage":20.0,"enemies":"Reptomancer","floor":41.0,"turns":5.0},{"damage":8,"enemies":"4 Shapes","floor":44,"turns":6},{"damage":20,"enemies":"Giant Head","floor":45,"turns":6},{"damage":85,"enemies":"Awakened One","floor":50,"turns":10}],"seed_played":"-8210335266499172183","potions_obtained":[{"floor":4.0,"key":"SteroidPotion"},{"floor":6.0,"key":"PowerPotion"},{"floor":11.0,"key":"Regen Potion"},{"floor":12.0,"key":"ColorlessPotion"},{"floor":13.0,"key":"Dexterity Potion"},{"floor":16.0,"key":"Poison Potion"},{"floor":23.0,"key":"Fire Potion"},{"floor":30.0,"key":"LiquidMemories"},{"floor":33.0,"key":"DuplicationPotion"}],"is_trial":false,"path_per_floor":["M","M","?","M","$","E","R","M","T","R","E","M","M","M","R","B",null,"M","?","?","$","M","E","?","R","T","E","?","$","M","E","R","B",null,"M","?","M","?","M","R","E","R","T","M","E","R","?","$","R","B"],"character_chosen":"THE_SILENT","items_purchased":["Choke","Infinite Blades","PreservedInsect","Regen Potion","Omamori","Dexterity Potion","Orrery","Accuracy"],"campfire_rested":2,"item_purchase_floors":[5,5,21,21,29,29,48,48],"current_hp_per_floor":[63,63,52,52,52,34,43,36,36,48,41,37,18,9,42,44,64,15,15,15,15,24,23,23,38,38,34,34,49,33,39,57,42,63,32,32,31,31,30,69,52,70,70,69,52,70,70,70,70,0,0],"gold":92,"neow_bonus":"THREE_ENEMY_KILL","is_daily":false,"chose_seed":false,"campfire_upgraded":7,"win_rate":0.0,"timestamp":1608997216,"path_taken":["M","?","?","M","?","E","R","M","T","R","E","M","M","M","R","BOSS","M","?","?","$","?","E","?","R","T","E","?","?","M","E","R","BOSS","M","?","M","?","?","R","E","R","T","M","E","R","?","$","R","BOSS"],"items_purchased_type":["Card","Card","Relic","Potion","Relic","Potion","Relic","Card"],"build_version":"2020-12-22","purchased_purges":1,"victory":false,"max_hp_per_floor":[70,70,70,70,70,70,70,70,70,70,70,70,70,70,70,70,70,70,70,70,70,70,70,70,70,70,70,70,70,70,70,70,70,70,70,70,70,70,70,70,70,70,70,70,70,70,70,70,70,70,70],"card_choices":[{"not_picked":["Dodge and Roll","Dash"],"picked":"Leg Sweep","floor":1.0},{"not_picked":["Dodge and Roll","Expertise"],"picked":"Acrobatics","floor":2.0},{"not_picked":["Blade Dance","PiercingWail"],"picked":"Terror","floor":4.0},{"not_picked":["Outmaneuver","Deflect"],"picked":"Riddle With Holes","floor":6.0},{"not_picked":["Quick Slash","Slice"],"picked":"PiercingWail","floor":8.0},{"not_picked":["Underhanded Strike","Deadly Poison"],"picked":"Choke","floor":11.0},{"not_picked":["Heel Hook","Sucker Punch"],"picked":"Concentrate","floor":12.0},{"not_picked":["Backflip","Poisoned Stab"],"picked":"Finisher","floor":13.0},{"not_picked":["Underhanded Strike","Poisoned Stab"],"picked":"Eviscerate","floor":14.0},{"not_picked":["After Image","A Thousand Cuts"],"picked":"Adrenaline","floor":16.0},{"not_picked":["Bane+1","Dodge and Roll"],"picked":"Eviscerate","floor":18.0},{"not_picked":["Underhanded Strike","Deadly Poison+1","Dodge and Roll+1"],"picked":"SKIP","floor":22.0},{"not_picked":["Bane","Poisoned Stab"],"picked":"Footwork","floor":23.0},{"not_picked":["Flechettes+1","Dodge and Roll"],"picked":"Accuracy","floor":27.0},{"not_picked":["All Out Attack","Quick Slash"],"picked":"PiercingWail+1","floor":30.0},{"not_picked":["A Thousand Cuts","Caltrops+1"],"picked":"Setup","floor":31.0},{"not_picked":["Malaise","Storm of Steel"],"picked":"Glass Knife","floor":33.0},{"not_picked":["Masterful Stab+1","Dash+1","Flechettes+1"],"picked":"SKIP","floor":35.0},{"not_picked":["Concentrate","Bane"],"picked":"Acrobatics","floor":37.0},{"not_picked":["Tactician+1","Deadly Poison+1"],"picked":"Calculated Gamble+1","floor":39.0},{"not_picked":["Noxious Fumes+1","Poisoned Stab"],"picked":"Well Laid Plans","floor":41.0},{"not_picked":["Outmaneuver","Finisher","Dagger Throw+1"],"picked":"SKIP","floor":44},{"not_picked":["Sucker Punch+1","Dodge and Roll+1","Expertise"],"picked":"SKIP","floor":45},{"not_picked":["Purity","Secret Weapon"],"picked":"Finesse","floor":47},{"not_picked":["Bouncing Flask","Deflect+1"],"picked":"Terror+1","floor":48},{"not_picked":["Backflip+1","Riddle With Holes+1"],"picked":"Prepared+1","floor":48}],"player_experience":251261,"relics_obtained":[{"floor":6.0,"key":"Eternal Feather"},{"floor":9.0,"key":"Letter Opener"},{"floor":11.0,"key":"Matryoshka"},{"floor":23.0,"key":"Blood Vial"},{"floor":26.0,"key":"Vajra"},{"floor":26.0,"key":"MealTicket"},{"floor":27.0,"key":"Tingsha"},{"floor":31.0,"key":"Thread and Needle"},{"floor":41.0,"key":"The Specimen"},{"floor":43,"key":"Bottled Tornado"},{"floor":43,"key":"Art of War"},{"floor":45,"key":"MawBank"}],"event_choices":[{"damage_healed":0.0,"max_hp_gain":0.0,"max_hp_loss":0.0,"gold_gain":75.0,"event_name":"World of Goop","player_choice":"Gather Gold","floor":3.0,"gold_loss":0.0,"damage_taken":11.0},{"damage_healed":0.0,"max_hp_gain":0.0,"max_hp_loss":0.0,"gold_gain":0.0,"event_name":"Back to Basics","player_choice":"Simplicity","floor":19.0,"gold_loss":0.0,"damage_taken":0.0,"cards_upgraded":["Strike_G","Strike_G","Strike_G","Strike_G","Strike_G","Defend_G","Defend_G","Defend_G","Defend_G","Defend_G"]},{"damage_healed":0.0,"max_hp_gain":0.0,"max_hp_loss":0.0,"gold_gain":0.0,"event_name":"Duplicator","player_choice":"Copied","floor":20.0,"gold_loss":0.0,"damage_taken":0.0,"cards_obtained":["Adrenaline"]},{"damage_healed":0.0,"max_hp_gain":0.0,"max_hp_loss":0.0,"gold_gain":0.0,"event_name":"Vampires","player_choice":"Became a vampire (Vial)","floor":24.0,"relics_lost":["Blood Vial"],"gold_loss":0.0,"damage_taken":0.0,"cards_obtained":["Bite","Bite","Bite","Bite","Bite"]},{"damage_healed":0.0,"max_hp_gain":0.0,"max_hp_loss":0.0,"gold_gain":99.0,"event_name":"Nest","player_choice":"Stole From Cult","floor":28.0,"gold_loss":0.0,"damage_taken":0.0},{"damage_healed":0.0,"max_hp_gain":0.0,"max_hp_loss":0.0,"gold_gain":0.0,"event_name":"Tomb of Lord Red Mask","player_choice":"Ignored","floor":36.0,"gold_loss":0.0,"damage_taken":0.0},{"damage_healed":0.0,"max_hp_gain":0.0,"max_hp_loss":0.0,"gold_gain":0.0,"event_name":"Accursed Blacksmith","player_choice":"Rummage","floor":38.0,"gold_loss":0.0,"damage_taken":0.0,"relics_obtained":["WarpedTongs"],"cards_obtained":["Pain"]},{"damage_healed":0,"gold_gain":0,"player_choice":"Memory 1","damage_taken":0,"max_hp_gain":0,"max_hp_loss":0,"event_name":"SensoryStone","floor":47,"gold_loss":0}],"is_beta":false,"boss_relics":[{"not_picked":["Tiny House","Pandora\u0027s Box"],"picked":"SlaversCollar"},{"not_picked":["Philosopher\u0027s Stone","Runic Pyramid"],"picked":"Sozu"}],"items_purged_floors":[48],"is_endless":false,"potions_floor_spawned":[4,6,11,12,13,16,23,30,33,35,44],"killed_by":"Awakened One","ascension_level":10}}