{"host":"ci7ivtocgfxh0ueo","time":1608968718,"event":{"mods":["BaseMod","GifTheSpireLib","Minty Spire (QoL Compilation)","StSLib"],"gold_per_floor":[113,113,113,14,14,14,27,27,27,56,156,167,167,199,199,272,272,284,297,297,297,297,297],"floor_reached":22,"playtime":519,"items_purged":[],"score":398,"play_id":"e0f373be-ae32-42f8-9730-f8b3ce61a885","local_time":"20201226154518","is_ascension_mode":true,"campfire_choices":[{"data":"Noxious Fumes","floor":6,"key":"SMITH"},{"data":"Neutralize","floor":8,"key":"SMITH"},{"data":"Terror","floor":13,"key":"SMITH"},{"data":"Footwork","floor":15,"key":"SMITH"}],"circlet_count":0,"master_deck":["AscendersBane","Survivor","Neutralize+1","Eviscerate+1","Noxious Fumes+1","Dagger Throw","Terror+1","Dagger Throw","Footwork+1","Venomology","Blur","Eviscerate","Heel Hook","Envenom","After Image","After Image","Glass Knife","Storm of Steel","Reflex","Footwork","Grand Finale"],"relics":["Ring of the Snake","NeowsBlessing","Vajra","Bird Faced Urn","Snake Skull","Pandora\u0027s Box"],"acts_visited":["Exordium","TheCity"],"potions_floor_usage":[14,14,16,19,22,22],"damage_taken":[{"damage":0,"enemies":"Small Slimes","floor":1,"turns":1},{"damage":0,"enemies":"Jaw Worm","floor":7,"turns":1},{"damage":0,"enemies":"Gremlin Nob","floor":10,"turns":1},{"damage":0,"enemies":"Cultist","floor":12,"turns":2},{"damage":29,"enemies":"3 Sentries","floor":14,"turns":6},{"damage":12,"enemies":"Hexaghost","floor":16,"turns":9},{"damage":31,"enemies":"Shell Parasite","floor":18,"turns":5},{"damage":29,"enemies":"Spheric Guardian","floor":19,"turns":5},{"damage":28,"enemies":"Centurion and Healer","floor":22,"turns":3}],"seed_played":"-8517724106141886181","potions_obtained":[{"floor":1,"key":"Poison Potion"},{"floor":14,"key":"SpeedPotion"},{"floor":16,"key":"FearPotion"}],"is_trial":false,"path_per_floor":["M","?","?","$","?","R","M","R","T","E","?","M","R","E","R","B",null,"M","M","?","?","M"],"character_chosen":"THE_SILENT","items_purchased":["Noxious Fumes","AttackPotion"],"campfire_rested":0,"item_purchase_floors":[4,4],"current_hp_per_floor":[59,59,59,59,59,59,59,59,59,59,59,61,61,34,34,26,56,35,16,16,16,0,0],"gold":297,"neow_bonus":"THREE_ENEMY_KILL","is_daily":false,"chose_seed":false,"campfire_upgraded":4,"win_rate":0.0,"timestamp":1608968718,"path_taken":["M","?","?","?","?","R","M","R","T","E","?","?","R","E","R","BOSS","M","M","?","?","?"],"items_purchased_type":["Card","Potion"],"build_version":"2020-12-22","purchased_purges":0,"victory":false,"max_hp_per_floor":[66,66,66,66,66,66,66,66,66,66,66,66,66,66,66,66,66,66,66,66,66,66,66],"card_choices":[{"not_picked":["Concentrate","Calculated Gamble"],"picked":"Eviscerate","floor":1},{"not_picked":["Tactician","Flying Knee"],"picked":"Dagger Throw","floor":7},{"not_picked":["Flechettes","Quick Slash"],"picked":"Terror","floor":10},{"not_picked":["Outmaneuver","Slice"],"picked":"Dagger Throw","floor":12},{"not_picked":["Deadly Poison","Bullet Time"],"picked":"Footwork","floor":14},{"not_picked":["Malaise","Doppelganger"],"picked":"Venomology","floor":16},{"not_picked":["Dagger Spray","Outmaneuver"],"picked":"PiercingWail","floor":18},{"not_picked":["Outmaneuver","Quick Slash","Deflect"],"picked":"SKIP","floor":19}],"player_experience":1305323,"relics_obtained":[{"floor":9,"key":"Vajra"},{"floor":10,"key":"Bird Faced Urn"},{"floor":14,"key":"Snake Skull"}],"event_choices":[{"damage_healed":0,"gold_gain":0,"player_choice":"Ignored","damage_taken":0,"max_hp_gain":0,"max_hp_loss":0,"event_name":"Golden Wing","floor":2,"gold_loss":0},{"damage_healed":0,"gold_gain":0,"player_choice":"Ignored","damage_taken":0,"max_hp_gain":0,"max_hp_loss":0,"event_name":"Golden Idol","floor":3,"gold_loss":0},{"damage_healed":0,"gold_gain":0,"player_choice":"Grow","damage_taken":0,"max_hp_gain":0,"max_hp_loss":0,"event_name":"Living Wall","floor":5,"gold_loss":0,"cards_upgraded":["Eviscerate"]},{"damage_healed":0,"gold_gain":100,"player_choice":"Gold","damage_taken":0,"max_hp_gain":0,"max_hp_loss":0,"event_name":"Wheel of Change","floor":11,"gold_loss":0},{"damage_healed":0,"gold_gain":0,"player_choice":"Ignored","damage_taken":0,"max_hp_gain":0,"max_hp_loss":0,"event_name":"Beggar","floor":20,"gold_loss":0},{"damage_healed":0,"gold_gain":0,"cards_transformed":["PiercingWail"],"player_choice":"Transformed","damage_taken":0,"max_hp_gain":0,"max_hp_loss":0,"event_name":"Transmorgrifier","floor":21,"gold_loss":0,"cards_obtained":["Grand Finale"]}],"is_beta":false,"boss_relics":[{"not_picked":["Snecko Eye","Runic Pyramid"],"picked":"Pandora\u0027s Box"}],"items_purged_floors":[],"is_endless":false,"potions_floor_spawned":[1,10,14,16,18],"killed_by":"Centurion and Healer","ascension_level":17}}