{"host":"6to8m083wj0ro91z","time":1608990649,"event":{"mods":["Arknights The Spire","BaseMod","Better Third Choice","BetterRewards","CatGirl Mod","ChefMod","Friendly Minions","Hubris","Mad Scientist","Marisa????????","Minty Spire (QoL Compilation)","Shade Mod","Spicy Shops","StSLib","The Blackbeard","The Death Knight","The Dragon Tamer","The Gatherer","The Marked","The Mystic","The Necromancer","The Servant 0.9.4"],"gold_per_floor":[116,127,146,163,175,206,226,260,260,293,311,330,330,72,72,169,169,181,197,72,91,91,119,34,61,61,61,61,61,61,79,79,177,177,189,209,225,236,89,115,115,146,146,175,175,175,175,189,189,189,189,189,8,39,39,39],"floor_reached":55,"playtime":2285,"items_purged":["ats:Roar Of Ursus+1","ats:Strike G","ats:Strike V","ats:Ambush"],"score":1487,"play_id":"e273c3b5-70f0-446b-91da-4ec6c4bd3804","local_time":"20201226145049","is_ascension_mode":true,"campfire_choices":[{"data":"Sadistic Nature","floor":13,"key":"SMITH"},{"data":"ats:Neurotoxin","floor":15,"key":"SMITH"},{"data":"ats:Mental Burst","floor":27,"key":"SMITH"},{"floor":32,"key":"DIG"},{"data":"ats:Ambush","floor":41,"key":"SMITH"},{"floor":47,"key":"RECALL"},{"floor":49,"key":"DIG"},{"floor":52,"key":"DIG"}],"circlet_count":0,"master_deck":["ats:Armor Crushing Shot","ats:Defend","ats:Defend","ats:Defend","Sadistic Nature+1","ats:Neurotoxin+1","ats:Mental Burst+1","ats:Explosion Area Strengthen","ats:Ambush+1","ats:Shadow Raid","ats:Very Hot Blade+1","hubris:DuctTapeCard","ats:Hook Shot+1"],"relics":["ats:Sanity","Vajra","Lee\u0027s Waffle","hubris:PeanutButter","Sundial","Shovel","HornCleat","PreservedInsect","hubris:CrystalStatue","Coffee Dripper","hubris:BottledHeart","DeathKnight:PutricidesVial","Meat on the Bone","Girya","hubris:Icosahedron","ats:Lavender","Empty Cage","Strawberry","hubris:SlimyHat","ats:Industrial Water Cannon","The Courier","Eternal Feather","hubris:MysteriousPyramids","hubris:DuctTape","ats:Attack","Centennial Puzzle"],"acts_visited":["Exordium","TheCity","TheBeyond","TheEnding"],"potions_floor_usage":[16,16,19,25,38,55,55,55],"damage_taken":[{"damage":0,"enemies":"Cultist","floor":1,"turns":3},{"damage":0,"enemies":"2 Louse","floor":2,"turns":1},{"damage":0,"enemies":"Small Slimes","floor":3,"turns":3},{"damage":0,"enemies":"2 Fungi Beasts","floor":4,"turns":3},{"damage":0,"enemies":"Blue Slaver","floor":5,"turns":2},{"damage":0,"enemies":"Lagavulin","floor":6,"turns":4},{"damage":0,"enemies":"Large Slime","floor":7,"turns":3},{"damage":4,"enemies":"3 Sentries","floor":8,"turns":4},{"damage":0,"enemies":"Gremlin Nob","floor":10,"turns":3},{"damage":0,"enemies":"Looter","floor":11,"turns":3},{"damage":0,"enemies":"3 Louse","floor":12,"turns":3},{"damage":0,"enemies":"Hexaghost","floor":16,"turns":5},{"damage":0,"enemies":"Chosen","floor":18,"turns":3},{"damage":9,"enemies":"2 Thieves","floor":19,"turns":3},{"damage":2,"enemies":"Chosen and Byrds","floor":21,"turns":4},{"damage":0,"enemies":"Gremlin Leader","floor":23,"turns":3},{"damage":0,"enemies":"Slavers","floor":25,"turns":3},{"damage":0,"enemies":"3 Cultists","floor":31,"turns":3},{"damage":0,"enemies":"Collector","floor":33,"turns":6},{"damage":0,"enemies":"3 Darklings","floor":35,"turns":3},{"damage":0,"enemies":"3 Shapes","floor":36,"turns":3},{"damage":0,"enemies":"Maw","floor":37,"turns":5},{"damage":0,"enemies":"Writhing Mass","floor":38,"turns":4},{"damage":0,"enemies":"Reptomancer","floor":40,"turns":3},{"damage":0,"enemies":"Nemesis","floor":42,"turns":5},{"damage":0,"enemies":"Reptomancer","floor":44,"turns":4},{"damage":0,"enemies":"Spire Growth","floor":48,"turns":2},{"damage":0,"enemies":"Donu and Deca","floor":50,"turns":6},{"damage":0,"enemies":"Shield and Spear","floor":54,"turns":3},{"damage":7,"enemies":"The Heart","floor":55,"turns":5}],"seed_played":"-8963117163249655783","potions_obtained":[{"floor":1,"key":"EssenceOfSteel"},{"floor":18,"key":"LiquidBronze"},{"floor":19,"key":"GamblersBrew"},{"floor":23,"key":"SpeedPotion"},{"floor":31,"key":"LiquidBronze"},{"floor":35,"key":"PowerPotion"},{"floor":36,"key":"Swift Potion"},{"floor":40,"key":"ats:Top Emergency Sanity Potion"}],"is_trial":false,"path_per_floor":["M","M","M","M","M","E","M","E","T","E","M","M","R","$","R","B",null,"M","M","$","M","?","E","?","E","T","R","?","?","$","M","R","B",null,"M","M","M","M","$","E","R","E","T","E","?","?","R","M","R","B",null,"R","$","E","B"],"character_chosen":"DOCTOR_CLASS","items_purchased":["Sadistic Nature","Vajra","Lee\u0027s Waffle","hubris:PeanutButter","ats:Neurotoxin","ats:Mental Burst","Block Potion","Weak Potion","hubris:CrystalStatue","Strawberry","ats:Attack"],"campfire_rested":0,"item_purchase_floors":[0,0,0,0,0,0,0,0,14,39,53],"current_hp_per_floor":[79,79,79,79,79,79,79,75,75,75,75,75,75,75,75,75,79,79,70,70,68,1,1,1,1,1,1,1,1,1,1,1,1,1,1,1,1,1,1,1,1,1,1,1,1,1,1,1,1,1,1,1,1,1,0,0],"gold":39,"neow_bonus":"","is_daily":false,"chose_seed":false,"campfire_upgraded":4,"win_rate":0.0,"timestamp":1608990649,"path_taken":["M","M","?","?","M","E","M","E","T","E","M","?","R","$","R","BOSS","M","M","$","M","?","E","?","E","T","R","?","?","$","?","R","BOSS","M","M","M","M","$","E","R","E","T","E","?","?","R","M","R","BOSS","R","$","E","BOSS"],"items_purchased_type":["Card","Relic","Relic","Relic","Card","Card","Potion","Potion","Relic","Relic","Relic"],"build_version":"2020-12-22","purchased_purges":4,"victory":false,"max_hp_per_floor":[79,79,79,79,79,79,79,79,79,79,79,79,79,79,79,79,79,79,79,79,79,1,1,1,1,1,1,1,1,1,1,1,1,1,1,1,1,1,1,1,1,1,1,1,1,1,1,1,1,1,1,1,1,1,1,1],"card_choices":[{"not_picked":["ats:Explosion Area Strengthen","ats:Song Of Battle","ats:Assault Order"],"picked":"SKIP","floor":1},{"not_picked":["ats:Hammer On","ats:Red Shift","ats:Consecutive Shot Auto"],"picked":"SKIP","floor":2},{"not_picked":["ats:Directed Diagnosis","ats:Revitalization","ats:Curse Doll"],"picked":"SKIP","floor":3},{"not_picked":["ats:Very Hot Blade","ats:Counter Healing Mode","ats:Blood Oath"],"picked":"SKIP","floor":4},{"not_picked":["ats:Automatic Cover","ats:Spore Proliferation","ats:Very Hot Blade"],"picked":"SKIP","floor":5},{"not_picked":["ats:Powerful Strike","ats:Assault Order","ats:Apocalypse"],"picked":"SKIP","floor":6},{"not_picked":["ats:Charging Defense","ats:Apocalypse","ats:Part Time Job"],"picked":"SKIP","floor":7},{"not_picked":["ats:Flexible Camouflage","ats:Sunburst"],"picked":"ats:Explosion Area Strengthen","floor":8},{"not_picked":["ats:Support Order","ats:Thermite Blade","ats:Encircling Forest"],"picked":"SKIP","floor":10},{"not_picked":["ats:Collapsing Strike","ats:Leaping Hammer","ats:Flexible Camouflage"],"picked":"SKIP","floor":11},{"not_picked":["ats:Composite Medical Shells","ats:Leaping Hammer","ats:Hammer On"],"picked":"SKIP","floor":12},{"not_picked":["ats:Durian","ats:Disruption Kick"],"picked":"ats:Ambush","floor":16},{"not_picked":["ats:Healing Drone+1","ats:Chain Hook+1"],"picked":"ats:Shadow Raid","floor":18},{"not_picked":["ats:Shell Defense","ats:Revitalization","ats:Healing Strengthening"],"picked":"SKIP","floor":19},{"not_picked":["ats:Apocalypse","ats:Soul Absorption+1","ats:Assault Order"],"picked":"SKIP","floor":21},{"not_picked":["ats:Powerful Strike","ats:Flexible Camouflage","ats:Song Of Battle+1"],"picked":"SKIP","floor":23},{"not_picked":["ats:Apocalypse","ats:Curse Doll+1","ats:Collapsing Strike+1"],"picked":"SKIP","floor":25},{"not_picked":["ats:Sword Rain","ats:Flexible Camouflage","ats:Cat Scratch"],"picked":"SKIP","floor":31},{"not_picked":["ats:True Silver Slash","ats:Dogmatic Field"],"picked":"ats:Ambush","floor":33},{"not_picked":["ats:Spore Proliferation","ats:Poison Spread+1","ats:Powerful Strike+1"],"picked":"SKIP","floor":35},{"not_picked":["ats:Consecutive Shot Auto+1","ats:Cat Scratch","ats:LN2 Cannon+1"],"picked":"SKIP","floor":36},{"not_picked":["ats:Consecutive Shot Auto+1","ats:Cat Scratch","ats:LN2 Cannon+1"],"picked":"SKIP","floor":36},{"not_picked":["ats:Explosion Area Strengthen","ats:Cat Scratch"],"picked":"ats:Shell Defense","floor":37},{"not_picked":["ats:Explosion Area Strengthen","ats:Apocalypse"],"picked":"ats:Very Hot Blade+1","floor":38},{"not_picked":["ats:Flame Of Heaven","ats:Roar Of Ursus","ats:Leaping Hammer"],"picked":"SKIP","floor":40},{"not_picked":["ats:Support Order","ats:Revitalization","ats:Thermite Blade"],"picked":"SKIP","floor":42},{"not_picked":["ats:Flexible Camouflage","ats:Spore Proliferation+1","ats:Directed Diagnosis+1"],"picked":"SKIP","floor":44},{"not_picked":["ats:Apocalypse","ats:Consecutive Shot Auto+1","ats:Burning Ground+1"],"picked":"SKIP","floor":48},{"not_picked":["ats:Chain Hook+1","ats:Leaping Hammer"],"picked":"ats:Hook Shot+1","floor":54}],"player_experience":1049790,"relics_obtained":[{"floor":6,"key":"Sundial"},{"floor":8,"key":"Shovel"},{"floor":9,"key":"HornCleat"},{"floor":10,"key":"PreservedInsect"},{"floor":23,"key":"DeathKnight:PutricidesVial"},{"floor":25,"key":"Girya"},{"floor":32,"key":"ats:Lavender"},{"floor":40,"key":"hubris:SlimyHat"},{"floor":42,"key":"ats:Industrial Water Cannon"},{"floor":43,"key":"The Courier"},{"floor":44,"key":"Eternal Feather"},{"floor":49,"key":"hubris:MysteriousPyramids"},{"floor":52,"key":"hubris:DuctTape"},{"floor":54,"key":"Centennial Puzzle"}],"event_choices":[{"damage_healed":0,"gold_gain":0,"player_choice":"Obtained Relic","damage_taken":0,"relics_obtained":["Meat on the Bone"],"max_hp_gain":0,"max_hp_loss":0,"event_name":"Addict","floor":24,"gold_loss":85},{"cards_removed":["ats:Strike C"],"damage_healed":0,"gold_gain":0,"player_choice":"Elegance","damage_taken":0,"max_hp_gain":0,"max_hp_loss":0,"event_name":"betterThird:BetterWriting","floor":28,"gold_loss":0},{"cards_removed":["ats:Roar Of Ursus"],"damage_healed":0,"gold_gain":0,"player_choice":"Removed Power","damage_taken":0,"max_hp_gain":0,"max_hp_loss":0,"event_name":"Falling","floor":45,"gold_loss":0},{"damage_healed":0,"gold_gain":0,"player_choice":"Max HP","damage_taken":0,"max_hp_gain":0,"max_hp_loss":0,"event_name":"Winding Halls","floor":46,"gold_loss":0}],"is_beta":false,"boss_relics":[{"not_picked":["SacredBark","Velvet Choker"],"picked":"Coffee Dripper"},{"not_picked":["Sozu","hubris:CrackedHourglass"],"picked":"Empty Cage"}],"items_purged_floors":[0,0,20,53],"is_endless":false,"potions_floor_spawned":[1,2,3,8,18,19,23,31,35,36,40,48,54],"killed_by":"The Heart","ascension_level":1}}