{"host":"j0a1jfichhxu8b8p","time":1608958973,"event":{"mods":["BaseMod","Colored Map","DeckTracker","Keyboard Shortcuts","Minty Spire (QoL Compilation)","Permanent Neow","StSLib","The Dragon Tamer"],"gold_per_floor":[119,138,152,170,182,182,207,207,207,232,232,261,273,283,283,378,378,397,408,420,431,431,431,461,461,461,386,183,208,227,22,22,117,117,127,139,159,170,21,21,61,61,61,120,120,137,173,173,173,173],"floor_reached":51,"playtime":2921,"items_purged":["Strike_G"],"score":1190,"play_id":"26292e73-d250-42d7-bbf2-ecab64e06c5f","local_time":"20201226140253","is_ascension_mode":true,"campfire_choices":[{"data":"Poisoned Stab","floor":6.0,"key":"SMITH"},{"data":"Footwork","floor":11.0,"key":"SMITH"},{"data":"Footwork","floor":15.0,"key":"SMITH"},{"data":"Ghostly","floor":23.0,"key":"SMITH"},{"floor":25.0,"key":"REST"},{"floor":32.0,"key":"REST"},{"data":"Ghostly","floor":40.0,"key":"SMITH"},{"data":"Ghostly","floor":42.0,"key":"SMITH"},{"data":"Ghostly","floor":45.0,"key":"SMITH"},{"data":"Deadly Poison","floor":49,"key":"SMITH"}],"circlet_count":0,"master_deck":["Strike_G+1","Strike_G+1","Defend_G","Defend_G","Defend_G","Defend_G","Defend_G","Survivor","Neutralize+1","Deadly Poison+1","Prepared","PiercingWail","Backflip","Poisoned Stab+1","Footwork+1","Adrenaline","Corpse Explosion","Corpse Explosion","Footwork+1","Crippling Poison","Malaise","Tactician","Flechettes+1","Blur+1","Acrobatics","Ghostly+1","Ghostly+1","Ghostly+1","Ghostly+1","Ghostly","Glass Knife+1","Thinking Ahead","Poisoned Stab+1","Escape Plan+1","Envenom+1","Tactician+1","Poisoned Stab+1","Deadly Poison+1","Escape Plan","Noxious Fumes+1","Dagger Spray+1","Distraction+1","Deadly Poison"],"relics":["Ring of the Snake","Potion Belt","Pear","Molten Egg 2","Ornamental Fan","Black Star","Whetstone","StrikeDummy","The Courier","Toy Ornithopter","Sundial","Frozen Egg 2","Coffee Dripper","Membership Card","CeramicFish","Blue Candle","Mango","Du-Vu Doll","Boot","Bag of Marbles"],"acts_visited":["Exordium","TheCity","TheBeyond"],"potions_floor_usage":[50,50],"damage_taken":[{"damage":0.0,"enemies":"Small Slimes","floor":1.0,"turns":3.0},{"damage":0.0,"enemies":"Cultist","floor":2.0,"turns":4.0},{"damage":0.0,"enemies":"Jaw Worm","floor":3.0,"turns":4.0},{"damage":10.0,"enemies":"3 Louse","floor":4.0,"turns":4.0},{"damage":0.0,"enemies":"Exordium Wildlife","floor":5.0,"turns":8.0},{"damage":19.0,"enemies":"Gremlin Nob","floor":7.0,"turns":4.0},{"damage":1.0,"enemies":"Lagavulin","floor":10.0,"turns":9.0},{"damage":14.0,"enemies":"3 Sentries","floor":12.0,"turns":3.0},{"damage":0.0,"enemies":"Blue Slaver","floor":13.0,"turns":4.0},{"damage":0.0,"enemies":"Gremlin Gang","floor":14.0,"turns":2.0},{"damage":9.0,"enemies":"Hexaghost","floor":16.0,"turns":9.0},{"damage":8.0,"enemies":"3 Byrds","floor":18.0,"turns":3.0},{"damage":16.0,"enemies":"Shell Parasite","floor":19.0,"turns":6.0},{"damage":6.0,"enemies":"Snake Plant","floor":20.0,"turns":8.0},{"damage":22.0,"enemies":"Centurion and Healer","floor":21.0,"turns":12.0},{"damage":0.0,"enemies":"Slavers","floor":24.0,"turns":4.0},{"damage":17.0,"enemies":"Book of Stabbing","floor":29.0,"turns":9.0},{"damage":7.0,"enemies":"Snecko","floor":30.0,"turns":7.0},{"damage":13.0,"enemies":"Champ","floor":33.0,"turns":21.0},{"damage":1.0,"enemies":"Orb Walker","floor":35.0,"turns":5.0},{"damage":1.0,"enemies":"3 Darklings","floor":36.0,"turns":5.0},{"damage":0.0,"enemies":"Sphere and 2 Shapes","floor":37.0,"turns":7.0},{"damage":0.0,"enemies":"Spire Growth","floor":38.0,"turns":5.0},{"damage":3.0,"enemies":"Giant Head","floor":41.0,"turns":9.0},{"damage":0.0,"enemies":"Mind Bloom Boss Battle","floor":44.0,"turns":5.0},{"damage":14.0,"enemies":"4 Shapes","floor":46.0,"turns":4.0},{"damage":2,"enemies":"Reptomancer","floor":47,"turns":9},{"damage":14,"enemies":"Donu and Deca","floor":50,"turns":8}],"seed_played":"4003232165834247315","potions_obtained":[{"floor":2.0,"key":"Poison Potion"},{"floor":5.0,"key":"DuplicationPotion"},{"floor":10.0,"key":"SkillPotion"},{"floor":12.0,"key":"Dexterity Potion"},{"floor":14.0,"key":"GhostInAJar"},{"floor":16.0,"key":"Fruit Juice"},{"floor":21.0,"key":"PowerPotion"},{"floor":24.0,"key":"CunningPotion"},{"floor":29.0,"key":"Ancient Potion"},{"floor":33.0,"key":"AttackPotion"},{"floor":37.0,"key":"SpeedPotion"},{"floor":38.0,"key":"DistilledChaos"},{"floor":44.0,"key":"DuplicationPotion"},{"floor":46.0,"key":"ColorlessPotion"}],"is_trial":false,"path_per_floor":["M","M","M","M","M","R","E","?","T","E","R","E","M","M","R","B",null,"M","M","M","M","?","R","E","R","T","?","$","E","M","$","R","B",null,"M","M","M","M","$","R","E","R","T","?","R","M","E","?","R","B",null],"character_chosen":"THE_SILENT","items_purchased":["Thinking Ahead","Frozen Egg 2","Membership Card","Noxious Fumes+1"],"campfire_rested":2,"item_purchase_floors":[28,31,39,39],"current_hp_per_floor":[63,63,63,53,53,53,34,34,44,43,43,29,29,29,29,20,65,57,41,35,18,18,18,18,30,30,30,30,13,6,6,18,15,35,34,33,33,33,33,33,30,30,44,44,44,30,28,49,49,45],"gold":173,"neow_bonus":"UPGRADE_CARD","is_daily":false,"chose_seed":false,"campfire_upgraded":8,"win_rate":0.0,"timestamp":1608958973,"path_taken":["M","M","M","M","M","R","E","?","T","E","R","E","M","?","R","BOSS","M","M","?","M","?","R","E","R","T","?","$","E","M","?","R","BOSS","M","M","M","M","$","R","E","R","T","?","R","M","E","?","R","BOSS"],"items_purchased_type":["Card","Relic","Relic","Card"],"build_version":"2020-12-22","purchased_purges":1,"victory":true,"max_hp_per_floor":[70,70,70,70,70,70,70,70,80,80,80,80,80,80,80,80,80,80,80,80,85,42,42,42,42,42,42,42,42,42,42,42,42,42,42,42,42,42,42,42,42,42,56,56,56,56,56,49,49,49],"card_choices":[{"not_picked":["Concentrate","Sucker Punch"],"picked":"Deadly Poison","floor":1.0},{"not_picked":["Poisoned Stab","Sucker Punch"],"picked":"Prepared","floor":2.0},{"not_picked":["Bane","Flying Knee"],"picked":"PiercingWail","floor":3.0},{"not_picked":["PiercingWail","Poisoned Stab"],"picked":"Backflip","floor":4.0},{"not_picked":["Masterful Stab","Concentrate"],"picked":"Poisoned Stab","floor":5.0},{"not_picked":["Blur","Underhanded Strike"],"picked":"Footwork","floor":7.0},{"not_picked":["Wraith Form v2","Unload+1"],"picked":"Corpse Explosion","floor":10.0},{"not_picked":["Underhanded Strike+1","Expertise"],"picked":"Corpse Explosion","floor":12.0},{"not_picked":["Dagger Spray+1","Acrobatics"],"picked":"Footwork","floor":13.0},{"not_picked":["Underhanded Strike+1","Bane+1"],"picked":"Crippling Poison","floor":14.0},{"not_picked":["Phantasmal Killer","Unload+1"],"picked":"Malaise","floor":16.0},{"not_picked":["Cloak And Dagger","Finisher+1"],"picked":"Tactician","floor":18.0},{"not_picked":["Blade Dance","Expertise"],"picked":"Flechettes+1","floor":19.0},{"not_picked":["Expertise","Leg Sweep"],"picked":"Blur+1","floor":20.0},{"not_picked":["Slice+1","Cloak And Dagger"],"picked":"Acrobatics","floor":21.0},{"not_picked":["Riddle With Holes+1","Sucker Punch+1"],"picked":"Glass Knife+1","floor":24.0},{"not_picked":["Flying Knee+1","Quick Slash+1"],"picked":"Poisoned Stab+1","floor":29.0},{"not_picked":["Prepared","Deflect+1"],"picked":"Escape Plan+1","floor":30.0},{"not_picked":["Malaise","Corpse Explosion"],"picked":"Envenom+1","floor":33.0},{"not_picked":["Bane+1","Crippling Poison"],"picked":"Tactician+1","floor":35.0},{"not_picked":["Accuracy+1","Riddle With Holes+1"],"picked":"Poisoned Stab+1","floor":36.0},{"not_picked":["Underhanded Strike+1","Dagger Throw+1"],"picked":"Deadly Poison+1","floor":37.0},{"not_picked":["Endless Agony+1","Slice+1"],"picked":"Escape Plan","floor":38.0},{"not_picked":["Dodge and Roll+1","Backstab+1"],"picked":"Dagger Spray+1","floor":41.0},{"not_picked":["Phantasmal Killer","Cloak And Dagger"],"picked":"Distraction+1","floor":44.0},{"not_picked":["Slice+1","Prepared","Riddle With Holes+1"],"picked":"SKIP","floor":46.0},{"not_picked":["Bullet Time","Choke+1"],"picked":"Deadly Poison","floor":47}],"player_experience":349142,"relics_obtained":[{"floor":7.0,"key":"Potion Belt"},{"floor":9.0,"key":"Pear"},{"floor":10.0,"key":"Molten Egg 2"},{"floor":12.0,"key":"Ornamental Fan"},{"floor":24.0,"key":"Whetstone"},{"floor":24.0,"key":"StrikeDummy"},{"floor":26.0,"key":"The Courier"},{"floor":29.0,"key":"Toy Ornithopter"},{"floor":29.0,"key":"Sundial"},{"floor":41.0,"key":"CeramicFish"},{"floor":41.0,"key":"Blue Candle"},{"floor":43.0,"key":"Mango"},{"floor":44.0,"key":"Du-Vu Doll"},{"floor":47,"key":"Boot"},{"floor":47,"key":"Bag of Marbles"}],"event_choices":[{"damage_healed":0.0,"max_hp_gain":0.0,"max_hp_loss":0.0,"gold_gain":0.0,"cards_transformed":["Strike_G"],"event_name":"Transmorgrifier","player_choice":"Transformed","floor":8.0,"gold_loss":0.0,"damage_taken":0.0,"cards_obtained":["Adrenaline"]},{"damage_healed":0.0,"max_hp_gain":0.0,"max_hp_loss":43.0,"gold_gain":0.0,"event_name":"Ghosts","player_choice":"Became a Ghost","floor":22.0,"gold_loss":0.0,"damage_taken":0.0,"cards_obtained":["Ghostly","Ghostly","Ghostly","Ghostly","Ghostly"]},{"cards_removed":["Strike_G"],"damage_healed":0.0,"max_hp_gain":0.0,"max_hp_loss":0.0,"gold_gain":0.0,"event_name":"Beggar","player_choice":"Gave Gold","floor":27.0,"gold_loss":75.0,"damage_taken":0.0},{"damage_healed":0.0,"max_hp_gain":0.0,"max_hp_loss":0.0,"gold_gain":0.0,"event_name":"MindBloom","player_choice":"Fight","floor":44.0,"gold_loss":0.0,"damage_taken":0.0},{"damage_healed":49,"gold_gain":0,"player_choice":"Heal","damage_taken":0,"max_hp_gain":0,"max_hp_loss":7,"event_name":"The Moai Head","floor":48,"gold_loss":0}],"is_beta":false,"boss_relics":[{"not_picked":["Calling Bell","Busted Crown"],"picked":"Black Star"},{"not_picked":["Velvet Choker","Snecko Eye"],"picked":"Coffee Dripper"}],"items_purged_floors":[28],"is_endless":false,"potions_floor_spawned":[2,5,10,12,14,16,21,24,29,33,37,38,44,46],"ascension_level":9}}