{"host":"cz3p2o9n3b1gdmkz","time":1608985579,"event":{"mods":["AchievementEnabler","BaseMod","CapriCore","GungeonMod","Hermit","Lobotomy","Minty Spire (QoL Compilation)","Replay The Spire","Shop Mod","StSLib","SuperFastMode","The Cursed","The Dragon Tamer","The Gatherer","The Jungle","The Poker Player","The Runesmith"],"gold_per_floor":[118,118,118,118,118,118,133,133,133,171,15,15,34,50,50,181,181,196,196,124,124,149,189,189,39,108,108,149,174,189,114,114,243,243,262,322,322,381,402,436,436,436,460,523,567,309,332,366,366,366,366],"floor_reached":52,"playtime":2346,"items_purged":["Writhe"],"score":1591,"play_id":"804d2e55-746f-4394-a89f-0e5187619a3f","local_time":"20201226212619","is_ascension_mode":true,"metric_token":1117,"campfire_choices":[{"data":"Gatherer:FlowerWhip+1","floor":6.0,"key":"SMITH"},{"data":"Gatherer:Centralize","floor":8.0,"key":"SMITH"},{"data":"Gatherer:FlowerShield","floor":15.0,"key":"SMITH"},{"data":"Gatherer:FlowerShield+1","floor":32.0,"key":"SMITH"},{"floor":41.0,"key":"RECALL"},{"data":"Gatherer:FlowerWhip+2","floor":49,"key":"SMITH"}],"circlet_count":0,"master_deck":["Gatherer:Strike_Gatherer+1","Gatherer:Strike_Gatherer+1","Gatherer:Strike_Gatherer+1","Gatherer:Strike_Gatherer+1","Gatherer:Strike_Gatherer+1","Gatherer:Defend_Gatherer+1","Gatherer:Defend_Gatherer+1","Gatherer:Defend_Gatherer+1","Gatherer:Defend_Gatherer+1","Gatherer:Centralize+1","Gatherer:FlowerWhip+3","Gatherer:FlowerShield+1","Gatherer:Overflowing","Demon Form","Gatherer:BalancedGrowth","Gatherer:MiningStrike","Gatherer:FlowerShield+2","Gatherer:Overflowing","Gatherer:MiningStrike+1"],"relics":["Gatherer:MiracleBag","Bottled Lightning","Golden Idol","WingedGreaves","Gambling Chip","DemoMod:MeatBun","DemoMod:GlassGuonStoneRelic","DemoMod:WaxWing","Counterbalance","DemoMod:GreenGuonStone","DemoMod:PartiallyEatenCheese","MerchantsRug","Snack Pack","Replay:Wax Seal","DemoMod:Orange","Pear","Replay:Bottled Snecko","Unceasing Top"],"acts_visited":["Exordium","TheCity","TheBeyond"],"potions_floor_usage":[48,50],"damage_taken":[{"damage":2.0,"enemies":"Jaw Worm","floor":1.0,"turns":5.0},{"damage":0.0,"enemies":"2 Louse","floor":7.0,"turns":2.0},{"damage":22.0,"enemies":"Gremlin Nob","floor":10.0,"turns":4.0},{"damage":0.0,"enemies":"Small Slimes","floor":13.0,"turns":1.0},{"damage":0.0,"enemies":"2 Fungi Beasts","floor":14.0,"turns":1.0},{"damage":0.0,"enemies":"Fading Forest","floor":16.0,"turns":11.0},{"damage":0.0,"enemies":"Spheric Guardian","floor":18.0,"turns":4.0},{"damage":0.0,"enemies":"2 Thieves","floor":22.0,"turns":3.0},{"damage":0.0,"enemies":"Replay:Snechameleon","floor":23.0,"turns":4.0},{"damage":0.0,"enemies":"Slavers","floor":28.0,"turns":3.0},{"damage":0.0,"enemies":"Snake Plant","floor":29.0,"turns":3.0},{"damage":0.0,"enemies":"Centurion and Healer","floor":30.0,"turns":4.0},{"damage":0.0,"enemies":"Automaton","floor":33.0,"turns":7.0},{"damage":0.0,"enemies":"Orb Walker","floor":35.0,"turns":3.0},{"damage":0.0,"enemies":"2 Orb Walkers","floor":36.0,"turns":4.0},{"damage":0.0,"enemies":"3 Shapes","floor":39.0,"turns":4.0},{"damage":0.0,"enemies":"R_Hoarder","floor":40.0,"turns":7.0},{"damage":0.0,"enemies":"Mind Bloom Boss Battle","floor":44.0,"turns":7.0},{"damage":0.0,"enemies":"Reptomancer","floor":45.0,"turns":7.0},{"damage":0,"enemies":"Writhing Mass","floor":47,"turns":3},{"damage":0,"enemies":"Giant Head","floor":48,"turns":7},{"damage":0,"enemies":"Donu and Deca","floor":50,"turns":8}],"seed_played":"-831957638862806214","potions_obtained":[{"floor":7.0,"key":"Elixir"},{"floor":13.0,"key":"Elixir"},{"floor":23.0,"key":"DemoMod:LeadSkinPotion"},{"floor":30.0,"key":"GamblersBrew"},{"floor":45.0,"key":"Toxic Potion"}],"is_trial":false,"path_per_floor":["M","?","?","T","?","R","M","R","T","E","$","?","M","M","R","B",null,"M","?","$","?","M","E","T","$","T","?","E","M","M","$","R","B",null,"M","?","?","$","M","E","R","?","T","?","E","$","M","E","R","B",null,null],"character_chosen":"THE_GATHERER","items_purchased":["DemoMod:MeatBun","Gatherer:BalancedGrowth","Replay:Baseball","MerchantsRug","Replay:Bottled Snecko"],"campfire_rested":0,"item_purchase_floors":[11,20,25,38,46],"current_hp_per_floor":[63,63,63,63,45,45,45,45,45,23,37,37,37,37,37,37,63,63,63,63,63,63,63,63,63,63,63,63,63,63,63,63,63,70,70,70,70,70,70,72,72,72,72,84,94,94,94,94,94,94,94],"gold":366,"neow_bonus":"UPGRADE_CARD","is_daily":false,"chose_seed":false,"campfire_upgraded":5,"win_rate":0.0,"timestamp":1608985579,"path_taken":["M","?","?","?","?","R","M","R","T","E","$","?","M","?","R","BOSS","M","?","$","?","M","E","?","$","T","?","E","M","?","?","R","BOSS","M","?","?","?","?","E","R","?","T","?","E","$","M","E","R","BOSS"],"items_purchased_type":["Relic","Card","Relic","Relic","Relic"],"build_version":"2020-12-22","purchased_purges":1,"victory":true,"max_hp_per_floor":[72,72,72,72,72,72,72,72,72,72,72,72,72,72,72,72,72,72,72,72,72,72,72,72,72,72,72,72,72,72,72,72,72,72,72,72,72,72,72,72,72,72,72,84,94,94,94,94,94,94,94],"card_choices":[{"not_picked":["Gatherer:FlowerFalling","Gatherer:Pollute"],"picked":"Gatherer:FlowerShield","floor":1.0},{"not_picked":["Gatherer:Snatch","Gatherer:EnergyBasket","Gatherer:ScherryThrow"],"picked":"SKIP","floor":7.0},{"not_picked":["Gatherer:Herbalism","Gatherer:Frenzy"],"picked":"Gatherer:GrowBook","floor":10.0},{"not_picked":["Gatherer:Convert","Gatherer:Polymorphism","Gatherer:CollectorsShot"],"picked":"SKIP","floor":13.0},{"not_picked":["Gatherer:FruitForce","Gatherer:SaveValuables"],"picked":"Gatherer:Overflowing","floor":14.0},{"not_picked":["Gatherer:SaveValuables","Gatherer:FragileHammer","Gatherer:FlowerPower"],"picked":"SKIP","floor":18.0},{"not_picked":["Gatherer:WoolGloves","Gatherer:Snatch"],"picked":"Gatherer:MiningStrike","floor":22.0},{"not_picked":["Gatherer:PotentialSlash","Gatherer:TreeGrowth","Gatherer:CollectorsShot+1"],"picked":"SKIP","floor":23.0},{"not_picked":["Gatherer:FlamingBottle","Gatherer:BambuSword","Gatherer:DrugPower"],"picked":"SKIP","floor":28.0},{"not_picked":["Gatherer:BambuSword+1","Gatherer:Frenzy","Gatherer:EnergyBasket+1"],"picked":"SKIP","floor":29.0},{"not_picked":["Gatherer:QuickSynthesis","Gatherer:TreeGrowth"],"picked":"Gatherer:FlowerShield+1","floor":30.0},{"not_picked":["Gatherer:Bulldoze","Gatherer:HeartToFruit"],"picked":"Gatherer:Overflowing","floor":33.0},{"not_picked":["Gatherer:DrugPower+1","Gatherer:GatherMaterial+1"],"picked":"Gatherer:MiningStrike+1","floor":35.0},{"not_picked":["Gatherer:Polymorphism+1","Gatherer:FeelingFine+1","Gatherer:VenomBarrier"],"picked":"SKIP","floor":39.0},{"not_picked":["Gatherer:Bulldoze","Gatherer:BigPouch+1","Gatherer:DrugPower+1"],"picked":"SKIP","floor":40.0},{"not_picked":["Gatherer:DrugPower","Gatherer:PotentialSlash","Gatherer:BigPouch"],"picked":"SKIP","floor":45.0},{"not_picked":["Gatherer:CarefulStrike+1","Gatherer:Misfortune+1","Gatherer:BambuSword+1"],"picked":"SKIP","floor":47},{"not_picked":["Gatherer:FinishingStrike","Gatherer:EchoOfNature+1","Gatherer:QuickSynthesis"],"picked":"SKIP","floor":48}],"player_experience":1028786,"relics_obtained":[{"floor":4.0,"key":"Bottled Lightning"},{"floor":9.0,"key":"WingedGreaves"},{"floor":10.0,"key":"Gambling Chip"},{"floor":23.0,"key":"Counterbalance"},{"floor":24.0,"key":"DemoMod:GreenGuonStone"},{"floor":26.0,"key":"DemoMod:MemoryAlloy"},{"floor":28.0,"key":"Regal Pillow"},{"floor":36.0,"key":"StoneCalendar"},{"floor":40.0,"key":"Snack Pack"},{"floor":43.0,"key":"Replay:Wax Seal"},{"floor":44.0,"key":"DemoMod:Orange"},{"floor":45.0,"key":"Pear"},{"floor":48,"key":"Unceasing Top"}],"event_choices":[{"damage_healed":0.0,"max_hp_gain":0.0,"max_hp_loss":0.0,"gold_gain":0.0,"event_name":"Golden Idol","player_choice":"Take Damage","floor":5.0,"gold_loss":0.0,"damage_taken":18.0,"relics_obtained":["Golden Idol"]},{"damage_healed":0.0,"max_hp_gain":0.0,"max_hp_loss":0.0,"gold_gain":0.0,"event_name":"FaceTrader","player_choice":"Leave","floor":12.0,"gold_loss":0.0,"damage_taken":0.0},{"damage_healed":0.0,"max_hp_gain":0.0,"max_hp_loss":0.0,"gold_gain":0.0,"event_name":"Back to Basics","player_choice":"Simplicity","floor":19.0,"gold_loss":0.0,"damage_taken":0.0,"cards_upgraded":["Gatherer:Strike_Gatherer","Gatherer:Strike_Gatherer","Gatherer:Strike_Gatherer","Gatherer:Strike_Gatherer","Gatherer:Strike_Gatherer","Gatherer:Defend_Gatherer","Gatherer:Defend_Gatherer","Gatherer:Defend_Gatherer","Gatherer:Defend_Gatherer"]},{"damage_healed":0.0,"max_hp_gain":0.0,"max_hp_loss":0.0,"gold_gain":0.0,"event_name":"Cursed Tome","player_choice":"Ignored","floor":21.0,"gold_loss":0.0,"damage_taken":0.0},{"damage_healed":0.0,"max_hp_gain":0.0,"max_hp_loss":0.0,"gold_gain":0.0,"event_name":"The Mausoleum","player_choice":"Opened","floor":27.0,"gold_loss":0.0,"damage_taken":0.0,"relics_obtained":["DemoMod:PartiallyEatenCheese"],"cards_obtained":["Writhe"]},{"damage_healed":0.0,"max_hp_gain":0.0,"max_hp_loss":0.0,"gold_gain":0.0,"event_name":"Mysterious Sphere","player_choice":"Fight","floor":36.0,"gold_loss":0.0,"damage_taken":0.0},{"damage_healed":0.0,"max_hp_gain":0.0,"max_hp_loss":0.0,"gold_gain":0.0,"event_name":"SensoryStone","player_choice":"Memory 1","floor":37.0,"gold_loss":0.0,"damage_taken":0.0},{"damage_healed":0.0,"max_hp_gain":0.0,"max_hp_loss":0.0,"gold_gain":0.0,"event_name":"Tomb of Lord Red Mask","player_choice":"Ignored","floor":42.0,"gold_loss":0.0,"damage_taken":0.0},{"damage_healed":0.0,"max_hp_gain":0.0,"max_hp_loss":0.0,"gold_gain":0.0,"event_name":"MindBloom","player_choice":"Fight","floor":44.0,"gold_loss":0.0,"damage_taken":0.0}],"is_beta":false,"boss_relics":[{"not_picked":["Runesmith:UraniumAnvil","Black Star"],"picked":"DemoMod:WaxWing"},{"not_picked":["Sozu","ReplayTheSpireMod:DimensionalGlitch"],"picked":"Gatherer:MiracleBag"}],"items_purged_floors":[31],"is_endless":false,"potions_floor_spawned":[7,13,23,30,45,47],"ascension_level":8}}