{"host":"wg33yb1rgt3nbe17","time":1608982153,"event":{"mods":["AchievementEnabler","BaseMod","Colored Map","Minty Spire (QoL Compilation)","Permanent Neow","Relic Stats","StSLib"],"gold_per_floor":[111,261,277,277,295,295,14,47,47,47,67,67,67,67,67,157,157,172,172,97,0,0,0,0,0,0,29,29,55,55,75,75,153,153,166,166,177,177,202,212,212,153,153,153,172,172,172],"floor_reached":46,"playtime":1202,"items_purged":[],"score":1148,"play_id":"461ab839-ccf1-4c2f-99bb-aa99a383ba75","local_time":"20201226062913","is_ascension_mode":true,"campfire_choices":[{"data":"Pommel Strike","floor":6.0,"key":"SMITH"},{"data":"Bash","floor":12.0,"key":"SMITH"},{"floor":15.0,"key":"REST"},{"data":"Corruption","floor":23.0,"key":"SMITH"},{"data":"Rupture","floor":28.0,"key":"SMITH"},{"data":"Headbutt","floor":30.0,"key":"SMITH"},{"data":"Bite","floor":32.0,"key":"SMITH"},{"floor":41.0,"key":"DIG"},{"floor":44.0,"key":"DIG"}],"circlet_count":0,"master_deck":["AscendersBane","Bash+1","Warcry+1","Reckless Charge+1","Flame Barrier+1","Pommel Strike+1","Doubt","Sword Boomerang+1","Cleave","Headbutt+1","Rupture+1","Injury","Corruption+1","Bite+1","Bite","Bite","Bite","Bite","Immolate","Havoc","Offering","Reckless Charge+1","Pain","Shockwave+1","Headbutt+1","Blood for Blood","Havoc","Parasite","Spot Weakness"],"relics":["Astrolabe","Lizard Tail","Paper Frog","Meat on the Bone","Du-Vu Doll","Mercury Hourglass","Bloody Idol","Sozu","Nilry\u0027s Codex","Incense Burner","Blue Candle","Oddly Smooth Stone","Runic Cube","WarpedTongs","Shovel","Pantograph","Shuriken","Eternal Feather"],"acts_visited":["Exordium","TheCity","TheBeyond"],"potions_floor_usage":[],"damage_taken":[{"damage":12.0,"enemies":"Jaw Worm","floor":1.0,"turns":2.0},{"damage":0.0,"enemies":"Small Slimes","floor":3.0,"turns":3.0},{"damage":0.0,"enemies":"2 Louse","floor":5.0,"turns":2.0},{"damage":85.0,"enemies":"3 Sentries","floor":8.0,"turns":13.0},{"damage":5.0,"enemies":"Exordium Thugs","floor":11.0,"turns":2.0},{"damage":0.0,"enemies":"Slime Boss","floor":16.0,"turns":3.0},{"damage":6.0,"enemies":"Spheric Guardian","floor":18.0,"turns":3.0},{"damage":0.0,"enemies":"Gremlin Leader","floor":27.0,"turns":6.0},{"damage":40.0,"enemies":"Book of Stabbing","floor":29.0,"turns":3.0},{"damage":1.0,"enemies":"Chosen","floor":31.0,"turns":3.0},{"damage":33.0,"enemies":"Champ","floor":33.0,"turns":6.0},{"damage":21.0,"enemies":"3 Shapes","floor":35.0,"turns":1.0},{"damage":16.0,"enemies":"Orb Walker","floor":37.0,"turns":2.0},{"damage":9.0,"enemies":"Mind Bloom Boss Battle","floor":39.0,"turns":4.0},{"damage":17.0,"enemies":"3 Darklings","floor":40.0,"turns":2.0},{"damage":31.0,"enemies":"Writhing Mass","floor":45.0,"turns":4.0},{"damage":44,"enemies":"Maw","floor":46,"turns":2}],"seed_played":"6712650932945519238","potions_obtained":[{"floor":1.0,"key":"Regen Potion"},{"floor":8.0,"key":"Explosive Potion"},{"floor":16.0,"key":"SpeedPotion"}],"is_trial":false,"path_per_floor":["M","?","M","?","M","R","$","E","T","?","M","R","T","?","R","B",null,"M","?","?","?","?","R","?","$","T","E","R","E","R","M","R","B",null,"M","?","M","?","?","M","R","$","T","R","M","M"],"character_chosen":"IRONCLAD","items_purchased":["Paper Frog","Havoc"],"campfire_rested":1,"item_purchase_floors":[7,42],"current_hp_per_floor":[56,56,56,51,51,51,51,27,27,27,34,34,34,34,56,56,70,64,52,52,52,31,31,31,31,31,48,48,31,31,43,43,38,49,36,36,36,36,39,35,35,35,35,35,32,0,0],"gold":172,"neow_bonus":"BOSS_RELIC","is_daily":false,"chose_seed":false,"campfire_upgraded":6,"win_rate":0.0,"timestamp":1608982153,"path_taken":["M","?","M","?","?","R","$","E","T","?","M","R","?","?","R","BOSS","M","?","?","?","?","R","?","?","T","E","R","E","R","M","R","BOSS","M","?","?","?","?","M","R","$","T","R","M","?"],"items_purchased_type":["Relic","Card"],"build_version":"2020-12-22","purchased_purges":0,"victory":false,"max_hp_per_floor":[75,75,75,75,75,75,75,75,75,75,75,75,75,75,75,75,75,75,52,52,52,52,52,52,52,52,52,52,52,52,52,52,52,52,52,52,52,52,52,52,52,52,52,52,52,52,52],"relic_stats":{"counters":[17,61],"Astrolabe":["Warcry","Reckless Charge","Flame Barrier"],"Blue Candle":[9],"Eternal Feather":0,"Mercury Hourglass":[123],"WarpedTongs":[12],"Sozu":4,"Lizard Tail":37,"Shovel":2,"Shuriken":[4],"Bloody Idol":45,"Pantograph":0,"obtain_stats":[{"Golden Idol":14,"Nilry\u0027s Codex":22,"Astrolabe":0,"Blue Candle":27,"Oddly Smooth Stone":29,"Eternal Feather":44,"Incense Burner":26,"Burning Blood":0,"Mercury Hourglass":13,"WarpedTongs":36,"Du-Vu Doll":9,"Sozu":17,"Lizard Tail":4,"Shovel":39,"Shuriken":43,"Bloody Idol":24,"Pantograph":41,"Paper Frog":7,"Meat on the Bone":8,"Runic Cube":34},{"Golden Idol":5,"Nilry\u0027s Codex":7,"Astrolabe":0,"Blue Candle":8,"Oddly Smooth Stone":9,"Eternal Feather":15,"Incense Burner":7,"Burning Blood":0,"Mercury Hourglass":5,"WarpedTongs":12,"Du-Vu Doll":4,"Sozu":6,"Lizard Tail":2,"Shovel":14,"Shuriken":15,"Bloody Idol":7,"Pantograph":15,"Paper Frog":3,"Meat on the Bone":4,"Runic Cube":11},{"Golden Idol":22,"Nilry\u0027s Codex":28,"Astrolabe":0,"Blue Candle":34,"Oddly Smooth Stone":37,"Eternal Feather":55,"Incense Burner":28,"Burning Blood":0,"Mercury Hourglass":22,"WarpedTongs":47,"Du-Vu Doll":20,"Sozu":25,"Lizard Tail":5,"Shovel":53,"Shuriken":55,"Bloody Idol":28,"Pantograph":55,"Paper Frog":7,"Meat on the Bone":20,"Runic Cube":46}],"Meat on the Bone":36,"Runic Cube":[22]},"card_choices":[{"not_picked":["Power Through","Clash"],"picked":"Pommel Strike","floor":1.0},{"not_picked":["True Grit","Twin Strike"],"picked":"Sword Boomerang","floor":3.0},{"not_picked":["Heavy Blade","True Grit"],"picked":"Cleave","floor":5.0},{"not_picked":["Dual Wield","Rampage"],"picked":"Headbutt","floor":8.0},{"not_picked":["Havoc","Cleave"],"picked":"Rupture","floor":11.0},{"not_picked":["Barricade","Fiend Fire"],"picked":"Corruption","floor":16.0},{"not_picked":["Perfected Strike","Inflame","Flex"],"picked":"SKIP","floor":18.0},{"not_picked":["True Grit","Wild Strike+1"],"picked":"Immolate","floor":27.0},{"not_picked":["Wild Strike","Cleave"],"picked":"Havoc","floor":29.0},{"not_picked":["Warcry","Clash","Cleave"],"picked":"SKIP","floor":31.0},{"not_picked":["Immolate","Demon Form"],"picked":"Offering","floor":33.0},{"not_picked":["Iron Wave","Sever Soul"],"picked":"Reckless Charge+1","floor":35.0},{"not_picked":["Intimidate+1","Anger"],"picked":"Shockwave+1","floor":37.0},{"not_picked":["Pommel Strike","Dropkick"],"picked":"Headbutt+1","floor":39.0},{"not_picked":["Rampage","Clash+1"],"picked":"Blood for Blood","floor":40.0},{"not_picked":["Burning Pact","Evolve"],"picked":"Spot Weakness","floor":45.0}],"player_experience":544200,"relics_obtained":[{"floor":8.0,"key":"Meat on the Bone"},{"floor":9.0,"key":"Du-Vu Doll"},{"floor":13.0,"key":"Mercury Hourglass"},{"floor":22.0,"key":"Nilry\u0027s Codex"},{"floor":26.0,"key":"Incense Burner"},{"floor":27.0,"key":"Blue Candle"},{"floor":29.0,"key":"Oddly Smooth Stone"},{"floor":39.0,"key":"Shovel"},{"floor":41.0,"key":"Pantograph"},{"floor":43.0,"key":"Shuriken"},{"floor":44.0,"key":"Eternal Feather"}],"event_choices":[{"damage_healed":0.0,"max_hp_gain":0.0,"max_hp_loss":0.0,"gold_gain":150.0,"event_name":"Liars Game","player_choice":"AGREE","floor":2.0,"gold_loss":0.0,"damage_taken":0.0,"cards_obtained":["Doubt"]},{"damage_healed":0.0,"max_hp_gain":0.0,"max_hp_loss":0.0,"gold_gain":0.0,"event_name":"Scrap Ooze","player_choice":"Success","floor":4.0,"gold_loss":0.0,"damage_taken":5.0,"relics_obtained":["Lizard Tail"]},{"damage_healed":0.0,"max_hp_gain":0.0,"max_hp_loss":0.0,"gold_gain":0.0,"event_name":"Living Wall","player_choice":"Grow","floor":10.0,"gold_loss":0.0,"damage_taken":0.0,"cards_upgraded":["Sword Boomerang"]},{"damage_healed":0.0,"max_hp_gain":0.0,"max_hp_loss":0.0,"gold_gain":0.0,"event_name":"Golden Idol","player_choice":"Take Wound","floor":14.0,"gold_loss":0.0,"damage_taken":0.0,"relics_obtained":["Golden Idol"],"cards_obtained":["Injury"]},{"damage_healed":0.0,"max_hp_gain":0.0,"max_hp_loss":23.0,"gold_gain":0.0,"event_name":"Vampires","player_choice":"Became a vampire","floor":19.0,"gold_loss":0.0,"damage_taken":0.0,"cards_obtained":["Bite","Bite","Bite","Bite","Bite"]},{"cards_removed":["Defend_R"],"damage_healed":0.0,"max_hp_gain":0.0,"max_hp_loss":0.0,"gold_gain":0.0,"event_name":"Beggar","player_choice":"Gave Gold","floor":20.0,"gold_loss":75.0,"damage_taken":0.0},{"damage_healed":0.0,"max_hp_gain":0.0,"max_hp_loss":0.0,"gold_gain":0.0,"event_name":"Masked Bandits","player_choice":"Paid Fearfully","floor":21.0,"gold_loss":97.0,"damage_taken":0.0},{"damage_healed":0.0,"max_hp_gain":0.0,"max_hp_loss":0.0,"gold_gain":0.0,"event_name":"Cursed Tome","player_choice":"Obtained Book","floor":22.0,"gold_loss":0.0,"damage_taken":21.0},{"damage_healed":0.0,"max_hp_gain":0.0,"max_hp_loss":0.0,"gold_gain":0.0,"event_name":"Forgotten Altar","player_choice":"Gave Idol","floor":24.0,"relics_lost":["Golden Idol"],"gold_loss":0.0,"damage_taken":0.0,"relics_obtained":["Bloody Idol"]},{"damage_healed":0.0,"max_hp_gain":0.0,"max_hp_loss":0.0,"gold_gain":0.0,"event_name":"Accursed Blacksmith","player_choice":"Rummage","floor":36.0,"gold_loss":0.0,"damage_taken":0.0,"relics_obtained":["WarpedTongs"],"cards_obtained":["Pain"]},{"damage_healed":0.0,"max_hp_gain":0.0,"max_hp_loss":0.0,"gold_gain":0.0,"event_name":"Mysterious Sphere","player_choice":"Ignored","floor":38.0,"gold_loss":0.0,"damage_taken":0.0},{"damage_healed":0.0,"max_hp_gain":0.0,"max_hp_loss":0.0,"gold_gain":0.0,"event_name":"MindBloom","player_choice":"Fight","floor":39.0,"gold_loss":0.0,"damage_taken":0.0}],"is_beta":false,"boss_relics":[{"not_picked":["Runic Dome","Pandora\u0027s Box"],"picked":"Sozu"},{"not_picked":["SlaversCollar","Tiny House"],"picked":"Runic Cube"}],"items_purged_floors":[],"is_endless":false,"potions_floor_spawned":[1,8,16,18,33,37,39],"killed_by":"Maw","ascension_level":18}}