{"host":"0mf7robgulk01ko7","time":1608998240,"event":{"mods":["AchievementEnabler","BaseMod","Colored Map","DeckTracker","Minty Spire (QoL Compilation)","Quick Restart","Rare Cards Sparkle","Relic Stats","SuperFastMode"],"gold_per_floor":[111,126,146,221,146,146,173,173,173,207,281,281,281,296,296,373,373,387,146,165,5,5,5],"floor_reached":22,"playtime":579,"items_purged":["Strike_B"],"score":384,"play_id":"e6e0e6dc-bbe1-473b-bc93-92ea306cd798","local_time":"20201227005720","is_ascension_mode":true,"campfire_choices":[{"data":"Rip and Tear","floor":6,"key":"SMITH"},{"data":"Zap","floor":8,"key":"SMITH"},{"data":"Dualcast","floor":13,"key":"SMITH"},{"data":"Coolheaded","floor":15,"key":"SMITH"}],"circlet_count":0,"master_deck":["AscendersBane","Strike_B","Strike_B","Defend_B","Defend_B","Defend_B","Defend_B","Zap+1","Dualcast+1","Undo","Rip and Tear+1","Cold Snap","Gash","Hello World+1","Coolheaded+1","Echo Form+1","Capacitor+1","Heatsinks+1","Recycle","Heatsinks+1","White Noise"],"relics":["Cracked Core","NeowsBlessing","Frozen Egg 2","Omamori","Boot","Singing Bowl","FaceOfCleric","Sozu"],"acts_visited":["Exordium","TheCity"],"potions_floor_usage":[7,10,16],"damage_taken":[{"damage":0,"enemies":"Cultist","floor":1,"turns":1},{"damage":0,"enemies":"Small Slimes","floor":2,"turns":1},{"damage":0,"enemies":"Jaw Worm","floor":3,"turns":1},{"damage":9,"enemies":"Lagavulin","floor":7,"turns":6},{"damage":19,"enemies":"3 Sentries","floor":10,"turns":8},{"damage":1,"enemies":"Blue Slaver","floor":14,"turns":3},{"damage":11,"enemies":"Hexaghost","floor":16,"turns":11},{"damage":22,"enemies":"Shell Parasite","floor":18,"turns":5},{"damage":16,"enemies":"Spheric Guardian","floor":20,"turns":4},{"damage":28,"enemies":"Chosen and Byrds","floor":22,"turns":4}],"seed_played":"-5754016613114433919","potions_obtained":[{"floor":2,"key":"SkillPotion"},{"floor":3,"key":"Strength Potion"},{"floor":10,"key":"PotionOfCapacity"}],"is_trial":false,"path_per_floor":["M","M","M","?","?","R","E","R","T","E","T","?","R","M","R","B",null,"M","$","M","$","M"],"character_chosen":"DEFECT","items_purchased":["Heatsinks+1","Recycle","Heatsinks+1","White Noise"],"campfire_rested":0,"item_purchase_floors":[19,19,21,21],"current_hp_per_floor":[64,64,64,53,53,53,44,44,44,25,25,25,25,25,25,15,59,38,38,25,25,0,0],"gold":5,"neow_bonus":"THREE_ENEMY_KILL","is_daily":false,"chose_seed":false,"campfire_upgraded":4,"win_rate":0.0,"timestamp":1608998240,"path_taken":["M","M","?","?","?","R","E","R","T","E","?","?","R","M","R","BOSS","M","$","M","?","M"],"items_purchased_type":["Card","Card","Card","Card"],"build_version":"2020-12-22","purchased_purges":1,"victory":false,"max_hp_per_floor":[71,71,71,71,71,71,71,71,71,71,71,71,71,72,72,73,73,74,74,77,77,77,77],"relic_stats":{"Sozu":1,"Singing Bowl":2,"FaceOfCleric":4,"counters":[10,44],"Boot":[29],"obtain_stats":[{"Sozu":17,"NeowsBlessing":0,"Singing Bowl":11,"FaceOfCleric":12,"Omamori":9,"Frozen Egg 2":7,"Cracked Core":0,"Boot":10},{"Sozu":7,"NeowsBlessing":0,"Singing Bowl":5,"FaceOfCleric":5,"Omamori":4,"Frozen Egg 2":4,"Cracked Core":0,"Boot":5},{"Sozu":31,"NeowsBlessing":0,"Singing Bowl":17,"FaceOfCleric":17,"Omamori":9,"Frozen Egg 2":9,"Cracked Core":0,"Boot":17}]},"card_choices":[{"not_picked":["Rebound","Compile Driver"],"picked":"Undo","floor":1},{"not_picked":["Auto Shields","Gash"],"picked":"Rip and Tear","floor":2},{"not_picked":["Hologram","Gash"],"picked":"Cold Snap","floor":3},{"not_picked":["Force Field","Reinforced Body"],"picked":"Gash","floor":7},{"not_picked":["Stack","Double Energy"],"picked":"Hello World+1","floor":10},{"not_picked":["Leap","Rebound"],"picked":"Coolheaded","floor":14},{"not_picked":["Core Surge","Multi-Cast"],"picked":"Echo Form+1","floor":16},{"not_picked":["Rebound","Stack"],"picked":"Capacitor+1","floor":18},{"not_picked":["Scrape","Fusion","Go for the Eyes"],"picked":"Singing Bowl","floor":20}],"player_experience":410439,"relics_obtained":[{"floor":7,"key":"Frozen Egg 2"},{"floor":9,"key":"Omamori"},{"floor":10,"key":"Boot"},{"floor":11,"key":"Singing Bowl"}],"event_choices":[{"damage_healed":0,"gold_gain":75,"player_choice":"Gather Gold","damage_taken":11,"max_hp_gain":0,"max_hp_loss":0,"event_name":"World of Goop","floor":4,"gold_loss":0},{"cards_removed":["Strike_B"],"damage_healed":0,"gold_gain":0,"player_choice":"Card Removal","damage_taken":0,"max_hp_gain":0,"max_hp_loss":0,"event_name":"The Cleric","floor":5,"gold_loss":75},{"damage_healed":0,"gold_gain":0,"player_choice":"Trade","damage_taken":0,"relics_obtained":["FaceOfCleric"],"max_hp_gain":0,"max_hp_loss":0,"event_name":"FaceTrader","floor":12,"gold_loss":0}],"is_beta":false,"boss_relics":[{"not_picked":["Busted Crown","Calling Bell"],"picked":"Sozu"}],"items_purged_floors":[19],"is_endless":false,"potions_floor_spawned":[2,3,10,20],"killed_by":"Chosen and Byrds","ascension_level":20}}