{"host":"ssbj2e5691x5ub3h","time":1608997569,"event":{"mods":["BaseMod","Duelist Mod","Minty Spire (QoL Compilation)","StSLib"],"gold_per_floor":[140,157,157,172,188,222,233,233,233,183,183,214,288,315,315,413,413,413,413,413,413,413,413,413,413,413,328,328,328,328,133,133,133,133,133,40,40,40,40,40,40,40,40,40,40,40,40,40,40,40],"floor_reached":51,"playtime":3714,"items_purged":[],"score":1223,"play_id":"37000fdb-365f-4678-a9cb-725c6f2e1621","local_time":"20201226134609","is_ascension_mode":true,"campfire_choices":[{"data":"theDuelist:LightLaser","floor":8,"key":"SMITH"},{"data":"theDuelist:ScrapFactory","floor":11,"key":"SMITH"},{"floor":15,"key":"REST"},{"data":"theDuelist:GridRod","floor":24,"key":"SMITH"},{"floor":32,"key":"REST"},{"floor":40,"key":"REST"},{"floor":42,"key":"REST"},{"data":"theDuelist:Nameless:Power:KamionTimelord","floor":44,"key":"SMITH"},{"floor":49,"key":"REST"}],"circlet_count":0,"master_deck":["theDuelist:ScrapFactory+1","theDuelist:Sparks","theDuelist:GridRod+1","theDuelist:BeaverWarrior","theDuelist:ChaosSeed","theDuelist:SwordsConcealing","theDuelist:KamionTimelord","theDuelist:InfernoFireBlast","CurseOfTheBell","theDuelist:MagnumShield","theDuelist:PowerWall","theDuelist:GiantSoldier","theDuelist:Eva","theDuelist:BerserkerCrush","theDuelist:HappyLover+1","theDuelist:Invigoration+1","theDuelist:MillenniumShield","theDuelist:Tuningware","theDuelist:LightLaser+1","theDuelist:SwordsRevealing","theDuelist:HappyLover","theDuelist:YamiForm+1","theDuelist:BeaverWarrior","theDuelist:GravityAxe","theDuelist:CastleWalls","theDuelist:Nameless:Power:KamionTimelord+1","theDuelist:Nameless:Magic:PredaplantSarraceniant","theDuelist:GiantSoldier","theDuelist:FinalFlame","theDuelist:SilverApples","Parasite","theDuelist:VenomShot+2"],"relics":["theDuelist:MillenniumPuzzle","theDuelist:CardPoolRelic","theDuelist:CardPoolBasicRelic","theDuelist:BoosterPackPoolRelic","theDuelist:CardPoolAddRelic","theDuelist:CardPoolMinusRelic","theDuelist:CardPoolSaveRelic","theDuelist:CardPoolOptionsRelic","theDuelist:MillenniumRing","Peace Pipe","TungstenRod","Incense Burner","Ectoplasm","Cables","theDuelist:MetronomeRelicD","Ornamental Fan","Sling","Calling Bell","Potion Belt","theDuelist:MillenniumCoin","theDuelist:SummonAnchorRare","theDuelist:NamelessWarRelicB","Torii","Gambling Chip","Unceasing Top","Pocketwatch","Lizard Tail","PreservedInsect","theDuelist:WhiteBowlRelic"],"acts_visited":["Exordium","TheCity","TheBeyond"],"potions_floor_usage":[23,28,33,37,50],"damage_taken":[{"damage":0,"enemies":"2 Louse","floor":1,"turns":4},{"damage":0,"enemies":"Small Slimes","floor":2,"turns":4},{"damage":0,"enemies":"Jaw Worm","floor":4,"turns":4},{"damage":4,"enemies":"3 Louse","floor":5,"turns":5},{"damage":17,"enemies":"Gremlin Nob","floor":6,"turns":5},{"damage":0,"enemies":"Large Slime","floor":7,"turns":5},{"damage":3,"enemies":"Lagavulin","floor":12,"turns":7},{"damage":7,"enemies":"Gremlin Nob","floor":14,"turns":4},{"damage":20,"enemies":"The Guardian","floor":16,"turns":11},{"damage":0,"enemies":"Chosen","floor":18,"turns":5},{"damage":0,"enemies":"Shell Parasite","floor":20,"turns":5},{"damage":5,"enemies":"Chosen and Byrds","floor":21,"turns":10},{"damage":6,"enemies":"Centurion and Healer","floor":22,"turns":8},{"damage":0,"enemies":"Book of Stabbing","floor":23,"turns":8},{"damage":8,"enemies":"3 Cultists","floor":28,"turns":8},{"damage":10,"enemies":"Sentry and Sphere","floor":29,"turns":8},{"damage":8,"enemies":"Centurion and Healer","floor":30,"turns":7},{"damage":1,"enemies":"Champ","floor":33,"turns":11},{"damage":2,"enemies":"3 Shapes","floor":35,"turns":4},{"damage":0,"enemies":"3 Shapes","floor":37,"turns":10},{"damage":77,"enemies":"2 Orb Walkers","floor":39,"turns":10},{"damage":0,"enemies":"Nemesis","floor":41,"turns":7},{"damage":0,"enemies":"Giant Head","floor":45,"turns":7},{"damage":0,"enemies":"3 Darklings","floor":47,"turns":5},{"damage":0,"enemies":"Writhing Mass","floor":48,"turns":6},{"damage":0,"enemies":"Time Eater","floor":50,"turns":11}],"seed_played":"4758687303948117351","potions_obtained":[{"floor":2,"key":"Dexterity Potion"},{"floor":12,"key":"theDuelist:BurningPotionB"},{"floor":16,"key":"theDuelist:BarricadePotion"},{"floor":23,"key":"GhostInAJar"},{"floor":28,"key":"theDuelist:IcePotion"},{"floor":39,"key":"theDuelist:FreezingPotion"},{"floor":45,"key":"theDuelist:FlamingBottle"},{"floor":48,"key":"LiquidBronze"}],"is_trial":false,"path_per_floor":["M","M","?","M","M","E","M","R","T","?","R","E","?","E","R","B",null,"M","?","M","M","M","E","R","?","T","?","M","M","M","$","R","B",null,"M","?","?","$","?","R","E","R","T","R","E","?","M","M","R","B",null],"character_chosen":"THE_DUELIST","items_purchased":["Sling","theDuelist:MagnumShield"],"campfire_rested":5,"item_purchase_floors":[31,31],"current_hp_per_floor":[72,72,72,72,68,51,51,51,51,51,51,48,48,41,65,45,71,71,57,57,52,46,46,46,46,46,46,38,28,20,20,45,48,76,74,92,92,92,15,45,45,75,75,75,75,75,75,75,103,103],"gold":40,"neow_bonus":"ONE_RANDOM_RARE_CARD","is_daily":false,"chose_seed":false,"campfire_upgraded":4,"win_rate":0.0,"timestamp":1608997569,"path_taken":["M","M","?","M","M","E","M","R","T","?","R","E","?","E","R","BOSS","M","?","M","M","M","E","R","?","T","?","M","M","M","?","R","BOSS","M","?","?","?","?","R","E","R","T","R","E","?","?","?","R","BOSS"],"items_purchased_type":["Relic","Card"],"build_version":"2020-12-22","purchased_purges":0,"victory":true,"max_hp_per_floor":[80,80,80,80,80,80,80,80,80,80,80,80,80,80,80,80,80,80,85,85,85,85,85,85,85,85,85,85,85,85,85,85,85,85,85,103,103,103,103,103,103,103,103,103,103,103,103,103,103,103],"card_choices":[{"not_picked":["theDuelist:MeteorDestruction","theDuelist:MiracleFertilizer","theDuelist:LegendarySword"],"picked":"SKIP","floor":1},{"not_picked":["theDuelist:SpiritHarp","theDuelist:WhiteMagicalHat","theDuelist:MeteorDestruction"],"picked":"SKIP","floor":2},{"not_picked":["theDuelist:RainbowNeos","theDuelist:Eva"],"picked":"theDuelist:KamionTimelord","floor":4},{"not_picked":["theDuelist:MiracleFertilizer","theDuelist:LegendarySword"],"picked":"theDuelist:InfernoFireBlast","floor":5},{"not_picked":["theDuelist:ScrapFactory","theDuelist:WhiteMagicalHat","theDuelist:FluteKuriboh"],"picked":"SKIP","floor":6},{"not_picked":["theDuelist:WhiteMagicalHat","theDuelist:MeteorDestruction"],"picked":"theDuelist:PowerWall","floor":7},{"not_picked":["theDuelist:CoreBlaster","theDuelist:LegendarySword"],"picked":"theDuelist:BerserkerCrush","floor":12},{"not_picked":["theDuelist:WhiteHowling","theDuelist:ImperialOrder","theDuelist:Electrowhip","theDuelist:MiraculousDescent"],"picked":"SKIP","floor":14},{"not_picked":["theDuelist:RainbowNeos","theDuelist:KamionTimelord"],"picked":"theDuelist:Eva","floor":16},{"not_picked":["theDuelist:SwordsRevealing","theDuelist:Mathematician+1"],"picked":"theDuelist:MillenniumShield","floor":18},{"not_picked":["theDuelist:SevenCompleted+1","theDuelist:ForbiddenLance"],"picked":"theDuelist:SwordsConcealing","floor":20},{"not_picked":["theDuelist:WhiteHowling","theDuelist:ElectromagneticShield+1"],"picked":"theDuelist:GridRod","floor":21},{"not_picked":["theDuelist:RainbowNeos","theDuelist:DarkBurningAttack"],"picked":"theDuelist:Tuningware","floor":22},{"not_picked":["theDuelist:CombinationAttack","theDuelist:SparkBlaster"],"picked":"theDuelist:ChaosSeed","floor":23},{"not_picked":["theDuelist:MeteorDestruction","theDuelist:Hinotama","theDuelist:FuryFire"],"picked":"SKIP","floor":28},{"not_picked":["theDuelist:SparkBlaster+1","theDuelist:MeteorDestruction+1","theDuelist:MagicalStone+1"],"picked":"SKIP","floor":29},{"not_picked":["theDuelist:CombinationAttack+1","theDuelist:WhiteMagicalHat"],"picked":"theDuelist:Invigoration+1","floor":30},{"not_picked":["theDuelist:KamionTimelord","theDuelist:Eva+1"],"picked":"theDuelist:HappyLover","floor":33},{"not_picked":["theDuelist:RainbowNeos+1","theDuelist:Eva+1"],"picked":"theDuelist:HappyLover+1","floor":35},{"not_picked":["theDuelist:WhiteHowling","theDuelist:ImperialOrder","theDuelist:Electrowhip"],"picked":"theDuelist:GravityAxe","floor":37},{"not_picked":["theDuelist:PineappleBlast+1","theDuelist:AmuletAmbition"],"picked":"theDuelist:YamiForm+1","floor":39},{"not_picked":["theDuelist:MeteorDestruction+1","theDuelist:FluteKuriboh","theDuelist:Predaponics+1"],"picked":"SKIP","floor":41},{"not_picked":["theDuelist:RainbowNeos+1","theDuelist:HappyLover","theDuelist:Eva+1"],"picked":"SKIP","floor":45},{"not_picked":["theDuelist:SpellShatteringArrow+1","theDuelist:LegendHeart"],"picked":"theDuelist:SilverApples","floor":47},{"not_picked":["theDuelist:SparkBlaster+1","theDuelist:MagnumShield+3"],"picked":"theDuelist:VenomShot+2","floor":48}],"player_experience":238662,"relics_obtained":[{"floor":6,"key":"theDuelist:MillenniumRing"},{"floor":9,"key":"Peace Pipe"},{"floor":12,"key":"TungstenRod"},{"floor":14,"key":"Incense Burner"},{"floor":23,"key":"Cables"},{"floor":26,"key":"theDuelist:MetronomeRelicD"},{"floor":34,"key":"Potion Belt"},{"floor":34,"key":"theDuelist:MillenniumCoin"},{"floor":34,"key":"theDuelist:SummonAnchorRare"},{"floor":37,"key":"Torii"},{"floor":37,"key":"Gambling Chip"},{"floor":37,"key":"Unceasing Top"},{"floor":39,"key":"Pocketwatch"},{"floor":41,"key":"Lizard Tail"},{"floor":43,"key":"PreservedInsect"},{"floor":45,"key":"theDuelist:WhiteBowlRelic"}],"event_choices":[{"damage_healed":0,"gold_gain":0,"cards_transformed":["theDuelist:Sparks"],"player_choice":"Change","damage_taken":0,"max_hp_gain":0,"max_hp_loss":0,"event_name":"Living Wall","floor":3,"gold_loss":0,"cards_obtained":["theDuelist:SwordsRevealing"]},{"cards_removed":["theDuelist:CastleWalls"],"damage_healed":0,"gold_gain":0,"player_choice":"Card Removal","damage_taken":0,"max_hp_gain":0,"max_hp_loss":0,"event_name":"The Cleric","floor":10,"gold_loss":50},{"damage_healed":0,"gold_gain":74,"player_choice":"Gained Gold","damage_taken":0,"max_hp_gain":0,"max_hp_loss":0,"event_name":"Golden Wing","floor":13,"gold_loss":0},{"damage_healed":0,"gold_gain":0,"player_choice":"Shed Blood","damage_taken":20,"max_hp_gain":5,"max_hp_loss":0,"event_name":"Forgotten Altar","floor":19,"gold_loss":0},{"damage_healed":0,"gold_gain":0,"player_choice":"Leave","duelist":true,"damage_taken":0,"max_hp_gain":0,"max_hp_loss":0,"event_name":"Egyptian Village","floor":25,"gold_loss":0},{"damage_healed":0,"gold_gain":0,"player_choice":"Obtained Relic","damage_taken":0,"relics_obtained":["Ornamental Fan"],"max_hp_gain":0,"max_hp_loss":0,"event_name":"Addict","floor":27,"gold_loss":85},{"power_reward":4,"total_magic_score":89,"gold_gain":0,"duelist":true,"damage_taken":0,"relics_obtained":["theDuelist:NamelessWarRelicB"],"points":14,"war_reward":2,"max_hp_gain":18,"max_hp_loss":0,"spent_points":{"magic":4,"greed":0,"war":2,"power":4,"hunger":4},"event_name":"Nameless Tomb","hunger_reward":4,"floor":36,"gold_loss":93,"magic_reward":4,"cards_obtained":["theDuelist:Nameless:Power:KamionTimelord","theDuelist:Nameless:Magic:PredaplantSarraceniant"]},{"damage_healed":0,"gold_gain":0,"player_choice":"Fight","duelist":true,"damage_taken":0,"max_hp_gain":0,"max_hp_loss":0,"event_name":"Battle City","floor":37,"gold_loss":0},{"damage_healed":0,"gold_gain":0,"player_choice":"Fight","damage_taken":0,"max_hp_gain":0,"max_hp_loss":0,"event_name":"Mysterious Sphere","floor":39,"gold_loss":0},{"damage_healed":0,"gold_gain":0,"player_choice":"Leave","duelist":true,"damage_taken":0,"max_hp_gain":0,"max_hp_loss":0,"event_name":"Millennium Items","floor":46,"gold_loss":0}],"is_beta":false,"boss_relics":[{"not_picked":["Pandora\u0027s Box","Busted Crown"],"picked":"Ectoplasm"},{"not_picked":["HoveringKite","Velvet Choker"],"picked":"Calling Bell"}],"items_purged_floors":[],"is_endless":false,"potions_floor_spawned":[2,12,16,18,21,23,28,39,45,48],"ascension_level":8}}