{"host":"wg33yb1rgt3nbe17","time":1608951448,"event":{"mods":["AchievementEnabler","BaseMod","Colored Map","Minty Spire (QoL Compilation)","Permanent Neow","Relic Stats","StSLib"],"gold_per_floor":[112,130,146,157,107,135,135,160,234,234,250,267,280,298,298,397,397,407,407,322,338,338,338,338],"floor_reached":23,"playtime":896,"items_purged":[],"score":236,"play_id":"ff99f23d-fb56-4f2b-b0ff-60f540342cd7","local_time":"20201225215728","is_ascension_mode":true,"campfire_choices":[{"data":"Zap","floor":7,"key":"SMITH"},{"floor":15,"key":"REST"}],"circlet_count":0,"master_deck":["Defend_B","Defend_B","Defend_B+1","Zap+1","Dualcast+1","Glacier","Conserve Battery+1","Rebound","Auto Shields","Conserve Battery","Compile Driver","Ball Lightning","Cold Snap","Chaos","Cold Snap","Creative AI","Capacitor+1","Static Discharge+1","Steam Power+1","Coolheaded","Loop"],"relics":["Cracked Core","Strawberry","MealTicket","Du-Vu Doll","Gremlin Horn","Astrolabe","War Paint"],"acts_visited":["Exordium","TheCity"],"potions_floor_usage":[6,8,18],"damage_taken":[{"damage":4,"enemies":"Jaw Worm","floor":1,"turns":4},{"damage":2,"enemies":"2 Louse","floor":2,"turns":3},{"damage":3,"enemies":"Small Slimes","floor":3,"turns":3},{"damage":3,"enemies":"Blue Slaver","floor":4,"turns":4},{"damage":11,"enemies":"3 Sentries","floor":6,"turns":9},{"damage":15,"enemies":"Lagavulin","floor":8,"turns":9},{"damage":4,"enemies":"Looter","floor":11,"turns":3},{"damage":3,"enemies":"3 Louse","floor":12,"turns":2},{"damage":0,"enemies":"2 Fungi Beasts","floor":13,"turns":3},{"damage":0,"enemies":"Large Slime","floor":14,"turns":4},{"damage":32,"enemies":"The Guardian","floor":16,"turns":12},{"damage":18,"enemies":"2 Thieves","floor":18,"turns":4},{"damage":4,"enemies":"3 Byrds","floor":21,"turns":3},{"damage":60,"enemies":"Gremlin Leader","floor":23,"turns":5}],"seed_played":"-3620845709707578706","potions_obtained":[{"floor":3,"key":"DistilledChaos"},{"floor":4,"key":"Fruit Juice"},{"floor":6,"key":"PowerPotion"},{"floor":8,"key":"CultistPotion"},{"floor":12,"key":"Energy Potion"}],"is_trial":false,"path_per_floor":["M","M","M","M","?","E","R","E","T","?","M","M","M","M","R","B",null,"M","?","?","M","?","E"],"character_chosen":"DEFECT","items_purchased":[],"campfire_rested":1,"item_purchase_floors":[],"current_hp_per_floor":[78,76,73,70,70,59,59,44,44,28,24,21,21,21,45,13,82,64,64,64,60,60,0,0],"gold":338,"neow_bonus":"RANDOM_COMMON_RELIC","is_daily":false,"chose_seed":false,"campfire_upgraded":1,"win_rate":0.0,"timestamp":1608951448,"path_taken":["M","M","M","M","?","E","R","E","T","?","M","M","M","M","R","BOSS","M","?","?","M","?","E"],"items_purchased_type":[],"build_version":"2020-12-22","purchased_purges":0,"victory":false,"max_hp_per_floor":[82,82,82,82,82,82,82,82,82,82,82,82,82,82,82,82,82,82,82,82,82,82,82,82],"relic_stats":{"Gremlin Horn":[9,9],"counters":[14,68],"Astrolabe":["Capacitor","Static Discharge","Steam Power"],"MealTicket":0,"War Paint":["Conserve Battery","Defend_B"],"obtain_stats":[{"Du-Vu Doll":8,"Gremlin Horn":9,"Strawberry":0,"Astrolabe":17,"MealTicket":6,"War Paint":20,"Cracked Core":0},{"Du-Vu Doll":6,"Gremlin Horn":6,"Strawberry":0,"Astrolabe":11,"MealTicket":5,"War Paint":12,"Cracked Core":0},{"Du-Vu Doll":32,"Gremlin Horn":32,"Strawberry":0,"Astrolabe":56,"MealTicket":23,"War Paint":60,"Cracked Core":0}]},"card_choices":[{"not_picked":["Redo","Self Repair"],"picked":"Glacier","floor":1},{"not_picked":["Beam Cell","Glacier"],"picked":"Conserve Battery","floor":2},{"not_picked":["Recycle","Conserve Battery"],"picked":"Rebound","floor":3},{"not_picked":["Consume","Scrape"],"picked":"Auto Shields","floor":4},{"not_picked":["Recycle","Chill"],"picked":"Conserve Battery","floor":6},{"not_picked":["Steam Power","Beam Cell"],"picked":"Compile Driver","floor":8},{"not_picked":["Gash","Hologram"],"picked":"Ball Lightning","floor":11},{"not_picked":["Beam Cell","Redo"],"picked":"Cold Snap","floor":12},{"not_picked":["Gash","Hologram"],"picked":"Chaos","floor":13},{"not_picked":["Meteor Strike","Force Field"],"picked":"Cold Snap","floor":14},{"not_picked":["Hyperbeam","Rainbow"],"picked":"Creative AI","floor":16},{"not_picked":["Steam+1","Beam Cell"],"picked":"Coolheaded","floor":18},{"not_picked":["Auto Shields+1","Tempest+1"],"picked":"Loop","floor":21}],"player_experience":538132,"relics_obtained":[{"floor":6,"key":"MealTicket"},{"floor":8,"key":"Du-Vu Doll"},{"floor":9,"key":"Gremlin Horn"}],"event_choices":[{"cards_removed":["Strike_B"],"damage_healed":0,"gold_gain":0,"player_choice":"Card Removal","damage_taken":0,"max_hp_gain":0,"max_hp_loss":0,"event_name":"The Cleric","floor":5,"gold_loss":50},{"damage_healed":0,"gold_gain":0,"player_choice":"Entered Light","damage_taken":16,"max_hp_gain":0,"max_hp_loss":0,"event_name":"Shining Light","floor":10,"gold_loss":0,"cards_upgraded":["Strike_B","Dualcast"]},{"cards_removed":["Defend_B"],"damage_healed":0,"gold_gain":0,"player_choice":"Elegance","damage_taken":0,"max_hp_gain":0,"max_hp_loss":0,"event_name":"Back to Basics","floor":19,"gold_loss":0},{"damage_healed":0,"gold_gain":0,"player_choice":"Obtained Relic","damage_taken":0,"relics_obtained":["War Paint"],"max_hp_gain":0,"max_hp_loss":0,"event_name":"Addict","floor":20,"gold_loss":85},{"damage_healed":0,"gold_gain":0,"player_choice":"Ignored","damage_taken":0,"max_hp_gain":0,"max_hp_loss":0,"event_name":"Ghosts","floor":22,"gold_loss":0}],"is_beta":false,"boss_relics":[{"not_picked":["SlaversCollar","SacredBark"],"picked":"Astrolabe"}],"items_purged_floors":[],"is_endless":false,"potions_floor_spawned":[3,4,6,8,12],"killed_by":"Gremlin Leader","ascension_level":3}}