{"host":"hhqi7w94rsi31r70","time":1608963515,"event":{"mods":["Act Like it!","BaseMod","Colored Map","GifTheSpireLib","Hallownest","Highlight Path","Minty Spire (QoL Compilation)","Robot Space Explorer","Shade Mod","StSLib","The Hierophant","The Saiyan","The Servant 0.9.4","[地精首领爬塔]The Maniac"],"gold_per_floor":[112,62,79,79,104,104,119,138,138,158,158,158,3,3,3,3,3],"floor_reached":16,"playtime":1005,"items_purged":["maniac:Strike"],"score":92,"play_id":"23f452b9-91f7-488c-a01d-a4309db5ce42","local_time":"20201226141835","is_ascension_mode":false,"campfire_choices":[{"data":"maniac:BurnBlood","floor":6,"key":"SMITH"},{"data":"maniac:SecretBackups","floor":11,"key":"SMITH"},{"floor":15,"key":"REST"}],"circlet_count":0,"master_deck":["maniac:Strike","maniac:Strike","maniac:Strike","maniac:Defend","maniac:Defend","maniac:Defend","maniac:Defend","maniac:BurnBlood+1","maniac:AbyssShackle","maniac:SecretBackups+1","maniac:Feint","maniac:Confront","maniac:WardAndDefend","maniac:FindAShortcut","maniac:ObscuredAttack"],"relics":["maniac:DamagedAnvil","maniac:BrokenHorn","NeowsBlessing","Golden Idol","Torii","CaptainsWheel"],"acts_visited":["Exordium"],"potions_floor_usage":[],"damage_taken":[{"damage":0,"enemies":"2 Louse","floor":1,"turns":1},{"damage":0,"enemies":"Small Slimes","floor":3,"turns":1},{"damage":0,"enemies":"Jaw Worm","floor":5,"turns":1},{"damage":19,"enemies":"Gremlin Gang","floor":7,"turns":3},{"damage":4,"enemies":"Blue Slaver","floor":8,"turns":3},{"damage":7,"enemies":"Lots of Slimes","floor":10,"turns":3},{"damage":24,"enemies":"The Guardian","floor":16,"turns":8}],"seed_played":"-4818739763447449674","potions_obtained":[{"floor":5,"key":"SpeedPotion"},{"floor":10,"key":"FairyPotion"}],"is_trial":false,"path_per_floor":["M","?","M","?","M","R","M","M","T","M","R","?","$","$","R","B"],"character_chosen":"THE_MANIAC","items_purchased":["maniac:ObscuredAttack"],"campfire_rested":1,"item_purchase_floors":[13],"current_hp_per_floor":[80,80,80,60,60,60,41,37,37,30,30,5,5,5,29,5,5],"gold":3,"neow_bonus":"THREE_ENEMY_KILL","is_daily":false,"chose_seed":false,"campfire_upgraded":2,"win_rate":0.0,"timestamp":1608963515,"path_taken":["M","?","M","?","M","R","M","M","T","M","R","?","?","$","R","BOSS"],"items_purchased_type":["Card"],"build_version":"2020-12-22","purchased_purges":1,"victory":false,"max_hp_per_floor":[80,80,80,80,80,80,80,80,80,80,80,80,80,80,80,80,80],"card_choices":[{"not_picked":["maniac:PanickyParry","maniac:UntravelledPath"],"picked":"maniac:SecretBackups","floor":1},{"not_picked":["maniac:WardAndDefend","maniac:ListenToNone"],"picked":"maniac:Feint","floor":3},{"not_picked":["maniac:UntravelledPath","maniac:BladeArtist","maniac:ListenToNone"],"picked":"SKIP","floor":5},{"not_picked":["maniac:SpectralKnives","maniac:Intimidate"],"picked":"maniac:Confront","floor":7},{"not_picked":["maniac:SeeingDetails","maniac:MeleeStrike"],"picked":"maniac:WardAndDefend","floor":8},{"not_picked":["maniac:UntravelledPath","maniac:WardAndDefend"],"picked":"maniac:FindAShortcut","floor":10}],"player_experience":482015,"relics_obtained":[{"floor":9,"key":"Torii"}],"event_choices":[{"cards_removed":["maniac:Strike"],"damage_healed":0,"gold_gain":0,"player_choice":"Card Removal","damage_taken":0,"max_hp_gain":0,"max_hp_loss":0,"event_name":"The Cleric","floor":2,"gold_loss":50},{"damage_healed":0,"gold_gain":0,"player_choice":"Take Damage","damage_taken":20,"relics_obtained":["Golden Idol"],"max_hp_gain":0,"max_hp_loss":0,"event_name":"Golden Idol","floor":4,"gold_loss":0},{"damage_healed":0,"gold_gain":0,"player_choice":"Success","damage_taken":25,"relics_obtained":["CaptainsWheel"],"max_hp_gain":0,"max_hp_loss":0,"event_name":"Scrap Ooze","floor":12,"gold_loss":0}],"is_beta":false,"boss_relics":[],"items_purged_floors":[13],"is_endless":false,"potions_floor_spawned":[5,10],"killed_by":"The Guardian","ascension_level":0}}