{"host":"bq4pt811tk9yrmjl","time":1608984886,"event":{"mods":["AchievementEnabler","BaseMod","Colored Map","Colored Powertips","Defuse TimeMaze Blight","Minty Spire (QoL Compilation)","StSLib","SuperFastMode","UnlockEverythingMod"],"gold_per_floor":[114,114,114,39,39,79,79,122,122,122,149,170,188,188,188,313,313,336,336,352,352,352],"floor_reached":21,"playtime":478,"items_purged":["Injury"],"score":247,"play_id":"b008e6dd-5ef2-4bac-92d9-b73443fe478b","local_time":"20201226101446","is_ascension_mode":true,"campfire_choices":[{"data":"Vigilance","floor":7.0,"key":"SMITH"},{"data":"Wireheading","floor":10.0,"key":"SMITH"},{"data":"Prostrate","floor":15.0,"key":"SMITH"}],"circlet_count":0,"master_deck":["Strike_P","Strike_P+1","Strike_P","Strike_P","Defend_P","Defend_P","Defend_P","Defend_P","Eruption+1","Vigilance+1","FlyingSleeves","JustLucky","Wireheading+1","Prostrate+1","CarveReality","Ragnarok","Consecrate","Protect"],"relics":["PureWater","NeowsBlessing","Golden Idol","Whetstone","Dream Catcher","The Courier","Sozu"],"acts_visited":["Exordium","TheCity"],"potions_floor_usage":[16,16],"damage_taken":[{"damage":0.0,"enemies":"Cultist","floor":1.0,"turns":1.0},{"damage":0.0,"enemies":"Lagavulin","floor":6.0,"turns":1.0},{"damage":0.0,"enemies":"Gremlin Nob","floor":8.0,"turns":1.0},{"damage":2.0,"enemies":"Small Slimes","floor":12.0,"turns":3.0},{"damage":1.0,"enemies":"Jaw Worm","floor":13.0,"turns":4.0},{"damage":41,"enemies":"Hexaghost","floor":16,"turns":12},{"damage":17,"enemies":"Shell Parasite","floor":18,"turns":5},{"damage":5,"enemies":"Chosen","floor":20,"turns":4},{"damage":2,"enemies":"Centurion and Healer","floor":21,"turns":4}],"seed_played":"-4996130148708302591","potions_obtained":[{"floor":1.0,"key":"PowerPotion"},{"floor":8.0,"key":"DuplicationPotion"},{"floor":13.0,"key":"AttackPotion"}],"is_trial":false,"path_per_floor":["M","$","?","$","?","E","R","E","T","R","T","M","M","?","R","B",null,"M","?","M","M"],"character_chosen":"WATCHER","items_purchased":[],"campfire_rested":0,"item_purchase_floors":[],"current_hp_per_floor":[72,72,72,72,72,72,72,72,72,72,72,70,69,74,74,33,77,60,60,55,53,53],"gold":352,"neow_bonus":"THREE_ENEMY_KILL","is_daily":false,"chose_seed":false,"campfire_upgraded":3,"win_rate":0.0,"timestamp":1608984886,"path_taken":["M","$","?","$","?","E","R","E","T","R","?","M","M","?","R","BOSS","M","?","M","M"],"items_purchased_type":[],"build_version":"2020-12-22","purchased_purges":1,"victory":false,"max_hp_per_floor":[72,72,72,72,72,72,72,72,72,72,72,72,72,77,77,77,77,77,77,77,77,77],"card_choices":[{"not_picked":["Meditate","PathToVictory"],"picked":"FlyingSleeves","floor":1.0},{"not_picked":["Tantrum","EmptyFist"],"picked":"JustLucky","floor":6.0},{"not_picked":["LessonLearned","Nirvana"],"picked":"Wireheading","floor":8.0},{"not_picked":["BowlingBash","JustLucky"],"picked":"Prostrate","floor":12.0},{"not_picked":["CutThroughFate","SashWhip"],"picked":"CarveReality","floor":13.0},{"not_picked":["LessonLearned","DeusExMachina"],"picked":"Ragnarok","floor":16},{"not_picked":["FlyingSleeves","CrushJoints"],"picked":"Consecrate","floor":18},{"not_picked":["Evaluate","CrushJoints"],"picked":"Protect","floor":20}],"player_experience":117751,"relics_obtained":[{"floor":6.0,"key":"Whetstone"},{"floor":8.0,"key":"Dream Catcher"},{"floor":9.0,"key":"The Courier"}],"event_choices":[{"damage_healed":0.0,"max_hp_gain":0.0,"max_hp_loss":0.0,"gold_gain":0.0,"event_name":"Golden Idol","player_choice":"Take Wound","floor":3.0,"gold_loss":0.0,"damage_taken":0.0,"relics_obtained":["Golden Idol"],"cards_obtained":["Injury"]},{"damage_healed":0.0,"max_hp_gain":0.0,"max_hp_loss":0.0,"gold_gain":0.0,"event_name":"Golden Wing","player_choice":"Ignored","floor":5.0,"gold_loss":0.0,"damage_taken":0.0},{"damage_healed":0.0,"max_hp_gain":5.0,"max_hp_loss":0.0,"gold_gain":0.0,"event_name":"Big Fish","player_choice":"Donut","floor":14.0,"gold_loss":0.0,"damage_taken":0.0},{"damage_healed":0,"gold_gain":0,"player_choice":"Bought 0 Potions","damage_taken":0,"max_hp_gain":0,"max_hp_loss":0,"event_name":"The Woman in Blue","floor":19,"gold_loss":0}],"is_beta":false,"boss_relics":[{"not_picked":["Tiny House","Runic Dome"],"picked":"Sozu"}],"items_purged_floors":[4],"is_endless":false,"potions_floor_spawned":[1,8,13,18,20],"killed_by":"Centurion and Healer","ascension_level":1}}