{"host":"5bdt6s51dmpd4l3v","time":1608980908,"event":{"mods":["AchievementEnabler","BaseMod","Colored Map","Colored Powertips","Highlight Path","Minty Spire (QoL Compilation)","Quick Restart","Rare Cards Sparkle","StSLib"],"gold_per_floor":[117,61,72,72,72,72,115,115,138,176,176,326,366,384,384,384,384],"floor_reached":16,"playtime":288,"items_purged":[],"score":261,"play_id":"3ff41b95-1b33-4d5d-95db-58721d2c0bbb","local_time":"20201226190828","is_ascension_mode":true,"campfire_choices":[{"data":"Flex","floor":6,"key":"SMITH"},{"data":"Body Slam","floor":8,"key":"SMITH"},{"data":"Shockwave","floor":11,"key":"SMITH"},{"floor":15,"key":"REST"}],"circlet_count":0,"master_deck":["AscendersBane","Strike_R","Strike_R","Strike_R","Strike_R","Strike_R","Defend_R","Defend_R","Defend_R","Defend_R","Bash","Body Slam+1","Flex+1","Heavy Blade","Twin Strike","Shockwave+1","Doubt","Hemokinesis"],"relics":["Burning Blood","NeowsBlessing","Golden Idol","White Beast Statue","Regal Pillow","Unceasing Top","MealTicket"],"acts_visited":["Exordium"],"potions_floor_usage":[10,10,13,14,16],"damage_taken":[{"damage":0,"enemies":"2 Louse","floor":1,"turns":1},{"damage":0,"enemies":"Cultist","floor":3,"turns":1},{"damage":0,"enemies":"Lagavulin","floor":7,"turns":1},{"damage":16,"enemies":"3 Sentries","floor":10,"turns":7},{"damage":13,"enemies":"Gremlin Nob","floor":13,"turns":3},{"damage":14,"enemies":"Jaw Worm","floor":14,"turns":2},{"damage":68,"enemies":"Hexaghost","floor":16,"turns":9}],"seed_played":"-7583637017265717854","potions_obtained":[{"floor":1,"key":"Dexterity Potion"},{"floor":3,"key":"AttackPotion"},{"floor":10,"key":"LiquidMemories"},{"floor":13,"key":"Explosive Potion"},{"floor":14,"key":"Explosive Potion"}],"is_trial":false,"path_per_floor":["M","$","M","$","?","R","E","R","T","E","R","?","E","M","R","B"],"character_chosen":"IRONCLAD","items_purchased":["Flex"],"campfire_rested":1,"item_purchase_floors":[2],"current_hp_per_floor":[74,74,75,75,49,49,55,55,55,45,45,45,38,30,67,0,0],"gold":384,"neow_bonus":"THREE_ENEMY_KILL","is_daily":false,"chose_seed":false,"campfire_upgraded":3,"win_rate":0.0,"timestamp":1608980908,"path_taken":["M","$","M","$","?","R","E","R","T","E","R","?","E","M","R","BOSS"],"items_purchased_type":["Card"],"build_version":"2020-12-22","purchased_purges":0,"victory":false,"max_hp_per_floor":[75,75,75,75,75,75,75,75,75,75,75,75,75,75,75,75,75],"card_choices":[{"not_picked":["Evolve","Reckless Charge"],"picked":"Body Slam","floor":1},{"not_picked":["Metallicize","Havoc"],"picked":"Heavy Blade","floor":3},{"not_picked":["Metallicize","Wild Strike"],"picked":"Twin Strike","floor":7},{"not_picked":["Wild Strike","Sentinel"],"picked":"Shockwave","floor":10},{"not_picked":["Searing Blow","Havoc"],"picked":"Hemokinesis","floor":13},{"not_picked":["Rupture","Heavy Blade","Disarm"],"picked":"SKIP","floor":14}],"player_experience":245720,"relics_obtained":[{"floor":7,"key":"White Beast Statue"},{"floor":9,"key":"Regal Pillow"},{"floor":10,"key":"Unceasing Top"},{"floor":13,"key":"MealTicket"}],"event_choices":[{"damage_healed":0,"gold_gain":0,"player_choice":"Take Damage","damage_taken":26,"relics_obtained":["Golden Idol"],"max_hp_gain":0,"max_hp_loss":0,"event_name":"Golden Idol","floor":5,"gold_loss":0},{"damage_healed":0,"gold_gain":150,"player_choice":"AGREE","damage_taken":0,"max_hp_gain":0,"max_hp_loss":0,"event_name":"Liars Game","floor":12,"gold_loss":0,"cards_obtained":["Doubt"]}],"is_beta":false,"boss_relics":[],"items_purged_floors":[],"is_endless":false,"potions_floor_spawned":[1,3,10,13,14],"killed_by":"Hexaghost","ascension_level":17}}