{"host":"wbdly04l9mkn9nrc","time":1608976531,"event":{"mods":["AchievementEnabler","BaseMod","BetterRewards","Minty Spire (QoL Compilation)","StSLib","[IsaacMod]ÒÔÈö¼âËþ"],"gold_per_floor":[118,5,23,23,74,100,200,226,226,246,246,246,264,276,276,353,353,366,385,385,271,271,271,282,282,282,298,298,314,178,208,208,287,287,303,318,318,245,245,272,272,285,339,339,349,365,393,81,81,81],"floor_reached":51,"playtime":2409,"items_purged":["Strike_R","Defend_R","Strike_R","Clumsy"],"score":1634,"play_id":"2dc97483-40a4-424a-ae92-baf8c79badc6","local_time":"20201226175531","is_ascension_mode":true,"campfire_choices":[{"data":"True Grit","floor":11.0,"key":"SMITH"},{"data":"Armaments","floor":15.0,"key":"SMITH"},{"data":"EpicFetus","floor":23.0,"key":"SMITH"},{"data":"Uppercut","floor":25.0,"key":"SMITH"},{"data":"Double Tap","floor":32.0,"key":"SMITH"},{"data":"Offering","floor":44,"key":"SMITH"},{"data":"Armaments","floor":49,"key":"SMITH"}],"circlet_count":0,"master_deck":["AscendersBane","Strike_R+1","Defend_R+1","Defend_R","Bash","EpicFetus+1","Double Tap+1","Burning Pact+1","Immolate","Armaments+1","Rampage","Feed","True Grit+1","Dual Wield+1","Shrug It Off","Bludgeon","Chrysalis","Bloodletting+1","Uppercut+1","Battle Trance","Disarm+1","Pommel Strike","Offering+1","Inflame","Impervious","Shockwave+1","Shrug It Off+1","Armaments+1"],"relics":["Burning Blood","HushsDoor","Vajra","PreservedInsect","SteamSale","Letter Opener","Ginger","Bottled Tornado","Cursed Key","Red Skull","Kunai","Lantern","Akabeko","Empty Cage","BookOfRevelations","AnarchistCookbook","War Paint","CeramicFish","Thread and Needle","Boot"],"acts_visited":["Exordium","TheCity","TheBeyond"],"potions_floor_usage":[50],"damage_taken":[{"damage":0.0,"enemies":"Small Slimes","floor":1.0,"turns":4.0},{"damage":7.0,"enemies":"Jaw Worm","floor":3.0,"turns":2.0},{"damage":9.0,"enemies":"Gremlin Nob","floor":6.0,"turns":3.0},{"damage":5.0,"enemies":"3 Sentries","floor":8.0,"turns":2.0},{"damage":8.0,"enemies":"2 Louse","floor":10.0,"turns":3.0},{"damage":9.0,"enemies":"Gremlin Gang","floor":13.0,"turns":2.0},{"damage":11.0,"enemies":"Lots of Slimes","floor":14.0,"turns":3.0},{"damage":0.0,"enemies":"Slime Boss","floor":16.0,"turns":4.0},{"damage":30.0,"enemies":"3 Byrds","floor":18.0,"turns":4.0},{"damage":20.0,"enemies":"2 Thieves","floor":19.0,"turns":3.0},{"damage":19.0,"enemies":"Snake Plant","floor":24.0,"turns":2.0},{"damage":30.0,"enemies":"Shelled Parasite and Fungi","floor":27.0,"turns":3.0},{"damage":13.0,"enemies":"Centurion and Healer","floor":29.0,"turns":3.0},{"damage":4.0,"enemies":"Book of Stabbing","floor":31.0,"turns":3.0},{"damage":20.0,"enemies":"Champ","floor":33.0,"turns":6.0},{"damage":22.0,"enemies":"3 Darklings","floor":35.0,"turns":3.0},{"damage":24.0,"enemies":"3 Shapes","floor":36.0,"turns":3.0},{"damage":0.0,"enemies":"Giant Head","floor":40.0,"turns":4.0},{"damage":26,"enemies":"Spire Growth","floor":42,"turns":3},{"damage":3,"enemies":"Jaw Worm Horde","floor":45,"turns":1},{"damage":0,"enemies":"Transient","floor":46,"turns":5},{"damage":15,"enemies":"Reptomancer","floor":47,"turns":3},{"damage":13,"enemies":"Awakened One","floor":50,"turns":9}],"seed_played":"-2788886097588929619","potions_obtained":[{"floor":1.0,"key":"DuplicationPotion"},{"floor":10.0,"key":"HeartOfIron"},{"floor":14.0,"key":"Dexterity Potion"},{"floor":24.0,"key":"BloodPotion"},{"floor":27.0,"key":"AttackPotion"},{"floor":45,"key":"LiquidBronze"},{"floor":47,"key":"Energy Potion"}],"is_trial":false,"path_per_floor":["M","$","M","?","?","E","?","E","T","M","R","?","M","M","R","B",null,"M","M","?","$","?","R","M","R","T","M","?","M","$","E","R","B",null,"M","M","?","$","?","E","$","M","T","R","M","M","E","$","R","B",null],"character_chosen":"IRONCLAD","items_purchased":["Vajra","PreservedInsect","Double Tap","Fruit Juice","Explosive Potion","Immolate","Armaments","Chrysalis","Red Skull","Battle Trance","Lantern","BookOfRevelations","Thread and Needle","Boot","Armaments"],"campfire_rested":0,"item_purchase_floors":[0,0,0,0,0,2,2,17,21,21,30,38,48,48,48],"current_hp_per_floor":[61,61,60,43,43,40,40,41,41,39,39,39,39,38,38,44,77,53,39,39,39,68,68,55,55,55,48,48,41,41,43,43,29,73,57,39,39,39,77,77,77,57,57,57,60,66,57,57,57,50],"gold":81,"neow_bonus":"","is_daily":false,"chose_seed":false,"campfire_upgraded":7,"win_rate":0.0,"timestamp":1608976531,"path_taken":["M","$","M","?","?","E","?","E","T","M","R","?","?","M","R","BOSS","M","M","?","$","?","R","M","R","T","M","?","?","?","E","R","BOSS","M","M","?","$","?","E","$","M","T","R","M","M","E","$","R","BOSS"],"items_purchased_type":["Relic","Relic","Card","Potion","Potion","Card","Card","Card","Relic","Card","Relic","Relic","Relic","Relic","Card"],"build_version":"2020-12-22","purchased_purges":4,"victory":true,"max_hp_per_floor":[85,85,85,85,85,85,85,85,85,85,85,85,88,92,92,92,88,88,88,88,88,88,88,88,88,88,88,88,88,88,88,88,88,88,88,88,88,88,77,77,77,77,77,77,77,77,77,77,77,77],"card_choices":[{"not_picked":[],"picked":"EpicFetus","floor":0.0},{"not_picked":["Blood for Blood","Intimidate"],"picked":"Burning Pact","floor":1.0},{"not_picked":["Perfected Strike","Heavy Blade","Intimidate"],"picked":"SKIP","floor":3.0},{"not_picked":["Clothesline","Warcry"],"picked":"Rampage","floor":6.0},{"not_picked":["Seeing Red","Thunderclap"],"picked":"Feed","floor":7.0},{"not_picked":["Pummel","Sentinel"],"picked":"True Grit","floor":8.0},{"not_picked":["Power Through","Reckless Charge","Heavy Blade"],"picked":"SKIP","floor":10.0},{"not_picked":["Combust","Clash"],"picked":"Shrug It Off","floor":13.0},{"not_picked":["Clothesline","Sever Soul"],"picked":"Bomb","floor":14.0},{"not_picked":["Barricade","Impervious"],"picked":"Bludgeon","floor":16.0},{"not_picked":["True Grit","Entrench+1"],"picked":"Bloodletting+1","floor":18.0},{"not_picked":["Ghostly Armor","Thunderclap+1"],"picked":"Uppercut","floor":19.0},{"not_picked":["True Grit","Flame Barrier","Iron Wave"],"picked":"SKIP","floor":24.0},{"not_picked":["Battle Trance","Shockwave"],"picked":"Disarm+1","floor":27.0},{"not_picked":["Dark Embrace+1","Anger"],"picked":"Pommel Strike","floor":29.0},{"not_picked":["Thunderclap","True Grit","Hemokinesis"],"picked":"SKIP","floor":31.0},{"not_picked":["Bludgeon","Double Tap"],"picked":"Offering","floor":33.0},{"not_picked":["Twin Strike","Headbutt"],"picked":"Inflame","floor":35.0},{"not_picked":["Headbutt","True Grit","Havoc"],"picked":"SKIP","floor":36.0},{"not_picked":["Perfected Strike","Cleave"],"picked":"Impervious","floor":40.0},{"not_picked":["Wild Strike+1","Clothesline"],"picked":"Shockwave+1","floor":42},{"not_picked":["Ghostly Armor","Headbutt"],"picked":"Shrug It Off+1","floor":45},{"not_picked":["True Grit","Clash+1","Headbutt"],"picked":"SKIP","floor":46},{"not_picked":["Reaper","Armaments","Blood for Blood"],"picked":"SKIP","floor":47}],"player_experience":116797,"relics_obtained":[{"floor":6.0,"key":"Letter Opener"},{"floor":8.0,"key":"Ginger"},{"floor":9.0,"key":"Bottled Tornado"},{"floor":26.0,"key":"Kunai"},{"floor":31.0,"key":"Akabeko"},{"floor":40.0,"key":"AnarchistCookbook"},{"floor":43,"key":"War Paint"},{"floor":47,"key":"CeramicFish"}],"event_choices":[{"damage_healed":0.0,"max_hp_gain":0.0,"max_hp_loss":0.0,"gold_gain":0.0,"event_name":"Shining Light","player_choice":"Entered Light","floor":4.0,"gold_loss":0.0,"damage_taken":17.0,"cards_upgraded":["Strike_R","Defend_R"]},{"damage_healed":0.0,"max_hp_gain":0.0,"max_hp_loss":0.0,"gold_gain":51.0,"event_name":"Golden Wing","player_choice":"Gained Gold","floor":5.0,"gold_loss":0.0,"damage_taken":0.0},{"damage_healed":0.0,"max_hp_gain":0.0,"max_hp_loss":0.0,"gold_gain":0.0,"cards_transformed":["Strike_R"],"event_name":"Living Wall","player_choice":"Change","floor":12.0,"gold_loss":0.0,"damage_taken":0.0,"cards_obtained":["Dual Wield"]},{"damage_healed":29.0,"max_hp_gain":0.0,"max_hp_loss":0.0,"gold_gain":0.0,"event_name":"The Library","player_choice":"Heal","floor":22.0,"gold_loss":0.0,"damage_taken":0.0},{"cards_removed":["Shame"],"damage_healed":0.0,"max_hp_gain":0.0,"max_hp_loss":0.0,"gold_gain":0.0,"event_name":"Back to Basics","player_choice":"Elegance","floor":28.0,"gold_loss":0.0,"damage_taken":0.0},{"damage_healed":0.0,"max_hp_gain":0.0,"max_hp_loss":0.0,"gold_gain":0.0,"event_name":"SecretPortal","player_choice":"Ignored","floor":37.0,"gold_loss":0.0,"damage_taken":0.0},{"damage_healed":77.0,"max_hp_gain":0.0,"max_hp_loss":11.0,"gold_gain":0.0,"event_name":"The Moai Head","player_choice":"Heal","floor":39.0,"gold_loss":0.0,"damage_taken":0.0}],"is_beta":false,"boss_relics":[{"not_picked":["SacredBark","Snecko Eye"],"picked":"Cursed Key"},{"not_picked":[]},{"not_picked":["Runic Cube","Tiny House"],"picked":"Empty Cage"},{"not_picked":[]}],"items_purged_floors":[0,2,30,48],"is_endless":false,"potions_floor_spawned":[1,6,10,14,24,27,33,45,47],"ascension_level":13}}