{"host":"ixtszv54kd1m8623","time":1608999653,"event":{"mods":["Act Like it!","Aspiration","BaseMod","Beaked The Cultist","ChefMod","Colored Map","Colored Powertips","Conspire","Downfall","Gensokyo","Halation","Hermit","Hubris","Infinite Spire","Jorbs\u0027s Wanderer Trilogy","Minty Spire (QoL Compilation)","Replay The Spire","Robot Space Explorer","Shade Mod","Shop Mod","StSLib","The Blackbeard","The Bug Knight","The Cursed","The Dragon Tamer","The Marked","The Runesmith"],"gold_per_floor":[99,113,113,132,149,180,180,198,373,402,412,428,49,79,89,89,89,89],"floor_reached":16,"playtime":853,"items_purged":[],"score":139,"play_id":"d1f290c3-f526-4cc6-a7a0-d184dc43636f","local_time":"20201226082053","is_ascension_mode":false,"metric_token":1747,"campfire_choices":[{"data":"DTMod:SwitchingTactic","floor":1,"key":"SMITH"}],"dtmod_dragon_data":[6,50,-1,-1,0,0],"circlet_count":0,"master_deck":["DTMod:Strike","DTMod:Strike","DTMod:Strike","DTMod:Strike","DTMod:DoubleHit","DTMod:TargetDefense","DTMod:TargetDefense","DTMod:TargetDefense","DTMod:TargetDefense","DTMod:SwitchingTactic+1","DTMod:DragonDance","DTMod:BlazingStrike","DTMod:HeatWave","DTMod:MasterPlan","DTMod:BurningEnergy","Doubt","DTMod:TauntingStrike","DTMod:ComboAttack","DTMod:TagTeam","DTMod:Observe","DTMod:BurningEnergy+1","DTMod:HeatWave","DTMod:Hide","DTMod:PurifyingFlame","DTMod:DarkBreath","DTMod:Feint"],"relics":["DTMod:PactStone","Chameleon Ring","ReplayTheSpireMod:Lightbulb","Bag of Marbles","halation:PromiseList","Replay:Arrowhead"],"acts_visited":["Exordium"],"potions_floor_usage":[10,14,16],"damage_taken":[{"damage":0,"enemies":"2 Louse","floor":2,"turns":3},{"damage":4,"enemies":"Cultist","floor":4,"turns":4},{"damage":0,"enemies":"Jaw Worm","floor":5,"turns":3},{"damage":24,"enemies":"3 Sentries","floor":6,"turns":9},{"damage":0,"enemies":"2 Fungi Beasts","floor":8,"turns":3},{"damage":0,"enemies":"Gremlin Nob","floor":10,"turns":5},{"damage":0,"enemies":"3 Louse","floor":11,"turns":3},{"damage":0,"enemies":"Lots of Slimes","floor":12,"turns":4},{"damage":0,"enemies":"downfall:FleeingMerchant","floor":13,"turns":4},{"damage":5,"enemies":"conspire:MimicChest","floor":14,"turns":8},{"damage":0,"enemies":"Exordium Wildlife","floor":15,"turns":4},{"damage":24,"enemies":"downfall:Watcher","floor":16,"turns":5}],"seed_played":"-5532676005082308829","potions_obtained":[{"floor":2,"key":"sneckomod:MuddlingPotion"},{"floor":5,"key":"Ancient Potion"},{"floor":8,"key":"Adrenaline Potion"},{"floor":12,"key":"LifebloodPotion"},{"floor":14,"key":"CultistPotion"}],"is_trial":false,"path_per_floor":["R","M","?","M","M","E","T","M","?","E","M","M","$","?","M","B"],"character_chosen":"THE_DT","items_purchased":["halation:PromiseList","DTMod:BurningEnergy+1","DTMod:HeatWave","DTMod:Hide","DTMod:PurifyingFlame"],"campfire_rested":0,"item_purchase_floors":[13,13,13,13,13],"current_hp_per_floor":[53,53,53,49,49,25,25,25,25,25,25,25,25,20,20,0,0,0],"gold":89,"neow_bonus":"TWENTY_PERCENT_HP_BONUS","is_daily":false,"chose_seed":false,"campfire_upgraded":1,"win_rate":0.0,"timestamp":1608999653,"path_taken":["R","M","?","?","M","E","T","M","?","E","M","M","$","?","M","BOSS"],"items_purchased_type":["Relic","Card","Card","Card","Card"],"build_version":"2020-12-22","purchased_purges":0,"victory":false,"max_hp_per_floor":[53,53,53,53,53,53,53,53,53,53,53,53,53,53,53,53,53,53],"card_choices":[{"not_picked":["DTMod:DeepFocus","DTMod:BlazingStrike"],"picked":"DTMod:DragonDance","floor":2},{"not_picked":["DTMod:CleansingStrike","DTMod:Weaken"],"picked":"DTMod:BlazingStrike","floor":4},{"not_picked":["DTMod:LastStand","DTMod:BlazingStrike"],"picked":"DTMod:HeatWave","floor":5},{"not_picked":["DTMod:CalculatedDefense","DTMod:BreakAttack"],"picked":"DTMod:MasterPlan","floor":6},{"not_picked":["DTMod:MagicField","DTMod:Punisher"],"picked":"DTMod:BurningEnergy","floor":8},{"not_picked":["DTMod:PurifyingFlame","DTMod:BuildUp"],"picked":"DTMod:TauntingStrike","floor":10},{"not_picked":["DTMod:BizarreTactic","DTMod:BalancedStrike"],"picked":"DTMod:ComboAttack","floor":11},{"not_picked":["DTMod:TriAttack","DTMod:LowKick"],"picked":"DTMod:TagTeam","floor":12},{"not_picked":["DTMod:InvisibleFlame","DTMod:Conduct"],"picked":"DTMod:Observe","floor":13},{"not_picked":["DTMod:Hide","DTMod:Threaten"],"picked":"DTMod:DarkBreath","floor":14},{"not_picked":["DTMod:Hide","DTMod:MagicField"],"picked":"DTMod:Feint","floor":15}],"player_experience":140390,"relics_obtained":[{"floor":6,"key":"Chameleon Ring"},{"floor":7,"key":"ReplayTheSpireMod:Lightbulb"},{"floor":10,"key":"Bag of Marbles"},{"floor":14,"key":"Replay:Arrowhead"}],"event_choices":[{"cards_removed":["ReplayTheSpireMod:Restless Dread"],"damage_healed":0,"gold_gain":0,"player_choice":"Purged","damage_taken":0,"max_hp_gain":0,"max_hp_loss":0,"event_name":"Purifier","floor":3,"gold_loss":0}],"is_beta":false,"boss_relics":[],"items_purged_floors":[],"is_endless":false,"potions_floor_spawned":[2,5,8,12,14],"killed_by":"downfall:Watcher","ascension_level":0}}