{"host":"b4asi0laiv85suj9","time":1608959829,"event":{"mods":["ATMod(阿瑾Mod)","BaseMod","Minty Spire (QoL Compilation)","MostiFishMod","Relic Stats","StSLib","TestMod","noobMod"],"gold_per_floor":[115,126,23,98,114,148,148,177,201,201,214,214,214,241,241,319,319,333,258,129,144,161,187,187,200,224,234,234,262,262,276,276,353,353,368,149,165,165,185,226,226,256,283,304,304,328,328,361,361,373,373,373,48,85,110],"floor_reached":56,"playtime":1963,"items_purged":["Defend_G","Strike_G"],"score":2546,"play_id":"ef6ad650-cb6e-43d1-90aa-327a00184e16","local_time":"20201226131709","is_ascension_mode":true,"campfire_choices":[{"data":"AT_EmpoweredMortalDraw","floor":7.0,"key":"SMITH"},{"data":"Cloak And Dagger","floor":10.0,"key":"SMITH"},{"data":"Neutralize","floor":12.0,"key":"SMITH"},{"data":"Accuracy","floor":15.0,"key":"SMITH"},{"data":"MostiFishMod:GrandStart","floor":24.0,"key":"SMITH"},{"data":"Calculated Gamble","floor":28.0,"key":"SMITH"},{"data":"Storm of Steel","floor":30.0,"key":"SMITH"},{"data":"AT_FocusSwordFire","floor":32.0,"key":"SMITH"},{"data":"Adrenaline","floor":45.0,"key":"SMITH"},{"floor":49,"key":"RECALL"},{"data":"Finesse","floor":52,"key":"SMITH"}],"circlet_count":0,"master_deck":["AscendersBane","Strike_G","Strike_G","Strike_G","Defend_G","Defend_G","Defend_G","Defend_G","Survivor","Neutralize+1","AT_EmpoweredMortalDraw+1","AT_ShadowStep","Acrobatics","Cloak And Dagger+1","Blade Dance","Prepared","Infinite Blades","Accuracy+1","Storm of Steel+1","CurseOfTheBell","MostiFishMod:GrandStart+1","Blade Dance","Calculated Gamble+1","AT_FocusSwordFire+1","Adrenaline+1","Cloak And Dagger+1","Madness","Finesse+1","Madness","Madness","AT_ShadowStep+1"],"relics":["Ring of the Snake","testmod-TestBox","DaveBox","ice","AT_ATBox","NeowsBlessing","testmod-FatalChain","TimeKeys","SynthV:TestCard","Bag of Marbles","testmod-AssaultLearning","Bronze Scales","AT_DeathDance","Calling Bell","SynthV:C4","Matryoshka","testmod-Fortitude","Dream Catcher","testmod-IndustrialRevolution","AT_ArchangelStaff","AT_BladeRuinedKing","Smiling Mask","testmod-DeterminationOfClimber","AT_ChloranthyRing","Molten Egg 2","AT_SunfireAegis","AT_PhaseBoots","Nunchaku","testmod-Maize","testmod-TurbochargingSystem"],"acts_visited":["Exordium","TheCity","TheBeyond","TheEnding"],"potions_floor_usage":[55],"damage_taken":[{"damage":0.0,"enemies":"Cultist","floor":1.0,"turns":1.0},{"damage":0.0,"enemies":"Jaw Worm","floor":2.0,"turns":1.0},{"damage":0.0,"enemies":"2 Louse","floor":5.0,"turns":1.0},{"damage":5.0,"enemies":"3 Sentries","floor":6.0,"turns":2.0},{"damage":6.0,"enemies":"Lagavulin","floor":8.0,"turns":4.0},{"damage":0.0,"enemies":"Large Slime","floor":11.0,"turns":2.0},{"damage":6.0,"enemies":"Gremlin Nob","floor":14.0,"turns":3.0},{"damage":0.0,"enemies":"Slime Boss","floor":16.0,"turns":5.0},{"damage":24.0,"enemies":"2 Thieves","floor":18.0,"turns":4.0},{"damage":0.0,"enemies":"3 Byrds","floor":21.0,"turns":1.0},{"damage":10.0,"enemies":"Sentry and Sphere","floor":22.0,"turns":4.0},{"damage":0.0,"enemies":"Gremlin Leader","floor":23.0,"turns":3.0},{"damage":0.0,"enemies":"Chosen and Byrds","floor":25.0,"turns":1.0},{"damage":0.0,"enemies":"Snecko","floor":27.0,"turns":2.0},{"damage":0.0,"enemies":"Book of Stabbing","floor":29.0,"turns":1.0},{"damage":0.0,"enemies":"Centurion and Healer","floor":31.0,"turns":1.0},{"damage":12.0,"enemies":"Automaton","floor":33.0,"turns":3.0},{"damage":4.0,"enemies":"3 Shapes","floor":35.0,"turns":1.0},{"damage":0.0,"enemies":"Orb Walker","floor":37.0,"turns":1.0},{"damage":0.0,"enemies":"Transient","floor":39.0,"turns":1.0},{"damage":0.0,"enemies":"Giant Head","floor":40.0,"turns":1.0},{"damage":0.0,"enemies":"Reptomancer","floor":42.0,"turns":1.0},{"damage":0.0,"enemies":"Spire Growth","floor":44.0,"turns":1.0},{"damage":0,"enemies":"Writhing Mass","floor":46,"turns":1},{"damage":0,"enemies":"Nemesis","floor":48,"turns":1},{"damage":38,"enemies":"Time Eater","floor":50,"turns":5},{"damage":0,"enemies":"Shield and Spear","floor":54,"turns":1},{"damage":35,"enemies":"The Heart","floor":55,"turns":3}],"seed_played":"4303048254113409102","potions_obtained":[{"floor":2.0,"key":"BlessingOfTheForge"},{"floor":8.0,"key":"SpeedPotion"},{"floor":14.0,"key":"SkillPotion"},{"floor":23.0,"key":"Weak Potion"},{"floor":40.0,"key":"CunningPotion"},{"floor":46,"key":"LiquidMemories"}],"is_trial":false,"path_per_floor":["M","M","$","?","M","E","R","E","T","R","M","R","?","E","R","B",null,"M","?","?","M","M","E","R","M","T","M","R","E","R","M","R","B",null,"M","$","M","?","M","E","?","E","T","M","R","M","?","E","R","B",null,"R","$","E","B",null],"character_chosen":"THE_SILENT","items_purchased":["Acrobatics","AT_ChloranthyRing","testmod-Maize"],"campfire_rested":0,"item_purchase_floors":[3,36,53],"current_hp_per_floor":[59,59,59,48,48,43,43,37,37,37,37,37,37,31,31,31,57,33,33,33,33,23,23,23,23,23,23,23,23,23,23,23,11,52,48,48,48,48,58,66,56,56,56,62,62,66,59,66,66,38,59,59,59,65,43],"gold":110,"neow_bonus":"THREE_ENEMY_KILL","is_daily":false,"chose_seed":false,"campfire_upgraded":10,"win_rate":0.0,"timestamp":1608959829,"path_taken":["M","M","$","?","M","E","R","E","T","R","M","R","?","E","R","BOSS","M","?","?","?","M","E","R","M","T","M","R","E","R","M","R","BOSS","M","$","?","?","M","E","?","E","T","M","R","M","?","E","R","BOSS","R","$","E","BOSS"],"items_purchased_type":["Card","Relic","Relic"],"build_version":"2020-12-22","purchased_purges":2,"victory":true,"max_hp_per_floor":[66,66,66,66,66,66,66,66,66,66,66,66,66,66,66,66,66,66,66,66,66,66,66,66,66,66,66,66,66,66,66,66,66,66,66,66,66,66,66,66,66,66,66,66,66,66,66,66,66,66,66,66,66,66,66],"relic_stats":{"Dream Catcher":0,"Nunchaku":[8],"counters":[28,56],"Bronze Scales":[84],"Smiling Mask":50,"obtain_stats":[{"AT_ATBox":0,"DaveBox":0,"TimeKeys":0,"ice":0,"AT_ArchangelStaff":26,"Smiling Mask":29,"SynthV:C4":17,"Dream Catcher":20,"Nunchaku":48,"Matryoshka":17,"testmod-DeterminationOfClimber":34,"Ring of the Snake":0,"AT_ChloranthyRing":36,"testmod-Maize":53,"testmod-TestBox":0,"NeowsBlessing":0,"testmod-FatalChain":0,"AT_BladeRuinedKing":26,"AT_PhaseBoots":55,"testmod-TurbochargingSystem":54,"testmod-IndustrialRevolution":23,"Calling Bell":17,"testmod-Fortitude":17,"AT_SpeedBoots":43,"SynthV:TestCard":1,"testmod-AssaultLearning":8,"Bronze Scales":9,"Molten Egg 2":40,"Bag of Marbles":6,"AT_DeathDance":14,"AT_SunfireAegis":42},{"AT_ATBox":0,"DaveBox":0,"TimeKeys":0,"ice":0,"AT_ArchangelStaff":13,"Smiling Mask":15,"SynthV:C4":8,"Dream Catcher":9,"Nunchaku":25,"Matryoshka":8,"testmod-DeterminationOfClimber":17,"Ring of the Snake":0,"AT_ChloranthyRing":18,"testmod-Maize":26,"testmod-TestBox":0,"NeowsBlessing":0,"testmod-FatalChain":0,"AT_BladeRuinedKing":13,"AT_PhaseBoots":28,"testmod-TurbochargingSystem":27,"testmod-IndustrialRevolution":12,"Calling Bell":8,"testmod-Fortitude":8,"AT_SpeedBoots":22,"SynthV:TestCard":1,"testmod-AssaultLearning":5,"Bronze Scales":5,"Molten Egg 2":21,"Bag of Marbles":4,"AT_DeathDance":7,"AT_SunfireAegis":22},{"AT_ATBox":0,"DaveBox":0,"TimeKeys":0,"ice":0,"AT_ArchangelStaff":32,"Smiling Mask":35,"SynthV:C4":19,"Dream Catcher":23,"Nunchaku":47,"Matryoshka":19,"testmod-DeterminationOfClimber":39,"Ring of the Snake":0,"AT_ChloranthyRing":40,"testmod-Maize":52,"testmod-TestBox":0,"NeowsBlessing":0,"testmod-FatalChain":0,"AT_BladeRuinedKing":32,"AT_PhaseBoots":54,"testmod-TurbochargingSystem":53,"testmod-IndustrialRevolution":31,"Calling Bell":19,"testmod-Fortitude":19,"AT_SpeedBoots":44,"SynthV:TestCard":1,"testmod-AssaultLearning":9,"Bronze Scales":9,"Molten Egg 2":43,"Bag of Marbles":5,"AT_DeathDance":14,"AT_SunfireAegis":44}],"Ring of the Snake":[56]},"card_choices":[{"not_picked":["Slice","Skewer","Dagger Throw"],"picked":"SKIP","floor":1.0},{"not_picked":["Riddle With Holes","Noxious Fumes","Heel Hook","Quick Slash"],"picked":"AT_ShadowStep","floor":2.0},{"not_picked":["AT_Desolate","MostiFishMod:ThornCasing","Escape Plan","Backflip"],"picked":"Cloak And Dagger","floor":5.0},{"not_picked":["Quick Slash","Backflip","Poisoned Stab","Endless Agony"],"picked":"Blade Dance","floor":6.0},{"not_picked":["Expertise","Slice","Blade Dance","Eviscerate"],"picked":"Prepared","floor":8.0},{"not_picked":["Blade Dance","Masterful Stab","Blur","Distraction"],"picked":"Infinite Blades","floor":11.0},{"not_picked":["Dagger Spray","Phantasmal Killer","Backflip","Blade Dance"],"picked":"Accuracy","floor":14.0},{"not_picked":["AT_KingSlayer","After Image","MostiFishMod:AdrenalineArouse","MostiFishMod:Listen"],"picked":"Storm of Steel","floor":16.0},{"not_picked":["AT_ShadowStep","Dagger Throw+1","Eviscerate","PiercingWail","Choke"],"picked":"SKIP","floor":18.0},{"not_picked":["PiercingWail","Slice","Sucker Punch","Leg Sweep","Acrobatics"],"picked":"SKIP","floor":21.0},{"not_picked":["Quick Slash","Deadly Poison","Heel Hook","MostiFishMod:PoisonShield","AT_WindFlip"],"picked":"SKIP","floor":22.0},{"not_picked":["MostiFishMod:PerfectParry","Quick Slash+1","Deflect","Sucker Punch"],"picked":"MostiFishMod:GrandStart","floor":23.0},{"not_picked":["Prepared+1","Acrobatics","Finisher","Quick Slash"],"picked":"Blade Dance","floor":25.0},{"not_picked":["Backflip","Quick Slash","Dagger Throw","Underhanded Strike"],"picked":"Calculated Gamble","floor":27.0},{"not_picked":["Slice","AT_ArcaneSupremacy","MostiFishMod:ThornCasing","AT_ThistleTea"],"picked":"MostiFishMod:FrostNova+1","floor":29.0},{"not_picked":["Cloak And Dagger","MostiFishMod:ThornCasing","AT_Desolate","Bouncing Flask"],"picked":"AT_FocusSwordFire","floor":31.0},{"not_picked":["Envenom","MostiFishMod:Listen","MostiFishMod:SpreadingSpore","Burst"],"picked":"Adrenaline","floor":33.0},{"not_picked":["Poisoned Stab","Slice","Bane","Blur","Deadly Poison"],"picked":"SKIP","floor":35.0},{"not_picked":["Quick Slash+1","MostiFishMod:Confrontation","AT_WindFlip","Choke","Backflip+1"],"picked":"SKIP","floor":37.0},{"not_picked":["MostiFishMod:PerfectParry","Acrobatics+1","Choke","Backflip","Deflect+1"],"picked":"SKIP","floor":39.0},{"not_picked":["Eviscerate+1","Setup","Dagger Spray+1","MostiFishMod:ThornCasing"],"picked":"Cloak And Dagger+1","floor":40.0},{"not_picked":["testmod-LifeRuler","The Bomb","testmod-ComboMaster+1","Good Instincts"],"picked":"Madness","floor":41.0},{"not_picked":["AT_TearsDenial","testmod-HeadAttack","Blind","testmod-TreasureHunter+1"],"picked":"Finesse","floor":41.0},{"not_picked":["Catalyst","Choke+1","Unload+1","AT_ThistleTea","Prepared+1"],"picked":"SKIP","floor":42.0},{"not_picked":["Flying Knee+1","Dodge and Roll","Caltrops","Backflip+1","Prepared"],"picked":"SKIP","floor":44.0},{"not_picked":["Bane+1","MostiFishMod:InvigoratingSolution","Dodge and Roll+1","Cloak And Dagger","Flying Knee+1"],"picked":"SKIP","floor":46},{"not_picked":["Backflip","Quick Slash+1","Deflect+1","AT_TwilightShroud","MostiFishMod:InvigoratingSolution"],"picked":"SKIP","floor":48},{"not_picked":["Glass Knife+1","Endless Agony+1","Skewer+1","AT_TwilightShroud"],"picked":"AT_ShadowStep+1","floor":54}],"player_experience":233261,"relics_obtained":[{"floor":1.0,"key":"SynthV:TestCard"},{"floor":6.0,"key":"Bag of Marbles"},{"floor":8.0,"key":"testmod-AssaultLearning"},{"floor":9.0,"key":"Bronze Scales"},{"floor":14.0,"key":"AT_DeathDance"},{"floor":17.0,"key":"SynthV:C4"},{"floor":17.0,"key":"Matryoshka"},{"floor":17.0,"key":"testmod-Fortitude"},{"floor":23.0,"key":"testmod-IndustrialRevolution"},{"floor":26.0,"key":"AT_ArchangelStaff"},{"floor":26.0,"key":"AT_BladeRuinedKing"},{"floor":29.0,"key":"Smiling Mask"},{"floor":40.0,"key":"Molten Egg 2"},{"floor":42.0,"key":"AT_SunfireAegis"},{"floor":43.0,"key":"AT_SpeedBoots"},{"floor":48,"key":"Nunchaku"},{"floor":54,"key":"testmod-TurbochargingSystem"}],"event_choices":[{"damage_healed":0.0,"max_hp_gain":0.0,"max_hp_loss":0.0,"gold_gain":75.0,"event_name":"World of Goop","player_choice":"Gather Gold","floor":4.0,"gold_loss":0.0,"damage_taken":11.0},{"damage_healed":0.0,"max_hp_gain":0.0,"max_hp_loss":0.0,"gold_gain":0.0,"event_name":"给自己的盒子","player_choice":"Ignored","floor":13.0,"gold_loss":0.0,"damage_taken":0.0},{"cards_removed":["Strike_G"],"damage_healed":0.0,"max_hp_gain":0.0,"max_hp_loss":0.0,"gold_gain":0.0,"event_name":"Beggar","player_choice":"Gave Gold","floor":19.0,"gold_loss":75.0,"damage_taken":0.0},{"damage_healed":0.0,"max_hp_gain":0.0,"max_hp_loss":0.0,"gold_gain":0.0,"event_name":"WeMeetAgain","player_choice":"Paid Gold","floor":20.0,"gold_loss":129.0,"damage_taken":0.0,"relics_obtained":["Dream Catcher"]},{"cards_removed":["MostiFishMod:FrostNova"],"damage_healed":0.0,"max_hp_gain":0.0,"max_hp_loss":0.0,"gold_gain":0.0,"event_name":"Falling","player_choice":"Removed Skill","floor":38.0,"gold_loss":0.0,"damage_taken":0.0},{"damage_healed":0.0,"max_hp_gain":0.0,"max_hp_loss":0.0,"gold_gain":0.0,"event_name":"SensoryStone","player_choice":"Memory 3","floor":41.0,"gold_loss":0.0,"damage_taken":10.0},{"damage_healed":0,"gold_gain":0,"player_choice":"Embrace Madness","damage_taken":12,"max_hp_gain":0,"max_hp_loss":0,"event_name":"Winding Halls","floor":47,"gold_loss":0,"cards_obtained":["Madness","Madness"]}],"is_beta":false,"boss_relics":[{"not_picked":["HoveringKite","DiscerningMonocle"],"picked":"Calling Bell"},{"not_picked":["testmod-SaigiyounoYou","GuanYuAspect"],"picked":"testmod-DeterminationOfClimber"}],"items_purged_floors":[3,36],"is_endless":false,"potions_floor_spawned":[2,8,14,16,22,23,25,33,40,42,44,46],"ascension_level":16}}