{"host":"30jsp143e4v19aze","time":1608993212,"event":{"mods":["BaseMod","Colored Map","Colored Powertips","Curses Come First","DeckTracker","Highlight Path","Minty Spire (QoL Compilation)","Quick Restart","Relic Stats","StSLib","everything is the same but u backflip on backflip","slay the spire mod where everything is the same but ironclad has a cowboy hat"],"gold_per_floor":[118,129,26,201,201,230,230,242,335,347,25,53,72,105,105,105,105],"floor_reached":16,"playtime":912,"items_purged":[],"score":242,"play_id":"44a536d5-8de8-4fb4-87b7-07c70708f452","local_time":"20201226153332","is_ascension_mode":true,"campfire_choices":[{"data":"Blizzard","floor":10,"key":"SMITH"},{"data":"Defragment","floor":15,"key":"SMITH"}],"circlet_count":0,"master_deck":["AscendersBane","Strike_B","Strike_B","Strike_B","Strike_B","Defend_B","Defend_B","Defend_B","Defend_B","Zap","Dualcast","Consume","Cold Snap","Coolheaded","Blizzard+1","Doubt","Coolheaded","Coolheaded","Defragment+1","Genetic Algorithm+1"],"relics":["Cracked Core","NeowsBlessing","Potion Belt","Incense Burner","MawBank","Gremlin Horn","ClockworkSouvenir","InkBottle","Toxic Egg 2"],"acts_visited":["Exordium"],"potions_floor_usage":[8,14,16,16,16],"damage_taken":[{"damage":0,"enemies":"Small Slimes","floor":1,"turns":1},{"damage":0,"enemies":"Jaw Worm","floor":2,"turns":1},{"damage":0,"enemies":"Lagavulin","floor":6,"turns":1},{"damage":28,"enemies":"Gremlin Nob","floor":8,"turns":5},{"damage":16,"enemies":"3 Sentries","floor":12,"turns":7},{"damage":0,"enemies":"Cultist","floor":13,"turns":4},{"damage":4,"enemies":"Lagavulin","floor":14,"turns":8},{"damage":3,"enemies":"Hexaghost","floor":16,"turns":10}],"seed_played":"-9161963879183407528","potions_obtained":[{"floor":1,"key":"SmokeBomb"},{"floor":2,"key":"CultistPotion"},{"floor":12,"key":"PowerPotion"}],"is_trial":false,"path_per_floor":["M","M","$","?","?","E","T","E","T","R","$","E","M","E","R","B"],"character_chosen":"DEFECT","items_purchased":["Coolheaded","Blizzard","ClockworkSouvenir","Coolheaded","Block Potion","LiquidMemories"],"campfire_rested":0,"item_purchase_floors":[3,3,11,11,11,11],"current_hp_per_floor":[68,68,68,68,50,50,50,22,22,22,22,6,6,2,2,0,0],"gold":105,"neow_bonus":"THREE_ENEMY_KILL","is_daily":false,"chose_seed":false,"campfire_upgraded":2,"win_rate":0.0,"timestamp":1608993212,"path_taken":["M","M","$","?","?","E","?","E","T","R","?","E","M","E","R","BOSS"],"items_purchased_type":["Card","Card","Relic","Card","Potion","Potion"],"build_version":"2020-12-22","purchased_purges":0,"victory":false,"max_hp_per_floor":[75,75,75,75,75,75,75,75,75,75,75,75,75,75,75,75,75],"relic_stats":{"Gremlin Horn":[2,2],"counters":[8,37],"MawBank":48,"obtain_stats":[{"Potion Belt":5,"NeowsBlessing":0,"Gremlin Horn":9,"Incense Burner":6,"Toxic Egg 2":14,"Cracked Core":0,"MawBank":7,"InkBottle":12,"ClockworkSouvenir":11},{"Potion Belt":2,"NeowsBlessing":0,"Gremlin Horn":4,"Incense Burner":3,"Toxic Egg 2":7,"Cracked Core":0,"MawBank":3,"InkBottle":5,"ClockworkSouvenir":4},{"Potion Belt":2,"NeowsBlessing":0,"Gremlin Horn":8,"Incense Burner":3,"Toxic Egg 2":27,"Cracked Core":0,"MawBank":3,"InkBottle":15,"ClockworkSouvenir":8}],"InkBottle":[6]},"card_choices":[{"not_picked":["Chaos","Hologram"],"picked":"Consume","floor":1},{"not_picked":["Beam Cell","Conserve Battery"],"picked":"Cold Snap","floor":2},{"not_picked":["Static Discharge","Consume","Darkness"],"picked":"SKIP","floor":6},{"not_picked":["Go for the Eyes","Compile Driver"],"picked":"Coolheaded","floor":12},{"not_picked":["Rip and Tear","Barrage"],"picked":"Defragment","floor":13},{"not_picked":["Gash","Aggregate+1"],"picked":"Genetic Algorithm+1","floor":14}],"player_experience":3238296,"relics_obtained":[{"floor":6,"key":"Incense Burner"},{"floor":7,"key":"MawBank"},{"floor":9,"key":"Gremlin Horn"},{"floor":12,"key":"InkBottle"},{"floor":14,"key":"Toxic Egg 2"}],"event_choices":[{"damage_healed":0,"gold_gain":175,"player_choice":"AGREE","damage_taken":0,"max_hp_gain":0,"max_hp_loss":0,"event_name":"Liars Game","floor":4,"gold_loss":0,"cards_obtained":["Doubt"]},{"damage_healed":0,"gold_gain":0,"player_choice":"Success","damage_taken":18,"relics_obtained":["Potion Belt"],"max_hp_gain":0,"max_hp_loss":0,"event_name":"Scrap Ooze","floor":5,"gold_loss":0}],"is_beta":false,"boss_relics":[],"items_purged_floors":[],"is_endless":false,"potions_floor_spawned":[1,2,12],"killed_by":"Hexaghost","ascension_level":12}}