{"host":"hhqi7w94rsi31r70","time":1608973642,"event":{"mods":["Act Like it!","BaseMod","Colored Map","GifTheSpireLib","Hallownest","Highlight Path","Minty Spire (QoL Compilation)","Robot Space Explorer","Shade Mod","StSLib","The Hierophant","The Saiyan","The Servant 0.9.4","[地精首领爬塔]The Maniac"],"gold_per_floor":[112,112,39,139,159,159,173,187,187,212,225,225,245,245,245,364,364,382,382,396,177,196,196,235,235,261,261,301,58,58,79,79,208,208,223,28,28,28,53,53,92,92,138,154,104,120,136,159,159,159],"floor_reached":51,"playtime":3446,"items_purged":["WasteNot","TrueSight","Jack Of All Trades","FanOfKnives+1"],"score":885,"play_id":"a13a39ff-c8ec-4018-a849-7564f61c64e2","local_time":"20201226170722","is_ascension_mode":true,"campfire_choices":[{"data":"Sunlight","floor":6,"key":"SMITH"},{"data":"FastForward","floor":12,"key":"SMITH"},{"data":"Sabotage","floor":15,"key":"SMITH"},{"data":"TheWorld","floor":23,"key":"SMITH"},{"data":"Luminosity","floor":25,"key":"SMITH"},{"data":"SurpressingFire","floor":27,"key":"SMITH"},{"data":"FanOfKnives","floor":32,"key":"SMITH"},{"data":"Sadistic Nature","floor":40,"key":"SMITH"},{"data":"SurpressingFire","floor":42,"key":"SMITH"},{"data":"Moonlight","floor":49,"key":"SMITH"}],"circlet_count":0,"master_deck":["KidneyShot","Exchange+1","Sunlight+1","FastForward+1","Luminosity+1","Moonlight+1","BottledTime","Sabotage+1","Rearm","Defy","FlawlessForm+1","SoulSculpture","SurpressingFire+1","Gouge","TheWorld+1","ShiftingGears+1","Contraction","Dilation","Starlight+1","SurpressingFire+1","Sadistic Nature+1","BottledTime+1","BottledTime","BestPractice+1"],"relics":["Uniform","Golden Idol","Mummified Hand","Pandora\u0027s Box","Tiny Chest","Bottled Tornado","Anchor","Matryoshka","Omamori","MysterySword","War Paint","Juzu Bracelet","Smiling Mask","Vajra","Bag of Marbles"],"acts_visited":["Exordium","TheCity","TheBeyond"],"potions_floor_usage":[16,16,24,24,24,33,50],"damage_taken":[{"damage":0,"enemies":"Jaw Worm","floor":1,"turns":3},{"damage":0,"enemies":"Small Slimes","floor":5,"turns":3},{"damage":0,"enemies":"Cultist","floor":7,"turns":3},{"damage":1,"enemies":"Exordium Wildlife","floor":8,"turns":2},{"damage":1,"enemies":"Blue Slaver","floor":10,"turns":4},{"damage":0,"enemies":"Lots of Slimes","floor":11,"turns":1},{"damage":6,"enemies":"Exordium Thugs","floor":13,"turns":4},{"damage":28,"enemies":"The Guardian","floor":16,"turns":10},{"damage":5,"enemies":"Shell Parasite","floor":18,"turns":3},{"damage":2,"enemies":"3 Byrds","floor":20,"turns":5},{"damage":10,"enemies":"Cultist and Chosen","floor":22,"turns":6},{"damage":0,"enemies":"Gremlin Leader","floor":24,"turns":6},{"damage":5,"enemies":"Slavers","floor":28,"turns":3},{"damage":0,"enemies":"Chosen and Byrds","floor":31,"turns":4},{"damage":0,"enemies":"Automaton","floor":33,"turns":11},{"damage":0,"enemies":"3 Shapes","floor":35,"turns":4},{"damage":9,"enemies":"Nemesis","floor":41,"turns":9},{"damage":0,"enemies":"Orb Walker","floor":44,"turns":2},{"damage":0,"enemies":"Jaw Worm Horde","floor":46,"turns":2},{"damage":0,"enemies":"Maw","floor":47,"turns":4},{"damage":0,"enemies":"Sphere and 2 Shapes","floor":48,"turns":2},{"damage":0,"enemies":"Awakened One","floor":50,"turns":9}],"seed_played":"-8065566246457692412","potions_obtained":[{"floor":1,"key":"Regen Potion"},{"floor":10,"key":"SteroidPotion"},{"floor":13,"key":"AttackPotion"},{"floor":20,"key":"PowerPotion"},{"floor":22,"key":"Energy Potion"},{"floor":31,"key":"DistilledChaos"},{"floor":35,"key":"SmokeBomb"},{"floor":41,"key":"Block Potion"},{"floor":48,"key":"PowerPotion"}],"is_trial":false,"path_per_floor":["M","?","$","?","M","R","M","M","T","M","M","R","M","?","R","B",null,"M","?","M","$","M","R","E","R","T","R","E","$","?","M","R","B",null,"M","$","?","?","T","R","E","R","T","M","$","M","M","M","R","B",null],"character_chosen":"THE_SERVANT","items_purchased":["Luminosity","Tiny Chest","Omamori","SurpressingFire"],"campfire_rested":0,"item_purchase_floors":[3,21,29,36],"current_hp_per_floor":[65,49,49,49,49,49,49,48,48,47,47,47,41,34,34,21,65,60,48,46,46,36,36,36,36,36,36,31,31,31,31,31,31,65,65,65,65,65,65,65,56,56,56,56,56,56,56,56,56,56],"gold":159,"neow_bonus":"ONE_RANDOM_RARE_CARD","is_daily":false,"chose_seed":false,"campfire_upgraded":10,"win_rate":0.0,"timestamp":1608973642,"path_taken":["M","?","$","?","M","R","M","M","T","?","M","R","M","?","R","BOSS","M","?","?","$","M","R","E","R","T","R","E","$","?","M","R","BOSS","M","$","?","?","?","R","E","R","T","M","?","M","M","M","R","BOSS"],"items_purchased_type":["Card","Relic","Relic","Card"],"build_version":"2020-12-22","purchased_purges":4,"victory":true,"max_hp_per_floor":[65,65,65,65,65,65,65,65,65,65,65,65,65,65,65,65,65,65,65,65,65,65,65,65,65,65,65,65,65,65,65,65,65,65,65,65,65,65,65,65,65,65,65,65,65,65,65,65,65,65],"card_choices":[{"not_picked":["TimeTheft","ShatteredReality"],"picked":"FastForward","floor":1},{"not_picked":["Revamp","Alleviate"],"picked":"Moonlight","floor":5},{"not_picked":["StarChef","WasteNot","Collapse"],"picked":"SKIP","floor":7},{"not_picked":["Revamp","DoubleEdge"],"picked":"BottledTime","floor":8},{"not_picked":["Replace","Manipulate"],"picked":"Sabotage","floor":10},{"not_picked":["RealityMarble","Replace"],"picked":"Rearm","floor":11},{"not_picked":["Unruled","ShatteredReality"],"picked":"Defy","floor":13},{"not_picked":["TheWorld","Solidify"],"picked":"FlawlessForm","floor":16},{"not_picked":["Potential","TimeTheft","Replace"],"picked":"SKIP","floor":18},{"not_picked":["Spin+1","GearUp"],"picked":"TheWorld","floor":20},{"not_picked":["MoonPhase","Starlight","Hightail"],"picked":"SKIP","floor":22},{"not_picked":["PendulumOfEternity","Alleviate"],"picked":"ShiftingGears","floor":24},{"not_picked":["ShatteredReality+1","Ricochet","Duplication"],"picked":"SKIP","floor":28},{"not_picked":["Spin","Defy","Revamp"],"picked":"SKIP","floor":31},{"not_picked":["MurderousAura","Solidify"],"picked":"Dilation","floor":33},{"not_picked":["Desolation","Revamp"],"picked":"Starlight+1","floor":35},{"not_picked":["PanicButton","Secret Weapon"],"picked":"Sadistic Nature","floor":37},{"not_picked":["Ricochet+1","FastForward","Replace+1"],"picked":"SKIP","floor":41},{"not_picked":["ReturningBlade","Defy","DoubleEdge"],"picked":"SKIP","floor":44},{"not_picked":["Rewind+1","Rearm+1"],"picked":"BottledTime+1","floor":46},{"not_picked":["Rewind","TimeTheft"],"picked":"BottledTime","floor":47},{"not_picked":["Unruled+1","Barrier"],"picked":"BestPractice+1","floor":48}],"player_experience":484488,"relics_obtained":[{"floor":9,"key":"Mummified Hand"},{"floor":24,"key":"Bottled Tornado"},{"floor":26,"key":"Anchor"},{"floor":28,"key":"Matryoshka"},{"floor":39,"key":"War Paint"},{"floor":39,"key":"Juzu Bracelet"},{"floor":41,"key":"Smiling Mask"},{"floor":43,"key":"Vajra"},{"floor":43,"key":"Bag of Marbles"}],"event_choices":[{"damage_healed":0,"gold_gain":0,"player_choice":"Take Damage","damage_taken":16,"relics_obtained":["Golden Idol"],"max_hp_gain":0,"max_hp_loss":0,"event_name":"Golden Idol","floor":2,"gold_loss":0},{"damage_healed":0,"gold_gain":100,"player_choice":"Pray","damage_taken":0,"max_hp_gain":0,"max_hp_loss":0,"event_name":"Golden Shrine","floor":4,"gold_loss":0},{"cards_removed":["Defend_S"],"damage_healed":0,"gold_gain":0,"player_choice":"Card Removal","damage_taken":7,"max_hp_gain":0,"max_hp_loss":0,"event_name":"Golden Wing","floor":14,"gold_loss":0},{"damage_healed":0,"gold_gain":0,"player_choice":"CARD ","damage_taken":12,"max_hp_gain":0,"max_hp_loss":0,"event_name":"Knowing Skull","floor":19,"potions_obtained":[],"gold_loss":0,"cards_obtained":["Jack Of All Trades"]},{"damage_healed":0,"gold_gain":0,"cards_transformed":["Snipe"],"player_choice":"Transformed","damage_taken":0,"max_hp_gain":0,"max_hp_loss":0,"event_name":"Transmorgrifier","floor":30,"gold_loss":0,"cards_obtained":["Contraction"]},{"damage_healed":0,"gold_gain":0,"player_choice":"Memory 1","damage_taken":0,"max_hp_gain":0,"max_hp_loss":0,"event_name":"SensoryStone","floor":37,"gold_loss":0},{"damage_healed":0,"gold_gain":0,"player_choice":"Upgraded","damage_taken":0,"max_hp_gain":0,"max_hp_loss":0,"event_name":"Upgrade Shrine","floor":38,"gold_loss":0,"cards_upgraded":["FlawlessForm"]}],"is_beta":false,"boss_relics":[{"not_picked":["Sozu","StoneMask"],"picked":"Pandora\u0027s Box"},{"not_picked":["Runic Dome","Black Star"],"picked":"MysterySword"}],"items_purged_floors":[21,29,36,45],"is_endless":false,"potions_floor_spawned":[1,10,13,20,22,31,35,41,48],"ascension_level":2}}