{"host":"lklj3eidp7g5an38","time":1608977519,"event":{"mods":["BaseMod","Minty Spire (QoL Compilation)","Relic Stats","StSLib"],"gold_per_floor":[215,227,246,246,36,36,36,59,59,93,93,33,67,80,80,80,80],"floor_reached":16,"playtime":800,"items_purged":[],"score":193,"play_id":"9bf63e91-fc85-4675-bfd5-eb3c1691a1f9","local_time":"20201226101159","is_ascension_mode":true,"campfire_choices":[{"data":"Neutralize","floor":6,"key":"SMITH"},{"data":"Caltrops","floor":11,"key":"SMITH"},{"data":"Footwork","floor":15,"key":"SMITH"}],"circlet_count":0,"master_deck":["AscendersBane","Strike_G","Strike_G","Strike_G","Strike_G","Defend_G","Defend_G","Defend_G","Defend_G","Defend_G","Survivor","Neutralize+1","Bouncing Flask","Dagger Spray","Leg Sweep+1","Caltrops+1","Deadly Poison","Footwork+1","Unload"],"relics":["Ring of the Snake","CeramicFish","Meat on the Bone","The Specimen","Darkstone Periapt"],"acts_visited":["Exordium"],"potions_floor_usage":[8],"damage_taken":[{"damage":6,"enemies":"Jaw Worm","floor":1,"turns":4},{"damage":0,"enemies":"2 Louse","floor":2,"turns":3},{"damage":0,"enemies":"Cultist","floor":3,"turns":4},{"damage":3,"enemies":"Looter","floor":8,"turns":3},{"damage":10,"enemies":"Lagavulin","floor":10,"turns":7},{"damage":24,"enemies":"Gremlin Nob","floor":13,"turns":5},{"damage":13,"enemies":"Exordium Thugs","floor":14,"turns":6},{"damage":61,"enemies":"Slime Boss","floor":16,"turns":11}],"seed_played":"-8915061694776004631","potions_obtained":[{"floor":1,"key":"SmokeBomb"},{"floor":3,"key":"FairyPotion"},{"floor":8,"key":"Fruit Juice"}],"is_trial":false,"path_per_floor":["M","M","M","?","$","R","?","M","T","E","R","$","E","M","R","B"],"character_chosen":"THE_SILENT","items_purchased":["CeramicFish","Caltrops","Footwork"],"campfire_rested":0,"item_purchase_floors":[5,5,12],"current_hp_per_floor":[53,53,53,53,53,53,46,48,48,38,38,38,26,25,25,0,0],"gold":80,"neow_bonus":"HUNDRED_GOLD","is_daily":false,"chose_seed":false,"campfire_upgraded":3,"win_rate":0.0,"timestamp":1608977519,"path_taken":["M","M","M","?","$","R","?","M","T","E","R","$","E","M","R","BOSS"],"items_purchased_type":["Relic","Card","Card"],"build_version":"2020-12-22","purchased_purges":0,"victory":false,"max_hp_per_floor":[66,66,66,66,66,66,66,71,71,71,71,71,71,71,71,71,71],"relic_stats":{"Darkstone Periapt":0,"counters":[8,43],"CeramicFish":36,"obtain_stats":[{"Darkstone Periapt":13,"The Specimen":10,"CeramicFish":5,"Ring of the Snake":0,"Meat on the Bone":9},{"Darkstone Periapt":6,"The Specimen":5,"CeramicFish":3,"Ring of the Snake":0,"Meat on the Bone":4},{"Darkstone Periapt":26,"The Specimen":21,"CeramicFish":11,"Ring of the Snake":0,"Meat on the Bone":14}],"Ring of the Snake":[16],"Meat on the Bone":24},"card_choices":[{"not_picked":["Flechettes","Concentrate"],"picked":"Bouncing Flask","floor":1},{"not_picked":["Outmaneuver","Eviscerate"],"picked":"Dagger Spray","floor":2},{"not_picked":["Heel Hook","Bane"],"picked":"Leg Sweep","floor":3},{"not_picked":["Dodge and Roll","Prepared"],"picked":"Deadly Poison","floor":8},{"not_picked":["Quick Slash","Riddle With Holes","Deflect"],"picked":"SKIP","floor":10},{"not_picked":["Tactician","Dagger Spray"],"picked":"Unload","floor":13},{"not_picked":["Dagger Spray","Dagger Throw","Bane"],"picked":"SKIP","floor":14}],"player_experience":867872,"relics_obtained":[{"floor":9,"key":"Meat on the Bone"},{"floor":10,"key":"The Specimen"},{"floor":13,"key":"Darkstone Periapt"}],"event_choices":[{"damage_healed":0,"gold_gain":0,"player_choice":"Grow","damage_taken":0,"max_hp_gain":0,"max_hp_loss":0,"event_name":"Living Wall","floor":4,"gold_loss":0,"cards_upgraded":["Leg Sweep"]},{"cards_removed":["Strike_G"],"damage_healed":0,"gold_gain":0,"player_choice":"Card Removal","damage_taken":7,"max_hp_gain":0,"max_hp_loss":0,"event_name":"Golden Wing","floor":7,"gold_loss":0}],"is_beta":false,"boss_relics":[],"items_purged_floors":[],"is_endless":false,"potions_floor_spawned":[1,3,8],"killed_by":"Slime Boss","ascension_level":15}}