{"host":"cz3p2o9n3b1gdmkz","time":1608990559,"event":{"mods":["AchievementEnabler","BaseMod","CapriCore","GungeonMod","Hermit","Lobotomy","Minty Spire (QoL Compilation)","Replay The Spire","Shop Mod","StSLib","SuperFastMode","The Cursed","The Dragon Tamer","The Gatherer","The Jungle","The Poker Player","The Runesmith"],"gold_per_floor":[116,116,41,41,56,56,83,36,61,86,36,47,77,44,44,139,139,153,78,78,38,53,53,79,79,79,96,131,131,156,166,166,271,271,281,281,485,91,136,136,166,166,166,166,186,186,61,71,71,71,71],"floor_reached":52,"playtime":2213,"items_purged":["Gatherer:Defend_Gatherer","Gatherer:Strike_Gatherer","Gatherer:Strike_Gatherer"],"score":1451,"play_id":"605411dc-710f-4194-9314-5a8f0c06f881","local_time":"20201226224919","is_ascension_mode":true,"metric_token":1117,"campfire_choices":[{"data":"Gatherer:FlowerWhip+1","floor":6.0,"key":"SMITH"},{"data":"Gatherer:FlowerShield","floor":15.0,"key":"SMITH"},{"data":"Gatherer:FlowerBeam","floor":23.0,"key":"SMITH"},{"data":"Gatherer:FlowerBeam+1","floor":25.0,"key":"SMITH"},{"data":"Gatherer:FlowerShield","floor":29.0,"key":"SMITH"},{"data":"Gatherer:FlowerShield+1","floor":32.0,"key":"SMITH"},{"data":"Gatherer:FlowerShield","floor":40,"key":"SMITH"},{"floor":44,"key":"REST"},{"data":"Gatherer:FlowerShield+2","floor":46,"key":"SMITH"},{"floor":49,"key":"DIG"}],"circlet_count":0,"master_deck":["AscendersBane","Gatherer:Defend_Gatherer","Gatherer:Centralize","Gatherer:FlowerWhip+3","Gatherer:StoneFence+1","Gatherer:FruitForce","Gatherer:FlowerShield+3","Gatherer:FlowerShield+3","Gatherer:FinishingStrike","Gatherer:FlowerBeam+3","Gatherer:FlowerShield+3","ScreamingWedge","Gatherer:QuickSynthesis+1","Gatherer:Nutrients+1"],"relics":["Gatherer:MiracleBag","Iron Hammer","Replay:Rubber Ducky","Bag of Preparation","Empty Cage","Replay:Wax Seal","Pen Nib","Shuriken","Nunchaku","DemoMod:GreenGuonStone","DemoMod:SuperHotWatch","Quantum Egg","Bottled Tornado","DemoMod:GlassGuonStoneRelic","DemoMod:AgedBell"],"acts_visited":["Exordium","TheCity","TheBeyond"],"potions_floor_usage":[39,42,45,48,50,50,50,50,50,50,50,50],"damage_taken":[{"damage":0.0,"enemies":"Small Slimes","floor":1.0,"turns":4.0},{"damage":4.0,"enemies":"Jaw Worm","floor":5.0,"turns":4.0},{"damage":24.0,"enemies":"3 Sentries","floor":7.0,"turns":9.0},{"damage":8.0,"enemies":"Gremlin Nob","floor":10.0,"turns":3.0},{"damage":0.0,"enemies":"2 Louse","floor":12.0,"turns":1.0},{"damage":0.0,"enemies":"Slime Boss","floor":16.0,"turns":11.0},{"damage":0.0,"enemies":"3 Byrds","floor":18.0,"turns":4.0},{"damage":0.0,"enemies":"Spheric Guardian","floor":22.0,"turns":2.0},{"damage":13.0,"enemies":"Book of Stabbing","floor":24.0,"turns":5.0},{"damage":4.0,"enemies":"Snake Plant","floor":27.0,"turns":3.0},{"damage":5.0,"enemies":"Slavers","floor":28.0,"turns":2.0},{"damage":0.0,"enemies":"Gremlin Leader","floor":30.0,"turns":4.0},{"damage":0.0,"enemies":"Cultist and Chosen","floor":31.0,"turns":3.0},{"damage":0.0,"enemies":"Automaton","floor":33.0,"turns":6.0},{"damage":0.0,"enemies":"3 Shapes","floor":35.0,"turns":3.0},{"damage":0,"enemies":"2 Orb Walkers","floor":39,"turns":4},{"damage":7,"enemies":"Nemesis","floor":41,"turns":11},{"damage":0,"enemies":"3 Darklings","floor":42,"turns":1},{"damage":1,"enemies":"4 Shapes","floor":45,"turns":4},{"damage":0,"enemies":"Transient","floor":48,"turns":5},{"damage":0,"enemies":"Donu and Deca","floor":50,"turns":38}],"seed_played":"-3029612937366911778","potions_obtained":[{"floor":7.0,"key":"BloodPotion"},{"floor":12.0,"key":"EssenceOfSteel"},{"floor":18.0,"key":"Strength Potion"},{"floor":22.0,"key":"Languid Potion"},{"floor":41,"key":"Poison Potion"},{"floor":45,"key":"DemoMod:LeadSkinPotion"}],"is_trial":false,"path_per_floor":["M","?","$","?","M","R","E","$","T","E","?","M","?","$","R","B",null,"M","?","?","?","M","R","E","R","T","M","E","R","E","M","R","B",null,"M","?","?","$","?","R","E","M","T","R","M","R","$","M","R","B",null,null],"character_chosen":"THE_GATHERER","items_purchased":["Gatherer:FlowerShield","Elixir","DemoMod:GreenGuonStone"],"campfire_rested":1,"item_purchase_floors":[8,14,38],"current_hp_per_floor":[65,65,65,65,61,61,41,41,41,33,33,33,33,33,33,33,65,65,65,65,65,65,65,52,52,52,48,43,43,43,43,43,43,68,68,68,49,49,49,49,42,42,42,64,75,75,75,75,75,75,75],"gold":71,"neow_bonus":"UPGRADE_CARD","is_daily":false,"chose_seed":false,"campfire_upgraded":8,"win_rate":0.0,"timestamp":1608990559,"path_taken":["M","?","$","?","?","R","E","$","T","E","?","M","?","?","R","BOSS","M","?","?","?","M","R","E","R","T","?","E","R","E","?","R","BOSS","M","?","?","?","?","R","E","M","T","R","M","R","$","M","R","BOSS"],"items_purchased_type":["Card","Potion","Relic"],"build_version":"2020-12-22","purchased_purges":3,"victory":true,"max_hp_per_floor":[72,72,72,72,72,72,76,76,76,76,76,76,76,76,76,76,76,76,76,76,76,76,76,76,76,76,76,76,76,76,76,76,76,76,76,76,76,76,76,76,76,76,76,76,76,76,76,76,76,76,76],"card_choices":[{"not_picked":["Gatherer:QuickSynthesis","Gatherer:OddSpoils","Gatherer:TreeGrowth"],"picked":"SKIP","floor":1.0},{"not_picked":["Gatherer:PotentialSlash","Gatherer:CarefulStrike","Gatherer:AcidicSpray"],"picked":"SKIP","floor":5.0},{"not_picked":["Gatherer:AcidicSpray","Gatherer:CarefulStrike"],"picked":"Gatherer:FruitForce","floor":7.0},{"not_picked":["Gatherer:SaveValuables","Gatherer:ScentOfRosmari"],"picked":"Gatherer:FlowerShield","floor":10.0},{"not_picked":["Gatherer:ScherryThrow","Gatherer:TacticalStrike","Gatherer:ColorfulGarden"],"picked":"SKIP","floor":12.0},{"not_picked":["Gatherer:Bulldoze","Gatherer:CursedBlade"],"picked":"Gatherer:FinishingStrike","floor":16.0},{"not_picked":["Gatherer:BalancedGrowth+1","Gatherer:AromaProtection+1"],"picked":"Gatherer:FlowerBeam","floor":18.0},{"not_picked":["Gatherer:MiningStrike","Gatherer:EnergyBasket","Gatherer:BigPouch+1"],"picked":"SKIP","floor":22.0},{"not_picked":["Gatherer:CarefulStrike","Gatherer:MindSearch","Gatherer:Uplift+1"],"picked":"SKIP","floor":24.0},{"not_picked":["Gatherer:PotentialSlash+1","Gatherer:Snatch+1","Gatherer:FragileHammer"],"picked":"SKIP","floor":27.0},{"not_picked":["Gatherer:TreeGrowth","Gatherer:RecoveryHerb"],"picked":"Gatherer:FlowerShield","floor":28.0},{"not_picked":["Gatherer:Liquidism","Gatherer:Duality"],"picked":"Gatherer:GrowBook","floor":30.0},{"not_picked":["Gatherer:CollectorsShot","Gatherer:FragileHammer","Gatherer:AromaProtection"],"picked":"SKIP","floor":31.0},{"not_picked":["Gatherer:CarefulStrike+1","Gatherer:BalancedGrowth","Gatherer:TreeGrowth+1"],"picked":"SKIP","floor":35.0},{"not_picked":["Gatherer:FlowerShield","Gatherer:AcidicSpray+1"],"picked":"Gatherer:QuickSynthesis+1","floor":39},{"not_picked":["Gatherer:AlchemyTrial","Gatherer:TreeGrowth"],"picked":"Gatherer:Nutrients+1","floor":41},{"not_picked":["Gatherer:TreeGrowth+1","Gatherer:Convert","Gatherer:GlowingPlant+1"],"picked":"SKIP","floor":45},{"not_picked":["Gatherer:TreeGrowth+1","Gatherer:TacticalStrike","Gatherer:BambuSword+1"],"picked":"SKIP","floor":48}],"player_experience":1033693,"relics_obtained":[{"floor":7.0,"key":"Iron Hammer"},{"floor":9.0,"key":"Replay:Rubber Ducky"},{"floor":10.0,"key":"Bag of Preparation"},{"floor":24.0,"key":"Replay:Wax Seal"},{"floor":26.0,"key":"Pen Nib"},{"floor":28.0,"key":"Shuriken"},{"floor":30.0,"key":"Nunchaku"},{"floor":39,"key":"DemoMod:SuperHotWatch"},{"floor":41,"key":"Quantum Egg"},{"floor":43,"key":"Bottled Tornado"},{"floor":49,"key":"DemoMod:AgedBell"}],"event_choices":[{"damage_healed":0.0,"max_hp_gain":0.0,"max_hp_loss":0.0,"gold_gain":0.0,"event_name":"Liars Game","player_choice":"Ignored","floor":2.0,"gold_loss":0.0,"damage_taken":0.0},{"cards_removed":["Gatherer:Defend_Gatherer"],"damage_healed":0.0,"max_hp_gain":0.0,"max_hp_loss":0.0,"gold_gain":0.0,"event_name":"The Cleric","player_choice":"Card Removal","floor":11.0,"gold_loss":50.0,"damage_taken":0.0},{"damage_healed":0.0,"max_hp_gain":0.0,"max_hp_loss":0.0,"gold_gain":30.0,"event_name":"Dead Adventurer","player_choice":"Searched \u00271\u0027 times","floor":13.0,"gold_loss":0.0,"damage_taken":0.0},{"cards_removed":["Gatherer:Strike_Gatherer"],"damage_healed":0.0,"max_hp_gain":0.0,"max_hp_loss":0.0,"gold_gain":0.0,"event_name":"Beggar","player_choice":"Gave Gold","floor":19.0,"gold_loss":75.0,"damage_taken":0.0},{"cards_removed":["Gatherer:Defend_Gatherer"],"damage_healed":0.0,"max_hp_gain":0.0,"max_hp_loss":0.0,"gold_gain":0.0,"event_name":"Back to Basics","player_choice":"Elegance","floor":20.0,"gold_loss":0.0,"damage_taken":0.0},{"damage_healed":0.0,"max_hp_gain":0.0,"max_hp_loss":0.0,"gold_gain":0.0,"event_name":"Designer","player_choice":"Upgrade","floor":21.0,"gold_loss":40.0,"damage_taken":0.0,"cards_upgraded":["Gatherer:FlowerShield"]},{"damage_healed":0,"gold_gain":0,"player_choice":"Fight","damage_taken":0,"max_hp_gain":0,"max_hp_loss":0,"event_name":"Mysterious Sphere","floor":39,"gold_loss":0}],"is_beta":false,"boss_relics":[{"not_picked":["Replay:Fungal Core","Sozu"],"picked":"Empty Cage"},{"not_picked":["SlaversCollar","Snecko Eye"],"picked":"Gatherer:MiracleBag"}],"items_purged_floors":[3,38,47],"is_endless":false,"potions_floor_spawned":[7,12,18,22,41,45],"ascension_level":10}}