{"host":"gvhxj4mzhoewha5t","time":1608947023,"event":{"mods":["2.2 Compatiblity","AchievementEnabler","BaseMod","Better Altar","Better Match","Better Note","Better Sensory Stone","Better Skull","Better Third Choice","Better Vampires","BetterRewards","CapriCore","Colored Map","Disable Question Mark Monsters","Downfall","Emptier Cage","GifTheSpireLib","Hermit","Marked Mod","Minty Spire (QoL Compilation)","Quick Restart","Rare Cards Sparkle","Robot Space Explorer","Spicy Shops","StSLib","The Immortal"],"gold_per_floor":[349,359,7,71,71,71,97,134,146,172,203,215,227,255,279,388,400,412,442,100,133,133,133,156,156,168,186,2,102,27,27,45,141,141,141,161,181,199,111,145,145,445,459,469,484,409,427,130,148,148],"floor_reached":51,"playtime":4159,"items_purged":["Guardian:Strike_Guardian","Regret","Guardian:Gem_Green","Guardian:Defend_Guardian"],"score":804,"play_id":"a9006317-f50b-44e9-a1f2-95e930bea16a","local_time":"20201225204343","is_ascension_mode":false,"campfire_choices":[{"data":"Guardian:CurlUp","floor":1,"key":"SMITH"},{"data":"Guardian:PrismaticBeam","floor":6,"key":"SMITH"},{"floor":13,"key":"REST"},{"data":"Guardian:ExploitGems","floor":18,"key":"SMITH"},{"floor":35,"key":"RECALL"},{"floor":46,"key":"REST"}],"circlet_count":0,"master_deck":["Guardian:Defend_Guardian","Guardian:Defend_Guardian","Guardian:CurlUp+1","Guardian:TwinSlam","Guardian:PrismaticBeam+1","Guardian:VentSteam","sneckomod:DiceBoulder","Guardian:ExploitGems+1","Guardian:PrismaticBeam+1","Guardian:PiercingHide+1","Guardian:RollAttack","Guardian:PrismaticBeam","Guardian:ExploitGems","J.A.X.","Guardian:BaubleBeam","Guardian:VentSteam","Guardian:PrismaticBeam","Guardian:CrystalBeam","Guardian:PiercingHide+1","Guardian:FloatingOrbs"],"relics":["Guardian:ModeShifterPlus","Membership Card","Sling","Boot","MawBank","HornCleat","Guardian:PickAxe","DollysMirror","Red Mask","Nunchaku","MutagenicStrength","downfall:HeartBlessingBlue","Empty Cage","InkBottle","Toxic Egg 2","White Beast Statue","Unceasing Top","downfall:HeartBlessingRed","Shuriken","Potion Belt","StoneCalendar"],"acts_visited":["Exordium","TheCity","TheBeyond"],"potions_floor_usage":[8,16,16,19,33,38,38,39,44,44,47,49,50,50,50],"damage_taken":[{"damage":9,"enemies":"Cultist","floor":2,"turns":5},{"damage":5,"enemies":"downfall:FleeingMerchant","floor":3,"turns":4},{"damage":24,"enemies":"Lagavulin Event","floor":4,"turns":8},{"damage":18,"enemies":"Lagavulin","floor":8,"turns":4},{"damage":0,"enemies":"2 Louse","floor":10,"turns":2},{"damage":6,"enemies":"Small Slimes","floor":11,"turns":3},{"damage":3,"enemies":"3 Louse","floor":14,"turns":3},{"damage":1,"enemies":"Red Slaver","floor":15,"turns":2},{"damage":11,"enemies":"downfall:Ironclad","floor":16,"turns":6},{"damage":3,"enemies":"3 Byrds","floor":19,"turns":3},{"damage":4,"enemies":"downfall:FleeingMerchant","floor":20,"turns":4},{"damage":1,"enemies":"Masked Bandits","floor":21,"turns":5},{"damage":6,"enemies":"Snake Plant","floor":26,"turns":4},{"damage":0,"enemies":"Shelled Parasite and Fungi","floor":27,"turns":4},{"damage":0,"enemies":"downfall:FleeingMerchant","floor":28,"turns":4},{"damage":0,"enemies":"downfall:Augmenter","floor":29,"turns":4},{"damage":3,"enemies":"Chosen and Byrds","floor":32,"turns":3},{"damage":4,"enemies":"downfall:Silent","floor":33,"turns":6},{"damage":4,"enemies":"3 Darklings","floor":36,"turns":4},{"damage":8,"enemies":"3 Shapes","floor":37,"turns":3},{"damage":14,"enemies":"Transient","floor":38,"turns":5},{"damage":0,"enemies":"downfall:FleeingMerchant","floor":39,"turns":3},{"damage":3,"enemies":"Nemesis","floor":40,"turns":5},{"damage":35,"enemies":"3 Darklings","floor":43,"turns":5},{"damage":5,"enemies":"Maw","floor":44,"turns":6},{"damage":15,"enemies":"Transient","floor":45,"turns":5},{"damage":3,"enemies":"Spire Growth","floor":47,"turns":3},{"damage":4,"enemies":"4 Shapes","floor":49,"turns":4},{"damage":0,"enemies":"downfall:Watcher","floor":50,"turns":2}],"seed_played":"-9222784199194880430","potions_obtained":[{"floor":4,"key":"LiquidBronze"},{"floor":10,"key":"Guardian:DefensiveModePotion"},{"floor":11,"key":"LiquidMemories"},{"floor":16,"key":"SkillPotion"},{"floor":19,"key":"Dexterity Potion"},{"floor":26,"key":"EssenceOfSteel"},{"floor":27,"key":"Block Potion"},{"floor":38,"key":"ColorlessPotion"},{"floor":40,"key":"Block Potion"},{"floor":44,"key":"Guardian:StasisDiscoveryPotion"},{"floor":45,"key":"SneckoOil"},{"floor":47,"key":"DistilledChaos"},{"floor":49,"key":"Guardian:DefensiveModePotion"}],"is_trial":false,"path_per_floor":["R","M","$","?","?","R","T","E","?","M","M","?","R","M","M","B",null,"R","M","$","?","?","R","T","?","M","M","$","?","R","?","M","B",null,"R","M","M","M","$","E","T","?","M","M","M","R","M","$","M","B",null],"character_chosen":"GUARDIAN","items_purchased":["Membership Card","Guardian:Gem_Blue","Guardian:VentSteam","Sling","Guardian:PickAxe","Guardian:Gem_Fragmented","DollysMirror","The Bomb","Guardian:ExploitGems","Nunchaku","PowerPotion","Guardian:Gem_Crimson","Guardian:Gem_Red","Guardian:PrismaticBeam","Energy Potion","InkBottle","Toxic Egg 2","Shuriken","Potion Belt","StoneCalendar","Block Potion"],"campfire_rested":2,"item_purchase_floors":[3,3,3,3,20,20,20,20,28,28,28,39,39,39,39,39,39,48,48,48,48],"current_hp_per_floor":[80,71,66,42,42,42,42,24,24,24,18,18,42,39,38,27,80,80,77,73,72,72,72,72,72,66,66,66,66,76,68,65,61,90,90,86,78,64,64,61,61,61,26,21,6,33,30,30,26,26],"gold":148,"neow_bonus":"TWO_FIFTY_GOLD","is_daily":false,"chose_seed":false,"campfire_upgraded":3,"win_rate":0.0,"timestamp":1608947023,"path_taken":["R","M","$","?","?","R","T","E","?","M","M","?","R","M","M","BOSS","R","M","$","?","?","R","T","?","M","M","$","?","R","?","M","BOSS","R","M","M","M","$","E","T","?","M","M","M","R","?","$","M","BOSS"],"items_purchased_type":["Relic","Card","Card","Relic","Relic","Card","Relic","Card","Card","Relic","Potion","Card","Card","Card","Potion","Relic","Relic","Relic","Relic","Relic","Potion"],"build_version":"2020-12-22","purchased_purges":4,"victory":true,"max_hp_per_floor":[80,80,80,80,80,80,80,80,80,80,80,80,80,80,80,80,80,80,80,80,80,80,80,80,80,80,80,80,80,90,90,90,90,90,90,90,90,90,90,90,90,90,90,90,90,90,90,90,90,90],"card_choices":[{"not_picked":["Guardian:RefractedBeam","Guardian:BronzeOrb"],"picked":"Guardian:PrismaticBeam","floor":2},{"not_picked":["Guardian:Gem_Crimson","Guardian:WalkerClaw"],"picked":"Guardian:Gem_Red","floor":3},{"not_picked":["Guardian:Reroute","Guardian:Recover"],"picked":"Guardian:Gem_Cyan","floor":4},{"not_picked":["Guardian:ChargeUp","Guardian:SphericShield"],"picked":"Guardian:Gem_Cyan","floor":8},{"not_picked":["Guardian:PrimingBeam","Guardian:WalkerClaw"],"picked":"Guardian:Gem_Crimson","floor":10},{"not_picked":["Guardian:FloatingOrbs","Guardian:CrystalBeam"],"picked":"Guardian:Gem_White","floor":11},{"not_picked":["Guardian:Gem_Blue","Guardian:ArmoredProtocol","Guardian:Emergency"],"picked":"SKIP","floor":14},{"not_picked":["Guardian:DecasProtection","Guardian:PrimingBeam","Guardian:ChargeUp"],"picked":"SKIP","floor":15},{"not_picked":["Guardian:FastForward","Guardian:HyperBeam_Guardian"],"picked":"Guardian:ExploitGems","floor":16},{"not_picked":["Guardian:ChargeCore","Guardian:DonusPower"],"picked":"Guardian:Gem_Cyan","floor":19},{"not_picked":["Guardian:PrimingBeam","Guardian:RefractedBeam","Guardian:MultiBeam"],"picked":"SKIP","floor":20},{"not_picked":["Guardian:Harden","Guardian:Suspension"],"picked":"Guardian:PiercingHide+1","floor":21},{"not_picked":["Guardian:Preprogram+1","Guardian:DonusPower+1"],"picked":"Guardian:RollAttack","floor":26},{"not_picked":["Guardian:GuardianWhirl","Guardian:Gem_Green"],"picked":"Guardian:PrismaticBeam","floor":27},{"not_picked":["Guardian:Emergency","Guardian:ChargeUp","Guardian:TimeBomb"],"picked":"SKIP","floor":28},{"not_picked":[],"picked":"J.A.X.","floor":29},{"not_picked":["Guardian:PolyBeam","Guardian:Gem_Green"],"picked":"Guardian:Gem_White","floor":29},{"not_picked":["Guardian:SentryBeam","Guardian:Preprogram"],"picked":"Guardian:Gem_Green","floor":32},{"not_picked":["Guardian:RevengeProtocol","Guardian:FastForward"],"picked":"Guardian:BaubleBeam","floor":33},{"not_picked":["Guardian:TemporalStrike","Guardian:ChargeUp+1"],"picked":"Guardian:VentSteam","floor":36},{"not_picked":["Guardian:ChargeCore+1","Guardian:MultiBeam"],"picked":"Guardian:Gem_Red","floor":37},{"not_picked":["Guardian:Suspension+1","Guardian:Clone"],"picked":"Guardian:Gem_Red","floor":38},{"not_picked":["Guardian:ShieldCharger","Guardian:Gem_Green","Guardian:TemporalStrike+1"],"picked":"SKIP","floor":39},{"not_picked":["Guardian:Gem_Lightblue","Guardian:PiercingHide+1"],"picked":"Guardian:Gem_Fragmented","floor":40},{"not_picked":["Guardian:Emergency+1","Guardian:Planning+1"],"picked":"Guardian:CrystalBeam","floor":43},{"not_picked":["Guardian:FloatingOrbs+1","Guardian:RollAttack"],"picked":"Guardian:Gem_Crimson","floor":44},{"not_picked":["Guardian:RollAttack+1","Guardian:ChargeCore","Guardian:MultiBeam"],"picked":"SKIP","floor":45},{"not_picked":["Guardian:AncientConstruct","Guardian:Preprogram+1"],"picked":"Guardian:PiercingHide+1","floor":47},{"not_picked":["Guardian:ChargeCore","Guardian:Suspension+1"],"picked":"Guardian:FloatingOrbs","floor":49}],"player_experience":358644,"relics_obtained":[{"floor":7,"key":"MawBank"},{"floor":8,"key":"HornCleat"},{"floor":21,"key":"Red Mask"},{"floor":29,"key":"MutagenicStrength"},{"floor":40,"key":"White Beast Statue"},{"floor":41,"key":"Unceasing Top"}],"event_choices":[{"cards_removed":["Guardian:PrismaticBeam"],"damage_healed":0,"gold_gain":0,"player_choice":"Take \u0026 Give","damage_taken":0,"max_hp_gain":0,"max_hp_loss":0,"event_name":"betterNote:BetterNote","floor":12,"gold_loss":0,"cards_obtained":["sneckomod:DiceBoulder"]},{"damage_healed":0,"gold_gain":0,"player_choice":"Fought Bandits","damage_taken":0,"max_hp_gain":0,"max_hp_loss":0,"event_name":"Masked Bandits","floor":21,"gold_loss":0},{"damage_healed":0,"gold_gain":0,"player_choice":"Ignored","damage_taken":0,"max_hp_gain":0,"max_hp_loss":0,"event_name":"Vampires","floor":22,"gold_loss":0},{"damage_healed":0,"gold_gain":300,"player_choice":"Gold","damage_taken":0,"max_hp_gain":0,"max_hp_loss":0,"event_name":"Wheel of Change","floor":42,"gold_loss":0}],"is_beta":false,"boss_relics":[{"not_picked":["SacredBark","downfall:Hecktoplasm"],"picked":"Guardian:ModeShifterPlus"},{"not_picked":["Coffee Dripper","Fusion Hammer"],"picked":"Empty Cage"}],"items_purged_floors":[3,20,39,48],"is_endless":false,"potions_floor_spawned":[4,10,11,16,19,26,27,33,38,40,43,44,45,47,49],"ascension_level":0}}