{"host":"BK","time":1608952611,"event":{"mods":["BaseMod","Highlight Path","Minty Spire (QoL Compilation)","StSLib"],"gold_per_floor":[117,117,132,147,61,61,95,20,20,20,37,37,64,84,84,84,84],"floor_reached":16,"playtime":1147,"items_purged":["Strike_G"],"score":220,"play_id":"d6a32d35-b09d-47f3-9582-4ea667863e08","local_time":"20201225201651","is_ascension_mode":true,"campfire_choices":[{"data":"All Out Attack","floor":6,"key":"SMITH"},{"floor":12,"key":"REST"},{"floor":15,"key":"REST"}],"circlet_count":0,"master_deck":["AscendersBane","Strike_G","Strike_G","Strike_G","Defend_G","Defend_G","Defend_G","Defend_G","Defend_G","Survivor","Neutralize","Dagger Spray","Leg Sweep","Flying Knee","All Out Attack+1","Bouncing Flask"],"relics":["Black Star","FossilizedHelix","Blood Vial","Shovel","PreservedInsect","Boot"],"acts_visited":["Exordium"],"potions_floor_usage":[13,16],"damage_taken":[{"damage":4,"enemies":"Small Slimes","floor":1,"turns":3},{"damage":0,"enemies":"Cultist","floor":3,"turns":4},{"damage":2,"enemies":"Jaw Worm","floor":4,"turns":6},{"damage":16,"enemies":"3 Sentries","floor":7,"turns":5},{"damage":12,"enemies":"Exordium Thugs","floor":11,"turns":5},{"damage":42,"enemies":"Gremlin Nob","floor":13,"turns":5},{"damage":4,"enemies":"Gremlin Gang","floor":14,"turns":7},{"damage":29,"enemies":"Slime Boss","floor":16,"turns":8}],"seed_played":"5634538336076888551","potions_obtained":[{"floor":3,"key":"Fire Potion"},{"floor":11,"key":"Dexterity Potion"}],"is_trial":false,"path_per_floor":["M","?","M","M","$","R","E","$","T","$","M","R","E","M","R","B"],"character_chosen":"THE_SILENT","items_purchased":["All Out Attack"],"campfire_rested":2,"item_purchase_floors":[5],"current_hp_per_floor":[55,55,55,53,53,53,37,37,37,37,27,46,6,4,23,0,0],"gold":84,"neow_bonus":"BOSS_RELIC","is_daily":false,"chose_seed":false,"campfire_upgraded":1,"win_rate":0.0,"timestamp":1608952611,"path_taken":["M","?","M","M","$","R","E","?","T","?","?","R","E","M","R","BOSS"],"items_purchased_type":["Card"],"build_version":"2020-12-18","purchased_purges":1,"victory":false,"max_hp_per_floor":[66,66,66,66,66,66,66,66,66,66,66,66,66,66,66,66,66],"card_choices":[{"not_picked":["Sucker Punch","Dagger Throw"],"picked":"Dagger Spray","floor":1},{"not_picked":["Accuracy","Expertise"],"picked":"Leg Sweep","floor":3},{"not_picked":["Reflex","Cloak And Dagger"],"picked":"Flying Knee","floor":4},{"not_picked":["Accuracy","Dagger Spray","Expertise"],"picked":"SKIP","floor":7},{"not_picked":["Expertise","PiercingWail"],"picked":"Bouncing Flask","floor":11},{"not_picked":["Choke","Sucker Punch","Outmaneuver"],"picked":"SKIP","floor":13},{"not_picked":["Grand Finale","Backstab","Blur"],"picked":"SKIP","floor":14}],"player_experience":2433059,"relics_obtained":[{"floor":7,"key":"FossilizedHelix"},{"floor":7,"key":"Blood Vial"},{"floor":9,"key":"Shovel"},{"floor":13,"key":"PreservedInsect"},{"floor":13,"key":"Boot"}],"event_choices":[{"cards_removed":["Strike_G"],"damage_healed":0,"gold_gain":0,"player_choice":"Offered Basic","damage_taken":0,"max_hp_gain":0,"max_hp_loss":0,"event_name":"Bonfire Elementals","floor":2,"gold_loss":0}],"is_beta":true,"boss_relics":[],"items_purged_floors":[8],"is_endless":false,"potions_floor_spawned":[3,11],"killed_by":"Slime Boss","ascension_level":20}}