{"host":"19tvufa8xx4wr4o1","time":1608946239,"event":{"mods":["AchievementEnabler","BaseMod","Better Sensory Stone","Better Third Choice","Highlight Path","Minty Spire (QoL Compilation)","Relic Stats","StSLib"],"gold_per_floor":[111,386,400,416,52,77,77,93,119,153,208,33,33,51,51,122,122,138,188,188,200,57,57,68,68,68,82,93,93,113,113,113,190,190,204,328,30,41,59,59,59,76,76,76,95,112,92,105,105,105],"floor_reached":51,"playtime":1884,"items_purged":["Regret","Strike_G","Strike_G"],"score":1265,"play_id":"45043305-32a0-4632-b738-90c892c64ce0","local_time":"20201225193039","is_ascension_mode":true,"campfire_choices":[{"floor":7.0,"key":"REST"},{"data":"Cloak And Dagger","floor":13.0,"key":"SMITH"},{"data":"Cloak And Dagger","floor":15.0,"key":"SMITH"},{"data":"Adrenaline","floor":23.0,"key":"SMITH"},{"data":"Bane","floor":25.0,"key":"SMITH"},{"data":"Footwork","floor":29.0,"key":"SMITH"},{"data":"Burst","floor":32.0,"key":"SMITH"},{"data":"Choke","floor":40,"key":"SMITH"},{"floor":49,"key":"REST"}],"circlet_count":0,"master_deck":["AscendersBane","Strike_G+1","Strike_G","Strike_G","Defend_G","Defend_G","Defend_G","Defend_G","Defend_G","Survivor","Neutralize+1","Crippling Poison","Cloak And Dagger+1","Dagger Spray","Slice","Bane+1","Choke+1","Cloak And Dagger+1","PiercingWail","Riddle With Holes","Footwork+1","Adrenaline+1","Dodge and Roll","Blur","Blade Dance","Noxious Fumes+1","Burst+1","Phantasmal Killer","Cloak And Dagger+1","Dodge and Roll+1","Predator"],"relics":["Philosopher\u0027s Stone","Kunai","Whetstone","PreservedInsect","Centennial Puzzle","InkBottle","WristBlade","Bag of Preparation","SlaversCollar","Mercury Hourglass","Happy Flower","Question Card"],"acts_visited":["Exordium","TheCity","TheBeyond"],"potions_floor_usage":[],"damage_taken":[{"damage":2.0,"enemies":"2 Louse","floor":1.0,"turns":4.0},{"damage":4.0,"enemies":"Cultist","floor":3.0,"turns":5.0},{"damage":11.0,"enemies":"Small Slimes","floor":4.0,"turns":5.0},{"damage":10.0,"enemies":"Lagavulin","floor":6.0,"turns":9.0},{"damage":1.0,"enemies":"Exordium Wildlife","floor":8.0,"turns":2.0},{"damage":12.0,"enemies":"3 Sentries","floor":10.0,"turns":5.0},{"damage":12.0,"enemies":"Gremlin Nob","floor":11.0,"turns":3.0},{"damage":2.0,"enemies":"Large Slime","floor":14.0,"turns":4.0},{"damage":8.0,"enemies":"Hexaghost","floor":16.0,"turns":11.0},{"damage":11.0,"enemies":"2 Thieves","floor":18.0,"turns":4.0},{"damage":0.0,"enemies":"Chosen","floor":21.0,"turns":3.0},{"damage":9.0,"enemies":"Snecko","floor":24.0,"turns":4.0},{"damage":0.0,"enemies":"Centurion and Healer","floor":27.0,"turns":6.0},{"damage":3.0,"enemies":"3 Cultists","floor":28.0,"turns":5.0},{"damage":6.0,"enemies":"Snake Plant","floor":30.0,"turns":5.0},{"damage":0,"enemies":"Automaton","floor":33,"turns":10},{"damage":0,"enemies":"Orb Walker","floor":35,"turns":2},{"damage":0,"enemies":"3 Shapes","floor":38,"turns":3},{"damage":10,"enemies":"Spire Growth","floor":39,"turns":4},{"damage":15,"enemies":"Jaw Worm Horde","floor":42,"turns":4},{"damage":0,"enemies":"Maw","floor":45,"turns":6},{"damage":0,"enemies":"4 Shapes","floor":46,"turns":5},{"damage":0,"enemies":"Sphere and 2 Shapes","floor":48,"turns":4},{"damage":15,"enemies":"Donu and Deca","floor":50,"turns":9}],"seed_played":"87073890574027959","potions_obtained":[{"floor":3.0,"key":"Poison Potion"},{"floor":6.0,"key":"EssenceOfSteel"},{"floor":8.0,"key":"AttackPotion"},{"floor":14.0,"key":"CunningPotion"},{"floor":16.0,"key":"SteroidPotion"},{"floor":21.0,"key":"SkillPotion"},{"floor":24.0,"key":"Fire Potion"},{"floor":36,"key":"FairyPotion"},{"floor":47,"key":"GamblersBrew"}],"is_trial":false,"path_per_floor":["M","?","M","M","$","E","R","M","T","E","?","$","R","M","R","B",null,"M","?","?","M","$","R","M","R","T","M","M","R","M","?","R","B",null,"M","?","$","M","M","R","?","M","T","?","M","M","?","M","R","B",null],"character_chosen":"THE_SILENT","items_purchased":["Kunai","Dagger Spray","PiercingWail","Riddle With Holes","Footwork","Blur","Happy Flower"],"campfire_rested":2,"item_purchase_floors":[5,5,12,12,12,22,37],"current_hp_per_floor":[57,57,53,42,42,32,51,50,50,38,26,26,26,24,24,16,54,43,43,66,66,66,66,57,57,57,57,54,54,48,48,48,48,62,62,62,62,62,52,52,52,37,37,37,37,37,37,37,56,41],"gold":105,"neow_bonus":"BOSS_RELIC","is_daily":false,"chose_seed":false,"campfire_upgraded":7,"win_rate":0.0,"timestamp":1608946239,"path_taken":["M","?","?","M","$","E","R","M","T","E","?","$","R","M","R","BOSS","M","?","?","?","$","R","M","R","T","M","M","R","M","?","R","BOSS","M","?","$","M","?","R","?","M","T","?","M","?","?","?","R","BOSS"],"items_purchased_type":["Relic","Card","Card","Card","Card","Card","Relic"],"build_version":"2020-12-22","purchased_purges":3,"victory":true,"max_hp_per_floor":[66,66,66,66,66,66,66,66,66,66,66,66,66,66,66,66,66,66,66,66,66,66,66,66,66,66,66,66,66,66,66,66,66,66,66,66,66,66,66,66,66,66,66,66,66,66,66,66,66,66],"relic_stats":{"Centennial Puzzle":[30],"Happy Flower":[11],"counters":[24,121],"PreservedInsect":55,"Bag of Preparation":[24],"Kunai":[80],"Whetstone":["Strike_G","Neutralize"],"Question Card":3,"obtain_stats":[{"Happy Flower":37,"PreservedInsect":9,"Bag of Preparation":26,"Whetstone":6,"Question Card":43,"Mercury Hourglass":36,"SlaversCollar":34,"Centennial Puzzle":10,"WristBlade":17,"Philosopher\u0027s Stone":0,"Kunai":5,"InkBottle":11,"Ring of the Snake":0},{"Happy Flower":17,"PreservedInsect":5,"Bag of Preparation":12,"Whetstone":4,"Question Card":20,"Mercury Hourglass":17,"SlaversCollar":16,"Centennial Puzzle":6,"WristBlade":9,"Philosopher\u0027s Stone":0,"Kunai":3,"InkBottle":7,"Ring of the Snake":0},{"Happy Flower":87,"PreservedInsect":25,"Bag of Preparation":59,"Whetstone":23,"Question Card":97,"Mercury Hourglass":87,"SlaversCollar":85,"Centennial Puzzle":30,"WristBlade":48,"Philosopher\u0027s Stone":0,"Kunai":14,"InkBottle":33,"Ring of the Snake":0}],"InkBottle":[52],"Mercury Hourglass":[118]},"card_choices":[{"not_picked":["Flying Knee","Underhanded Strike"],"picked":"Crippling Poison","floor":1.0},{"not_picked":["Dodge and Roll","Sucker Punch","Venomology"],"picked":"SKIP","floor":3.0},{"not_picked":["Expertise","Calculated Gamble"],"picked":"Cloak And Dagger","floor":4.0},{"not_picked":["Catalyst","Flying Knee"],"picked":"Slice","floor":6.0},{"not_picked":["Endless Agony","Underhanded Strike"],"picked":"Bane","floor":8.0},{"not_picked":["Concentrate","Infinite Blades"],"picked":"Choke","floor":10.0},{"not_picked":["Dagger Spray","Deadly Poison"],"picked":"Cloak And Dagger","floor":11.0},{"not_picked":["Acrobatics","Outmaneuver","Sucker Punch"],"picked":"SKIP","floor":14.0},{"not_picked":["Wraith Form v2","Die Die Die"],"picked":"Adrenaline","floor":16.0},{"not_picked":["Eviscerate","Deflect"],"picked":"Dodge and Roll","floor":18.0},{"not_picked":["Poisoned Stab","Riddle With Holes","Distraction"],"picked":"SKIP","floor":21.0},{"not_picked":["Sucker Punch","Poisoned Stab","Bane"],"picked":"SKIP","floor":24.0},{"not_picked":["Catalyst","Acrobatics"],"picked":"Blade Dance","floor":27.0},{"not_picked":["Quick Slash","Tactician"],"picked":"Noxious Fumes+1","floor":28.0},{"not_picked":["Flechettes","Underhanded Strike","Predator"],"picked":"SKIP","floor":30.0},{"not_picked":["Wraith Form v2","Bullet Time"],"picked":"Phantasmal Killer","floor":33},{"not_picked":["Blade Dance","Skewer+1"],"picked":"Cloak And Dagger+1","floor":35},{"not_picked":["Discovery","The Bomb","Sadistic Nature"],"picked":"SKIP","floor":36},{"not_picked":["PiercingWail","Deflect","Bane"],"picked":"SKIP","floor":38},{"not_picked":["Reflex","Dodge and Roll","Outmaneuver"],"picked":"SKIP","floor":39},{"not_picked":["Flying Knee","Sucker Punch","Dodge and Roll"],"picked":"SKIP","floor":42},{"not_picked":["Catalyst+1","Footwork+1","Deflect"],"picked":"Dodge and Roll+1","floor":45},{"not_picked":["Predator","Dodge and Roll","Blade Dance","Poisoned Stab"],"picked":"SKIP","floor":46},{"not_picked":["Dodge and Roll","Blade Dance","Poisoned Stab"],"picked":"Predator","floor":46},{"not_picked":["Poisoned Stab","Bouncing Flask","Flechettes","Concentrate"],"picked":"SKIP","floor":48}],"player_experience":529311,"relics_obtained":[{"floor":6.0,"key":"Whetstone"},{"floor":9.0,"key":"PreservedInsect"},{"floor":10.0,"key":"Centennial Puzzle"},{"floor":11.0,"key":"InkBottle"},{"floor":26.0,"key":"Bag of Preparation"},{"floor":36,"key":"Mercury Hourglass"},{"floor":43,"key":"Question Card"}],"event_choices":[{"damage_healed":0.0,"max_hp_gain":0.0,"max_hp_loss":0.0,"gold_gain":275.0,"event_name":"Golden Shrine","player_choice":"Desecrate","floor":2.0,"gold_loss":0.0,"damage_taken":0.0,"cards_obtained":["Regret"]},{"damage_healed":0.0,"max_hp_gain":0.0,"max_hp_loss":0.0,"gold_gain":30.0,"event_name":"Dead Adventurer","player_choice":"Searched \u00272\u0027 times","floor":11.0,"gold_loss":0.0,"damage_taken":0.0},{"damage_healed":0.0,"max_hp_gain":0.0,"max_hp_loss":0.0,"gold_gain":50.0,"event_name":"betterThird:BetterNest","player_choice":"Steal","floor":19.0,"gold_loss":0.0,"damage_taken":0.0},{"damage_healed":23.0,"max_hp_gain":0.0,"max_hp_loss":0.0,"gold_gain":0.0,"event_name":"Wheel of Change","player_choice":"Full Heal","floor":20.0,"gold_loss":0.0,"damage_taken":0.0},{"damage_healed":0.0,"max_hp_gain":0.0,"max_hp_loss":0.0,"gold_gain":0.0,"event_name":"The Library","player_choice":"Read","floor":31.0,"gold_loss":0.0,"damage_taken":0.0,"cards_obtained":["Burst"]},{"damage_healed":0,"gold_gain":0,"player_choice":"Random: Red","damage_taken":0,"max_hp_gain":0,"max_hp_loss":0,"event_name":"betterThird:BetterPortal","floor":36,"gold_loss":0},{"damage_healed":0,"gold_gain":0,"player_choice":"Ignored","damage_taken":0,"max_hp_gain":0,"max_hp_loss":0,"event_name":"Mysterious Sphere","floor":41,"gold_loss":0},{"damage_healed":0,"gold_gain":0,"player_choice":"Got Potions","damage_taken":0,"max_hp_gain":0,"max_hp_loss":0,"event_name":"Lab","floor":44,"gold_loss":0},{"damage_healed":0,"gold_gain":0,"player_choice":"Bought 1 Potion","damage_taken":0,"max_hp_gain":0,"max_hp_loss":0,"event_name":"The Woman in Blue","floor":47,"gold_loss":0}],"is_beta":false,"boss_relics":[{"not_picked":["Tiny House","Ectoplasm"],"picked":"WristBlade"},{"not_picked":["Runic Dome","Sozu"],"picked":"SlaversCollar"}],"items_purged_floors":[5,22,37],"is_endless":false,"potions_floor_spawned":[3,6,8,14,16,21,24,28,46,48],"ascension_level":16}}