{"host":"dwyzfvnzfcqffr30","time":1608998816,"event":{"mods":["2.2 Compatiblity","Act Like it!","BaseMod","Beaked The Cultist","Better Altar","Better Match","Better Note","Better Sensory Stone","Better Skull","Better Third Choice","Clockwork Mod","Colored Map","Colored Powertips","Conspire","Downfall","Elementarium","GifTheSpireLib","Halation","Hermit","Hubris","Infinite Spire","Ironclad Rager","Jedi Mod","Menagerie","Mimic Mod","Minty Spire (QoL Compilation)","Permanent Neow","Random Character Button","Replay The Spire","Spicy Shops","StSLib","Stuff the Spire","The Construct","The Disciple","The Druid","The Marked","TheFirefly","Trackpad","vexMod"],"gold_per_floor":[444,488,119,149,149,149,187,187,228,272,272,326,367,433,433,568,568,625,75,99,99,108,150,188,37,37,37,46,83,107,156,156,323,323,399,483,512,512],"floor_reached":37,"playtime":3435,"items_purged":["jedi:BattleThirst"],"score":929,"play_id":"3dd6afe1-fd00-4300-93de-17514c4e7de7","local_time":"20201226080656","is_ascension_mode":true,"campfire_choices":[{"floor":6,"key":"RECALL"},{"floor":11,"key":"REST"},{"floor":15,"key":"REST"}],"circlet_count":0,"master_deck":["AscendersBane","beaked:Strike_Y+1","beaked:Strike_Y+1","beaked:Strike_Y+1","beaked:Strike_Y+1","beaked:Strike_Y+1","beaked:Strike_Y+1","beaked:Defend_Y+1","beaked:Defend_Y+1","beaked:Defend_Y+1","beaked:Defend_Y+1","beaked:Ceremony+1","beaked:Ceremony+1","beaked:Ceremony+1","expansioncontent:TimeRipple+1","MasterReality+1","ReplayTheSpireMod:RavenHex+1","beaked:CursingBlood+1","beaked:Evade+1","beaked:KnowThyFoe+1","beaked:RitualOfBody+1","beaked:Hexing+1","ReplayTheSpireMod:Wings of Steel+1","beaked:CheekyTricks+1","beaked:MaddeningMurmurs+1","beaked:Resilience+1","beaked:DigDeep+1","sneckomod:GlitteringGambit+1","Clockwork:ReactiveNanites+1","Clockwork:RevUp+1"],"relics":["beaked:MendingPlumage","Bottled Tornado","infinitespire:EvilPickle","Quantum Egg","Frozen Egg 2","Toxic Egg 2","Molten Egg 2","Juzu Bracelet","hubris:EvacipatedBox","jedi:crownofsimplicity","Art of War","WingedGreaves","CeramicFish","StuffTheSpire:Experiment12","hubris:DisguiseKit","ReplayTheSpireMod:DimensionalGlitch","Kunai","Lee\u0027s Waffle","Elementarium:FlickeringLantern","trackpad:ZombieHeart","vexMod:InvisibilityCloak","hubris:ToyBattleship","beaked:SacredDeck","jedi:archwizardhat","trackpad:SappingStone","Elementarium:ElementariumTrophy","SacredBark"],"acts_visited":["Exordium","Elementarium:Elementarium","TheBeyond"],"potions_floor_usage":[7,7,12,16,16,24,24,31,33,36],"damage_taken":[{"damage":4,"enemies":"Jaw Worm","floor":1,"turns":5},{"damage":9,"enemies":"conspire:RoseBush","floor":2,"turns":2},{"damage":18,"enemies":"conspire:MimicChest","floor":4,"turns":5},{"damage":12,"enemies":"3 Sentries","floor":7,"turns":5},{"damage":3,"enemies":"Small Slimes","floor":9,"turns":6},{"damage":0,"enemies":"Small Slimes","floor":10,"turns":3},{"damage":10,"enemies":"Gremlin Nob","floor":12,"turns":3},{"damage":17,"enemies":"3 Louse","floor":13,"turns":3},{"damage":0,"enemies":"Lagavulin","floor":14,"turns":5},{"damage":0,"enemies":"Slime Boss","floor":16,"turns":5},{"damage":5,"enemies":"Elementarium:VoidCorruption","floor":18,"turns":6},{"damage":0,"enemies":"Elementarium:Cyclone","floor":20,"turns":4},{"damage":13,"enemies":"Elementarium:WarGolem","floor":23,"turns":4},{"damage":0,"enemies":"Elementarium:ElementalPortal","floor":24,"turns":8},{"damage":47,"enemies":"Elementarium:WarGolem","floor":29,"turns":6},{"damage":0,"enemies":"Elementarium:RubyGolem","floor":30,"turns":6},{"damage":3,"enemies":"Elementarium:FIRE_NOBILITY","floor":31,"turns":5},{"damage":6,"enemies":"Elementarium:GoldenDragon","floor":33,"turns":7},{"damage":38,"enemies":"Orb Walker","floor":35,"turns":5},{"damage":56,"enemies":"3 Darklings","floor":36,"turns":7},{"damage":73,"enemies":"Transient","floor":37,"turns":5}],"seed_played":"-3512428466349573745","potions_obtained":[{"floor":2,"key":"Weak Potion"},{"floor":4,"key":"hexamod:EctoCoolerPotion"},{"floor":12,"key":"FearPotion"},{"floor":13,"key":"DistilledChaos"},{"floor":16,"key":"AttackPotion"},{"floor":31,"key":"champ:CounterPotion"},{"floor":33,"key":"Death Potion"}],"is_trial":false,"path_per_floor":["M","M","$","?","?","R","E","?","MIM","M","R","E","M","E","R","B",null,"M","$","M","?","?","E","E","$","T","?","AVR","E","M","E","R","B",null,"M","M","M"],"character_chosen":"BEAKED_THE_CULTIST","items_purchased":["jedi:crownofsimplicity","beaked:Evade+1","hexamod:EctoCoolerPotion","Kunai","Lee\u0027s Waffle","beaked:MaddeningMurmurs+1","Block Potion","beaked:Resilience+1","hexamod:EctoCoolerPotion"],"campfire_rested":2,"item_purchase_floors":[3,3,3,19,19,19,19,19,25],"current_hp_per_floor":[50,43,43,45,45,45,44,44,50,50,50,46,38,50,50,50,50,50,57,57,57,57,51,59,59,59,59,59,37,61,63,63,64,64,57,43,0,0],"gold":512,"neow_bonus":"RANDOM_COLORLESS","is_daily":false,"chose_seed":false,"campfire_upgraded":0,"win_rate":0.0,"timestamp":1608998816,"path_taken":["M","M","$","?","?","R","E","?","MIM","M","R","E","M","E","R","BOSS","M","$","M","?","?","E","E","$","T","?","AVR","E","M","E","R","BOSS","M","M","M"],"items_purchased_type":["Relic","Card","Potion","Relic","Relic","Card","Potion","Card","Potion"],"build_version":"2020-12-22","purchased_purges":1,"victory":false,"max_hp_per_floor":[50,50,50,50,50,50,50,50,50,50,50,50,50,50,50,50,50,50,57,57,57,57,58,59,59,59,59,59,60,61,63,63,64,64,65,73,73,73],"card_choices":[{"not_picked":["Replay:BasicMightCard","jedi:forcepull"],"picked":"expansioncontent:TimeRipple","floor":0},{"not_picked":["beaked:Redirect+1","beaked:FeelMyPain+1"],"picked":"ReplayTheSpireMod:RavenHex+1","floor":1},{"not_picked":["beaked:BraceForImpact+1","beaked:MimicMachine+1"],"picked":"beaked:CursingBlood+1","floor":2},{"not_picked":["beaked:BarbedWire+1","beaked:DarkTribute+1","beaked:Windmill+1"],"picked":"SKIP","floor":7},{"not_picked":["beaked:Tradeoff+1","beaked:MimicMachine+1"],"picked":"beaked:KnowThyFoe+1","floor":9},{"not_picked":["beaked:Windmill+1","beaked:WarriorEssence+1"],"picked":"beaked:RitualOfBody+1","floor":10},{"not_picked":["beaked:DigDeep+1","beaked:Caw+1"],"picked":"beaked:Hexing+1","floor":12},{"not_picked":["beaked:Pecker+1","ReplayTheSpireMod:Prepare the Ceremony+1","beaked:Redirect+1"],"picked":"SKIP","floor":13},{"not_picked":["beaked:VigorBurst+1","beaked:MimicMachine+1"],"picked":"ReplayTheSpireMod:Wings of Steel+1","floor":14},{"not_picked":["beaked:WildInstinct+1","ReplayTheSpireMod:Owlgaze+1","Clockwork:Halt"],"picked":"beaked:CheekyTricks+1","floor":16},{"not_picked":["beaked:BloodRitual+1","beaked:Overexert+1","beaked:MachineSpirit+1","Clockwork:AdaptiveCannon"],"picked":"SKIP","floor":18},{"not_picked":["beaked:Tweet+1","beaked:Pecker+1","beaked:WarriorSpirit+1","Clockwork:Enhance"],"picked":"SKIP","floor":20},{"not_picked":["beaked:Devastation+1","beaked:WildInstinct+1","Clockwork:SpringShield"],"picked":"beaked:DigDeep+1","floor":23},{"not_picked":["beaked:BarbedWire+1","beaked:CheekyTricks+1","beaked:BloodRitual+1","Clockwork:LiteraryArmor"],"picked":"SKIP","floor":24},{"not_picked":["beaked:BraceForImpact+1","beaked:SurvivalInstinct+1","beaked:CursingBlood+1","Clockwork:Randomization"],"picked":"SKIP","floor":29},{"not_picked":["beaked:WarriorEssence+1","beaked:Redirect+1","beaked:Resilience+1","Clockwork:AdaptiveCannon"],"picked":"SKIP","floor":30},{"not_picked":["beaked:MimicHuntress+1","beaked:BarbedWire+1","beaked:BloodRitual+1","Clockwork:SearingStrike"],"picked":"SKIP","floor":31},{"not_picked":["beaked:SacrificialScars+1","beaked:DarkPact+1","beaked:MachineEssence+1"],"picked":"Clockwork:ReactiveNanites","floor":33},{"not_picked":["beaked:Tweet+1","beaked:Flinch+1","beaked:Tradeoff+1"],"picked":"Clockwork:RevUp","floor":35},{"not_picked":["beaked:CursingBlood+1","beaked:Cower+1","beaked:BarbedWire+1","Clockwork:Scour"],"picked":"SKIP","floor":36}],"player_experience":2445573,"relics_obtained":[{"floor":4,"key":"Art of War"},{"floor":7,"key":"WingedGreaves"},{"floor":9,"key":"CeramicFish"},{"floor":12,"key":"StuffTheSpire:Experiment12"},{"floor":14,"key":"hubris:DisguiseKit"},{"floor":23,"key":"vexMod:InvisibilityCloak"},{"floor":24,"key":"hubris:ToyBattleship"},{"floor":29,"key":"jedi:archwizardhat"},{"floor":31,"key":"trackpad:SappingStone"}],"event_choices":[{"damage_healed":0,"gold_gain":0,"player_choice":"Simplicity","damage_taken":0,"max_hp_gain":0,"max_hp_loss":10,"event_name":"betterThird:BetterWriting","floor":0,"gold_loss":0},{"damage_healed":0,"gold_gain":0,"player_choice":"Disagree","damage_taken":0,"max_hp_gain":0,"max_hp_loss":0,"event_name":"conspire:LoneGhost","floor":5,"gold_loss":0},{"damage_healed":0,"gold_gain":0,"player_choice":"Ignored","damage_taken":0,"max_hp_gain":0,"max_hp_loss":0,"event_name":"Accursed Blacksmith","floor":8,"gold_loss":0},{"damage_healed":0,"gold_gain":0,"player_choice":"Take","damage_taken":0,"relics_obtained":["Elementarium:FlickeringLantern"],"max_hp_gain":0,"max_hp_loss":0,"event_name":"Elementarium:HeartOfTheVoid","floor":21,"gold_loss":0},{"damage_healed":0,"gold_gain":0,"player_choice":"Ignored","damage_taken":0,"max_hp_gain":0,"max_hp_loss":0,"event_name":"Elementarium:FountainOfGold","floor":27,"gold_loss":0}],"is_beta":false,"boss_relics":[{"not_picked":["halation:ForbiddenBikini","StuffTheSpire:ModemDavis","Runic Dome"],"picked":"ReplayTheSpireMod:DimensionalGlitch"},{"not_picked":["Empty Cage","Calling Bell","vexMod:EndlessSickness"],"picked":"SacredBark"}],"items_purged_floors":[25],"is_endless":false,"potions_floor_spawned":[2,4,12,13,16,20,31,33],"killed_by":"Transient","ascension_level":11}}