{"host":"v1m5rkjj38qutr02","time":1608994099,"event":{"mods":["Act Like it!","BaseMod","Conspire","Gensokyo","GungeonMod","Hallownest","Minty Spire (QoL Compilation)","Replay The Spire","StSLib","The Bug Knight","Youmu£®ªÍ∆«—˝√Œ£©"],"gold_per_floor":[114,114,36,46,121,149,149,169,169,19,35,35,48,48,48,150,150,164,174,174,192,212,212,265,265],"floor_reached":24,"playtime":753,"items_purged":[],"score":423,"play_id":"58bd20b8-9429-43d9-91bb-d1e6918cc8ed","local_time":"20201226224819","is_ascension_mode":true,"campfire_choices":[{"floor":15.0,"key":"REST"},{"floor":23,"key":"REST"}],"circlet_count":0,"master_deck":["AscendersBane","Strike_G","Strike_G","Defend_G","Defend_G","Defend_G","Defend_G","Defend_G","Survivor","Neutralize","Blade Dance","Acrobatics","Pot Of Greed","Venomology","Blade Dance","Cloak And Dagger","Hidden Blade","Backstab","Bullet Time","Crow Ritual+1","Unload+1","Tools of the Trade+1","Pot Of Greed","Outmaneuver","Adrenaline"],"relics":["Ring of the Snake","NeowsBlessing","Ring of Fury","Replay:Wax Seal","Grinning Jar","conspire:DecoderRing","Tiny Chest","Astrolabe","Smiling Mask"],"acts_visited":["Exordium","TheCity"],"potions_floor_usage":[21,22,22],"damage_taken":[{"damage":0.0,"enemies":"Small Slimes","floor":1.0,"turns":1.0},{"damage":0.0,"enemies":"2 Louse","floor":4.0,"turns":1.0},{"damage":0.0,"enemies":"3 Sentries","floor":6.0,"turns":1.0},{"damage":0.0,"enemies":"Cultist","floor":8.0,"turns":3.0},{"damage":14.0,"enemies":"Red Slaver","floor":11.0,"turns":5.0},{"damage":1.0,"enemies":"Exordium Thugs","floor":13.0,"turns":6.0},{"damage":0.0,"enemies":"Slime Boss","floor":16.0,"turns":5.0},{"damage":1,"enemies":"Spheric Guardian","floor":18,"turns":3},{"damage":0,"enemies":"Chosen","floor":19,"turns":4},{"damage":41,"enemies":"Centurion and Healer","floor":21,"turns":7},{"damage":24,"enemies":"Shelled Parasite and Fungi","floor":22,"turns":4}],"seed_played":"7530321972937144163","potions_obtained":[{"floor":8.0,"key":"Adrenaline Potion"},{"floor":16.0,"key":"Ancient Potion"},{"floor":21,"key":"LiquidBronze"}],"is_trial":false,"path_per_floor":["M","?","$","M","?","E","?","M","T","$","M","$","M","?","R","B",null,"M","M","?","M","M","R","T"],"character_chosen":"THE_SILENT","items_purchased":["Replay:Wax Seal","Tiny Chest"],"campfire_rested":2,"item_purchase_floors":[3,10],"current_hp_per_floor":[63,63,63,63,52,52,52,52,52,52,38,38,37,37,58,58,67,66,66,66,41,17,38,38,38],"gold":265,"neow_bonus":"THREE_ENEMY_KILL","is_daily":false,"chose_seed":false,"campfire_upgraded":0,"win_rate":0.0,"timestamp":1608994099,"path_taken":["M","?","$","M","?","E","?","M","T","$","M","$","M","?","R","BOSS","M","M","?","M","?","R","?"],"items_purchased_type":["Relic","Relic"],"build_version":"2020-12-22","purchased_purges":0,"victory":false,"max_hp_per_floor":[70,70,70,70,70,70,70,70,70,70,70,70,70,70,70,70,70,70,70,70,70,70,70,70,70],"card_choices":[{"not_picked":["Prepared","Underhanded Strike"],"picked":"Blade Dance","floor":1.0},{"not_picked":["ReplayTheSpireMod:Tripwire","Escape Plan"],"picked":"Acrobatics","floor":4.0},{"not_picked":["Skewer","Backflip"],"picked":"Venomology","floor":6.0},{"not_picked":["conspire:DoublingDagger","Flying Knee"],"picked":"Blade Dance","floor":8.0},{"not_picked":["Catalyst","Backstab"],"picked":"Cloak And Dagger","floor":11.0},{"not_picked":["Endless Agony","Deadly Poison"],"picked":"Hidden Blade","floor":13.0},{"not_picked":["Grand Finale","Atom Bomb"],"picked":"Bullet Time","floor":16.0},{"not_picked":["Bane","All Out Attack"],"picked":"Outmaneuver","floor":18},{"not_picked":["Hidden Blade","Replay:Poison Smokescreen","Dagger Throw"],"picked":"SKIP","floor":19},{"not_picked":["Underhanded Strike","PiercingWail+1","Prepared"],"picked":"SKIP","floor":21},{"not_picked":["Blade Dance","Expertise"],"picked":"Adrenaline","floor":22}],"player_experience":385549,"relics_obtained":[{"floor":2.0,"key":"Ring of Fury"},{"floor":6.0,"key":"Grinning Jar"},{"floor":9.0,"key":"conspire:DecoderRing"},{"floor":24,"key":"Smiling Mask"}],"event_choices":[{"damage_healed":0.0,"max_hp_gain":0.0,"max_hp_loss":0.0,"gold_gain":75.0,"event_name":"World of Goop","player_choice":"Gather Gold","floor":5.0,"gold_loss":0.0,"damage_taken":11.0},{"damage_healed":0.0,"max_hp_gain":0.0,"max_hp_loss":0.0,"gold_gain":0.0,"event_name":"conspire:LoneGhost","player_choice":"Disagree","floor":7.0,"gold_loss":0.0,"damage_taken":0.0},{"damage_healed":0.0,"max_hp_gain":0.0,"max_hp_loss":0.0,"gold_gain":0.0,"cards_transformed":["Strike_G"],"event_name":"Transmorgrifier","player_choice":"Transformed","floor":14.0,"gold_loss":0.0,"damage_taken":0.0,"cards_obtained":["Backstab"]},{"cards_removed":["Doubt"],"damage_healed":0,"gold_gain":0,"player_choice":"Removed Curses","damage_taken":0,"max_hp_gain":0,"max_hp_loss":0,"event_name":"Fountain of Cleansing","floor":20,"gold_loss":0}],"is_beta":false,"boss_relics":[{"not_picked":["Tiny House","Replay:Grab Bag"],"picked":"Astrolabe"}],"items_purged_floors":[],"is_endless":false,"potions_floor_spawned":[8,13,16,21],"ascension_level":11}}