{"host":"djfsqftupta9xgss","time":1608987639,"event":{"mods":["ATMod(°¢èªMod)","Act Like it!","BaseMod","Gensokyo","Lobotomy","LobotomyExtend","Minty Spire (QoL Compilation)","MostiFishMod","Pale of the Ancients","Replay The Spire","Spicy Shops","StSLib","TestMod"],"gold_per_floor":[212,212,408,419,430,430,462,462,462,488,488,514,529,547,547,642,642,659,673,588,535,535,535,567,52,127,138,164,184,198,231,231,231,231],"floor_reached":33,"playtime":2228,"items_purged":["Injury","RedEyes+1"],"score":628,"play_id":"f880513a-ca7c-4d27-8215-8e6e0bd18d70","local_time":"20201226210039","is_ascension_mode":true,"campfire_choices":[],"circlet_count":0,"master_deck":["LongBird","Woodsman","SpecialBullet","SpecialBullet","InformationCode","ExtractionCode","RecordCode","AT_FamilyPortrait","Noise","Lamp+17","SoundOfStar+1","Hypocrisy","Ecstasy","BearPaw+1","BloodyDesire+1","GreenStem+1","Twilight+1","Amnesia","Spore+1","Amita+1","Moonlight+1","DaCapo+1","Yin","InTheNameOfLoveAndHate+1","Noise+1","DisciplinaryCode","Noise+1","ShedSkin+1","Porccubus","Twilight+1"],"relics":["CogitoBucket","RabbitCall","AT_ATBox","DaveBox","testmod-TestBox","OneHitWonderSystem","testmod-CardMagician","SynthV:TestCard","LetterFromLob","CombinedTypeHook","Shovel","Bottled Flame","InkBottle","AspirationHeart","Kintsugi","Golden Egg","BargainBundle","Bottled Tornado","MealTicket","Toxic Egg 2","Omamori","testmod-MagicalMallet","PreservedInsect","ClockworkSouvenir","DianPoetry","Iron Hammer","Logging_r","Justitia_r","Replay:Mystery Machine","Replay:Rubber Ducky"],"acts_visited":["Exordium","TheCity"],"potions_floor_usage":[],"damage_taken":[{"damage":0,"enemies":"Jaw Worm","floor":1,"turns":2},{"damage":0,"enemies":"2 Louse","floor":4,"turns":2},{"damage":0,"enemies":"Cultist","floor":5,"turns":2},{"damage":0,"enemies":"Gremlin Nob","floor":7,"turns":9},{"damage":0,"enemies":"3 Sentries","floor":10,"turns":4},{"damage":0,"enemies":"Replay:BlueRogue","floor":12,"turns":2},{"damage":0,"enemies":"2 Fungi Beasts","floor":13,"turns":2},{"damage":0,"enemies":"Exordium Wildlife","floor":14,"turns":2},{"damage":0,"enemies":"Slime Boss","floor":16,"turns":2},{"damage":0,"enemies":"Chosen","floor":18,"turns":3},{"damage":0,"enemies":"Spheric Guardian","floor":19,"turns":2},{"damage":0,"enemies":"Book of Stabbing","floor":24,"turns":2},{"damage":0,"enemies":"Shelled Parasite and Fungi","floor":27,"turns":4},{"damage":0,"enemies":"Slavers","floor":28,"turns":4},{"damage":0,"enemies":"Snecko","floor":29,"turns":2},{"damage":0,"enemies":"3 Cultists","floor":30,"turns":4},{"damage":0,"enemies":"Replay:Snechameleon","floor":31,"turns":1},{"damage":0,"enemies":"Collector","floor":33,"turns":2}],"seed_played":"8477452763794937939","potions_obtained":[{"floor":16,"key":"SpeedPotion"}],"is_trial":false,"path_per_floor":["M","?","?","M","M","R","E","?","T","E","R","E","M","M","R","B",null,"M","M","?","$","?","R","E","$","T","M","E","M","M","E","R","B"],"character_chosen":"Angela","items_purchased":["BargainBundle","Bottled Tornado","MealTicket","Toxic Egg 2","Omamori","testmod-MagicalMallet","Moonlight+1","DaCapo+1","testmod-TestPotion","Dexterity Potion","testmod-TestPotion","ClockworkSouvenir","DianPoetry","Iron Hammer"],"campfire_rested":0,"item_purchase_floors":[21,21,21,21,21,21,21,21,21,21,21,25,25,25],"current_hp_per_floor":[1,1,1,1,1,1,1,1,1,1,1,1,11,1,1,1,1,1,1,1,1,1,1,1,1,1,1,1,1,1,1,1,0,0],"gold":231,"neow_bonus":"HUNDRED_GOLD","is_daily":false,"chose_seed":false,"campfire_upgraded":0,"win_rate":0.0,"timestamp":1608987639,"path_taken":["M","?","?","M","M","R","E","?","T","E","R","E","M","M","R","BOSS","M","?","?","$","?","R","E","$","T","?","E","M","M","E","R","BOSS"],"items_purchased_type":["Relic","Relic","Relic","Relic","Relic","Relic","Card","Card","Potion","Potion","Potion","Relic","Relic","Relic"],"build_version":"2020-12-22","purchased_purges":2,"victory":false,"max_hp_per_floor":[1,1,1,1,1,1,1,1,1,1,1,1,11,1,1,1,1,1,1,1,1,1,1,1,1,1,1,1,1,1,1,1,1,1],"card_choices":[{"not_picked":["TodaysExpression","Lantern"],"picked":"SKIP","floor":1},{"not_picked":["Lantern","SolemnVow","Beak"],"picked":"Noise","floor":3},{"not_picked":["CherryBlossom","ScreamingWedge","Beak"],"picked":"SomewhereSpear","floor":4},{"not_picked":["Hornet","Spore","Penitence"],"picked":"Lamp","floor":4},{"not_picked":["Regret_ego","Beak","SomewhereSpear","Harmony"],"picked":"SKIP","floor":5},{"not_picked":["FourthMatchFlame","RapturousDream","WristCuter","Beak"],"picked":"SoundOfStar","floor":7},{"not_picked":["RapturousDream","Diffraction","Hornet","InTheNameOfLoveAndHate","CherryBlossom"],"picked":"SKIP","floor":7},{"not_picked":["FourthMatchFlame","RapturousDream","DaCapo","Lantern"],"picked":"Ecstasy","floor":10},{"not_picked":["SpiderBud","RedShoes","BeautyBeast"],"picked":"Singing Bowl","floor":10},{"not_picked":["Lantern","Penitence","CUTE","RedEyes","GoldRush"],"picked":"SKIP","floor":10},{"not_picked":["Lantern+1","FeatherOfHonor+1","WristCuter+1","RedEyes+1"],"picked":"BearPaw+1","floor":12},{"not_picked":["Alriune","CrumblingArmor","SpiderBud"],"picked":"Singing Bowl","floor":12},{"not_picked":["RedEyes+1","Galaxy+1","Ecstasy+1","TodaysExpression+1"],"picked":"BloodyDesire+1","floor":12},{"not_picked":["OSAHOGD","SnowQueen","GalaxyChild"],"picked":"Singing Bowl","floor":13},{"not_picked":["Soda+1","GrinderMk4+1","Lantern+1","Tough+1","CherryBlossom+1"],"picked":"SKIP","floor":13},{"not_picked":["Lantern+1","GrinderMk4+1","Wingbeat+1","Spore+1"],"picked":"GreenStem+1","floor":14},{"not_picked":["Murderer","OSAHOGD"],"picked":"Woodsman","floor":14},{"not_picked":["Soda+1","Beak+1","WristCuter+1","Galaxy+1","Tough+1"],"picked":"SKIP","floor":14},{"not_picked":["VoidDream","UniverseFragment","DreamingCurrent"],"picked":"Singing Bowl","floor":16},{"not_picked":["GoldRush+1","SoundOfStar+1","TheSmile+1","Mimicry+1"],"picked":"Twilight+1","floor":16},{"not_picked":["Soda+1","RapturousDream+1","Logging+1","Moonlight+1"],"picked":"Spore+1","floor":18},{"not_picked":["LittleHelper","Bloodbath","Rudolta"],"picked":"Singing Bowl","floor":18},{"not_picked":["Reverberation+1","Soda+1","Gaze+1","BlackSwan_ego+1","GrinderMk4+1"],"picked":"SKIP","floor":18},{"not_picked":["Regret_ego+1","Loneliness+1","TodaysExpression+1","Justitia+1"],"picked":"Amita+1","floor":19},{"not_picked":["Laetitia","OSAHOGD","PunishingBird"],"picked":"Singing Bowl","floor":19},{"not_picked":["Harvest+1","Tough+1","Harmony+1","SwordSharpenedByTears+1","Beak+1"],"picked":"SKIP","floor":19},{"not_picked":["Beak+1","Harvest+1","Diffraction+1","BearPaw+1","CUTE+1"],"picked":"SKIP","floor":19},{"not_picked":["MeatLantern","LittleHelper"],"picked":"Yin","floor":24},{"not_picked":["Horn+1","Hornet+1","MagicBullet+1","SomewhereSpear+1"],"picked":"InTheNameOfLoveAndHate+1","floor":24},{"not_picked":["Discord+1","BloodyDesire+1","Galaxy+1","SolemnVow+1","FeatherOfHonor+1"],"picked":"SKIP","floor":24},{"not_picked":["SomewhereSpear+1","SwordSharpenedByTears+1","Logging+1","RedEyes+1"],"picked":"Noise+1","floor":27},{"not_picked":["BeautyBeast","QueenBee"],"picked":"LongBird","floor":27},{"not_picked":["SolemnVow+1","Tough+1","Wingbeat+1","Diffraction+1"],"picked":"Noise+1","floor":27},{"not_picked":["RedEyes+1","Amita+1","FrostShard+1","BlackSwan_ego+1","TodaysExpression+1"],"picked":"SKIP","floor":27},{"not_picked":["OSAHOGD","Scarecrow","HeroicMonk"],"picked":"Singing Bowl","floor":28},{"not_picked":["Regret_ego+1","BearPaw+1","TheSmile+1","Lantern+1","Amita+1"],"picked":"SKIP","floor":28},{"not_picked":["SomewhereSpear+1","Diffraction+1","Horn+1","Amita+1","Lantern+1"],"picked":"SKIP","floor":28},{"not_picked":["CherryBlossom+1","LifeForTheDareDevil+1","RedEyes+1","TodaysExpression+1","CUTE+1"],"picked":"SKIP","floor":28},{"not_picked":["CrimsonScar+1","Noise+1","FrostShard+1","Soda+1","BloodyDesire+1"],"picked":"SKIP","floor":28},{"not_picked":["OldLady","GalaxyChild","WhitesApple"],"picked":"Singing Bowl","floor":29},{"not_picked":["ShyLook","PunishingBird"],"picked":"MeltingLove","floor":29},{"not_picked":["Reverberation+1","SomewhereSpear+1","Beak+1","InTheNameOfLoveAndHate+1","Lantern+1"],"picked":"SKIP","floor":29},{"not_picked":["Harvest+1","Lantern+1","MagicBullet+1","RapturousDream+1","Justitia+1"],"picked":"SKIP","floor":29},{"not_picked":["BlackArmy","Murderer"],"picked":"DespairKnight","floor":30},{"not_picked":["CUTE+1","FourthMatchFlame+1","TodaysExpression+1","Tough+1"],"picked":"ShedSkin+1","floor":30},{"not_picked":["Beak+1","BlueScar+1","Reverberation+1","RedEyes+1","GrinderMk4+1"],"picked":"SKIP","floor":30},{"not_picked":["BigBadWolf","Variant","DreamingCurrent"],"picked":"Singing Bowl","floor":31},{"not_picked":["LittlePrince","WallGazer"],"picked":"Porccubus","floor":31},{"not_picked":["Loneliness+1","WristCuter+1","Horn+1","TodaysExpression+1"],"picked":"Twilight+1","floor":31},{"not_picked":["Penitence+1","CUTE+1","Horn+1","WristCuter+1","FourthMatchFlame+1"],"picked":"SKIP","floor":31}],"player_experience":362677,"relics_obtained":[{"floor":1,"key":"SynthV:TestCard"},{"floor":1,"key":"LetterFromLob"},{"floor":7,"key":"CombinedTypeHook"},{"floor":9,"key":"Shovel"},{"floor":10,"key":"Bottled Flame"},{"floor":12,"key":"InkBottle"},{"floor":24,"key":"PreservedInsect"},{"floor":28,"key":"Replay:Mystery Machine"},{"floor":31,"key":"Replay:Rubber Ducky"}],"event_choices":[{"damage_healed":0,"gold_gain":0,"cards_transformed":["SomewhereSpear"],"player_choice":"Transformed","damage_taken":0,"max_hp_gain":0,"max_hp_loss":0,"event_name":"Transmorgrifier","floor":8,"gold_loss":0,"cards_obtained":["Hypocrisy"]},{"damage_healed":0,"gold_gain":0,"player_choice":"Obtained Relic","damage_taken":0,"relics_obtained":["Golden Egg"],"max_hp_gain":0,"max_hp_loss":0,"event_name":"Addict","floor":20,"gold_loss":85},{"damage_healed":0,"gold_gain":0,"player_choice":"0 cards matched","damage_taken":0,"max_hp_gain":0,"max_hp_loss":0,"event_name":"Match and Keep!","floor":22,"gold_loss":0,"cards_obtained":[]}],"is_beta":false,"boss_relics":[{"not_picked":["Painkiller Herb","Tiny House"],"picked":"Kintsugi"}],"items_purged_floors":[21,25],"is_endless":false,"potions_floor_spawned":[16,29],"killed_by":"Collector","ascension_level":1}}