{"host":"s8k08j4eybfen9r6","time":1608963379,"event":{"mods":["Aspiration","BaseMod","Better Altar","Better Match","Better Note","Better Sensory Stone","Better Skull","Better Third Choice","BetterRewards","Downfall","Duelist Mod","Hubris","Minty Spire (QoL Compilation)","MostiFishMod","Rare Cards Sparkle","Shop Mod","Spicy Shops","StSLib"],"gold_per_floor":[137,137,153,166,178,207,169,189,215,215,215],"floor_reached":10,"playtime":663,"items_purged":["Decay"],"score":77,"play_id":"3013e24a-aac0-4fc4-9b67-c929481dcc6e","local_time":"20201226161619","is_ascension_mode":true,"campfire_choices":[],"circlet_count":0,"master_deck":["theDuelist:NaturiaBeast+1","theDuelist:NaturiaMarron+1","theDuelist:CastleWalls","theDuelist:CastleWalls","theDuelist:CastleWalls","theDuelist:DarkSparks","theDuelist:NaturiaCliff","theDuelist:NaturiaRock","theDuelist:NaturiaTulip","theDuelist:Sparks","theDuelist:Sparks","theDuelist:NatureReflection","theDuelist:DarkSparks","theDuelist:SummoningSwarm","theDuelist:Pollinosis","theDuelist:ConvulsionNature","theDuelist:WormBait","theDuelist:NaturiaRosewhip","theDuelist:HuntingInstinct","theDuelist:NaturiaHydrangea","theDuelist:NaturiaBarkion"],"relics":["theDuelist:MillenniumPuzzle","theDuelist:CardPoolRelic","theDuelist:CardPoolBasicRelic","theDuelist:BoosterPackPoolRelic","theDuelist:CardPoolAddRelic","theDuelist:CardPoolMinusRelic","theDuelist:CardPoolSaveRelic","theDuelist:CardPoolOptionsRelic","DaveBox","NeowsBlessing","DiscerningMonocle","SynthV:TestCard","theDuelist:CursedHealer","Paper Crane","MerchantsRug","Mercury Hourglass","hubris:SlimyHat","theDuelist:BlessingAnubis","Membership Card","Blood Vial","Ying","hubris:AncientText"],"acts_visited":["Exordium"],"potions_floor_usage":[],"damage_taken":[{"damage":0,"enemies":"Jaw Worm","floor":1,"turns":1},{"damage":0,"enemies":"2 Louse","floor":3,"turns":1},{"damage":0,"enemies":"Small Slimes","floor":4,"turns":1},{"damage":15,"enemies":"Blue Slaver","floor":5,"turns":4},{"damage":14,"enemies":"3 Sentries","floor":6,"turns":11},{"damage":10,"enemies":"Exordium Thugs","floor":8,"turns":4},{"damage":25,"enemies":"Gremlin Nob","floor":10,"turns":4}],"seed_played":"-6710925027905749339","potions_obtained":[{"floor":4,"key":"theDuelist:SteelBrew"}],"is_trial":false,"path_per_floor":["M","?","M","M","M","E","$","M","T","E"],"character_chosen":"THE_DUELIST","items_purchased":["MerchantsRug","Mercury Hourglass","hubris:SlimyHat","theDuelist:BlessingAnubis","Membership Card","theDuelist:ConvulsionNature","theDuelist:WormBait","theDuelist:NaturiaRosewhip","theDuelist:HuntingInstinct","Blood Vial","Ying","theDuelist:NaturiaHydrangea"],"campfire_rested":0,"item_purchase_floors":[7,7,7,7,7,7,7,7,7,7,7,7],"current_hp_per_floor":[80,80,80,80,65,51,51,43,43,20,20],"gold":215,"neow_bonus":"THREE_ENEMY_KILL","is_daily":false,"chose_seed":false,"campfire_upgraded":0,"win_rate":0.0,"timestamp":1608963379,"path_taken":["M","?","M","M","M","E","$","M","T","E"],"items_purchased_type":["Relic","Relic","Relic","Relic","Relic","Card","Card","Card","Card","Relic","Relic","Card"],"build_version":"2020-12-22","purchased_purges":1,"victory":false,"max_hp_per_floor":[80,80,80,80,78,76,76,74,74,74,74],"card_choices":[{"not_picked":["theDuelist:NaturiaLeodrake","theDuelist:NaturalDisaster","theDuelist:Anteater"],"picked":"theDuelist:NatureReflection","floor":1},{"not_picked":["theDuelist:NaturiaDragonfly","theDuelist:NaturiaCliff","theDuelist:NaturiaRagweed","theDuelist:NatureReflection"],"picked":"theDuelist:NaturiaMarron","floor":3},{"not_picked":[],"picked":"theDuelist:DarkSparks","floor":4},{"not_picked":["theDuelist:FuryFire","theDuelist:SangaEarth","theDuelist:NaturiaStagBeetle","theDuelist:NaturiaButterfly"],"picked":"theDuelist:SummoningSwarm","floor":5},{"not_picked":["theDuelist:NaturiaExterio","theDuelist:NaturiaParadizo","theDuelist:HeartUnderdog","theDuelist:NaturiaHorneedle"],"picked":"theDuelist:Pollinosis","floor":6},{"not_picked":["theDuelist:DemiseLand","theDuelist:ClosedForest","theDuelist:HeartUnderdog","theDuelist:NaturiaHorneedle"],"picked":"theDuelist:NaturiaBarkion","floor":8}],"player_experience":375966,"relics_obtained":[{"floor":1,"key":"SynthV:TestCard"},{"floor":6,"key":"Paper Crane"},{"floor":9,"key":"hubris:AncientText"}],"event_choices":[{"damage_healed":0,"gold_gain":0,"player_choice":"Succumb - +25HP/Cursed Relic","duelist":true,"damage_taken":0,"max_hp_gain":0,"max_hp_loss":0,"event_name":"Tomb of the Nameless","floor":2,"gold_loss":0}],"is_beta":false,"boss_relics":[],"items_purged_floors":[7],"is_endless":false,"potions_floor_spawned":[4],"killed_by":"Gremlin Nob","ascension_level":2}}