{"host":"baymyijz6sxaqj5s","time":1608978258,"event":{"mods":["AchievementEnabler","BaseMod","Colored Map","Colored Powertips","DeckTracker","KOR Keyword Fix","Keyboard Shortcuts","Minty Spire (QoL Compilation)","Quick Restart","StSLib","SuperFastMode"],"gold_per_floor":[118,168,188,198,198,198,198,198,224,174,192,166,166,199,199,199,199],"floor_reached":16,"playtime":372,"items_purged":[],"score":108,"play_id":"8aff46a8-dc3d-4774-86db-d2c4b60e99b5","local_time":"20201226192418","is_ascension_mode":true,"campfire_choices":[{"data":"Heavy Blade","floor":6,"key":"SMITH"},{"data":"Bash","floor":8,"key":"SMITH"},{"data":"Sword Boomerang","floor":13,"key":"SMITH"},{"floor":15,"key":"REST"}],"circlet_count":0,"master_deck":["Strike_R","Strike_R","Strike_R","Strike_R","Defend_R","Defend_R","Defend_R","Defend_R","Bash+1","Heavy Blade+1","Whirlwind","Sword Boomerang+1","Body Slam"],"relics":["Burning Blood","Potion Belt","Bottled Flame"],"acts_visited":["Exordium"],"potions_floor_usage":[14,16],"damage_taken":[{"damage":4,"enemies":"Small Slimes","floor":1,"turns":4},{"damage":4,"enemies":"2 Louse","floor":3,"turns":3},{"damage":6,"enemies":"Jaw Worm","floor":4,"turns":4},{"damage":25,"enemies":"Exordium Thugs","floor":11,"turns":5},{"damage":45,"enemies":"Lagavulin","floor":14,"turns":7},{"damage":73,"enemies":"The Guardian","floor":16,"turns":10}],"seed_played":"871872512245884330","potions_obtained":[{"floor":4,"key":"Strength Potion"},{"floor":14,"key":"Regen Potion"}],"is_trial":false,"path_per_floor":["M","?","M","M","?","R","?","R","T","?","M","$","R","E","R","B"],"character_chosen":"IRONCLAD","items_purchased":["Sword Boomerang"],"campfire_rested":1,"item_purchase_floors":[12],"current_hp_per_floor":[88,88,88,88,88,88,88,88,88,88,69,69,69,30,56,0,0],"gold":199,"neow_bonus":"TEN_PERCENT_HP_BONUS","is_daily":false,"chose_seed":false,"campfire_upgraded":3,"win_rate":0.0,"timestamp":1608978258,"path_taken":["M","?","M","M","?","R","?","R","T","?","M","?","R","E","R","BOSS"],"items_purchased_type":["Card"],"build_version":"2020-12-22","purchased_purges":0,"victory":false,"max_hp_per_floor":[88,88,88,88,88,88,88,88,88,88,88,88,88,88,88,88,88],"card_choices":[{"not_picked":["Clothesline","Anger"],"picked":"Heavy Blade","floor":1},{"not_picked":["True Grit","Infernal Blade","Iron Wave"],"picked":"SKIP","floor":3},{"not_picked":["Bludgeon","Clash","Thunderclap"],"picked":"SKIP","floor":4},{"not_picked":["Havoc","Second Wind"],"picked":"Whirlwind","floor":11},{"not_picked":["True Grit","Headbutt"],"picked":"Body Slam","floor":14}],"player_experience":249833,"relics_obtained":[{"floor":9,"key":"Potion Belt"},{"floor":14,"key":"Bottled Flame"}],"event_choices":[{"damage_healed":0,"gold_gain":50,"player_choice":"Gained Gold","damage_taken":0,"max_hp_gain":0,"max_hp_loss":0,"event_name":"Golden Wing","floor":2,"gold_loss":0},{"damage_healed":0,"gold_gain":0,"player_choice":"Ignored","damage_taken":0,"max_hp_gain":0,"max_hp_loss":0,"event_name":"Liars Game","floor":5,"gold_loss":0},{"damage_healed":0,"gold_gain":0,"player_choice":"Ignored","damage_taken":0,"max_hp_gain":0,"max_hp_loss":0,"event_name":"Golden Idol","floor":7,"gold_loss":0},{"cards_removed":["Strike_R"],"damage_healed":0,"gold_gain":0,"player_choice":"Card Removal","damage_taken":0,"max_hp_gain":0,"max_hp_loss":0,"event_name":"The Cleric","floor":10,"gold_loss":50}],"is_beta":false,"boss_relics":[],"items_purged_floors":[],"is_endless":false,"potions_floor_spawned":[4,14],"killed_by":"The Guardian","ascension_level":2}}