{"host":"7l2t4psy44vpcd9q","time":1608989362,"event":{"mods":["AchievementEnabler","BaseMod","DeckTracker","Minty Spire (QoL Compilation)","SuperFastMode"],"gold_per_floor":[111,127,146,146,158,158,168,178,178,178,46,62,62,76,76,153,153,171,189,239,21,32,32,59,59,84,102,102,102],"floor_reached":28,"playtime":1190,"items_purged":[],"score":518,"play_id":"ac0c4260-e090-4c30-a630-8a074e6fea04","local_time":"20201226222922","is_ascension_mode":true,"campfire_choices":[{"data":"Catalyst","floor":6,"key":"SMITH"},{"data":"Venomology","floor":10,"key":"SMITH"},{"data":"Catalyst","floor":13,"key":"SMITH"},{"data":"After Image","floor":15,"key":"SMITH"},{"data":"Deadly Poison","floor":23,"key":"SMITH"},{"data":"Well Laid Plans","floor":25,"key":"SMITH"}],"circlet_count":0,"master_deck":["AscendersBane","Survivor","Neutralize","Glass Knife","Adrenaline","Catalyst+1","Bouncing Flask","Crippling Poison","Well Laid Plans+1","Venomology+1","Dagger Spray","Cloak And Dagger","Tactician","Cloak And Dagger","Catalyst+1","Backflip","After Image+1","Cloak And Dagger","Blade Dance+1","Endless Agony+1","Noxious Fumes+1","Deadly Poison+1","Acrobatics","Leg Sweep","Backflip"],"relics":["Pandora\u0027s Box","Torii","Astrolabe","Potion Belt","Dream Catcher","Vajra"],"acts_visited":["Exordium","TheCity"],"potions_floor_usage":[1,7,8,12,16,18,19,22,22,24,28,28,28],"damage_taken":[{"damage":0,"enemies":"Cultist","floor":1,"turns":3},{"damage":5,"enemies":"2 Louse","floor":2,"turns":3},{"damage":0,"enemies":"Jaw Worm","floor":3,"turns":3},{"damage":4,"enemies":"2 Fungi Beasts","floor":5,"turns":3},{"damage":7,"enemies":"Gremlin Gang","floor":7,"turns":4},{"damage":7,"enemies":"Blue Slaver","floor":8,"turns":3},{"damage":0,"enemies":"Exordium Wildlife","floor":12,"turns":2},{"damage":1,"enemies":"Looter","floor":14,"turns":4},{"damage":1,"enemies":"Hexaghost","floor":16,"turns":6},{"damage":0,"enemies":"Chosen","floor":18,"turns":3},{"damage":11,"enemies":"Shell Parasite","floor":19,"turns":4},{"damage":0,"enemies":"Snake Plant","floor":22,"turns":3},{"damage":15,"enemies":"Book of Stabbing","floor":24,"turns":4},{"damage":14,"enemies":"Shelled Parasite and Fungi","floor":27,"turns":6},{"damage":25,"enemies":"Gremlin Leader","floor":28,"turns":4}],"seed_played":"-709844800821315365","potions_obtained":[{"floor":5,"key":"PowerPotion"},{"floor":12,"key":"SteroidPotion"}],"is_trial":false,"path_per_floor":["M","M","M","$","M","R","M","M","T","R","$","M","R","M","R","B",null,"M","M","?","$","M","R","E","R","T","M","E"],"character_chosen":"THE_SILENT","items_purchased":["After Image","Cloak And Dagger","Potion Belt","Acrobatics"],"campfire_rested":0,"item_purchase_floors":[11,11,21,21],"current_hp_per_floor":[59,54,54,54,50,50,43,36,36,36,36,36,36,35,35,34,58,58,47,47,47,47,47,32,32,32,18,0,0],"gold":102,"neow_bonus":"BOSS_RELIC","is_daily":false,"chose_seed":false,"campfire_upgraded":6,"win_rate":0.0,"timestamp":1608989362,"path_taken":["M","M","M","?","M","R","M","M","T","R","$","M","R","M","R","BOSS","M","M","?","$","M","R","E","R","T","?","E"],"items_purchased_type":["Card","Card","Relic","Card"],"build_version":"2020-12-22","purchased_purges":0,"victory":false,"max_hp_per_floor":[66,66,66,66,66,66,66,66,66,66,66,66,66,66,66,66,66,66,66,66,66,66,66,66,66,66,66,66,66],"card_choices":[{"not_picked":["Poisoned Stab","Bouncing Flask","Blade Dance"],"picked":"SKIP","floor":1},{"not_picked":["Setup","Slice"],"picked":"Cloak And Dagger","floor":2},{"not_picked":["Bane","Crippling Poison"],"picked":"Tactician","floor":3},{"not_picked":["Escape Plan","Riddle With Holes"],"picked":"Cloak And Dagger","floor":5},{"not_picked":["Dagger Throw","Bane"],"picked":"Catalyst","floor":7},{"not_picked":["Noxious Fumes","Slice"],"picked":"Backflip","floor":8},{"not_picked":["After Image","Dagger Throw"],"picked":"Dodge and Roll","floor":12},{"not_picked":["Dagger Throw","Prepared","Skewer"],"picked":"SKIP","floor":14},{"not_picked":["Blade Dance","Dash"],"picked":"Deadly Poison","floor":18},{"not_picked":["Eviscerate","Poisoned Stab","Concentrate"],"picked":"SKIP","floor":19},{"not_picked":["Infinite Blades","Bouncing Flask"],"picked":"Leg Sweep","floor":22},{"not_picked":["Slice","Deflect"],"picked":"Backflip","floor":24},{"not_picked":["Flechettes+1","Leg Sweep","Outmaneuver"],"picked":"SKIP","floor":27}],"player_experience":1146128,"relics_obtained":[{"floor":9,"key":"Torii"},{"floor":24,"key":"Dream Catcher"},{"floor":26,"key":"Vajra"}],"event_choices":[{"damage_healed":0,"gold_gain":50,"player_choice":"Pray","damage_taken":0,"max_hp_gain":0,"max_hp_loss":0,"event_name":"Golden Shrine","floor":20,"gold_loss":0}],"is_beta":false,"boss_relics":[{"not_picked":["SacredBark","Tiny House"],"picked":"Astrolabe"}],"items_purged_floors":[],"is_endless":false,"potions_floor_spawned":[5,7,12,14,18],"killed_by":"Gremlin Leader","ascension_level":20}}