{"host":"6to8m083wj0ro91z","time":1608980016,"event":{"mods":["BaseMod","Better Third Choice","BetterRewards","CatGirl Mod","Friendly Minions","Hubris","Mad Scientist","Marisa????????","Minty Spire (QoL Compilation)","Shade Mod","Spicy Shops","StSLib","The Blackbeard","The Death Knight","The Dragon Tamer","The Gatherer","The Marked","The Mystic","The Necromancer","The Servant 0.9.4","TheVacant"],"gold_per_floor":[113,129,129,129,129,129,146,176,176,176,190,190,221,239,239,334,334,348,348,348,366,383,413,413,438,488,31,31,31,66,82,82,186,186,300,300,300,4,0,34,54,65,65,45,61,61,73,105,105,105,105,105,4,36,36],"floor_reached":56,"playtime":3046,"items_purged":["DTMod:Strike","DTMod:Strike"],"score":1703,"play_id":"58b82976-527a-4a6b-b876-ddc0e933bd64","local_time":"20201226115336","is_ascension_mode":false,"metric_token":1363,"campfire_choices":[{"data":"DTMod:DoubleHit","floor":6.0,"key":"SMITH"},{"data":"DTMod:Threaten","floor":12.0,"key":"SMITH"},{"data":"DTMod:DarkBreath","floor":15.0,"key":"SMITH"},{"data":"DTMod:SwitchingTactic","floor":24.0,"key":"SMITH"},{"data":"Insight","floor":29.0,"key":"SMITH"},{"data":"DTMod:Feint","floor":32.0,"key":"SMITH"},{"floor":46,"key":"RECALL"},{"data":"DTMod:Weaken","floor":49,"key":"SMITH"},{"data":"DTMod:Strike","floor":52,"key":"SMITH"}],"dtmod_dragon_data":[46,56,0,2,0,4],"circlet_count":0,"master_deck":["DTMod:Strike+1","DTMod:DoubleHit+1","DTMod:TargetDefense+1","DTMod:TargetDefense+1","DTMod:TargetDefense+1","DTMod:SwitchingTactic+1","DTMod:Feint+1","Glass Knife+1","DTMod:Threaten+1","DTMod:DarkBreath+1","DTMod:Training+1","Insight+1","DTMod:QuickFly+1","DTMod:DragonDance+1","DTMod:QuickFly+1","DTMod:Threaten+1","DTMod:FlameSlash+1","DTMod:Weaken+1","DTMod:DragonDance+1","DTMod:Cover+1"],"relics":["DTMod:PactStone","hubris:Potato","hubris:EmptyBottle","hubris:SphereOfDissonance","hubris:ToyBattleship","Juzu Bracelet","hubris:PeanutButter","Du-Vu Doll","DTMod:TheChair","Toy Ornithopter","Bird Faced Urn","hubris:DeckOfHolding","Frozen Egg 2","hubris:Icosahedron","hubris:BottledRain","hubris:Backtick","hubris:CrystalStatue","DeathKnight:PutricidesVial","Anchor","Red Mask","Molten Egg 2","hubris:Reverence","Bronze Scales","Pear","Pantograph"],"acts_visited":["Exordium","TheCity","TheBeyond","TheEnding"],"potions_floor_usage":[33,33,40,40,40,40,40,40,40,40,55,55,55,55,55],"damage_taken":[{"damage":0.0,"enemies":"2 Louse","floor":1.0,"turns":2.0},{"damage":0.0,"enemies":"Jaw Worm","floor":2.0,"turns":3.0},{"damage":0.0,"enemies":"Cultist","floor":7.0,"turns":2.0},{"damage":0.0,"enemies":"Gremlin Nob","floor":8.0,"turns":2.0},{"damage":0.0,"enemies":"3 Louse","floor":11.0,"turns":2.0},{"damage":0.0,"enemies":"3 Sentries","floor":13.0,"turns":5.0},{"damage":0.0,"enemies":"Blue Slaver","floor":14.0,"turns":1.0},{"damage":0.0,"enemies":"The Guardian","floor":16.0,"turns":8.0},{"damage":0.0,"enemies":"Shell Parasite","floor":18.0,"turns":3.0},{"damage":0.0,"enemies":"2 Thieves","floor":21.0,"turns":3.0},{"damage":0.0,"enemies":"Centurion and Healer","floor":22.0,"turns":4.0},{"damage":0.0,"enemies":"Gremlin Leader","floor":23.0,"turns":3.0},{"damage":0.0,"enemies":"Book of Stabbing","floor":25.0,"turns":3.0},{"damage":3.0,"enemies":"Slavers","floor":30.0,"turns":5.0},{"damage":4.0,"enemies":"Sentry and Sphere","floor":31.0,"turns":4.0},{"damage":0,"enemies":"Collector","floor":33,"turns":5},{"damage":0,"enemies":"3 Darklings","floor":35,"turns":4},{"damage":4,"enemies":"Reptomancer","floor":40,"turns":5},{"damage":0,"enemies":"Orb Walker","floor":41,"turns":2},{"damage":1,"enemies":"Sphere and 2 Shapes","floor":42,"turns":4},{"damage":0,"enemies":"Giant Head","floor":44,"turns":5},{"damage":0,"enemies":"Transient","floor":45,"turns":5},{"damage":0,"enemies":"Jaw Worm Horde","floor":47,"turns":3},{"damage":0,"enemies":"Reptomancer","floor":48,"turns":4},{"damage":0,"enemies":"hubris:GrandSnecko","floor":50,"turns":7},{"damage":0,"enemies":"Shield and Spear","floor":54,"turns":6},{"damage":0,"enemies":"The Heart","floor":55,"turns":8}],"seed_played":"-567094086248587834","potions_obtained":[{"floor":2.0,"key":"DistilledChaos"},{"floor":13.0,"key":"DuplicationPotion"},{"floor":18.0,"key":"EntropicBrew"},{"floor":35,"key":"SpeedPotion"},{"floor":40,"key":"Block Potion"}],"is_trial":false,"path_per_floor":["M","M","?","?","?","R","M","E","T","?","M","R","E","M","R","B",null,"M","?","?","M","M","E","R","E","T","$","?","R","E","M","R","B",null,"M","?","?","$","?","E","M","M","T","E","M","R","M","E","R","B",null,"R","$","E","B",null],"character_chosen":"THE_DT","items_purchased":["hubris:Potato","hubris:EmptyBottle","hubris:SphereOfDissonance","Explosive Potion","Dexterity Potion","hubris:DeckOfHolding","Frozen Egg 2","DeathKnight:PutricidesVial","Anchor","PowerPotion","PowerPotion"],"campfire_rested":0,"item_purchase_floors":[0,0,0,0,0,27,27,38,38,53,53],"current_hp_per_floor":[23,23,28,28,28,28,28,28,28,11,11,11,11,11,11,11,50,50,50,50,50,50,50,50,50,50,50,50,50,47,45,45,50,50,50,50,35,35,38,50,50,49,49,50,50,50,50,60,60,60,60,60,60,60,60],"gold":36,"neow_bonus":"","is_daily":false,"chose_seed":false,"campfire_upgraded":8,"win_rate":0.0,"timestamp":1608980016,"path_taken":["M","M","?","?","?","R","?","E","T","?","M","R","E","M","R","BOSS","M","?","?","M","M","E","R","E","T","$","?","R","E","M","R","BOSS","M","?","?","$","?","E","M","M","T","E","M","R","M","E","R","BOSS","R","$","E","BOSS"],"items_purchased_type":["Relic","Relic","Relic","Potion","Potion","Relic","Relic","Relic","Relic","Potion","Potion"],"build_version":"2020-12-22","purchased_purges":2,"victory":true,"max_hp_per_floor":[45,45,50,50,50,50,50,50,50,50,50,50,50,50,50,50,50,50,50,50,50,50,50,50,50,50,50,50,50,50,50,50,50,50,50,50,50,50,50,50,50,50,50,50,50,50,50,60,60,60,60,60,60,60,60],"card_choices":[{"not_picked":["DTMod:BurningEnergy","DTMod:BuildUp","DTMod:BizarreTactic"],"picked":"SKIP","floor":1.0},{"not_picked":["DTMod:BuildUp","DTMod:Astonish","DTMod:BurningEnergy"],"picked":"SKIP","floor":2.0},{"not_picked":["DTMod:LastStand","DTMod:RecklessFlurry"],"picked":"DTMod:Feint","floor":7.0},{"not_picked":["DTMod:CrossStep","DTMod:Conduct","DTMod:HeatWave"],"picked":"SKIP","floor":8.0},{"not_picked":["DTMod:BreakAttack","DTMod:BurningEnergy"],"picked":"DTMod:Threaten","floor":11.0},{"not_picked":["DTMod:Threaten","DTMod:Punisher"],"picked":"DTMod:DarkBreath","floor":13.0},{"not_picked":["DTMod:HeatWave","DTMod:CleansingStrike","DTMod:ExcessFootwork"],"picked":"SKIP","floor":14.0},{"not_picked":["DTMod:RecklessFlurry+1","DTMod:CrossStep"],"picked":"DTMod:Training","floor":18.0},{"not_picked":["DTMod:Feint","DTMod:MagicField+1"],"picked":"DTMod:QuickFly+1","floor":21.0},{"not_picked":["DTMod:GhostSkin+1","DTMod:DarkBreath"],"picked":"DTMod:DragonDance+1","floor":22.0},{"not_picked":["DTMod:DarkBreath","DTMod:Overwhelm","DTMod:BuildUp+1"],"picked":"SKIP","floor":23.0},{"not_picked":["DTMod:GhostSkin","DTMod:BuildUp","DTMod:LowKick"],"picked":"SKIP","floor":25.0},{"not_picked":["DTMod:ForkedFire","DTMod:BizarreTactic+1","DTMod:GearUp"],"picked":"SKIP","floor":30.0},{"not_picked":["DTMod:LastStand","DTMod:Hide+1"],"picked":"DTMod:QuickFly+1","floor":31.0},{"not_picked":["DTMod:HeatWave","DTMod:Training"],"picked":"DTMod:Threaten+1","floor":35},{"not_picked":["DTMod:Training","DTMod:Observe+1","DTMod:Punisher+1"],"picked":"SKIP","floor":40},{"not_picked":["DTMod:BurningEnergy","DTMod:Outburst"],"picked":"DTMod:FlameSlash+1","floor":41},{"not_picked":["DTMod:CrossStep+1","DTMod:FlameSlash+1","DTMod:MagicField+1"],"picked":"SKIP","floor":42},{"not_picked":["DTMod:BreakAttack+1","DTMod:Hide"],"picked":"DTMod:Weaken","floor":44},{"not_picked":["DTMod:BlazingStrike+1","DTMod:BurningEnergy+1","DTMod:FlameSlash+1"],"picked":"SKIP","floor":45},{"not_picked":["DTMod:Training+1","DTMod:BizarreTactic+1"],"picked":"DTMod:DragonDance+1","floor":47},{"not_picked":["DTMod:LightShield","DTMod:DarkBreath+1"],"picked":"DTMod:Cover+1","floor":48},{"not_picked":["DTMod:StarRain+1","DTMod:Cover+1","DTMod:BurningEnergy+1"],"picked":"SKIP","floor":54}],"player_experience":1037579,"relics_obtained":[{"floor":8.0,"key":"hubris:ToyBattleship"},{"floor":9.0,"key":"Juzu Bracelet"},{"floor":13.0,"key":"Du-Vu Doll"},{"floor":23.0,"key":"Toy Ornithopter"},{"floor":25.0,"key":"Bird Faced Urn"},{"floor":30.0,"key":"hubris:BottledRain"},{"floor":40,"key":"Molten Egg 2"},{"floor":43,"key":"hubris:Reverence"},{"floor":44,"key":"Bronze Scales"},{"floor":48,"key":"Pear"},{"floor":54,"key":"Pantograph"}],"event_choices":[{"damage_healed":0.0,"max_hp_gain":5.0,"max_hp_loss":0.0,"gold_gain":0.0,"event_name":"Big Fish","player_choice":"Donut","floor":3.0,"gold_loss":0.0,"damage_taken":0.0},{"cards_removed":["DTMod:Strike"],"damage_healed":0.0,"max_hp_gain":0.0,"max_hp_loss":0.0,"gold_gain":0.0,"event_name":"Living Wall","player_choice":"Forget","floor":4.0,"gold_loss":0.0,"damage_taken":0.0},{"cards_removed":["DTMod:TargetDefense"],"damage_healed":0.0,"max_hp_gain":0.0,"max_hp_loss":0.0,"gold_gain":0.0,"event_name":"Bonfire Elementals","player_choice":"Offered Basic","floor":5.0,"gold_loss":0.0,"damage_taken":0.0},{"damage_healed":0.0,"max_hp_gain":0.0,"max_hp_loss":0.0,"gold_gain":0.0,"event_name":"betterThird:BetterWriting","player_choice":"Insight","floor":19.0,"gold_loss":0.0,"damage_taken":0.0,"cards_obtained":["Insight"]},{"damage_healed":0,"gold_gain":0,"player_choice":"Paid","damage_taken":0,"relics_obtained":["Red Mask"],"max_hp_gain":0,"max_hp_loss":0,"event_name":"Tomb of Lord Red Mask","floor":39,"gold_loss":4}],"is_beta":false,"boss_relics":[{"not_picked":["Pandora\u0027s Box","hubris:VirtuousBlindfold"],"picked":"DTMod:TheChair"},{"not_picked":["Astrolabe","Runic Pyramid"],"picked":"hubris:Backtick"}],"items_purged_floors":[0,27],"is_endless":false,"potions_floor_spawned":[2,13,14,16,18,30,35,40,42],"ascension_level":0}}