{"host":"5f8ute538gzudddu","time":1608956482,"event":{"mods":["BaseMod","Highlight Path","Minty Spire (QoL Compilation)","Relic Stats","StSLib"],"gold_per_floor":[115,126,144,69,69,101,118,118,118,15,40,108,135,155,155,155,155],"floor_reached":16,"playtime":8499,"items_purged":["Strike_P"],"score":294,"play_id":"a3c57579-d411-49a6-bdee-78220101f8bc","local_time":"20201225202122","is_ascension_mode":true,"campfire_choices":[{"data":"Worship","floor":8.0,"key":"SMITH"},{"data":"BowlingBash","floor":15,"key":"SMITH"}],"circlet_count":0,"master_deck":["AscendersBane","Strike_P","Strike_P","Strike_P","Defend_P","Defend_P","Defend_P","Eruption","Vigilance","BowlingBash+1","Worship+1","WheelKick","Wireheading","FlyingSleeves","ThirdEye"],"relics":["Sozu","SsserpentHead","Lantern","Matryoshka","HornCleat","Mango"],"acts_visited":["Exordium"],"potions_floor_usage":[],"damage_taken":[{"damage":1.0,"enemies":"2 Louse","floor":1.0,"turns":3.0},{"damage":0.0,"enemies":"Cultist","floor":2.0,"turns":3.0},{"damage":14.0,"enemies":"Jaw Worm","floor":3.0,"turns":4.0},{"damage":15.0,"enemies":"Lagavulin","floor":6.0,"turns":6.0},{"damage":0.0,"enemies":"Large Slime","floor":7.0,"turns":3.0},{"damage":28.0,"enemies":"Gremlin Nob","floor":11.0,"turns":4.0},{"damage":2.0,"enemies":"Lots of Slimes","floor":12.0,"turns":3.0},{"damage":0,"enemies":"3 Sentries","floor":13,"turns":3},{"damage":1,"enemies":"Looter","floor":14,"turns":3},{"damage":14,"enemies":"Hexaghost","floor":16,"turns":7}],"seed_played":"7315000672622816252","potions_obtained":[],"is_trial":false,"path_per_floor":["M","M","M","?","?","E","M","R","T","$","E","M","E","M","R","B"],"character_chosen":"WATCHER","items_purchased":["FlyingSleeves"],"campfire_rested":0,"item_purchase_floors":[10],"current_hp_per_floor":[60,60,46,46,46,31,31,31,31,31,3,1,15,14,14,0,0],"gold":155,"neow_bonus":"BOSS_RELIC","is_daily":false,"chose_seed":false,"campfire_upgraded":2,"win_rate":0.0,"timestamp":1608956482,"path_taken":["M","M","M","?","?","E","M","R","T","$","E","?","E","M","R","BOSS"],"items_purchased_type":["Card"],"build_version":"2020-12-22","purchased_purges":1,"victory":false,"max_hp_per_floor":[68,68,68,68,68,68,68,68,68,68,68,68,82,82,82,82,82],"relic_stats":{"Sozu":4,"SsserpentHead":50,"counters":[10,39],"obtain_stats":[{"Sozu":0,"SsserpentHead":5,"Lantern":6,"Matryoshka":9,"HornCleat":11,"Mango":13,"PureWater":0},{"Sozu":0,"SsserpentHead":3,"Lantern":4,"Matryoshka":5,"HornCleat":6,"Mango":8,"PureWater":0},{"Sozu":0,"SsserpentHead":10,"Lantern":16,"Matryoshka":19,"HornCleat":23,"Mango":29,"PureWater":0}]},"card_choices":[{"not_picked":["PathToVictory","ThirdEye"],"picked":"BowlingBash","floor":1.0},{"not_picked":["WindmillStrike","CrushJoints"],"picked":"Worship","floor":2.0},{"not_picked":["JustLucky","BowlingBash"],"picked":"WheelKick","floor":3.0},{"not_picked":["FlurryOfBlows","Evaluate"],"picked":"Wireheading","floor":6.0},{"not_picked":["Protect","Consecrate","ReachHeaven"],"picked":"SKIP","floor":7.0},{"not_picked":["BattleHymn","Evaluate","Halt"],"picked":"SKIP","floor":11.0},{"not_picked":["MasterReality","BowlingBash","ClearTheMind"],"picked":"SKIP","floor":12.0},{"not_picked":["BowlingBash","CarveReality","Collect"],"picked":"SKIP","floor":13},{"not_picked":["DevaForm","LikeWater"],"picked":"ThirdEye","floor":14}],"player_experience":912428,"relics_obtained":[{"floor":6.0,"key":"Lantern"},{"floor":9.0,"key":"Matryoshka"},{"floor":11.0,"key":"HornCleat"},{"floor":13,"key":"Mango"}],"event_choices":[{"cards_removed":["Defend_P"],"damage_healed":0.0,"max_hp_gain":0.0,"max_hp_loss":0.0,"gold_gain":0.0,"event_name":"The Cleric","player_choice":"Card Removal","floor":4.0,"gold_loss":75.0,"damage_taken":0.0},{"damage_healed":0.0,"max_hp_gain":0.0,"max_hp_loss":0.0,"gold_gain":0.0,"event_name":"FaceTrader","player_choice":"Trade","floor":5.0,"gold_loss":0.0,"damage_taken":0.0,"relics_obtained":["SsserpentHead"]}],"is_beta":false,"boss_relics":[],"items_purged_floors":[10],"is_endless":false,"potions_floor_spawned":[2,3,6,7],"killed_by":"Hexaghost","ascension_level":20}}