{"host":"girf3bnli6r7x4ah","time":1608997131,"event":{"mods":["2.2 Compatiblity","AchievementEnabler","BaseMod","Colored Map","DeckTracker","Highlight Path","Minty Spire (QoL Compilation)","Random Character Button","Rare Cards Sparkle"],"gold_per_floor":[115,115,115,115,115,140,140,158,182,214,228,228,263,278,278,377,377,387,407,70,84,101,101,129,129,210,210,244,244,5,15,15,110,110,126,226,240,253,265,296,310,342,367,367,400,410,410,420,420,420,420,420,101,132,132],"floor_reached":56,"playtime":9258,"items_purged":[],"score":1399,"play_id":"314da253-e252-4004-8a98-50a19e94c1ae","local_time":"20201226163851","is_ascension_mode":true,"campfire_choices":[{"floor":7,"key":"RECALL"},{"data":"Pummel","floor":15,"key":"SMITH"},{"floor":29,"key":"REST"},{"data":"J.A.X.","floor":32,"key":"SMITH"},{"floor":44,"key":"REST"},{"floor":49,"key":"REST"},{"data":"Writhe","floor":52,"key":"PURGE"}],"circlet_count":0,"master_deck":["Strike_R","Strike_R","Strike_R","Strike_R","Strike_R","Defend_R+1","Defend_R","Defend_R+1","Defend_R","Bash+1","Uppercut+1","Metallicize","Infernal Blade","Pummel+1","Shockwave","Cleave+1","Metallicize","Dropkick+1","Infernal Blade+1","J.A.X.+1","Limit Break","Dropkick+1","Heavy Blade+1","Headbutt+1","Demon Form","Rage+1","Limit Break","Pommel Strike+1"],"relics":["Burning Blood","PreservedInsect","Vajra","Bag of Marbles","War Paint","SlaversCollar","Matryoshka","Pen Nib","White Beast Statue","Kunai","Peace Pipe","Mercury Hourglass","Fusion Hammer","Pantograph","Bottled Lightning","Regal Pillow","Smiling Mask","Champion Belt","Bag of Preparation","Anchor"],"acts_visited":["Exordium","TheCity","TheBeyond","TheEnding"],"potions_floor_usage":[6,8,16,16,16,22,24,31,35,38,39,40,41,46,50,50,50,54,55,55,55],"damage_taken":[{"damage":0,"enemies":"Small Slimes","floor":1,"turns":4},{"damage":6,"enemies":"3 Sentries","floor":6,"turns":8},{"damage":0,"enemies":"Jaw Worm","floor":8,"turns":1},{"damage":14,"enemies":"Gremlin Nob","floor":10,"turns":4},{"damage":3,"enemies":"2 Louse","floor":11,"turns":2},{"damage":8,"enemies":"Lagavulin","floor":13,"turns":5},{"damage":6,"enemies":"Looter","floor":14,"turns":3},{"damage":34,"enemies":"The Guardian","floor":16,"turns":8},{"damage":18,"enemies":"Spheric Guardian","floor":18,"turns":6},{"damage":27,"enemies":"Shell Parasite","floor":19,"turns":6},{"damage":22,"enemies":"Snake Plant","floor":21,"turns":4},{"damage":5,"enemies":"Cultist and Chosen","floor":22,"turns":5},{"damage":18,"enemies":"Gremlin Leader","floor":24,"turns":4},{"damage":41,"enemies":"Slavers","floor":28,"turns":3},{"damage":19,"enemies":"Centurion and Healer","floor":31,"turns":5},{"damage":48,"enemies":"Champ","floor":33,"turns":8},{"damage":14,"enemies":"3 Darklings","floor":35,"turns":3},{"damage":19,"enemies":"3 Shapes","floor":37,"turns":3},{"damage":16,"enemies":"Sphere and 2 Shapes","floor":38,"turns":5},{"damage":15,"enemies":"4 Shapes","floor":39,"turns":2},{"damage":7,"enemies":"Reptomancer","floor":40,"turns":2},{"damage":18,"enemies":"Spire Growth","floor":41,"turns":3},{"damage":28,"enemies":"Nemesis","floor":42,"turns":5},{"damage":21,"enemies":"Reptomancer","floor":45,"turns":4},{"damage":35,"enemies":"Sphere and 2 Shapes","floor":46,"turns":4},{"damage":32,"enemies":"4 Shapes","floor":48,"turns":3},{"damage":15,"enemies":"Awakened One","floor":50,"turns":3},{"damage":3,"enemies":"Shield and Spear","floor":54,"turns":1},{"damage":74,"enemies":"The Heart","floor":55,"turns":5}],"seed_played":"1338464176309866422","potions_obtained":[{"floor":1,"key":"HeartOfIron"},{"floor":6,"key":"AttackPotion"},{"floor":10,"key":"Strength Potion"},{"floor":11,"key":"SteroidPotion"},{"floor":14,"key":"Dexterity Potion"},{"floor":19,"key":"Fire Potion"},{"floor":21,"key":"ColorlessPotion"},{"floor":28,"key":"Swift Potion"},{"floor":31,"key":"Weak Potion"},{"floor":33,"key":"Ancient Potion"},{"floor":35,"key":"Fruit Juice"},{"floor":37,"key":"Energy Potion"},{"floor":38,"key":"DistilledChaos"},{"floor":39,"key":"SteroidPotion"},{"floor":40,"key":"EssenceOfSteel"},{"floor":41,"key":"ElixirPotion"},{"floor":42,"key":"BlessingOfTheForge"},{"floor":46,"key":"SteroidPotion"},{"floor":48,"key":"DuplicationPotion"},{"floor":54,"key":"Strength Potion"}],"is_trial":false,"path_per_floor":["M","?","$","?","?","E","R","M","T","E","M","?","E","M","R","B",null,"M","M","$","M","M","?","E","?","T","?","E","R","$","M","R","B",null,"M","?","M","M","M","E","M","E","T","R","E","M","?","M","R","B",null,"R","$","E","B",null],"character_chosen":"IRONCLAD","items_purchased":["Matryoshka","Metallicize","Mercury Hourglass","Bag of Preparation","DuplicationPotion","SteroidPotion","Swift Potion"],"campfire_rested":3,"item_purchase_floors":[20,20,30,53,53,53,53],"current_hp_per_floor":[80,62,62,62,62,62,62,68,68,60,63,63,61,61,61,33,80,68,47,47,31,32,58,46,46,46,90,55,82,82,69,69,27,90,87,87,74,64,55,54,42,20,20,63,48,19,43,17,60,76,95,95,95,95,27],"gold":132,"neow_bonus":"UPGRADE_CARD","is_daily":false,"chose_seed":false,"campfire_upgraded":2,"win_rate":0.0,"timestamp":1608997131,"path_taken":["M","?","$","?","?","E","R","M","T","E","M","?","E","M","R","BOSS","M","M","$","M","M","?","E","?","T","?","E","R","$","M","R","BOSS","M","?","?","M","M","E","M","E","T","R","E","M","?","M","R","BOSS","R","$","E","BOSS"],"items_purchased_type":["Relic","Card","Relic","Relic","Potion","Potion","Potion"],"build_version":"2020-12-22","purchased_purges":0,"victory":true,"max_hp_per_floor":[80,80,80,80,80,80,80,80,80,80,80,80,80,80,80,80,80,80,80,80,80,80,80,80,80,80,90,90,90,90,90,90,90,90,95,95,95,95,95,95,95,95,95,95,95,95,95,95,95,95,95,95,95,95,95],"card_choices":[{"not_picked":["Reckless Charge","Dual Wield"],"picked":"Uppercut","floor":1},{"not_picked":["Thunderclap","Pommel Strike","Second Wind"],"picked":"SKIP","floor":6},{"not_picked":["Warcry","Reckless Charge"],"picked":"Metallicize","floor":8},{"not_picked":["Evolve","Sever Soul","Thunderclap"],"picked":"SKIP","floor":10},{"not_picked":["Searing Blow","Sword Boomerang","Combust"],"picked":"SKIP","floor":11},{"not_picked":["Body Slam","Wild Strike"],"picked":"Infernal Blade","floor":13},{"not_picked":["Hemokinesis","Iron Wave"],"picked":"Pummel","floor":14},{"not_picked":["Exhume","Corruption"],"picked":"Impervious","floor":16},{"not_picked":["Armaments","Fire Breathing"],"picked":"Shockwave","floor":18},{"not_picked":["Perfected Strike","Clash"],"picked":"Cleave+1","floor":19},{"not_picked":["Dual Wield","Metallicize"],"picked":"Dropkick+1","floor":21},{"not_picked":["Cleave","Fiend Fire","Evolve+1"],"picked":"SKIP","floor":22},{"not_picked":["Anger+1","Shockwave"],"picked":"Infernal Blade+1","floor":24},{"not_picked":["Infernal Blade","Clothesline","Seeing Red"],"picked":"SKIP","floor":28},{"not_picked":["True Grit","Uppercut","Havoc"],"picked":"SKIP","floor":31},{"not_picked":["Exhume","Reaper"],"picked":"Limit Break","floor":33},{"not_picked":["Carnage+1","Cleave","Shrug It Off+1"],"picked":"SKIP","floor":35},{"not_picked":["Flex","Wild Strike+1","Sword Boomerang+1"],"picked":"SKIP","floor":37},{"not_picked":["Rage","Clothesline+1"],"picked":"Dropkick+1","floor":38},{"not_picked":["Reckless Charge+1","Burning Pact+1"],"picked":"Heavy Blade+1","floor":39},{"not_picked":["Havoc+1","True Grit+1"],"picked":"Headbutt+1","floor":40},{"not_picked":["Dark Embrace","Cleave+1"],"picked":"Demon Form","floor":41},{"not_picked":["Dark Embrace","Headbutt"],"picked":"Rage+1","floor":42},{"not_picked":["Pommel Strike","Rampage+1"],"picked":"Limit Break","floor":45},{"not_picked":["Fire Breathing","Hemokinesis"],"picked":"Pommel Strike+1","floor":46},{"not_picked":["Headbutt+1","Warcry+1","True Grit+1"],"picked":"SKIP","floor":48},{"not_picked":["Pommel Strike+1","Barricade","Twin Strike"],"picked":"SKIP","floor":54}],"player_experience":103343,"relics_obtained":[{"floor":6,"key":"Vajra"},{"floor":10,"key":"Bag of Marbles"},{"floor":13,"key":"War Paint"},{"floor":24,"key":"Pen Nib"},{"floor":26,"key":"White Beast Statue"},{"floor":26,"key":"Kunai"},{"floor":28,"key":"Peace Pipe"},{"floor":40,"key":"Pantograph"},{"floor":42,"key":"Bottled Lightning"},{"floor":43,"key":"Regal Pillow"},{"floor":43,"key":"Smiling Mask"},{"floor":45,"key":"Champion Belt"},{"floor":54,"key":"Anchor"}],"event_choices":[{"damage_healed":0,"gold_gain":0,"player_choice":"Success","damage_taken":18,"relics_obtained":["PreservedInsect"],"max_hp_gain":0,"max_hp_loss":0,"event_name":"Scrap Ooze","floor":2,"gold_loss":0},{"damage_healed":0,"gold_gain":0,"player_choice":"Grow","damage_taken":0,"max_hp_gain":0,"max_hp_loss":0,"event_name":"Living Wall","floor":4,"gold_loss":0,"cards_upgraded":["Uppercut"]},{"damage_healed":0,"gold_gain":0,"player_choice":"Ignored","damage_taken":0,"max_hp_gain":0,"max_hp_loss":0,"event_name":"Shining Light","floor":5,"gold_loss":0},{"damage_healed":0,"gold_gain":0,"player_choice":"Ignored","damage_taken":0,"max_hp_gain":0,"max_hp_loss":0,"event_name":"Purifier","floor":12,"gold_loss":0},{"damage_healed":26,"gold_gain":0,"player_choice":"Heal","damage_taken":0,"max_hp_gain":0,"max_hp_loss":0,"event_name":"The Library","floor":23,"gold_loss":0},{"damage_healed":0,"gold_gain":0,"player_choice":"Obtain J.A.X.","damage_taken":0,"max_hp_gain":0,"max_hp_loss":0,"event_name":"Drug Dealer","floor":25,"gold_loss":0,"cards_obtained":["J.A.X."]},{"cards_removed":["Impervious"],"damage_healed":34,"gold_gain":0,"player_choice":"Offered Rare","damage_taken":0,"max_hp_gain":10,"max_hp_loss":0,"event_name":"Bonfire Elementals","floor":27,"gold_loss":0},{"damage_healed":0,"gold_gain":100,"player_choice":"Pray","damage_taken":0,"max_hp_gain":0,"max_hp_loss":0,"event_name":"Golden Shrine","floor":36,"gold_loss":0},{"damage_healed":24,"gold_gain":0,"player_choice":"Writhe","damage_taken":0,"max_hp_gain":0,"max_hp_loss":0,"event_name":"Winding Halls","floor":47,"gold_loss":0,"cards_obtained":["Writhe"]}],"is_beta":false,"boss_relics":[{"not_picked":["Velvet Choker","SacredBark"],"picked":"SlaversCollar"},{"not_picked":["Pandora\u0027s Box","Philosopher\u0027s Stone"],"picked":"Fusion Hammer"}],"items_purged_floors":[],"is_endless":false,"potions_floor_spawned":[1,6,10,11,14,19,21,28,31,33,35,37,38,39,40,41,42,45,46,48,54],"ascension_level":2}}