{"host":"aaqofma31c3gm2hj","time":1608977975,"event":{"mods":["BaseMod","Minty Spire (QoL Compilation)","Replay The Spire","Spicy Shops","StSLib"],"gold_per_floor":[117,128,128,128,128,157,173,173,198,210,236,261,292,229,241,253,253],"floor_reached":16,"playtime":326,"items_purged":[],"score":254,"play_id":"a55234f4-77a4-491b-8ee7-cb33054a8a4d","local_time":"20201226181935","is_ascension_mode":true,"campfire_choices":[{"data":"Armaments","floor":8.0,"key":"SMITH"},{"floor":10.0,"key":"RECALL"}],"circlet_count":0,"master_deck":["AscendersBane","Strike_R","Strike_R","Strike_R","Defend_R","Defend_R","Bash","Power Through","Armaments+1","Offering","Replay:Undeath\u0027s Touch","Shrug It Off","Sever Soul"],"relics":["Burning Blood","NeowsBlessing","ReplayTheSpireMod:Lightbulb","InkBottle","MawBank"],"acts_visited":["Exordium"],"potions_floor_usage":[16,16],"damage_taken":[{"damage":0.0,"enemies":"Small Slimes","floor":1.0,"turns":1.0},{"damage":0.0,"enemies":"2 Louse","floor":2.0,"turns":2.0},{"damage":0.0,"enemies":"Lagavulin","floor":6.0,"turns":2.0},{"damage":8.0,"enemies":"Jaw Worm","floor":7.0,"turns":4.0},{"damage":7,"enemies":"Looter","floor":11,"turns":3},{"damage":13,"enemies":"Exordium Thugs","floor":12,"turns":3},{"damage":13,"enemies":"Red Slaver","floor":13,"turns":3},{"damage":59,"enemies":"Hexaghost","floor":16,"turns":11}],"seed_played":"4676144324292869419","potions_obtained":[{"floor":6.0,"key":"Adrenaline Potion"},{"floor":7.0,"key":"LiquidMemories"},{"floor":13,"key":"DistilledChaos"}],"is_trial":false,"path_per_floor":["M","M","?","?","?","E","M","R","T","R","M","M","M","?","R","B"],"character_chosen":"IRONCLAD","items_purchased":[],"campfire_rested":0,"item_purchase_floors":[],"current_hp_per_floor":[74,75,64,64,64,70,68,68,68,68,67,60,53,53,53,0,0],"gold":253,"neow_bonus":"THREE_ENEMY_KILL","is_daily":false,"chose_seed":false,"campfire_upgraded":1,"win_rate":0.0,"timestamp":1608977975,"path_taken":["M","M","?","?","?","E","M","R","T","R","M","M","?","?","R","BOSS"],"items_purchased_type":[],"build_version":"2020-12-22","purchased_purges":0,"victory":false,"max_hp_per_floor":[75,75,75,75,75,75,75,75,75,75,75,75,75,75,75,75,75],"card_choices":[{"not_picked":["Cleave","Pommel Strike"],"picked":"Power Through","floor":1.0},{"not_picked":["Dropkick","Replay:Undeath\u0027s Touch"],"picked":"Armaments","floor":2.0},{"not_picked":["Life Link","Armaments","Searing Blow"],"picked":"SKIP","floor":6.0},{"not_picked":["Anger","Sword Boomerang","Cleave"],"picked":"SKIP","floor":7.0},{"not_picked":["Clash","Iron Wave"],"picked":"Replay:Undeath\u0027s Touch","floor":11},{"not_picked":["Warcry","Hemokinesis"],"picked":"Shrug It Off","floor":12},{"not_picked":["Searing Blow","Pummel","Flame Barrier"],"picked":"SKIP","floor":13}],"player_experience":539352,"relics_obtained":[{"floor":6.0,"key":"InkBottle"},{"floor":9.0,"key":"MawBank"}],"event_choices":[{"damage_healed":0.0,"max_hp_gain":0.0,"max_hp_loss":0.0,"gold_gain":0.0,"event_name":"Scrap Ooze","player_choice":"Success","floor":3.0,"gold_loss":0.0,"damage_taken":11.0,"relics_obtained":["ReplayTheSpireMod:Lightbulb"]},{"damage_healed":0.0,"max_hp_gain":0.0,"max_hp_loss":0.0,"gold_gain":0.0,"cards_transformed":["Strike_R"],"event_name":"Living Wall","player_choice":"Change","floor":4.0,"gold_loss":0.0,"damage_taken":0.0,"cards_obtained":["Offering"]},{"cards_removed":["Strike_R"],"damage_healed":0,"gold_gain":0,"player_choice":"Card Removal","damage_taken":0,"max_hp_gain":0,"max_hp_loss":0,"event_name":"The Cleric","floor":14,"gold_loss":75}],"is_beta":false,"boss_relics":[],"items_purged_floors":[],"is_endless":false,"potions_floor_spawned":[6,7,13],"killed_by":"Hexaghost","ascension_level":20}}