{"host":"kiauivt48syq9iz6","time":1608975247,"event":{"mods":["BaseMod","Conspire","Downfall","Hermit","Minty Spire (QoL Compilation)","Replay The Spire","SIMod","StSLib","The Animator","The Construct","The Cursed","The Runesmith","The Servant 0.9.4"],"gold_per_floor":[119,194,208,208,221,221,20,20,100,100,100,100,100,111,111,214,214,196,201,201],"floor_reached":19,"playtime":609,"items_purged":[],"score":205,"play_id":"852d3339-3d55-4668-b615-895bd50fcea4","local_time":"20201226023407","is_ascension_mode":false,"campfire_choices":[{"data":"hermit:Dive","floor":6,"key":"SMITH"},{"data":"hermit:SprayPray","floor":10,"key":"SMITH"},{"data":"hermit:TakeAim","floor":12,"key":"SMITH"},{"data":"hermit:HeroicBravado","floor":15,"key":"SMITH"}],"circlet_count":0,"master_deck":["conspire:GhostlyStrike","conspire:GhostlyStrike","conspire:GhostlyStrike","conspire:GhostlyStrike","conspire:GhostlyDefend","conspire:GhostlyDefend","conspire:GhostlyDefend","conspire:GhostlyDefend","hermit:Covet","hermit:Dive+1","hermit:TakeAim+1","hermit:SprayPray+1","hermit:FromBeyond","CommonCold","hermit:HeroicBravado+1","conspire:Blindness","conspire:Blindness","hermit:Scavenge"],"relics":["hermit:Momento","Replay:Accelerometer","Ancient Tea Set","Ring of Searing","Kintsugi"],"acts_visited":["Exordium","TheCity"],"potions_floor_usage":[1,16,16,18],"damage_taken":[{"damage":0,"enemies":"Small Slimes","floor":1,"turns":4},{"damage":4,"enemies":"conspire:RoseBush","floor":3,"turns":3},{"damage":0,"enemies":"Cultist","floor":5,"turns":3},{"damage":20,"enemies":"Large Slime","floor":14,"turns":5},{"damage":13,"enemies":"Slime Boss","floor":16,"turns":13},{"damage":31,"enemies":"2 Thieves","floor":18,"turns":4},{"damage":14,"enemies":"Shell Parasite","floor":19,"turns":3}],"seed_played":"1171703425991366621","potions_obtained":[{"floor":0,"key":"Elixir"},{"floor":0,"key":"SneckoOil"},{"floor":0,"key":"ColorlessPotion"},{"floor":3,"key":"SkillPotion"},{"floor":14,"key":"DistilledChaos"}],"is_trial":false,"path_per_floor":["M","?","M","?","M","R","$","?","T","R","T","R","?","M","R","B",null,"M","M"],"character_chosen":"HERMIT","items_purchased":["hermit:TakeAim","hermit:SprayPray","hermit:FromBeyond"],"campfire_rested":0,"item_purchase_floors":[7,7,7],"current_hp_per_floor":[75,64,60,75,75,75,75,75,75,75,75,75,75,55,55,42,75,44,30,30],"gold":201,"neow_bonus":"THREE_SMALL_POTIONS","is_daily":false,"chose_seed":false,"campfire_upgraded":4,"win_rate":0.0,"timestamp":1608975247,"path_taken":["M","?","M","?","?","R","$","?","T","R","?","R","?","M","R","BOSS","M","M"],"items_purchased_type":["Card","Card","Card"],"build_version":"2020-12-22","purchased_purges":0,"victory":false,"max_hp_per_floor":[75,75,75,75,75,75,75,75,75,75,75,75,75,75,75,75,75,75,75,75],"card_choices":[{"not_picked":["hermit:WideOpen","hermit:Combo"],"picked":"hermit:Vantage","floor":1},{"not_picked":["hermit:Vantage","hermit:LowProfile"],"picked":"hermit:Dive","floor":3},{"not_picked":["hermit:PistolWhip","hermit:LowProfile"],"picked":"hermit:Manifest","floor":5},{"not_picked":["hermit:TrackingShot","hermit:TakeAim"],"picked":"hermit:HeroicBravado","floor":14},{"not_picked":["hermit:FinalCanter","hermit:Gambit"],"picked":"hermit:RoundhouseKick","floor":16},{"not_picked":["hermit:Ricochet","hermit:Misfire"],"picked":"hermit:Scavenge","floor":18}],"player_experience":91494,"relics_obtained":[{"floor":9,"key":"Replay:Accelerometer"},{"floor":11,"key":"Ancient Tea Set"},{"floor":13,"key":"Ring of Searing"}],"event_choices":[{"damage_healed":0,"gold_gain":75,"player_choice":"Gather Gold","damage_taken":11,"max_hp_gain":0,"max_hp_loss":0,"event_name":"World of Goop","floor":2,"gold_loss":0},{"damage_healed":15,"gold_gain":0,"player_choice":"Full Heal","damage_taken":0,"max_hp_gain":0,"max_hp_loss":0,"event_name":"Wheel of Change","floor":4,"gold_loss":0},{"damage_healed":0,"gold_gain":0,"player_choice":"Agree","damage_taken":0,"max_hp_gain":0,"max_hp_loss":0,"event_name":"conspire:LoneGhost","floor":8,"gold_loss":0}],"is_beta":false,"boss_relics":[{"not_picked":["Ectoplasm","ReplayTheSpireMod:DimensionalGlitch"],"picked":"Kintsugi"}],"items_purged_floors":[],"is_endless":false,"potions_floor_spawned":[3,14],"killed_by":"Shell Parasite","ascension_level":0}}