{"host":"po0gzr6h085cygwo","time":1608998375,"event":{"mods":["AchievementEnabler","BaseMod","Colored Map","DeckTracker","KOR Keyword Fix","Minty Spire (QoL Compilation)","Rare Cards Sparkle","Replay The Spire","StSLib","SuperFastMode"],"gold_per_floor":[111,36,49,149,160,160,180,208,208,234,234,79,94,112,112,211,211,211,211],"floor_reached":18,"playtime":933,"items_purged":["Strike_R"],"score":189,"play_id":"b1af460f-2217-45f7-8fec-832480ac8fdc","local_time":"20201227005935","is_ascension_mode":true,"campfire_choices":[{"floor":6.0,"key":"RECALL"},{"floor":11,"key":"REST"},{"data":"Searing Blow","floor":15,"key":"SMITH"}],"circlet_count":0,"master_deck":["Strike_R","Strike_R","Strike_R","Strike_R","Defend_R","Defend_R","Defend_R","Defend_R","Bash","Iron Wave","Havoc","Burning Pact","Searing Blow+1","Life Link","Seeing Red","Limit Break"],"relics":["Burning Blood","Ancient Tea Set","Bottled Flame","Shovel","Torii","ReplayTheSpireMod:TigerMarble","Honey Jar"],"acts_visited":["Exordium","TheCity"],"potions_floor_usage":[8,10,14,18],"damage_taken":[{"damage":14.0,"enemies":"Cultist","floor":1.0,"turns":5.0},{"damage":8.0,"enemies":"2 Louse","floor":3.0,"turns":3.0},{"damage":0.0,"enemies":"Small Slimes","floor":5.0,"turns":4.0},{"damage":9,"enemies":"Red Slaver","floor":7,"turns":5},{"damage":48,"enemies":"Gremlin Nob","floor":8,"turns":6},{"damage":88,"enemies":"Lagavulin","floor":10,"turns":11},{"damage":17,"enemies":"Exordium Thugs","floor":13,"turns":6},{"damage":20,"enemies":"Large Slime","floor":14,"turns":6},{"damage":52,"enemies":"The Guardian","floor":16,"turns":14},{"damage":13,"enemies":"Shell Parasite","floor":18,"turns":4}],"seed_played":"-3319866606060900902","potions_obtained":[{"floor":7,"key":"Venom Potion"},{"floor":8,"key":"Flashbang"},{"floor":10,"key":"ElixirPotion"},{"floor":14,"key":"BloodPotion"},{"floor":16,"key":"Adrenaline Potion"}],"is_trial":false,"path_per_floor":["M","$","M","?","M","R","M","E","T","E","R","$","M","M","R","B",null,"M"],"character_chosen":"IRONCLAD","items_purchased":["ReplayTheSpireMod:TigerMarble"],"campfire_rested":1,"item_purchase_floors":[12],"current_hp_per_floor":[72,72,70,70,76,76,73,31,31,21,45,45,37,39,39,25,83,70,70],"gold":211,"neow_bonus":"RANDOM_COMMON_RELIC","is_daily":false,"chose_seed":false,"campfire_upgraded":1,"win_rate":0.0,"timestamp":1608998375,"path_taken":["M","$","M","?","?","R","M","E","T","E","R","?","M","M","R","BOSS","M"],"items_purchased_type":["Relic"],"build_version":"2020-12-22","purchased_purges":1,"victory":false,"max_hp_per_floor":[80,80,80,80,80,80,80,80,80,80,80,80,83,83,83,83,83,83,83],"card_choices":[{"not_picked":["Shrug It Off","Cleave"],"picked":"Iron Wave","floor":1.0},{"not_picked":["Cleave","Heavy Blade"],"picked":"Havoc","floor":3.0},{"not_picked":["ReplayTheSpireMod:Stacked","Clash"],"picked":"Burning Pact","floor":5.0},{"not_picked":["Sword Boomerang","Thunderclap","Warcry"],"picked":"SKIP","floor":7},{"not_picked":["Seeing Red","Exhume"],"picked":"Searing Blow","floor":8},{"not_picked":["Thunderclap","Headbutt","Pommel Strike"],"picked":"SKIP","floor":10},{"not_picked":["Rage","Cleave"],"picked":"Life Link","floor":13},{"not_picked":["Cleave","Perfected Strike"],"picked":"Seeing Red","floor":14},{"not_picked":["Barricade","Juggernaut"],"picked":"Limit Break","floor":16}],"player_experience":47545,"relics_obtained":[{"floor":8,"key":"Bottled Flame"},{"floor":9,"key":"Shovel"},{"floor":10,"key":"Torii"}],"event_choices":[{"damage_healed":0.0,"max_hp_gain":0.0,"max_hp_loss":0.0,"gold_gain":100.0,"event_name":"Golden Shrine","player_choice":"Pray","floor":4.0,"gold_loss":0.0,"damage_taken":0.0}],"is_beta":false,"boss_relics":[{"not_picked":["Cursed Key","Painkiller Herb"],"picked":"Honey Jar"}],"items_purged_floors":[2],"is_endless":false,"potions_floor_spawned":[7,8,10,14,16],"killed_by":"Shell Parasite","ascension_level":2}}