{"host":"foq4mrde4mssg7vt","time":1608976736,"event":{"mods":["AchievementEnabler","BaseMod","Colored Map","Colored Powertips","Highlight Path","Minty Spire (QoL Compilation)","Relic Stats","everything is the same but u backflip on backflip"],"gold_per_floor":[114,126,126,126,142,169,169,186,186,215,234,247,247,23,23,123,123,140,159,74,74,74,74,173,173,196,216,216,232,257,276,276,378,378,395,395,409,459,156,168,25,38,84,84,116,116,145,165,165,165,165,165,22,55,55,55],"floor_reached":55,"playtime":2754,"items_purged":["Decay"],"score":1096,"play_id":"b27624e6-0b45-498e-8146-cd45e25d843d","local_time":"20201226175856","is_ascension_mode":true,"campfire_choices":[{"floor":13,"key":"REST"},{"data":"Defragment","floor":15,"key":"SMITH"},{"data":"Loop","floor":23,"key":"SMITH"},{"data":"Seek","floor":25,"key":"SMITH"},{"data":"Coolheaded","floor":28,"key":"SMITH"},{"floor":32,"key":"REST"},{"floor":46,"key":"REST"},{"floor":49,"key":"RECALL"},{"data":"Defragment","floor":52,"key":"SMITH"}],"circlet_count":0,"master_deck":["AscendersBane","Strike_B+1","Defend_B","Defend_B","Defend_B+1","Defend_B+1","Zap","Dualcast","Cold Snap+1","Sweeping Beam+1","Coolheaded+1","Chaos","Loop+1","FTL","Go for the Eyes","Defragment+1","Seek+1","Barrage+1","Compile Driver","Creative AI","Loop","Coolheaded+1","Defragment+1","Hologram","Biased Cognition","Leap+1","Glacier+1","Hologram+1","Capacitor","Redo+1","Glacier+1","Conserve Battery"],"relics":["Cracked Core","Dream Catcher","Bronze Scales","Sundial","StoneCalendar","Anchor","Philosopher\u0027s Stone","Ancient Tea Set","Pen Nib","Whetstone","Black Star","Ginger","PreservedInsect","Orichalcum","Regal Pillow","Strawberry","Letter Opener","Boot","Lee\u0027s Waffle","War Paint","Vajra"],"acts_visited":["Exordium","TheCity","TheBeyond","TheEnding"],"potions_floor_usage":[10,16,16,30,30,35,42,50,55],"damage_taken":[{"damage":0,"enemies":"2 Louse","floor":1,"turns":3},{"damage":1,"enemies":"Cultist","floor":2,"turns":4},{"damage":0,"enemies":"Small Slimes","floor":5,"turns":2},{"damage":35,"enemies":"Gremlin Nob","floor":6,"turns":5},{"damage":4,"enemies":"Looter","floor":8,"turns":3},{"damage":20,"enemies":"Lagavulin","floor":10,"turns":7},{"damage":0,"enemies":"Exordium Wildlife","floor":11,"turns":3},{"damage":0,"enemies":"2 Fungi Beasts","floor":12,"turns":2},{"damage":19,"enemies":"The Guardian","floor":16,"turns":10},{"damage":0,"enemies":"3 Byrds","floor":18,"turns":4},{"damage":2,"enemies":"Spheric Guardian","floor":19,"turns":3},{"damage":13,"enemies":"Snecko","floor":27,"turns":5},{"damage":5,"enemies":"Centurion and Healer","floor":29,"turns":4},{"damage":12,"enemies":"Slavers","floor":30,"turns":5},{"damage":3,"enemies":"3 Cultists","floor":31,"turns":5},{"damage":18,"enemies":"Champ","floor":33,"turns":13},{"damage":30,"enemies":"3 Darklings","floor":35,"turns":5},{"damage":3,"enemies":"Orb Walker","floor":37,"turns":5},{"damage":0,"enemies":"Mind Bloom Boss Battle","floor":38,"turns":10},{"damage":15,"enemies":"Spire Growth","floor":40,"turns":5},{"damage":10,"enemies":"Transient","floor":42,"turns":5},{"damage":1,"enemies":"Nemesis","floor":45,"turns":7},{"damage":8,"enemies":"Giant Head","floor":47,"turns":10},{"damage":0,"enemies":"Writhing Mass","floor":48,"turns":12},{"damage":8,"enemies":"Donu and Deca","floor":50,"turns":14},{"damage":84,"enemies":"Shield and Spear","floor":54,"turns":9},{"damage":42,"enemies":"The Heart","floor":55,"turns":2}],"seed_played":"-6953292795789678654","potions_obtained":[{"floor":5,"key":"Fire Potion"},{"floor":6,"key":"LiquidMemories"},{"floor":10,"key":"Weak Potion"},{"floor":27,"key":"Strength Potion"},{"floor":29,"key":"Weak Potion"},{"floor":33,"key":"SkillPotion"},{"floor":35,"key":"FocusPotion"},{"floor":40,"key":"Swift Potion"},{"floor":42,"key":"Block Potion"}],"is_trial":false,"path_per_floor":["M","M","?","?","M","E","?","M","T","E","M","M","R","$","R","B",null,"M","M","?","$","?","R","?","R","T","M","R","M","E","M","R","B",null,"M","?","M","?","$","M","$","M","T","?","E","R","E","M","R","B",null,"R","$","E","B"],"character_chosen":"DEFECT","items_purchased":["Defragment","Anchor","Capacitor","PreservedInsect","Orichalcum","Lee\u0027s Waffle"],"campfire_rested":3,"item_purchase_floors":[14,14,39,39,41,53],"current_hp_per_floor":[68,67,60,60,60,25,25,21,21,1,1,1,23,23,23,4,57,57,55,55,55,55,55,55,55,55,42,42,37,25,22,44,26,63,33,33,30,30,30,15,15,5,5,5,11,50,42,42,42,34,70,70,89,5,0,0],"gold":55,"neow_bonus":"RANDOM_COMMON_RELIC","is_daily":false,"chose_seed":false,"campfire_upgraded":5,"win_rate":0.0,"timestamp":1608976736,"path_taken":["M","M","?","?","M","E","?","M","T","E","M","?","R","$","R","BOSS","M","M","?","$","?","R","?","R","T","?","R","M","E","M","R","BOSS","M","?","?","?","?","M","$","?","T","?","E","R","E","M","R","BOSS","R","$","E","BOSS"],"items_purchased_type":["Card","Relic","Card","Relic","Relic","Relic"],"build_version":"2020-12-22","purchased_purges":1,"victory":false,"max_hp_per_floor":[75,75,75,75,75,75,75,75,75,75,75,75,75,75,75,75,75,75,75,75,75,75,75,75,75,75,75,75,75,75,75,75,75,75,75,75,75,75,75,75,75,75,75,75,82,82,82,82,82,82,82,82,89,89,89,89],"relic_stats":{"Regal Pillow":15,"Lee\u0027s Waffle":19,"counters":[27,161],"StoneCalendar":[450],"Pen Nib":[16],"PreservedInsect":257,"Whetstone":["Cold Snap","Strike_B"],"Ginger":[14],"Letter Opener":[49],"Orichalcum":[12],"War Paint":["Defend_B","Defend_B"],"Boot":[13],"Dream Catcher":3,"Sundial":[22],"Bronze Scales":[415],"Black Star":3,"obtain_stats":[{"Regal Pillow":45,"Lee\u0027s Waffle":53,"Vajra":54,"StoneCalendar":10,"Pen Nib":26,"PreservedInsect":39,"Whetstone":30,"Ginger":38,"Letter Opener":47,"Orichalcum":41,"War Paint":54,"Ancient Tea Set":20,"Boot":47,"Dream Catcher":0,"Anchor":14,"Sundial":9,"Bronze Scales":6,"Strawberry":45,"Philosopher\u0027s Stone":17,"Black Star":34,"Cracked Core":0},{"Regal Pillow":22,"Lee\u0027s Waffle":25,"Vajra":26,"StoneCalendar":6,"Pen Nib":11,"PreservedInsect":19,"Whetstone":14,"Ginger":19,"Letter Opener":23,"Orichalcum":20,"War Paint":26,"Ancient Tea Set":11,"Boot":23,"Dream Catcher":0,"Anchor":8,"Sundial":5,"Bronze Scales":4,"Strawberry":22,"Philosopher\u0027s Stone":9,"Black Star":16,"Cracked Core":0},{"Regal Pillow":114,"Lee\u0027s Waffle":150,"Vajra":159,"StoneCalendar":24,"Pen Nib":45,"PreservedInsect":97,"Whetstone":59,"Ginger":97,"Letter Opener":124,"Orichalcum":102,"War Paint":159,"Ancient Tea Set":45,"Boot":124,"Dream Catcher":0,"Anchor":29,"Sundial":17,"Bronze Scales":14,"Strawberry":114,"Philosopher\u0027s Stone":38,"Black Star":77,"Cracked Core":0}]},"card_choices":[{"not_picked":["Storm","Blizzard"],"picked":"Cold Snap","floor":1},{"not_picked":["Darkness","Rip and Tear"],"picked":"Sweeping Beam","floor":2},{"not_picked":["Redo","Stack","Sweeping Beam"],"picked":"SKIP","floor":5},{"not_picked":["Blizzard","Turbo"],"picked":"Coolheaded","floor":6},{"not_picked":["Steam","Force Field","Recycle"],"picked":"SKIP","floor":8},{"not_picked":["Tempest","Turbo"],"picked":"Chaos","floor":10},{"not_picked":["Scrape","Rip and Tear"],"picked":"Loop","floor":11},{"not_picked":["Hello World","Reprogram"],"picked":"FTL","floor":12},{"not_picked":["Hello World","Streamline"],"picked":"Go for the Eyes","floor":13},{"not_picked":["All For One","Multi-Cast"],"picked":"Seek","floor":16},{"not_picked":["Chill","Static Discharge"],"picked":"Barrage+1","floor":18},{"not_picked":["Cold Snap+1","Beam Cell","Gash"],"picked":"SKIP","floor":19},{"not_picked":["Stack","Sunder"],"picked":"Loop","floor":27},{"not_picked":["Stack","Hologram"],"picked":"Coolheaded+1","floor":29},{"not_picked":["Self Repair","Storm"],"picked":"Defragment","floor":30},{"not_picked":["Rainbow","Gash","Go for the Eyes+1"],"picked":"SKIP","floor":31},{"not_picked":["Aggregate","Rip and Tear"],"picked":"Hologram","floor":32},{"not_picked":["All For One","Creative AI"],"picked":"Biased Cognition","floor":33},{"not_picked":["Redo","Streamline+1"],"picked":"Leap+1","floor":35},{"not_picked":["Stack","Heatsinks+1"],"picked":"Glacier+1","floor":37},{"not_picked":["Compile Driver","Gash"],"picked":"Hologram+1","floor":38},{"not_picked":["Beam Cell+1","Coolheaded"],"picked":"Redo+1","floor":40},{"not_picked":["Leap+1","Defragment","Rebound"],"picked":"SKIP","floor":42},{"not_picked":["Sweeping Beam","Rebound","Chill+1"],"picked":"SKIP","floor":45},{"not_picked":["Gash","Heatsinks+1"],"picked":"Conserve Battery","floor":47},{"not_picked":["Static Discharge+1","Fission","Doom and Gloom+1"],"picked":"SKIP","floor":48},{"not_picked":["Redo","Doom and Gloom","Steam Power"],"picked":"SKIP","floor":54}],"player_experience":283443,"relics_obtained":[{"floor":6,"key":"Bronze Scales"},{"floor":9,"key":"Sundial"},{"floor":10,"key":"StoneCalendar"},{"floor":26,"key":"Pen Nib"},{"floor":30,"key":"Whetstone"},{"floor":38,"key":"Ginger"},{"floor":45,"key":"Regal Pillow"},{"floor":45,"key":"Strawberry"},{"floor":47,"key":"Letter Opener"},{"floor":47,"key":"Boot"},{"floor":54,"key":"War Paint"},{"floor":54,"key":"Vajra"}],"event_choices":[{"cards_removed":["Strike_B"],"damage_healed":0,"gold_gain":0,"player_choice":"Card Removal","damage_taken":7,"max_hp_gain":0,"max_hp_loss":0,"event_name":"Golden Wing","floor":3,"gold_loss":0},{"damage_healed":0,"gold_gain":0,"player_choice":"Ignored","damage_taken":0,"max_hp_gain":0,"max_hp_loss":0,"event_name":"Liars Game","floor":4,"gold_loss":0},{"damage_healed":0,"gold_gain":0,"player_choice":"Upgraded","damage_taken":0,"max_hp_gain":0,"max_hp_loss":0,"event_name":"Upgrade Shrine","floor":7,"gold_loss":0,"cards_upgraded":["Sweeping Beam"]},{"damage_healed":0,"gold_gain":0,"player_choice":"Obtained Relic","damage_taken":0,"relics_obtained":["Ancient Tea Set"],"max_hp_gain":0,"max_hp_loss":0,"event_name":"Addict","floor":20,"gold_loss":85},{"damage_healed":0,"gold_gain":0,"cards_transformed":["Strike_B","Strike_B"],"player_choice":"Became Test Subject","damage_taken":0,"max_hp_gain":0,"max_hp_loss":0,"event_name":"Drug Dealer","floor":22,"gold_loss":0,"cards_obtained":["Compile Driver","Creative AI"]},{"damage_healed":0,"gold_gain":99,"player_choice":"Stole From Cult","damage_taken":0,"max_hp_gain":0,"max_hp_loss":0,"event_name":"Nest","floor":24,"gold_loss":0},{"damage_healed":0,"gold_gain":0,"player_choice":"Cursed","damage_taken":0,"max_hp_gain":0,"max_hp_loss":0,"event_name":"Wheel of Change","floor":36,"gold_loss":0,"cards_obtained":["Decay"]},{"damage_healed":0,"gold_gain":0,"player_choice":"Fight","damage_taken":0,"max_hp_gain":0,"max_hp_loss":0,"event_name":"MindBloom","floor":38,"gold_loss":0},{"damage_healed":0,"gold_gain":0,"player_choice":"Copied","damage_taken":0,"max_hp_gain":0,"max_hp_loss":0,"event_name":"Duplicator","floor":44,"gold_loss":0,"cards_obtained":["Glacier"]}],"is_beta":false,"boss_relics":[{"not_picked":["Busted Crown","Runic Dome"],"picked":"Philosopher\u0027s Stone"},{"not_picked":["SacredBark","Sozu"],"picked":"Black Star"}],"items_purged_floors":[39],"is_endless":false,"potions_floor_spawned":[5,6,8,10,27,29,33,35,40,42],"killed_by":"The Heart","ascension_level":11}}