{"host":"uoq8e77duj6rs50g","time":1608959368,"event":{"mods":["BaseMod","Better Match","Better Note","Better Third Choice","BetterRewards","Block Reminder","ChefMod","Curses Come First","Hermit","Hubris","Ironclad Rager","Minty Spire (QoL Compilation)","Relic Stats","Replay The Spire","Shade Mod","StSLib","The Blue Laboratory","The Cursed","The Dragon Tamer","The Exalted","The Judge","The Runesmith","The Servant 0.9.4"],"gold_per_floor":[112,112,112,187,187,217,231,231,231,242,260,260,279,308,308,405,405,419,419,434,152,152,152,152,185,208,483,496,140,153,173,173,270,270,282,296,319,336,4,4,39,39,39],"floor_reached":42,"playtime":2565,"items_purged":["TheCursedMod:Strike_TheCursed","TheCursedMod:Strike_TheCursed"],"score":631,"play_id":"f9c2f689-70e6-46db-aa0a-ff32030b2ce7","local_time":"20201226000928","is_ascension_mode":false,"campfire_choices":[{"data":"TheCursedMod:VoidForm","floor":8.0,"key":"SMITH"},{"data":"TheCursedMod:CircleOfBlood","floor":15.0,"key":"SMITH"},{"floor":23.0,"key":"REST"},{"floor":32.0,"key":"REST"},{"floor":40,"key":"REST"}],"circlet_count":0,"master_deck":["TheCursedMod:Strike_TheCursed","TheCursedMod:Defend_TheCursed","TheCursedMod:Defend_TheCursed","TheCursedMod:Defend_TheCursed","TheCursedMod:CursedWand","TheCursedMod:CleanUpWorkshop","TheCursedMod:Dregs","TheCursedMod:HellfireBreathing+1","ReplayTheSpireMod:Splinters","TheCursedMod:ReleasedKnowledge","TheCursedMod:VoidForm+1","TheCursedMod:CircleOfBlood+1","TheCursedMod:TroublousMinions","TheCursedMod:ReleasedStrength","TheCursedMod:WearCloak","TheCursedMod:CollectTribute","TheCursedMod:SurpriseAttack+1","TheCursedMod:TacticalStrike+1","TheCursedMod:Stretching","TheCursedMod:VoidForm+1","Strike_S","TheCursedMod:CircleOfAbyss","Regret","TheCursedMod:CursedBlade+1","Bandage Up","TheCursedMod:TacticalStrike","TheCursedMod:CursedBlade","TheCursedMod:Hemoplague+1","TheCursedMod:HellfireBreathing","TheCursedMod:Stretching+1"],"relics":["TheCursedMod:BlackMagic101","NeowsBlessing","Bag of Marbles","Iron Hammer","Darkstone Periapt","hubris:MysteriousPyramids","Sozu","DollysMirror","Letter Opener","Toy Ornithopter","MealTicket","TheCursedMod:FourLeafCloverCharm","Juzu Bracelet","Membership Card","Blood Vial","Nunchaku","Bromod:ArcaneVictory"],"acts_visited":["Exordium","TheCity","TheBeyond"],"potions_floor_usage":[38],"damage_taken":[{"damage":0.0,"enemies":"2 Louse","floor":1.0,"turns":1.0},{"damage":0.0,"enemies":"3 Sentries","floor":6.0,"turns":2.0},{"damage":0.0,"enemies":"Small Slimes","floor":7.0,"turns":1.0},{"damage":0.0,"enemies":"Jaw Worm","floor":10.0,"turns":3.0},{"damage":18.0,"enemies":"Large Slime","floor":11.0,"turns":4.0},{"damage":1.0,"enemies":"Red Slaver","floor":13.0,"turns":3.0},{"damage":8.0,"enemies":"Gremlin Nob","floor":14.0,"turns":4.0},{"damage":21.0,"enemies":"The Guardian","floor":16.0,"turns":7.0},{"damage":28.0,"enemies":"2 Thieves","floor":18.0,"turns":4.0},{"damage":1.0,"enemies":"Shell Parasite","floor":20.0,"turns":3.0},{"damage":10.0,"enemies":"Gremlin Leader","floor":25.0,"turns":5.0},{"damage":37.0,"enemies":"Centurion and Healer","floor":28.0,"turns":6.0},{"damage":9.0,"enemies":"Cultist and Chosen","floor":30.0,"turns":4.0},{"damage":25.0,"enemies":"Snecko","floor":31.0,"turns":4.0},{"damage":2.0,"enemies":"Pondfish","floor":33.0,"turns":6.0},{"damage":0,"enemies":"3 Darklings","floor":35,"turns":2},{"damage":0,"enemies":"3 Shapes","floor":36,"turns":1},{"damage":50,"enemies":"Writhing Mass","floor":38,"turns":5},{"damage":78,"enemies":"Nemesis","floor":41,"turns":7},{"damage":14,"enemies":"Spire Growth","floor":42,"turns":1}],"seed_played":"-8504131534054034289","potions_obtained":[{"floor":1.0,"key":"Swift Potion"},{"floor":4.0,"key":"blueLaboratory:RecallPotion"},{"floor":4.0,"key":"blueLaboratory:PolymorphPotion"},{"floor":10.0,"key":"AttackPotion"},{"floor":11.0,"key":"PowerPotion"},{"floor":16.0,"key":"blueLaboratory:RecallPotion"}],"is_trial":false,"path_per_floor":["M","?","?","?","?","E","M","R","T","M","M","?","M","E","R","B",null,"M","?","M","$","?","R","?","E","T","?","M","$","M","M","R","B",null,"M","M","T","M","$","R","E","M"],"character_chosen":"THE_CURSED","items_purchased":["TheCursedMod:Stretching","DollysMirror","Bandage Up","MealTicket","TheCursedMod:TacticalStrike","Membership Card","Blood Vial","TheCursedMod:HellfireBreathing","Nunchaku"],"campfire_rested":3,"item_purchase_floors":[21,21,29,29,29,39,39,39,39],"current_hp_per_floor":[75,75,75,75,75,75,75,75,75,75,57,57,60,60,60,39,75,55,49,56,56,56,75,75,69,69,75,42,42,41,22,46,48,81,81,81,81,48,63,81,11,0,0],"gold":39,"neow_bonus":"THREE_ENEMY_KILL","is_daily":false,"chose_seed":false,"campfire_upgraded":2,"win_rate":0.0,"timestamp":1608959368,"path_taken":["M","?","?","?","?","E","?","R","T","M","M","?","M","E","R","BOSS","M","?","?","$","?","R","?","E","T","?","M","$","?","M","R","BOSS","M","M","?","M","$","R","E","M"],"items_purchased_type":["Card","Relic","Card","Relic","Card","Relic","Relic","Card","Relic"],"build_version":"2020-12-22","purchased_purges":2,"victory":false,"max_hp_per_floor":[75,75,75,75,75,75,75,75,75,75,75,75,75,75,75,75,75,75,75,75,75,75,75,75,75,75,81,81,81,81,81,81,81,81,81,81,81,81,81,81,81,81,81],"relic_stats":{"Darkstone Periapt":6,"Sozu":3,"Blood Vial":2,"Nunchaku":[1],"counters":[20,72],"MealTicket":15,"Juzu Bracelet":0,"Letter Opener":[53],"obtain_stats":[{"Darkstone Periapt":9,"TheCursedMod:BlackMagic101":0,"TheCursedMod:FourLeafCloverCharm":34,"NeowsBlessing":0,"Bromod:ArcaneVictory":41,"Juzu Bracelet":37,"Letter Opener":25,"hubris:MysteriousPyramids":14,"Sozu":17,"Blood Vial":39,"Nunchaku":39,"DollysMirror":21,"MealTicket":29,"Iron Hammer":6,"Bag of Marbles":4,"Membership Card":39,"Toy Ornithopter":26},{"Darkstone Periapt":3,"TheCursedMod:BlackMagic101":0,"TheCursedMod:FourLeafCloverCharm":15,"NeowsBlessing":0,"Bromod:ArcaneVictory":19,"Juzu Bracelet":17,"Letter Opener":11,"hubris:MysteriousPyramids":7,"Sozu":8,"Blood Vial":18,"Nunchaku":18,"DollysMirror":10,"MealTicket":12,"Iron Hammer":2,"Bag of Marbles":1,"Membership Card":18,"Toy Ornithopter":11},{"Darkstone Periapt":3,"TheCursedMod:BlackMagic101":0,"TheCursedMod:FourLeafCloverCharm":56,"NeowsBlessing":0,"Bromod:ArcaneVictory":71,"Juzu Bracelet":59,"Letter Opener":36,"hubris:MysteriousPyramids":17,"Sozu":24,"Blood Vial":64,"Nunchaku":64,"DollysMirror":31,"MealTicket":42,"Iron Hammer":2,"Bag of Marbles":1,"Membership Card":64,"Toy Ornithopter":36}],"Toy Ornithopter":5},"card_choices":[{"not_picked":["TheCursedMod:FleshFromBone","TheCursedMod:CircleOfCorruption"],"picked":"TheCursedMod:HellfireBreathing","floor":1.0},{"not_picked":["TheCursedMod:RapidMovement","TheCursedMod:CursedAmulet"],"picked":"TheCursedMod:ReleasedKnowledge","floor":4.0},{"not_picked":["TheCursedMod:SpitefulPlan","TheCursedMod:Grudge"],"picked":"TheCursedMod:VoidForm","floor":6.0},{"not_picked":["TheCursedMod:Evocation","TheCursedMod:Stretching"],"picked":"TheCursedMod:CircleOfBlood","floor":7.0},{"not_picked":["TheCursedMod:Stigma","TheCursedMod:CircleOfFlame"],"picked":"TheCursedMod:TroublousMinions","floor":10.0},{"not_picked":["TheCursedMod:VitalStrike","TheCursedMod:SaltUponWound","TheCursedMod:RavingStaff"],"picked":"SKIP","floor":11.0},{"not_picked":["TheCursedMod:FuryStrike","TheCursedMod:RapidMovement"],"picked":"TheCursedMod:ReleasedStrength","floor":13.0},{"not_picked":["TheCursedMod:TacticalStrike","TheCursedMod:RapidMovement"],"picked":"TheCursedMod:WearCloak","floor":14.0},{"not_picked":["TheCursedMod:DemonicPact","TheCursedMod:OutForBlood"],"picked":"TheCursedMod:CollectTribute","floor":16.0},{"not_picked":["TheCursedMod:CursedMace","TheCursedMod:TroublousMinions"],"picked":"TheCursedMod:SurpriseAttack+1","floor":18.0},{"not_picked":["TheCursedMod:WearCloak","TheCursedMod:SmokeScreen"],"picked":"TheCursedMod:TacticalStrike+1","floor":20.0},{"not_picked":["TheCursedMod:RapidMovement","TheCursedMod:CursedMace+1"],"picked":"TheCursedMod:CircleOfAbyss","floor":25.0},{"not_picked":["TheCursedMod:SmokeScreen","TheCursedMod:SpitefulStrike"],"picked":"TheCursedMod:CursedBlade+1","floor":28.0},{"not_picked":["TheCursedMod:Stigma+1","TheCursedMod:Wield"],"picked":"TheCursedMod:CursedBlade","floor":30.0},{"not_picked":["TheCursedMod:Stigma+1","TheCursedMod:SpitefulStrike+1","TheCursedMod:CircleOfFlame"],"picked":"SKIP","floor":31.0},{"not_picked":["TheCursedMod:CursedShiv","TheCursedMod:SurpriseAttack+1","TheCursedMod:SmokeScreen"],"picked":"SKIP","floor":35},{"not_picked":["TheCursedMod:CursedShiv+1","TheCursedMod:Obscuration+1"],"picked":"TheCursedMod:Hemoplague+1","floor":36},{"not_picked":["TheCursedMod:CursedMace+1","TheCursedMod:SpitefulStrike","TheCursedMod:CursedBlade+1"],"picked":"SKIP","floor":38},{"not_picked":["TheCursedMod:Neurasthenia","TheCursedMod:CursedAmulet+1"],"picked":"TheCursedMod:Stretching+1","floor":41}],"player_experience":355222,"relics_obtained":[{"floor":4.0,"key":"Bag of Marbles"},{"floor":6.0,"key":"Iron Hammer"},{"floor":9.0,"key":"Darkstone Periapt"},{"floor":14.0,"key":"hubris:MysteriousPyramids"},{"floor":25.0,"key":"Letter Opener"},{"floor":26.0,"key":"Toy Ornithopter"},{"floor":37,"key":"Juzu Bracelet"},{"floor":41,"key":"Bromod:ArcaneVictory"}],"event_choices":[{"cards_removed":["TheCursedMod:Defend_TheCursed"],"damage_healed":0.0,"max_hp_gain":0.0,"max_hp_loss":0.0,"gold_gain":0.0,"event_name":"Living Wall","player_choice":"Forget","floor":2.0,"gold_loss":0.0,"damage_taken":0.0},{"damage_healed":0.0,"max_hp_gain":0.0,"max_hp_loss":0.0,"gold_gain":0.0,"event_name":"Upgrade Shrine","player_choice":"Upgraded","floor":5.0,"gold_loss":0.0,"damage_taken":0.0,"cards_upgraded":["TheCursedMod:HellfireBreathing"]},{"damage_healed":0.0,"max_hp_gain":0.0,"max_hp_loss":0.0,"gold_gain":0.0,"event_name":"Golden Wing","player_choice":"Ignored","floor":12.0,"gold_loss":0.0,"damage_taken":0.0},{"damage_healed":0.0,"max_hp_gain":0.0,"max_hp_loss":0.0,"gold_gain":0.0,"event_name":"Knowing Skull","player_choice":"","floor":19.0,"potions_obtained":[],"gold_loss":0.0,"damage_taken":6.0,"cards_obtained":[]},{"cards_removed":["TheCursedMod:Strike_TheCursed"],"damage_healed":0.0,"max_hp_gain":0.0,"max_hp_loss":0.0,"gold_gain":0.0,"event_name":"betterNote:BetterNote","player_choice":"Take \u0026 Give","floor":22.0,"gold_loss":0.0,"damage_taken":0.0,"cards_obtained":["Strike_S"]},{"damage_healed":0.0,"max_hp_gain":0.0,"max_hp_loss":0.0,"gold_gain":0.0,"event_name":"Vampires","player_choice":"Ignored","floor":24.0,"gold_loss":0.0,"damage_taken":0.0},{"damage_healed":0.0,"max_hp_gain":0.0,"max_hp_loss":0.0,"gold_gain":275.0,"event_name":"Golden Shrine","player_choice":"Desecrate","floor":27.0,"gold_loss":0.0,"damage_taken":0.0,"cards_obtained":["Regret"]}],"is_beta":false,"boss_relics":[{"not_picked":["Ectoplasm","Painkiller Herb"],"picked":"Sozu"},{"not_picked":["hubris:VirtuousBlindfold","hubris:RunicObelisk"],"picked":"TheCursedMod:FourLeafCloverCharm"}],"items_purged_floors":[21,29],"is_endless":false,"potions_floor_spawned":[1,10,11,16,18,28,35],"killed_by":"Spire Growth","ascension_level":0}}