{"host":"7cp3z5w0tcrrm8ys","time":1608948001,"event":{"mods":["AchievementEnabler","BaseMod","DeckTracker","Minty Spire (QoL Compilation)","StSLib","SuperFastMode"],"gold_per_floor":[112,112,112,127,127,153,22,22,49,75,45,70,81,81,81,157,157,175,18,18,18,36,36,36],"floor_reached":23,"playtime":482,"items_purged":["Pain","Strike_G"],"score":460,"play_id":"d9a6c4b9-9c62-458c-8296-48761659e704","local_time":"20201226110001","is_ascension_mode":true,"campfire_choices":[{"data":"Storm of Steel","floor":8,"key":"SMITH"},{"floor":15,"key":"REST"}],"circlet_count":0,"master_deck":["AscendersBane","Strike_G","Strike_G","Strike_G","Defend_G","Defend_G","Defend_G","Defend_G","Defend_G","Survivor","Neutralize","Tactician","Terror","Storm of Steel+1","Backflip","Acrobatics","Accuracy","Malaise","Blade Dance","Blade Dance"],"relics":["Ring of the Snake","NeowsBlessing","Pantograph","WarpedTongs","Vajra","Dream Catcher","Bronze Scales","Anchor","Philosopher\u0027s Stone"],"acts_visited":["Exordium","TheCity"],"potions_floor_usage":[10,12,16,16,22,23],"damage_taken":[{"damage":0,"enemies":"Jaw Worm","floor":1,"turns":1},{"damage":0,"enemies":"Cultist","floor":4,"turns":1},{"damage":0,"enemies":"Gremlin Nob","floor":6,"turns":1},{"damage":19,"enemies":"Lagavulin","floor":10,"turns":4},{"damage":15,"enemies":"Gremlin Nob","floor":12,"turns":4},{"damage":0,"enemies":"2 Louse","floor":13,"turns":3},{"damage":32,"enemies":"Hexaghost","floor":16,"turns":12},{"damage":10,"enemies":"3 Byrds","floor":18,"turns":3},{"damage":20,"enemies":"2 Thieves","floor":22,"turns":4},{"damage":3,"enemies":"Gremlin Leader","floor":23,"turns":6}],"seed_played":"5647805919830430813","potions_obtained":[{"floor":6,"key":"Block Potion"},{"floor":11,"key":"Fire Potion"},{"floor":12,"key":"SpeedPotion"},{"floor":13,"key":"SpeedPotion"},{"floor":22,"key":"Fruit Juice"}],"is_trial":false,"path_per_floor":["M","?","?","M","?","E","$","R","T","E","?","E","M","$","R","B",null,"M","$","?","?","M","E"],"character_chosen":"THE_SILENT","items_purchased":["SteroidPotion","Dexterity Potion"],"campfire_rested":1,"item_purchase_floors":[7,19],"current_hp_per_floor":[59,48,48,48,48,48,48,48,48,29,29,14,14,14,33,26,56,46,46,46,46,31,28,28],"gold":36,"neow_bonus":"THREE_ENEMY_KILL","is_daily":false,"chose_seed":false,"campfire_upgraded":1,"win_rate":0.0,"timestamp":1608948001,"path_taken":["M","?","?","?","?","E","?","R","T","E","?","E","?","?","R","BOSS","M","$","?","?","?","E"],"items_purchased_type":["Potion","Potion"],"build_version":"2020-12-22","purchased_purges":2,"victory":false,"max_hp_per_floor":[66,66,66,66,66,66,66,66,66,66,66,66,66,66,66,66,66,66,66,66,66,71,71,71],"card_choices":[{"not_picked":["Poisoned Stab","Predator"],"picked":"Tactician","floor":1},{"not_picked":["Slice","Dagger Spray"],"picked":"Terror","floor":4},{"not_picked":["All Out Attack","Acrobatics"],"picked":"Backflip","floor":6},{"not_picked":["Prepared","Deflect"],"picked":"Acrobatics","floor":10},{"not_picked":["Outmaneuver","Underhanded Strike","Sucker Punch"],"picked":"SKIP","floor":12},{"not_picked":["Endless Agony","Dagger Spray"],"picked":"Accuracy","floor":13},{"not_picked":["Doppelganger","Phantasmal Killer"],"picked":"Malaise","floor":16},{"not_picked":["Concentrate","Prepared","Eviscerate"],"picked":"SKIP","floor":18},{"not_picked":["Leg Sweep","Deflect"],"picked":"Blade Dance","floor":22}],"player_experience":791011,"relics_obtained":[{"floor":6,"key":"Vajra"},{"floor":9,"key":"Dream Catcher"},{"floor":10,"key":"Bronze Scales"},{"floor":12,"key":"Anchor"}],"event_choices":[{"damage_healed":0,"gold_gain":0,"player_choice":"Success","damage_taken":11,"relics_obtained":["Pantograph"],"max_hp_gain":0,"max_hp_loss":0,"event_name":"Scrap Ooze","floor":2,"gold_loss":0},{"damage_healed":0,"gold_gain":0,"player_choice":"Rummage","damage_taken":0,"relics_obtained":["WarpedTongs"],"max_hp_gain":0,"max_hp_loss":0,"event_name":"Accursed Blacksmith","floor":3,"gold_loss":0,"cards_obtained":["Pain"]},{"damage_healed":0,"gold_gain":0,"cards_transformed":["Strike_G"],"player_choice":"Transformed","damage_taken":0,"max_hp_gain":0,"max_hp_loss":0,"event_name":"Transmorgrifier","floor":5,"gold_loss":0,"cards_obtained":["Storm of Steel"]},{"damage_healed":0,"gold_gain":0,"player_choice":"Bought 2 Potions","damage_taken":0,"max_hp_gain":0,"max_hp_loss":0,"event_name":"The Woman in Blue","floor":11,"gold_loss":0},{"damage_healed":0,"gold_gain":0,"player_choice":"Read","damage_taken":0,"max_hp_gain":0,"max_hp_loss":0,"event_name":"The Library","floor":20,"gold_loss":0,"cards_obtained":["Blade Dance"]},{"damage_healed":0,"gold_gain":0,"player_choice":"Leave","damage_taken":0,"max_hp_gain":0,"max_hp_loss":0,"event_name":"FaceTrader","floor":21,"gold_loss":0}],"is_beta":false,"boss_relics":[{"not_picked":["Tiny House","Snecko Eye"],"picked":"Philosopher\u0027s Stone"}],"items_purged_floors":[7,19],"is_endless":false,"potions_floor_spawned":[6,12,13,22],"killed_by":"Gremlin Leader","ascension_level":20}}