{"host":"ad59wuc8ynh8u2z6","time":1608978601,"event":{"mods":["AchievementEnabler","BaseMod","Colored Powertips","DeckTracker","Highlight Path","Minty Spire (QoL Compilation)","Permanent Neow"],"gold_per_floor":[19,32,52,70,70,96,66,66,66,66,82,116,171,197,197,301,301,319,337,106,126,126,159,159,159,159,173,205,222,222,240,240,336,336,349,362,372,372,385,419,16,27,27,37,53,53,86,86,86,86],"floor_reached":51,"playtime":3175,"items_purged":["Strike_P"],"score":796,"play_id":"197d1119-97cb-431c-9686-1634df3ba5d8","local_time":"20201226113001","is_ascension_mode":false,"campfire_choices":[{"data":"Mayhem","floor":8.0,"key":"SMITH"},{"data":"Conclude","floor":10.0,"key":"SMITH"},{"data":"Worship","floor":15.0,"key":"SMITH"},{"data":"Vigilance","floor":25.0,"key":"SMITH"},{"data":"Eruption","floor":30,"key":"SMITH"},{"floor":32,"key":"REST"},{"data":"BowlingBash","floor":49,"key":"SMITH"}],"circlet_count":0,"master_deck":["Strike_P+1","Strike_P+1","Strike_P+1","Defend_P+1","Defend_P+1","Defend_P+1","Defend_P+1","Eruption+1","Vigilance+1","Mayhem+1","BowlingBash+1","Swivel+1","DeceiveReality+1","Conclude+1","WheelKick+1","Worship+1","LessonLearned+1","BattleHymn+1","Wallop+1","Evaluate+1","Evaluate+1","Scrawl+1","Establishment+1","CutThroughFate+1","SandsOfTime+1"],"relics":["HolyWater","HornCleat","Frozen Egg 2","Bottled Flame","Anchor","Molten Egg 2","Sozu","Lee\u0027s Waffle","Ginger","Mercury Hourglass","Toxic Egg 2","Gambling Chip","Membership Card","Mummified Hand","Pantograph","White Beast Statue","Lizard Tail","Pear"],"acts_visited":["Exordium","TheCity","TheBeyond"],"potions_floor_usage":[50,50],"damage_taken":[{"damage":5.0,"enemies":"Small Slimes","floor":1.0,"turns":3.0},{"damage":1.0,"enemies":"Jaw Worm","floor":2.0,"turns":3.0},{"damage":1.0,"enemies":"Cultist","floor":3.0,"turns":5.0},{"damage":1.0,"enemies":"Exordium Thugs","floor":4.0,"turns":4.0},{"damage":4.0,"enemies":"Lagavulin","floor":6.0,"turns":10.0},{"damage":0.0,"enemies":"Looter","floor":7.0,"turns":4.0},{"damage":0.0,"enemies":"Large Slime","floor":11.0,"turns":4.0},{"damage":16.0,"enemies":"Gremlin Nob","floor":12.0,"turns":4.0},{"damage":0.0,"enemies":"3 Sentries","floor":13.0,"turns":3.0},{"damage":0.0,"enemies":"3 Sentries","floor":14.0,"turns":2.0},{"damage":2.0,"enemies":"Hexaghost","floor":16.0,"turns":8.0},{"damage":11.0,"enemies":"Chosen","floor":18.0,"turns":7.0},{"damage":3.0,"enemies":"Shell Parasite","floor":19.0,"turns":6.0},{"damage":1.0,"enemies":"Cultist and Chosen","floor":21.0,"turns":5.0},{"damage":8.0,"enemies":"Book of Stabbing","floor":23.0,"turns":4.0},{"damage":0.0,"enemies":"Snecko","floor":27.0,"turns":4.0},{"damage":5.0,"enemies":"Slavers","floor":28.0,"turns":3.0},{"damage":1.0,"enemies":"Snake Plant","floor":29.0,"turns":5.0},{"damage":0,"enemies":"Chosen and Byrds","floor":31,"turns":3},{"damage":3,"enemies":"Champ","floor":33,"turns":8},{"damage":0,"enemies":"Orb Walker","floor":35,"turns":5},{"damage":0,"enemies":"3 Darklings","floor":36,"turns":3},{"damage":14,"enemies":"4 Shapes","floor":37,"turns":3},{"damage":0,"enemies":"Transient","floor":39,"turns":5},{"damage":12,"enemies":"Nemesis","floor":40,"turns":5},{"damage":0,"enemies":"Sphere and 2 Shapes","floor":42,"turns":1},{"damage":11,"enemies":"Maw","floor":44,"turns":4},{"damage":14,"enemies":"Writhing Mass","floor":45,"turns":6},{"damage":0,"enemies":"Giant Head","floor":47,"turns":3},{"damage":2,"enemies":"Donu and Deca","floor":50,"turns":6}],"seed_played":"3332650794156160674","potions_obtained":[{"floor":2.0,"key":"AttackPotion"},{"floor":6.0,"key":"EssenceOfSteel"},{"floor":13.0,"key":"Dexterity Potion"},{"floor":16.0,"key":"Block Potion"}],"is_trial":false,"path_per_floor":["M","M","M","M","?","E","M","R","T","R","M","E","?","E","R","B",null,"M","M","$","M","?","E","?","R","T","M","E","M","R","M","R","B",null,"M","M","M","?","M","E","$","M","T","M","M","T","E","?","R","B",null],"character_chosen":"WATCHER","items_purchased":["Lee\u0027s Waffle","Membership Card","Mummified Hand","Pantograph"],"campfire_rested":1,"item_purchase_floors":[20,41,41,41],"current_hp_per_floor":[67,66,65,64,50,46,46,46,46,46,46,30,30,30,30,28,72,61,58,79,78,78,70,55,55,55,55,50,49,49,49,74,71,84,84,84,70,70,70,58,58,58,58,47,33,33,43,82,82,80],"gold":86,"neow_bonus":"RANDOM_COLORLESS_2","is_daily":false,"chose_seed":false,"campfire_upgraded":6,"win_rate":0.0,"timestamp":1608978601,"path_taken":["M","M","M","M","?","E","M","R","T","R","M","E","?","E","R","BOSS","M","M","$","M","?","E","?","R","T","M","E","M","R","M","R","BOSS","M","M","M","?","M","E","$","?","T","M","M","?","E","?","R","BOSS"],"items_purchased_type":["Relic","Relic","Relic","Relic"],"build_version":"2020-12-22","purchased_purges":1,"victory":true,"max_hp_per_floor":[72,72,72,72,72,72,72,72,72,72,72,72,72,72,72,72,72,72,72,79,79,79,79,84,84,84,84,84,84,84,84,84,84,84,84,84,84,84,84,84,84,84,84,84,84,84,94,82,82,82],"card_choices":[{"not_picked":["Transmutation","Thinking Ahead"],"picked":"Mayhem","floor":0.0},{"not_picked":["FollowUp","EmptyBody","SashWhip"],"picked":"SKIP","floor":1.0},{"not_picked":["Evaluate","Weave"],"picked":"BowlingBash","floor":2.0},{"not_picked":["CutThroughFate","FlurryOfBlows"],"picked":"Swivel","floor":3.0},{"not_picked":["Evaluate","SashWhip"],"picked":"DeceiveReality","floor":4.0},{"not_picked":["FlyingSleeves","FollowUp"],"picked":"Conclude","floor":6.0},{"not_picked":["Sanctity","Crescendo","WreathOfFlame"],"picked":"SKIP","floor":7.0},{"not_picked":["EmptyFist","Nirvana+1","WreathOfFlame"],"picked":"SKIP","floor":11.0},{"not_picked":["JustLucky","WreathOfFlame","Conclude"],"picked":"SKIP","floor":12.0},{"not_picked":["FollowUp","Halt"],"picked":"WheelKick","floor":13.0},{"not_picked":["Conclude+1","Evaluate"],"picked":"Worship","floor":14.0},{"not_picked":["Establishment+1","Ragnarok+1"],"picked":"LessonLearned+1","floor":16.0},{"not_picked":["SashWhip+1","LikeWater+1","FlyingSleeves+1"],"picked":"SKIP","floor":18.0},{"not_picked":["SashWhip+1","Consecrate+1","CrushJoints+1"],"picked":"SKIP","floor":19.0},{"not_picked":["Protect","FlurryOfBlows+1"],"picked":"BattleHymn+1","floor":21.0},{"not_picked":["WindmillStrike+1","SashWhip+1","Consecrate+1"],"picked":"SKIP","floor":23.0},{"not_picked":["SashWhip+1","ThirdEye","Judgement"],"picked":"SKIP","floor":27.0},{"not_picked":["ThirdEye+1","PathToVictory+1"],"picked":"Evaluate+1","floor":28.0},{"not_picked":["JustLucky+1","FlurryOfBlows+1"],"picked":"Evaluate+1","floor":29.0},{"not_picked":["SandsOfTime+1","FearNoEvil+1"],"picked":"Scrawl+1","floor":31},{"not_picked":["DeusExMachina+1","Omniscience+1"],"picked":"Establishment+1","floor":33},{"not_picked":["WaveOfTheHand+1","DeceiveReality+1","Evaluate+1"],"picked":"SKIP","floor":35},{"not_picked":["FollowUp+1","Perseverance+1"],"picked":"CutThroughFate+1","floor":36},{"not_picked":["Crescendo+1","ClearTheMind+1","CrushJoints+1"],"picked":"SKIP","floor":37},{"not_picked":["EmptyBody+1","ThirdEye+1","Consecrate+1"],"picked":"SKIP","floor":39},{"not_picked":["Crescendo+1","DevaForm+1"],"picked":"SandsOfTime+1","floor":40},{"not_picked":["Consecrate+1","Crescendo+1","CutThroughFate+1"],"picked":"SKIP","floor":42},{"not_picked":["Crescendo+1","EmptyFist+1","SashWhip+1"],"picked":"SKIP","floor":44},{"not_picked":["Weave+1","Study+1","FlurryOfBlows+1"],"picked":"SKIP","floor":45},{"not_picked":["ReachHeaven+1","Halt+1","Perseverance+1"],"picked":"SKIP","floor":47}],"player_experience":22039,"relics_obtained":[{"floor":6.0,"key":"HornCleat"},{"floor":9.0,"key":"Frozen Egg 2"},{"floor":12.0,"key":"Bottled Flame"},{"floor":14.0,"key":"Molten Egg 2"},{"floor":23.0,"key":"Ginger"},{"floor":26.0,"key":"Mercury Hourglass"},{"floor":28.0,"key":"Toxic Egg 2"},{"floor":40,"key":"Gambling Chip"},{"floor":43,"key":"White Beast Statue"},{"floor":46,"key":"Lizard Tail"},{"floor":47,"key":"Pear"}],"event_choices":[{"damage_healed":0.0,"max_hp_gain":0.0,"max_hp_loss":0.0,"gold_gain":0.0,"event_name":"Shining Light","player_choice":"Entered Light","floor":5.0,"gold_loss":0.0,"damage_taken":14.0,"cards_upgraded":["Strike_P","Defend_P"]},{"damage_healed":0.0,"max_hp_gain":0.0,"max_hp_loss":0.0,"gold_gain":0.0,"event_name":"Dead Adventurer","player_choice":"Searched \u00273\u0027 times","floor":13.0,"gold_loss":0.0,"damage_taken":0.0,"relics_obtained":["Anchor"]},{"damage_healed":0.0,"max_hp_gain":0.0,"max_hp_loss":0.0,"gold_gain":0.0,"event_name":"The Library","player_choice":"Read","floor":22.0,"gold_loss":0.0,"damage_taken":0.0,"cards_obtained":["Wallop"]},{"damage_healed":0.0,"max_hp_gain":5.0,"max_hp_loss":0.0,"gold_gain":0.0,"event_name":"Forgotten Altar","player_choice":"Shed Blood","floor":24.0,"gold_loss":0.0,"damage_taken":20.0},{"damage_healed":0,"gold_gain":0,"player_choice":"Forge","damage_taken":0,"max_hp_gain":0,"max_hp_loss":0,"event_name":"Accursed Blacksmith","floor":38,"gold_loss":0,"cards_upgraded":["WheelKick"]},{"damage_healed":82,"gold_gain":0,"player_choice":"Heal","damage_taken":0,"max_hp_gain":0,"max_hp_loss":12,"event_name":"The Moai Head","floor":48,"gold_loss":0}],"is_beta":false,"boss_relics":[{"not_picked":["Velvet Choker","Calling Bell"],"picked":"Sozu"},{"not_picked":["VioletLotus","Black Star"],"picked":"HolyWater"}],"items_purged_floors":[20],"is_endless":false,"potions_floor_spawned":[2,6,13,16,18,19,28,29,33,36,44,45,47],"ascension_level":0}}