{"host":"pr6x8hyknev46vut","time":1608998476,"event":{"mods":["BaseMod","Colored Map","Downfall","Googly Eyes","Hermit","Highlight Path","Minty Spire (QoL Compilation)","Permanent Neow","Replay The Spire","Shop Mod","StSLib","The Bug Knight","The Construct","The Cursed","The Disciple","The Necromancer","The Runesmith","The Servant 0.9.4","[IsaacMod]????"],"gold_per_floor":[366,366,366,316,330,365,384,384,384,76,76,2,28,47,47,150,200,220,220,116,126,51,51,51],"floor_reached":23,"playtime":1682,"items_purged":[],"score":222,"play_id":"79eac697-e758-4afc-8977-dd6215d1ed39","local_time":"20201226170116","is_ascension_mode":false,"campfire_choices":[{"floor":8,"key":"REST"},{"data":"KidneyShot","floor":11,"key":"SMITH"}],"circlet_count":0,"master_deck":["Strike_S+1","Strike_S","Strike_S","Defend_S","Defend_S","Defend_S","KidneyShot+1","Exchange","Defy","Misdirection+1","Ricochet+1","Deny+1","SilverBlades","ShatteredReality","Contraction+1","DualDimension+1","GearUp+1","Dilation+1","Sunlight","expansioncontent:TimeRipple","SoulSculpture","DoubleEdge","Potential","DualDimension+1"],"relics":["Uniform","HushsDoor","PunchingBag","Toxic Egg 2","DeathBook","Bottled Tornado","BlankCard","Tiny House"],"acts_visited":["Exordium","TheCity"],"potions_floor_usage":[21],"damage_taken":[{"damage":7,"enemies":"Cultist","floor":1,"turns":5},{"damage":8,"enemies":"2 Louse","floor":5,"turns":5},{"damage":20,"enemies":"Replay:BlueRogue","floor":6,"turns":9},{"damage":0,"enemies":"Small Slimes","floor":7,"turns":3},{"damage":0,"enemies":"Lagavulin","floor":13,"turns":5},{"damage":7,"enemies":"Blue Slaver","floor":14,"turns":5},{"damage":23,"enemies":"The Guardian","floor":16,"turns":17},{"damage":2,"enemies":"Spheric Guardian","floor":18,"turns":7},{"damage":31,"enemies":"3 Byrds","floor":21,"turns":6},{"damage":32,"enemies":"Slavers","floor":23,"turns":3}],"seed_played":"4523700720765178279","potions_obtained":[{"floor":1,"key":"construct:ShiftPotion"},{"floor":16,"key":"SkillPotion"},{"floor":17,"key":"Death Potion"}],"is_trial":false,"path_per_floor":["M","?","?","?","M","E","M","R","T","$","R","$","E","M","R_BF","B",null,"M","?","$","M","?","E"],"character_chosen":"THE_SERVANT","items_purchased":["Bottled Tornado","ShatteredReality","Contraction+1","expansioncontent:TimeRipple","SoulSculpture","DoubleEdge","Potential"],"campfire_rested":1,"item_purchase_floors":[10,10,12,17,17,20,20],"current_hp_per_floor":[58,58,58,58,50,30,30,49,49,49,49,49,49,42,61,38,64,62,62,62,31,31,0,0],"gold":51,"neow_bonus":"TWO_FIFTY_GOLD","is_daily":false,"chose_seed":false,"campfire_upgraded":1,"win_rate":0.0,"timestamp":1608998476,"path_taken":["M","?","?","?","M","E","?","R","T","$","R","?","E","M","R_BF","BOSS","M","?","$","M","?","E"],"items_purchased_type":["Relic","Card","Card","Card","Card","Card","Card"],"build_version":"2020-12-22","purchased_purges":0,"victory":false,"max_hp_per_floor":[65,65,65,65,65,65,65,65,65,65,65,65,65,65,65,65,64,64,64,64,64,64,64,64],"card_choices":[{"not_picked":["Hightail","GearUp"],"picked":"Defy","floor":1},{"not_picked":["BottledTime","SpecialFormula"],"picked":"Ricochet","floor":5},{"not_picked":["ShatteredReality","Comet"],"picked":"Deny+1","floor":6},{"not_picked":["Bomb","TimeWarp"],"picked":"SilverBlades","floor":7},{"not_picked":["TimeWarp","Ricochet"],"picked":"DualDimension+1","floor":13},{"not_picked":["Contraction+1","Unruled"],"picked":"GearUp+1","floor":14},{"not_picked":["ForgedInTime+1","FloweringNight"],"picked":"Dilation+1","floor":16},{"not_picked":["Alleviate+1","Rewind+1"],"picked":"Sunlight","floor":17},{"not_picked":["Starlight","FastForward+1","Ricochet"],"picked":"SKIP","floor":18},{"not_picked":["MoonPhase","Dilation+1"],"picked":"DualDimension+1","floor":21}],"player_experience":16287,"relics_obtained":[{"floor":6,"key":"Toxic Egg 2"},{"floor":9,"key":"DeathBook"},{"floor":13,"key":"BlankCard"}],"event_choices":[{"damage_healed":0,"gold_gain":0,"player_choice":"Ignored","damage_taken":0,"max_hp_gain":0,"max_hp_loss":0,"event_name":"Liars Game","floor":2,"gold_loss":0},{"cards_removed":["Clumsy"],"damage_healed":0,"gold_gain":0,"player_choice":"Card Removal","damage_taken":0,"max_hp_gain":0,"max_hp_loss":0,"event_name":"The Cleric","floor":4,"gold_loss":50},{"cards_removed":["Strike_S"],"damage_healed":0,"gold_gain":0,"player_choice":"Gave Gold","damage_taken":0,"max_hp_gain":0,"max_hp_loss":0,"event_name":"Beggar","floor":22,"gold_loss":75}],"is_beta":false,"boss_relics":[{"not_picked":["ReplayTheSpireMod:DimensionalGlitch","Black Star"],"picked":"Tiny House"},{"not_picked":[]}],"items_purged_floors":[],"is_endless":false,"potions_floor_spawned":[1,16],"killed_by":"Slavers","ascension_level":0}}