{"host":"fdge35r6bp5kjb91","time":1608971587,"event":{"mods":["Act Like it!","BaseMod","Downfall","Gensokyo","Marisa£®ÏF”Í°°ƒß¿Ì…≥£©","Minty Spire (QoL Compilation)","Remilia£®¿Ÿ√◊¿Ú—«£©","StSLib","The Servant 0.9.4","Youmu£®ªÍ∆«—˝√Œ£©"],"gold_per_floor":[99,115,127,127,127,140,140,65,77,89,264,189,201,39,55,150,150,150,169,169,52,127,161,161,204,223,239,164,114,114,132,150,248,248,248,348,368,381,62,62,87,15,50,61,61,77,128,128,142,142,142,176,19,19,19,19,19],"floor_reached":55,"playtime":4715,"items_purged":["Slimebound:Defend_Slimebound","Regret"],"score":759,"play_id":"9321df68-d6e9-4c44-81d8-8c5fc280b6ce","local_time":"20201226163307","is_ascension_mode":false,"campfire_choices":[{"floor":1,"key":"RECALL"},{"data":"Slimebound:Split","floor":8,"key":"SMITH"},{"data":"Slimebound:LevelUp","floor":12,"key":"SMITH"},{"data":"Slimebound:SlimeBarrage","floor":18,"key":"SMITH"},{"data":"1","floor":28,"key":"LIFT"},{"data":"Slimebound:FirmFortitude","floor":30,"key":"SMITH"},{"data":"2","floor":35,"key":"LIFT"},{"data":"3","floor":40,"key":"LIFT"},{"data":"Slimebound:WasteNot","floor":45,"key":"SMITH"},{"data":"Adrenaline","floor":54,"key":"SMITH"}],"circlet_count":0,"master_deck":["Slimebound:Strike_Slimebound","Slimebound:Strike_Slimebound","Slimebound:Strike_Slimebound+1","Slimebound:Tackle","Slimebound:Defend_Slimebound+1","Slimebound:Defend_Slimebound","Slimebound:Split+1","Slimebound:CorrosiveSpit","Slimebound:SlimeSpikes+1","Slimebound:LevelUp+1","Slimebound:SplitBruiser","Slimebound:GoopSpray","Slimebound:LeadByExample","Doubt","Slimebound:LeechEnergy","Slimebound:SlimeBarrage+1","Gensokyo:DreamlikeParadise","Slimebound:HauntingLick+1","Slimebound:SplitMire","Slimebound:FirmFortitude+1","hexamod:Incineration","Slimebound:Prepare","expansioncontent:BronzeBeam","Enlightenment","Slimebound:FinishingTackle","Adrenaline+1","Trip+1","Misdirection","Adrenaline","Slimebound:WasteNot+1","Guardian:PiercingHide","Metallicize+1","Skim+1"],"relics":["Slimebound:AbsorbEndCombat","downfall:HeartBlessingRed","downfall:HeartBlessingBlue","PrismaticShard","Slimebound:TarBlob","Girya","Anchor","Slimebound:SelfDamagePreventRelic","downfall:HeartBlessingGreen","Black Star","DollysMirror","Lantern","Gambling Chip","AntiCross","CaptainsWheel","Dream Catcher","Pen Nib","Strawberry","Medical Kit"],"acts_visited":["Exordium","TheCity","TheBeyond","TheEnding"],"potions_floor_usage":[13,16,23,27,32,33,43,43,52,55,55],"damage_taken":[{"damage":7,"enemies":"Small Slimes","floor":2,"turns":6},{"damage":8,"enemies":"Jaw Worm","floor":3,"turns":4},{"damage":10,"enemies":"Cultist","floor":6,"turns":3},{"damage":26,"enemies":"Blue Slaver","floor":9,"turns":4},{"damage":23,"enemies":"Large Slime","floor":10,"turns":5},{"damage":6,"enemies":"Red Slaver","floor":13,"turns":2},{"damage":16,"enemies":"downfall:FleeingMerchant","floor":14,"turns":4},{"damage":12,"enemies":"3 Louse","floor":15,"turns":3},{"damage":41,"enemies":"downfall:Silent","floor":16,"turns":5},{"damage":25,"enemies":"Chosen","floor":19,"turns":3},{"damage":38,"enemies":"downfall:FleeingMerchant","floor":21,"turns":4},{"damage":55,"enemies":"Book of Stabbing","floor":23,"turns":5},{"damage":17,"enemies":"downfall:FleeingMerchant","floor":25,"turns":3},{"damage":25,"enemies":"Snake Plant","floor":26,"turns":2},{"damage":12,"enemies":"Centurion and Healer","floor":27,"turns":4},{"damage":18,"enemies":"3 Cultists","floor":31,"turns":4},{"damage":6,"enemies":"Snecko","floor":32,"turns":4},{"damage":19,"enemies":"downfall:Watcher","floor":33,"turns":6},{"damage":24,"enemies":"3 Shapes","floor":37,"turns":3},{"damage":20,"enemies":"3 Darklings","floor":38,"turns":4},{"damage":48,"enemies":"Nemesis","floor":43,"turns":5},{"damage":65,"enemies":"Transient","floor":44,"turns":5},{"damage":8,"enemies":"4 Shapes","floor":46,"turns":3},{"damage":18,"enemies":"2 Orb Walkers","floor":47,"turns":4},{"damage":30,"enemies":"Jaw Worm Horde","floor":49,"turns":3},{"damage":34,"enemies":"downfall:Defect","floor":50,"turns":5},{"damage":33,"enemies":"downfall:CharBossMerchant","floor":52,"turns":6},{"damage":147,"enemies":"downfall:NeowBoss","floor":55,"turns":16}],"seed_played":"-7686273391300471294","potions_obtained":[{"floor":3,"key":"Guardian:BlockOnCardUsePotion"},{"floor":5,"key":"FairyPotion"},{"floor":5,"key":"Fire Potion"},{"floor":6,"key":"SkillPotion"},{"floor":9,"key":"DistilledChaos"},{"floor":16,"key":"Block Potion"},{"floor":22,"key":"downfall:CursedFountainPotion"},{"floor":23,"key":"Ancient Potion"},{"floor":26,"key":"DistilledChaos"},{"floor":27,"key":"PowerPotion"},{"floor":32,"key":"Fruit Juice"},{"floor":37,"key":"AttackPotion"},{"floor":46,"key":"SpeedPotion"},{"floor":49,"key":"LiquidMemories"},{"floor":52,"key":"SkillPotion"}],"is_trial":false,"path_per_floor":["R","M","M","?","?","M","T","R","M","M","?","R","M","$","M","B",null,"R","M","?","$","?","E","T","$","M","M","R","?","R","M","M","B",null,"R","?","M","M","$","R","T","$","E","M","R","M","?","?","M","B",null,"E","$","R","B"],"character_chosen":"SLIMEBOUND","items_purchased":["PrismaticShard","Slimebound:SplitMire","Slimebound:FirmFortitude","Slimebound:SelfDamagePreventRelic","Slimebound:Prepare","DollysMirror","DistilledChaos","Slimebound:WasteNot","Medical Kit"],"campfire_rested":0,"item_purchase_floors":[14,21,21,25,25,39,39,42,53],"current_hp_per_floor":[66,65,66,66,66,62,62,62,50,45,45,55,53,55,47,26,76,76,67,67,57,57,28,28,27,26,42,42,71,71,64,81,80,81,81,81,81,81,81,81,81,81,53,44,44,54,52,52,66,81,81,81,81,81,0,0,0],"gold":19,"neow_bonus":"TEN_PERCENT_HP_BONUS","is_daily":false,"chose_seed":false,"campfire_upgraded":6,"win_rate":0.0,"timestamp":1608971587,"path_taken":["R","M","M","?","?","M","T","R","M","?","?","R","M","$","M","BOSS","R","M","?","$","?","E","T","$","M","?","R","?","R","M","M","BOSS","R","?","M","?","$","R","T","?","E","M","R","M","?","?","M","BOSS","E","$","R","BOSS"],"items_purchased_type":["Relic","Card","Card","Relic","Card","Relic","Potion","Card","Relic"],"build_version":"2020-12-22","purchased_purges":2,"victory":false,"max_hp_per_floor":[66,66,66,66,66,66,66,66,66,66,66,76,76,76,76,76,76,76,76,76,76,76,76,76,76,76,76,76,76,76,76,81,81,81,81,81,81,81,81,81,81,81,81,81,81,81,81,81,81,81,81,88,88,88,88,88,88],"card_choices":[{"not_picked":["Slimebound:FinishingTackle","Slimebound:GrowthPunch"],"picked":"Slimebound:SlimeSpikes","floor":2},{"not_picked":["Slimebound:RejuvenatingLick","Slimebound:FlameTackle"],"picked":"Slimebound:LevelUp","floor":3},{"not_picked":["Slimebound:LeechingTouch","Slimebound:Nibble"],"picked":"Slimebound:SplitBruiser","floor":6},{"not_picked":["Slimebound:RejuvenatingLick","Slimebound:GrowthPunch"],"picked":"Slimebound:GoopSpray","floor":9},{"not_picked":["Slimebound:FinishingTackle","Slimebound:BestDefense"],"picked":"Slimebound:LeadByExample","floor":10},{"not_picked":["Slimebound:DisruptingSlam","Slimebound:TongueLash"],"picked":"Slimebound:LeechEnergy","floor":13},{"not_picked":["Slimebound:WasteNot","Slimebound:Schlurp"],"picked":"Slimebound:SlimeBarrage","floor":14},{"not_picked":["Spin","Slimebound:HauntingLick","Glacier"],"picked":"SKIP","floor":15},{"not_picked":["champ:VampiricStrike","The Bomb"],"picked":"Gensokyo:DreamlikeParadise","floor":16},{"not_picked":["Guardian:Preprogram","SlashOfMeditation","sneckomod:IronFang"],"picked":"SKIP","floor":19},{"not_picked":["Protect","Hologram"],"picked":"Slimebound:HauntingLick+1","floor":21},{"not_picked":["champ:CrookedStrike","Dilation","DoubleSpark"],"picked":"SKIP","floor":23},{"not_picked":["Cold Snap","Guardian:Recover"],"picked":"hexamod:Incineration","floor":25},{"not_picked":["SignatureMove+1","FavorOfDestiny"],"picked":"expansioncontent:BronzeBeam","floor":26},{"not_picked":["Impatience","champ:BladeFlurry"],"picked":"Enlightenment","floor":27},{"not_picked":["sneckomod:UnknownX+1","sneckomod:SoulRoll","CherryBlossomFlashing"],"picked":"SKIP","floor":31},{"not_picked":["champ:AdrenalArmor","Slimebound:GrowthPunch"],"picked":"Slimebound:FinishingTackle","floor":32},{"not_picked":["WickedSoul","BloodyCatastrophe"],"picked":"Adrenaline","floor":33},{"not_picked":["sneckomod:UnknownClassSILVER","VampireSweep+1"],"picked":"Trip+1","floor":37},{"not_picked":["Cold Snap","Deadly Poison+1"],"picked":"Misdirection","floor":38},{"not_picked":["Perfected Strike+1","DoubleEdge+1","JustLucky"],"picked":"SKIP","floor":43},{"not_picked":["SporeBomb","Slimebound:SplitMire+1"],"picked":"Guardian:PiercingHide","floor":44},{"not_picked":["ClearTheMind","hexamod:BacktrackSmack"],"picked":"Metallicize+1","floor":46},{"not_picked":["champ:PerfectedStrike+1","Purity+1"],"picked":"Skim+1","floor":47},{"not_picked":["Noxious Fumes","ThirdEye","PanicButton+1"],"picked":"SKIP","floor":49},{"not_picked":["Wild Strike+1","RedNightlessCastle+1","sneckomod:UnknownClassYOUMU_COLOR+1"],"picked":"SKIP","floor":52}],"player_experience":62534,"relics_obtained":[{"floor":23,"key":"Girya"},{"floor":24,"key":"Anchor"},{"floor":41,"key":"Lantern"},{"floor":43,"key":"Gambling Chip"},{"floor":43,"key":"AntiCross"},{"floor":47,"key":"CaptainsWheel"},{"floor":48,"key":"Dream Catcher"},{"floor":52,"key":"Pen Nib"},{"floor":52,"key":"Strawberry"}],"event_choices":[{"damage_healed":0,"gold_gain":0,"player_choice":"Got Potions","damage_taken":0,"max_hp_gain":0,"max_hp_loss":0,"event_name":"Lab","floor":5,"gold_loss":0},{"cards_removed":["Slimebound:Defend_Slimebound"],"damage_healed":0,"gold_gain":0,"player_choice":"Elegance","damage_taken":0,"max_hp_gain":0,"max_hp_loss":0,"event_name":"Back to Basics","floor":20,"gold_loss":0},{"damage_healed":0,"gold_gain":0,"player_choice":"Fight","damage_taken":0,"max_hp_gain":0,"max_hp_loss":0,"event_name":"Mysterious Sphere","floor":47,"gold_loss":0}],"is_beta":false,"boss_relics":[{"not_picked":["Calling Bell","Busted Crown"],"picked":"Slimebound:TarBlob"},{"not_picked":["Philosopher\u0027s Stone","Snecko Eye"],"picked":"Black Star"}],"items_purged_floors":[25,39],"is_endless":false,"potions_floor_spawned":[3,6,9,16,23,26,27,32,37,46,49,52],"killed_by":"downfall:NeowBoss","ascension_level":0}}