{"host":"y3h3n3f7seyagppx","time":1608959729,"event":{"mods":["AlwaysNeverKeys","BaseMod","Better Vampires","Colored Powertips","DeckTracker","Emptier Cage","Minty Spire (QoL Compilation)","Permanent Neow","Quick Restart","Rare Cards Sparkle","Relic Sorter","Relic Stats","StSLib","Transform Curses"],"gold_per_floor":[215,215,215,61,81,81,108,122,148,148,173,12,38,69,69,69,69],"floor_reached":16,"playtime":913,"items_purged":["Regret"],"score":212,"play_id":"d7e7b256-3255-4275-9579-30ca2bb3c74d","local_time":"20201226001529","is_ascension_mode":true,"campfire_choices":[{"data":"Bash","floor":6,"key":"SMITH"},{"data":"Spot Weakness","floor":15,"key":"SMITH"}],"circlet_count":0,"master_deck":["AscendersBane","Strike_R","Strike_R","Strike_R","Strike_R+1","Strike_R","Defend_R","Defend_R","Defend_R","Defend_R+1","Bash+1","Spot Weakness+1","Twin Strike","Barricade"],"relics":["Burning Blood","Anchor","Odd Mushroom","Art of War","Pen Nib","OrangePellets","Tiny Chest","Toy Ornithopter"],"acts_visited":["Exordium"],"potions_floor_usage":[7,14,14],"damage_taken":[{"damage":11,"enemies":"Jaw Worm","floor":1,"turns":5},{"damage":4,"enemies":"Small Slimes","floor":5,"turns":4},{"damage":3,"enemies":"The Mushroom Lair","floor":7,"turns":4},{"damage":6,"enemies":"Cultist","floor":8,"turns":3},{"damage":28,"enemies":"Gremlin Nob","floor":11,"turns":4},{"damage":9,"enemies":"Lagavulin","floor":14,"turns":7},{"damage":27,"enemies":"Hexaghost","floor":16,"turns":7}],"seed_played":"5607344546920812960","potions_obtained":[{"floor":1,"key":"Fruit Juice"},{"floor":5,"key":"Dexterity Potion"},{"floor":7,"key":"Explosive Potion"}],"is_trial":false,"path_per_floor":["M","?","?","$","M","R","?","M","T","?","E","$","T","E","R","B"],"character_chosen":"IRONCLAD","items_purchased":["Spot Weakness","OrangePellets"],"campfire_rested":0,"item_purchase_floors":[4,12],"current_hp_per_floor":[63,63,40,40,42,42,50,50,50,50,28,28,28,25,25,0,0],"gold":69,"neow_bonus":"HUNDRED_GOLD","is_daily":false,"chose_seed":false,"campfire_upgraded":2,"win_rate":0.0,"timestamp":1608959729,"path_taken":["M","?","?","?","?","R","?","M","T","?","E","?","?","E","R","BOSS"],"items_purchased_type":["Card","Relic"],"build_version":"2020-12-22","purchased_purges":1,"victory":false,"max_hp_per_floor":[75,75,75,75,75,75,80,80,80,80,80,80,80,80,80,80,80],"relic_stats":{"OrangePellets":[0],"counters":[7,34],"Tiny Chest":0,"Pen Nib":[1],"Art of War":[4],"obtain_stats":[{"OrangePellets":12,"Anchor":2,"Tiny Chest":13,"Pen Nib":11,"Art of War":9,"Odd Mushroom":7,"Burning Blood":0,"Toy Ornithopter":14},{"OrangePellets":5,"Anchor":1,"Tiny Chest":5,"Pen Nib":5,"Art of War":4,"Odd Mushroom":3,"Burning Blood":0,"Toy Ornithopter":6},{"OrangePellets":20,"Anchor":5,"Tiny Chest":20,"Pen Nib":20,"Art of War":16,"Odd Mushroom":13,"Burning Blood":0,"Toy Ornithopter":27}],"Burning Blood":36,"Toy Ornithopter":0},"card_choices":[{"not_picked":["Entrench","Flex","Rupture"],"picked":"SKIP","floor":1},{"not_picked":["Power Through","Body Slam"],"picked":"Twin Strike","floor":5},{"not_picked":["Infernal Blade","Thunderclap","True Grit"],"picked":"SKIP","floor":8},{"not_picked":["Infernal Blade","Thunderclap","True Grit"],"picked":"SKIP","floor":8},{"not_picked":["Juggernaut","Dark Embrace"],"picked":"Barricade","floor":11},{"not_picked":["Hemokinesis","Intimidate","Sword Boomerang"],"picked":"SKIP","floor":14},{"not_picked":["Hemokinesis","Intimidate","Sword Boomerang"],"picked":"SKIP","floor":14}],"player_experience":20138346,"relics_obtained":[{"floor":7,"key":"Odd Mushroom"},{"floor":9,"key":"Art of War"},{"floor":11,"key":"Pen Nib"},{"floor":13,"key":"Tiny Chest"},{"floor":14,"key":"Toy Ornithopter"}],"event_choices":[{"damage_healed":0,"gold_gain":0,"player_choice":"Box","damage_taken":0,"relics_obtained":["Anchor"],"max_hp_gain":0,"max_hp_loss":0,"event_name":"Big Fish","floor":2,"gold_loss":0,"cards_obtained":["Regret"]},{"damage_healed":0,"gold_gain":0,"player_choice":"Entered Light","damage_taken":23,"max_hp_gain":0,"max_hp_loss":0,"event_name":"Shining Light","floor":3,"gold_loss":0,"cards_upgraded":["Defend_R","Strike_R"]},{"damage_healed":0,"gold_gain":0,"player_choice":"Fought Mushrooms","damage_taken":0,"max_hp_gain":0,"max_hp_loss":0,"event_name":"Mushrooms","floor":7,"gold_loss":0},{"damage_healed":0,"gold_gain":0,"player_choice":"Ignored","damage_taken":0,"max_hp_gain":0,"max_hp_loss":0,"event_name":"Liars Game","floor":10,"gold_loss":0}],"is_beta":false,"boss_relics":[],"items_purged_floors":[4],"is_endless":false,"potions_floor_spawned":[1,5,7],"killed_by":"Hexaghost","ascension_level":20}}