{"host":"6d7y2d7a0xmat6il","time":1608958738,"event":{"mods":["AchievementEnabler","Aspiration","BaseMod","Better Note","Colored Map","Colored Powertips","Conspire","Highlight Path","Hubris","Infinite Spire","Marisa????????","Minty Spire (QoL Compilation)","Permanent Neow","Replay The Spire","Shop Mod","StSLib","The Wild Card","vexMod"],"gold_per_floor":[119,119,119,131,31,164,164,174,174,194,230,230,33,48,48,145,145,157,157,167,167,167,245,308,308,308,363,398,398,398],"floor_reached":29,"playtime":1650,"items_purged":[],"score":245,"play_id":"0f6226ef-af41-47b1-859a-1ea53b27594b","local_time":"20201225205858","is_ascension_mode":false,"campfire_choices":[{"data":"Ghostly","floor":7,"key":"SMITH"},{"floor":12,"key":"REST"},{"floor":15,"key":"REST"},{"floor":25,"key":"REST"}],"circlet_count":0,"master_deck":["Strike_P","Strike_P","Defend_P","Defend_P","Defend_P","Defend_P+1","Eruption","Vigilance","CutThroughFate","CarveReality","Ghostly+1","FollowUp+1","FlurryOfBlows","Devotion","hubris:NaturalOne","FlurryOfBlows","Replay:ManipulateFuture","EmptyBody","Devotion","FearNoEvil","EarthLightRay+1","Nirvana","Shame","BattleHymn","EmptyFist","Replay:Cycle+1","Perseverance","LikeWater"],"relics":["PureWater","aspiration:Nostalgia","MiniHakkero","hubris:Icosahedron","Happy Flower","Blue Candle","Art of War","Gremlin Food","hubris:Backtick","Strange Spoon","Ring of Fury","ReplayTheSpireMod:Ring of Challenge","hubris:Potato","Orichalcum","aspiration:ChemicalBlood"],"acts_visited":["Exordium","TheCity"],"potions_floor_usage":[6,10,11,20,20,24,27,28],"damage_taken":[{"damage":0,"enemies":"2 Louse","floor":1,"turns":4},{"damage":0,"enemies":"conspire:RoseBush","floor":4,"turns":5},{"damage":14,"enemies":"3 Sentries","floor":6,"turns":7},{"damage":0,"enemies":"Small Slimes","floor":8,"turns":3},{"damage":0,"enemies":"3 Louse","floor":10,"turns":2},{"damage":46,"enemies":"conspire:MimicChest","floor":11,"turns":6},{"damage":11,"enemies":"Large Slime","floor":14,"turns":4},{"damage":32,"enemies":"Slime Boss","floor":16,"turns":7},{"damage":1,"enemies":"Chosen","floor":18,"turns":5},{"damage":6,"enemies":"2 Thieves","floor":20,"turns":3},{"damage":53,"enemies":"Nightmare","floor":23,"turns":5},{"damage":13,"enemies":"Centurion and Healer","floor":24,"turns":4},{"damage":16,"enemies":"Snecko","floor":27,"turns":6},{"damage":10,"enemies":"Snake Plant","floor":28,"turns":6},{"damage":27,"enemies":"Cultist and Chosen","floor":29,"turns":6}],"seed_played":"6045652659245168492","potions_obtained":[{"floor":1,"key":"Block Potion"},{"floor":6,"key":"Fire Potion"},{"floor":8,"key":"ColorlessPotion"},{"floor":14,"key":"Reflective Coating"},{"floor":16,"key":"Strength Potion"},{"floor":18,"key":"Dexterity Potion"},{"floor":24,"key":"Elixir"},{"floor":27,"key":"Block Potion"}],"is_trial":false,"path_per_floor":["M","?","?","M","?","E","R","M","T","M","?","R","$","M","R","B",null,"M","?","M","?","?","NM","M","R","T","M","M","M"],"character_chosen":"WATCHER","items_purchased":["Gremlin Food","Replay:ManipulateFuture"],"campfire_rested":3,"item_purchase_floors":[13,13],"current_hp_per_floor":[72,65,65,65,65,51,51,51,51,51,5,26,26,15,36,4,72,71,71,65,65,65,18,11,32,32,22,18,0,0],"gold":398,"neow_bonus":"NOSTALGIA","is_daily":false,"chose_seed":false,"campfire_upgraded":1,"win_rate":0.0,"timestamp":1608958738,"path_taken":["M","?","?","M","?","E","R","M","T","M","?","R","$","M","R","BOSS","M","?","M","?","?","NM","M","R","T","M","?","M"],"items_purchased_type":["Relic","Card"],"build_version":"2020-12-22","purchased_purges":0,"victory":false,"max_hp_per_floor":[72,72,72,72,72,72,72,72,72,72,72,72,72,72,72,72,72,72,72,72,72,72,72,72,72,72,72,72,72,72],"card_choices":[{"not_picked":["JustLucky","WreathOfFlame"],"picked":"CutThroughFate","floor":1},{"not_picked":["Study","PathToVictory"],"picked":"CarveReality","floor":4},{"not_picked":["CarveReality","Perseverance"],"picked":"FollowUp","floor":6},{"not_picked":["WreathOfFlame","Replay:BluntJabs"],"picked":"FlurryOfBlows","floor":8},{"not_picked":["PathToVictory","Prostrate"],"picked":"Devotion","floor":10},{"not_picked":["WreathOfFlame","WheelKick"],"picked":"FlurryOfBlows","floor":11},{"not_picked":["FlyingSleeves","Replay:ManipulateFuture"],"picked":"EmptyBody","floor":14},{"not_picked":["Blasphemy","Ragnarok"],"picked":"Devotion","floor":16},{"not_picked":["CrushJoints","Replay:Cycle"],"picked":"FearNoEvil","floor":18},{"not_picked":["BattleHymn","ClearTheMind+1"],"picked":"Nirvana","floor":20},{"not_picked":["Indignation","SignatureMove"],"picked":"EmptyFist","floor":23},{"not_picked":["Crescendo","CrushJoints"],"picked":"Replay:Cycle+1","floor":24},{"not_picked":["Protect+1","Conclude"],"picked":"Perseverance","floor":27},{"not_picked":["CutThroughFate","ClearTheMind"],"picked":"LikeWater","floor":28}],"player_experience":148931,"relics_obtained":[{"floor":6,"key":"Happy Flower"},{"floor":9,"key":"Blue Candle"},{"floor":11,"key":"Art of War"},{"floor":21,"key":"Ring of Fury"},{"floor":21,"key":"ReplayTheSpireMod:Ring of Challenge"},{"floor":23,"key":"hubris:Potato"},{"floor":26,"key":"Orichalcum"},{"floor":28,"key":"aspiration:ChemicalBlood"}],"event_choices":[{"cards_removed":["Strike_P"],"damage_healed":0,"gold_gain":0,"player_choice":"Card Removal","damage_taken":7,"max_hp_gain":0,"max_hp_loss":0,"event_name":"Golden Wing","floor":2,"gold_loss":0},{"damage_healed":0,"gold_gain":0,"player_choice":"Argue","damage_taken":0,"max_hp_gain":0,"max_hp_loss":0,"event_name":"conspire:LoneGhost","floor":5,"gold_loss":0},{"cards_removed":["Ghostly"],"damage_healed":0,"gold_gain":0,"player_choice":"Take \u0026 Give","damage_taken":0,"max_hp_gain":0,"max_hp_loss":0,"event_name":"betterNote:BetterNote","floor":19,"gold_loss":0,"cards_obtained":["EarthLightRay"]},{"damage_healed":0,"gold_gain":0,"cards_transformed":["Strike_P"],"player_choice":"Transformed","damage_taken":0,"max_hp_gain":0,"max_hp_loss":0,"event_name":"Transmorgrifier","floor":22,"gold_loss":0,"cards_obtained":["BattleHymn"]}],"is_beta":false,"boss_relics":[{"not_picked":["HolyWater","Runic Dome"],"picked":"hubris:Backtick"}],"items_purged_floors":[],"is_endless":true,"potions_floor_spawned":[1,6,8,14,16,18,24,27],"killed_by":"Cultist and Chosen","ascension_level":0}}