{"host":"qhhcmep1unj6mpf7","time":1608950160,"event":{"mods":["2.2 Compatiblity","AchievementEnabler","BaseMod","Colored Map","DeckTracker","Highlight Path","Keyboard Shortcuts","Minty Spire (QoL Compilation)","Permanent Neow","Quick Restart","Random Character Button","StSLib","SuperFastMode","everything is the same but u backflip on backflip"],"gold_per_floor":[109,127,127,42,42,42,75,75,75,95,95,95,118,118,118,118,118],"floor_reached":16,"playtime":993,"items_purged":[],"score":142,"play_id":"3e18fc32-6a08-49f7-87e1-c75c747e6fb9","local_time":"20201226113600","is_ascension_mode":true,"campfire_choices":[{"data":"Zap","floor":6.0,"key":"SMITH"},{"data":"Hologram","floor":8.0,"key":"SMITH"},{"data":"Coolheaded","floor":12.0,"key":"SMITH"},{"data":"Undo","floor":15,"key":"SMITH"}],"circlet_count":0,"master_deck":["Strike_B","Strike_B+1","Strike_B","Defend_B","Defend_B","Defend_B+1","Defend_B","Zap+1","Dualcast","Heatsinks","Undo+1","Coolheaded+1","Hologram+1","Glacier"],"relics":["Cracked Core","Sundial","Molten Egg 2","Golden Idol"],"acts_visited":["Exordium"],"potions_floor_usage":[],"damage_taken":[{"damage":1.0,"enemies":"2 Louse","floor":1.0,"turns":3.0},{"damage":6.0,"enemies":"Jaw Worm","floor":2.0,"turns":4.0},{"damage":15.0,"enemies":"3 Sentries","floor":7.0,"turns":9.0},{"damage":5.0,"enemies":"Small Slimes","floor":10.0,"turns":5.0},{"damage":0.0,"enemies":"2 Fungi Beasts","floor":13.0,"turns":4.0},{"damage":41,"enemies":"Slime Boss","floor":16,"turns":13}],"seed_played":"3263700393016871722","potions_obtained":[{"floor":2.0,"key":"Explosive Potion"},{"floor":7.0,"key":"DuplicationPotion"}],"is_trial":false,"path_per_floor":["M","M","?","$","?","R","E","R","T","M","?","R","M","?","R","B"],"character_chosen":"DEFECT","items_purchased":["Undo","Coolheaded"],"campfire_rested":0,"item_purchase_floors":[4,4],"current_hp_per_floor":[67,61,46,46,46,46,31,31,31,26,26,26,26,31,31,0,0],"gold":118,"neow_bonus":"THREE_CARDS","is_daily":false,"chose_seed":false,"campfire_upgraded":4,"win_rate":0.0,"timestamp":1608950160,"path_taken":["M","M","?","$","?","R","E","R","T","M","?","R","?","?","R","BOSS"],"items_purchased_type":["Card","Card"],"build_version":"2020-12-22","purchased_purges":0,"victory":false,"max_hp_per_floor":[75,75,75,75,75,75,75,75,75,75,69,69,69,74,74,74,74],"card_choices":[{"not_picked":["Cold Snap","Go for the Eyes"],"picked":"Heatsinks","floor":0.0},{"not_picked":["Rebound","Conserve Battery","Hologram"],"picked":"SKIP","floor":1.0},{"not_picked":["Steam","Static Discharge","Barrage"],"picked":"SKIP","floor":2.0},{"not_picked":["Leap","Cold Snap"],"picked":"Hologram","floor":7.0},{"not_picked":["Beam Cell+1","Compile Driver+1","Conserve Battery"],"picked":"SKIP","floor":10.0},{"not_picked":["Coolheaded","Streamline+1"],"picked":"Glacier","floor":13.0}],"player_experience":305220,"relics_obtained":[{"floor":7.0,"key":"Sundial"},{"floor":9.0,"key":"Molten Egg 2"}],"event_choices":[{"damage_healed":0.0,"max_hp_gain":0.0,"max_hp_loss":0.0,"gold_gain":0.0,"event_name":"Shining Light","player_choice":"Entered Light","floor":3.0,"gold_loss":0.0,"damage_taken":15.0,"cards_upgraded":["Strike_B","Defend_B"]},{"cards_removed":["Strike_B"],"damage_healed":0.0,"max_hp_gain":0.0,"max_hp_loss":0.0,"gold_gain":0.0,"event_name":"Living Wall","player_choice":"Forget","floor":5.0,"gold_loss":0.0,"damage_taken":0.0},{"damage_healed":0.0,"max_hp_gain":0.0,"max_hp_loss":6.0,"gold_gain":0.0,"event_name":"Golden Idol","player_choice":"Lose Max HP","floor":11.0,"gold_loss":0.0,"damage_taken":0.0,"relics_obtained":["Golden Idol"]},{"damage_healed":0,"gold_gain":0,"player_choice":"Donut","damage_taken":0,"max_hp_gain":5,"max_hp_loss":0,"event_name":"Big Fish","floor":14,"gold_loss":0}],"is_beta":false,"boss_relics":[],"items_purged_floors":[],"is_endless":false,"potions_floor_spawned":[2,7],"killed_by":"Slime Boss","ascension_level":9}}