{"host":"4edbuligkc8x13l4","time":1608992035,"event":{"mods":["BaseMod","Minty Spire (QoL Compilation)","StSLib","SuperFastMode"],"gold_per_floor":[118,118,168,179,47,47,382,382,382,409,116,132,132,148,148,224,224,234,234,245,245,170,203,203,203,203,217,233,147,147,180,180,254,254,268,268,268],"floor_reached":38,"playtime":1239,"items_purged":["Bash","Strike_R"],"score":1353,"play_id":"2752b9f9-d015-456f-84a2-c1c5476afa25","local_time":"20201226221355","is_ascension_mode":true,"campfire_choices":[{"data":"Thunderclap","floor":6.0,"key":"SMITH"},{"data":"Rupture","floor":8.0,"key":"SMITH"},{"data":"Armaments","floor":15.0,"key":"SMITH"},{"data":"Exhume","floor":24.0,"key":"SMITH"},{"data":"Double Tap","floor":32.0,"key":"SMITH"}],"circlet_count":0,"master_deck":["AscendersBane","Cleave","Rupture+1","Thunderclap+1","Offering","Armaments+1","Bloodletting","Brutality","Fire Breathing","Rupture","Impervious","Iron Wave","Clash","Body Slam","Rage","Fire Breathing","Rupture","Exhume+1","Entrench","Ghostly","Ghostly","Ghostly","Double Tap+1","Barricade","Entrench"],"relics":["Burning Blood","NeowsBlessing","Mummified Hand","Old Coin","Lizard Tail","Magic Flower","Strange Spoon","TungstenRod","Pandora\u0027s Box","PreservedInsect","Gremlin Horn","Centennial Puzzle"],"acts_visited":["Exordium","TheCity","TheBeyond"],"potions_floor_usage":[37],"damage_taken":[{"damage":0.0,"enemies":"Cultist","floor":1.0,"turns":1.0},{"damage":0.0,"enemies":"Small Slimes","floor":4.0,"turns":1.0},{"damage":0.0,"enemies":"Lagavulin","floor":7.0,"turns":1.0},{"damage":10.0,"enemies":"Gremlin Nob","floor":10.0,"turns":3.0},{"damage":6.0,"enemies":"Jaw Worm","floor":12.0,"turns":3.0},{"damage":14.0,"enemies":"Exordium Thugs","floor":14.0,"turns":5.0},{"damage":20.0,"enemies":"Slime Boss","floor":16.0,"turns":6.0},{"damage":7.0,"enemies":"3 Byrds","floor":18.0,"turns":3.0},{"damage":21.0,"enemies":"2 Thieves","floor":20.0,"turns":4.0},{"damage":20.0,"enemies":"Book of Stabbing","floor":23.0,"turns":4.0},{"damage":22.0,"enemies":"Centurion and Healer","floor":27.0,"turns":5.0},{"damage":35.0,"enemies":"Snecko","floor":28.0,"turns":5.0},{"damage":0.0,"enemies":"Slavers","floor":31.0,"turns":4.0},{"damage":10.0,"enemies":"Automaton","floor":33.0,"turns":4.0},{"damage":30.0,"enemies":"3 Shapes","floor":35.0,"turns":5.0},{"damage":20,"enemies":"Time Eater","floor":37,"turns":7}],"seed_played":"482840181670632133","potions_obtained":[{"floor":1.0,"key":"ElixirPotion"},{"floor":7.0,"key":"Energy Potion"},{"floor":20.0,"key":"Fire Potion"},{"floor":27.0,"key":"Ancient Potion"},{"floor":28.0,"key":"Regen Potion"},{"floor":35.0,"key":"AttackPotion"}],"is_trial":false,"path_per_floor":["M","T","?","M","$","R","E","R","T","E","$","M","?","M","R","B",null,"M","?","M","$","?","E","R","?","T","M","M","$","?","E","R","B",null,"M","?","B",null],"character_chosen":"IRONCLAD","items_purchased":["Thunderclap","Strange Spoon","Armaments","Entrench"],"campfire_rested":0,"item_purchase_floors":[5,11,11,29],"current_hp_per_floor":[74,74,74,75,75,75,75,75,75,71,71,74,74,69,69,58,71,73,73,61,61,61,50,50,50,50,37,11,11,11,20,20,33,36,15,15,31],"gold":268,"neow_bonus":"THREE_ENEMY_KILL","is_daily":false,"chose_seed":false,"campfire_upgraded":5,"win_rate":0.0,"timestamp":1608992035,"path_taken":["M","?","?","?","$","R","E","R","T","E","$","M","?","M","R","BOSS","M","?","M","$","?","E","R","?","T","M","?","$","?","E","R","BOSS","M","?","BOSS"],"items_purchased_type":["Card","Relic","Card","Card"],"build_version":"2020-12-22","purchased_purges":2,"victory":true,"max_hp_per_floor":[75,75,75,75,75,75,75,75,75,75,75,75,75,75,75,75,75,75,75,75,75,75,75,75,75,75,75,75,75,37,37,37,37,37,37,37,37],"card_choices":[{"not_picked":["Entrench","Heavy Blade"],"picked":"Cleave","floor":1.0},{"not_picked":["Combust","Havoc"],"picked":"Rupture","floor":4.0},{"not_picked":["Warcry","Clothesline"],"picked":"Combust","floor":7.0},{"not_picked":["True Grit","Shockwave"],"picked":"Offering","floor":10.0},{"not_picked":["Armaments","Clothesline","Fire Breathing"],"picked":"SKIP","floor":12.0},{"not_picked":["Anger","Headbutt"],"picked":"Bloodletting","floor":14.0},{"not_picked":["Feed","Barricade"],"picked":"Brutality","floor":16.0},{"not_picked":["Clash","Shrug It Off"],"picked":"Fire Breathing","floor":18.0},{"not_picked":["Intimidate","Havoc+1"],"picked":"Rupture","floor":20.0},{"not_picked":["Bloodletting","Anger"],"picked":"Exhume","floor":23.0},{"not_picked":["Heavy Blade","Anger+1","Pommel Strike"],"picked":"SKIP","floor":27.0},{"not_picked":["Perfected Strike","Rampage","Clash+1"],"picked":"SKIP","floor":28.0},{"not_picked":["Thunderclap","Havoc"],"picked":"Double Tap","floor":31.0},{"not_picked":["Limit Break","Brutality"],"picked":"Barricade","floor":33.0},{"not_picked":["Second Wind","Wild Strike"],"picked":"Entrench","floor":35.0}],"player_experience":924226,"relics_obtained":[{"floor":2.0,"key":"Mummified Hand"},{"floor":7.0,"key":"Old Coin"},{"floor":9.0,"key":"Lizard Tail"},{"floor":10.0,"key":"Magic Flower"},{"floor":23.0,"key":"PreservedInsect"},{"floor":26.0,"key":"Gremlin Horn"},{"floor":31.0,"key":"Centennial Puzzle"}],"event_choices":[{"damage_healed":0.0,"max_hp_gain":0.0,"max_hp_loss":0.0,"gold_gain":50.0,"event_name":"Golden Shrine","player_choice":"Pray","floor":3.0,"gold_loss":0.0,"damage_taken":0.0},{"damage_healed":0.0,"max_hp_gain":0.0,"max_hp_loss":0.0,"gold_gain":0.0,"event_name":"WeMeetAgain","player_choice":"Gave Potion","floor":13.0,"gold_loss":0.0,"damage_taken":0.0,"relics_obtained":["TungstenRod"]},{"damage_healed":0.0,"max_hp_gain":0.0,"max_hp_loss":0.0,"gold_gain":0.0,"event_name":"The Mausoleum","player_choice":"Ignored","floor":19.0,"gold_loss":0.0,"damage_taken":0.0},{"cards_removed":["Havoc"],"damage_healed":0.0,"max_hp_gain":0.0,"max_hp_loss":0.0,"gold_gain":0.0,"event_name":"Beggar","player_choice":"Gave Gold","floor":22.0,"gold_loss":75.0,"damage_taken":0.0},{"cards_removed":["Combust"],"damage_healed":0.0,"max_hp_gain":0.0,"max_hp_loss":0.0,"gold_gain":0.0,"event_name":"Back to Basics","player_choice":"Elegance","floor":25.0,"gold_loss":0.0,"damage_taken":0.0},{"damage_healed":0.0,"max_hp_gain":0.0,"max_hp_loss":38.0,"gold_gain":0.0,"event_name":"Ghosts","player_choice":"Became a Ghost","floor":30.0,"gold_loss":0.0,"damage_taken":0.0,"cards_obtained":["Ghostly","Ghostly","Ghostly"]},{"damage_healed":0.0,"max_hp_gain":0.0,"max_hp_loss":0.0,"gold_gain":0.0,"event_name":"SecretPortal","player_choice":"Took Portal","floor":36.0,"gold_loss":0.0,"damage_taken":0.0}],"is_beta":false,"boss_relics":[{"not_picked":["Coffee Dripper","Tiny House"],"picked":"Pandora\u0027s Box"},{"not_picked":["Astrolabe","Runic Pyramid","Mark of Pain"]}],"items_purged_floors":[5,11],"is_endless":false,"potions_floor_spawned":[1,7,20,27,28,35],"ascension_level":19}}