{"host":"ymw71f7rc9ndansy","time":1608993352,"event":{"mods":["ATMod(°¢èªMod)","Act Like it!","Aspiration","BaseMod","DeckTracker","Hubris","Library of Ruina","Library of Ruina Extra","Minty Spire (QoL Compilation)","MostiFishMod","Remove Card Discount Mod","Replay The Spire","StSLib","TestMod","¡¾ÒÅÎï¿¨ÅÆ¡¿REMEMod"],"gold_per_floor":[112,127,145,145,163,191,191,204,204,204,229,246,279,295,295,373,373,389,400,414,429,449,482,482,516,516,516,526,365,365,397,397,474,474,488,504,504,504,514,547,562,595,595,595,608,624,624,668,668,718,843,843,843,843,843,925,950],"floor_reached":58,"playtime":1019,"items_purged":[],"score":3735,"play_id":"cc0d3c21-d58d-44f9-9cd6-f683bb84a2da","local_time":"20201226223552","is_ascension_mode":true,"campfire_choices":[{"data":"DevaForm","floor":7,"key":"SMITH"},{"data":"DegradedShockwave","floor":10,"key":"SMITH"},{"data":"DegradedLock","floor":15,"key":"SMITH"},{"data":"DegradedFairy","floor":24,"key":"SMITH"},{"data":"AT_FamilyPortrait","floor":30,"key":"SMITH"},{"floor":32,"key":"RECALL"},{"floor":44,"key":"REST"},{"floor":49,"key":"REST"},{"floor":54,"key":"REST"}],"circlet_count":0,"master_deck":["AscendersBane","DegradedFairy+1","DegradedFairy+1","DegradedFairy+1","DegradedChain+1","DegradedChain+1","DegradedLock+1","DegradedPillar+1","DegradedPillar+1","DegradedShockwave+1","AT_FamilyPortrait+1","DevaForm+1","Unlock1+1","FrontalAssault+1","FrontalAssault+1","testmod-CardIndex+1","FrontalAssault+1"],"relics":["PageOfLibrarian","testmod-TestBox","DaveBox","REME_ComplimentaryCards","AT_ATBox","Civilization","testmod-Justice","SynthV:TestCard","Letter Opener","AT_Kusabimaru","Gremlin Food","AT_ImmortalShieldbow","testmod-BloodSacrificeSpiritualization","Garlic","Frozen Egg 2","testmod-ArcanaOfDestiny","Replay:Baseball","Toxic Egg 2","DiscerningMonocle","hubris:EmptyBottle","Torii","Golden Egg","REME_HourglassOfDeath","AT_MibuBalloonWealth","ReplayTheSpireMod:ShopPack","Replay:Bottled Eggs","SentryEyes","testmod-Hope","MetatronsCube","Ornamental Fan"],"acts_visited":["Exordium","TheCity","TheBeyond","TheEnding"],"potions_floor_usage":[57,57,57],"damage_taken":[{"damage":0,"enemies":"2 Louse","floor":1,"turns":1},{"damage":0,"enemies":"Cultist","floor":2,"turns":1},{"damage":0,"enemies":"Jaw Worm","floor":3,"turns":1},{"damage":0,"enemies":"Red Slaver","floor":5,"turns":1},{"damage":0,"enemies":"Lagavulin","floor":6,"turns":2},{"damage":0,"enemies":"Large Slime","floor":8,"turns":2},{"damage":0,"enemies":"3 Sentries","floor":11,"turns":1},{"damage":0,"enemies":"3 Louse","floor":12,"turns":1},{"damage":0,"enemies":"Replay:BlueRogue","floor":13,"turns":1},{"damage":0,"enemies":"2 Fungi Beasts","floor":14,"turns":1},{"damage":0,"enemies":"Fading Forest","floor":16,"turns":5},{"damage":18,"enemies":"Spheric Guardian","floor":18,"turns":1},{"damage":20,"enemies":"3 Byrds","floor":19,"turns":1},{"damage":23,"enemies":"Centurion and Healer","floor":20,"turns":1},{"damage":25,"enemies":"3 Cultists","floor":21,"turns":1},{"damage":28,"enemies":"Cultist and Chosen","floor":22,"turns":1},{"damage":31,"enemies":"Gremlin Leader","floor":23,"turns":2},{"damage":34,"enemies":"Slavers","floor":25,"turns":1},{"damage":38,"enemies":"Snake Plant","floor":28,"turns":1},{"damage":8,"enemies":"Book of Stabbing","floor":31,"turns":2},{"damage":21,"enemies":"RedHoodMercenary","floor":33,"turns":3},{"damage":49,"enemies":"Orb Walker","floor":35,"turns":1},{"damage":54,"enemies":"3 Darklings","floor":36,"turns":1},{"damage":59,"enemies":"Writhing Mass","floor":39,"turns":1},{"damage":0,"enemies":"R_Hoarder","floor":40,"turns":2},{"damage":68,"enemies":"Transient","floor":41,"turns":3},{"damage":73,"enemies":"Reptomancer","floor":42,"turns":1},{"damage":9,"enemies":"4 Shapes","floor":45,"turns":2},{"damage":0,"enemies":"Spire Growth","floor":46,"turns":2},{"damage":90,"enemies":"Maw","floor":48,"turns":2},{"damage":96,"enemies":"Donu and Deca","floor":50,"turns":2},{"damage":0,"enemies":"Awakened One","floor":51,"turns":3},{"damage":109,"enemies":"Awakened One","floor":52,"turns":1},{"damage":115,"enemies":"Shield and Spear","floor":56,"turns":1},{"damage":144,"enemies":"The Heart","floor":57,"turns":3}],"seed_played":"1404061435602555404","potions_obtained":[{"floor":0,"key":"Adrenaline Potion"},{"floor":0,"key":"Toxic Potion"},{"floor":14,"key":"EntropicBrew"}],"is_trial":false,"path_per_floor":["M","M","M","?","M","E","R","M","T","R","E","M","E","M","R","B",null,"M","M","M","M","M","E","R","E","T","?","M","$","R","E","R","B",null,"M","M","?","$","M","E","M","E","T","R","M","M","$","M","R","B","B",null,null,"R","$","E","B",null],"character_chosen":"Librarian","items_purchased":["Replay:Baseball","hubris:EmptyBottle","FrontalAssault+1","Torii","AT_MibuBalloonWealth","ReplayTheSpireMod:ShopPack","Replay:Bottled Eggs","SentryEyes","testmod-Hope","MetatronsCube"],"campfire_rested":3,"item_purchase_floors":[29,38,38,38,47,47,47,55,55,55],"current_hp_per_floor":[56,59,63,63,68,74,74,81,81,81,91,104,118,134,134,161,182,184,187,189,192,194,196,196,198,198,198,197,197,197,227,227,246,436,428,421,424,424,413,462,444,424,424,661,709,767,767,736,964,929,995,952,1106,1157,1157,1110,1035],"gold":950,"neow_bonus":"THREE_SMALL_POTIONS","is_daily":false,"chose_seed":false,"campfire_upgraded":5,"win_rate":0.0,"timestamp":1608993352,"path_taken":["M","M","M","?","M","E","R","M","T","R","E","M","E","M","R","BOSS","M","M","M","M","M","E","R","E","T","?","M","$","R","E","R","BOSS","M","M","?","$","M","E","M","E","T","R","M","M","$","M","R","BOSS","BOSS","R","$","E","BOSS"],"items_purchased_type":["Relic","Relic","Card","Relic","Relic","Relic","Relic","Relic","Relic","Relic"],"build_version":"2020-12-22","purchased_purges":0,"victory":true,"max_hp_per_floor":[92,95,99,99,104,110,110,117,117,117,127,140,154,170,170,189,189,209,232,257,285,315,348,348,384,384,384,421,421,421,459,459,499,499,540,587,590,590,638,687,737,790,790,790,847,905,905,964,964,1025,1091,1157,1157,1157,1157,1225,1294],"card_choices":[{"not_picked":["FleetEdge","SharpSwipe","ExtremeEdge","WrathOfTorment","UnavoidableGaze","SturdyDefense","FendThisOffIfYouCan","GaleKick"],"picked":"Unlock1","floor":1},{"not_picked":["SinglePointStab","WildCard","Overcharge","Faith","ViolentFlame","DriedUp","ShockingBlow","Mutilate","AsThePrescriptOrders","YourShield","Unlock1"],"picked":"SKIP","floor":2},{"not_picked":["SetFire","BackAttack","GatherIntel","EnergyCycle","CombatPreparation","Cruelty","TendonChords","Ripple","DirtyBlow","SharpSwipe","NightInTheBackstreets"],"picked":"SKIP","floor":3},{"not_picked":["Eliminate","SunsetBlade","EnergyCycle","SparkingSpear","ViolentFlame","ClassAndRespect","FaintMemories","AsThePrescriptOrders","BackAttack","ButterflySlash","Leap_lor"],"picked":"SKIP","floor":5},{"not_picked":["Slice_lor","LawAndOrder","TasteMyFlamingBat","ViolentFlame","Gamble","ToWhereThePrescriptPoints","ElectricShock","FlashOfSunup","EnergyConversion","NightInTheBackstreets","TraceOfFumes"],"picked":"SKIP","floor":6},{"not_picked":["SilentMist","CookingPrep","AsThePrescriptOrders","FierceCharge","Diversion","HiddenBlade","FlashOfSunup","SuppressingShot","YoureAHindrance","WildCard","Castigation"],"picked":"SKIP","floor":8},{"not_picked":["GuardingStance","ViolentFlame","FierceCharge","InnerArdor","Eradication","DefenseOrder","SuppressingShot","FeatherShield","Outburst","Quickness","Zzzzzap"],"picked":"SKIP","floor":11},{"not_picked":["QuickAttack","Leap_lor","FrontalAssault","FierceCharge","StructuralAnalysis","DirtyBlow","PreemptiveStrike","SunsetBlade","BackstreetsDash","FendThisOffIfYouCan","Creak"],"picked":"SKIP","floor":12},{"not_picked":["Guardian_lor","FleshFillet","Diversion","DeepDrag","Multislash","Outburst","FlyingSword","DestructiveImpact","ToWhereThePrescriptPoints","TrimTheIngredients","Creak"],"picked":"SKIP","floor":13},{"not_picked":["Quickness","YoureTooSlow","ReadyUp","UnavoidableGaze","Execute_lor","SuppressingShot","Pound","Leap_lor","WillBeTasty","StructuralAnalysis","StrongStrike"],"picked":"SKIP","floor":14},{"not_picked":["EnergyCycle","Rewind","DarkCloud","HiddenBlade","Thrust","QuickAttack","SearingSword","Faith","InkOver","PreparedMind","SmokingPipe"],"picked":"SKIP","floor":18},{"not_picked":["HandleRequest","SilentNight","NightInTheBackstreets","TendonChords","Multislash+1","Bvapour","Thrust","Ripple","MultiHit","Outburst","FierceCharge"],"picked":"SKIP","floor":19},{"not_picked":["MindPrepared","ShockingBlow","Quickness","Gamble+1","ICanCookAnything","HighKick","Track","Multislash","FlowOfTheSword","Parry","DarkCloud"],"picked":"SKIP","floor":20},{"not_picked":["WillBeTasty","FleshFillet","DefenseOrder+1","Guardian_lor","AutonomousRush","Outburst+1","UndertakePrescript","Multislash","InhaleSmoke","StartinOutLightly+1","SunsetBlade"],"picked":"SKIP","floor":21},{"not_picked":["GuidanceOfTheGears","DesperateStruggle","MultiHit","FleshFillet","Endure","UnavoidableGaze","Multislash","HandleRequest","FocusFire","Parry","GuardingStance"],"picked":"SKIP","floor":22},{"not_picked":["EndlessBattle","FleetFootsteps+1","Endure","WillBeTasty+1","ClassAndRespect","ExtractFuel","SunsetBlade","EnergyShield","Castigation","QuickAttack","CumulusWall"],"picked":"SKIP","floor":23},{"not_picked":["ClassAndRespect","Leap_lor","MultiHit","PreemptiveStrike+1","StructuralAnalysis","EndlessBattle","Multislash","StrongStrike","ExtremeEdge","FlashOfSunup+1","UnavoidableGaze"],"picked":"SKIP","floor":25},{"not_picked":["StartinOutLightly","Pound+1","HiddenBlade","Diversion","Retaliate","RatsGuideToSurvival","HandleRequest","SparkingSpear+1","Parry","Bvapour","EnergyShield"],"picked":"SKIP","floor":28},{"not_picked":["Eject+1","WillBeTasty","Deflect_lor+1","StrongStrike","UpbeatPerformance","YoureAHindrance","InhaleSmoke+1","AGoldenOpportunity+1","PreemptiveStrike","QuickAttack+1","WillOfThePrescript+1"],"picked":"SKIP","floor":31},{"not_picked":["DefenseOrder+1","Mutilate","MultiHit","Standoff","BiteOff","UnavoidableGaze+1","GuardingStance+1","Quickness+1","Reload+1","FervidEmotions+1","TasteMyFlamingBat"],"picked":"SKIP","floor":35},{"not_picked":["Standoff+1","FleetFootsteps+1","EndlessBattle","TendonChords","Juggling+1","WillOfThePrescript+1","YoureAHindrance","SparkingSpear","EmotionalTurbulence","Unlock1","ClassAndRespect"],"picked":"SKIP","floor":36},{"not_picked":["AutonomousRush","GatherIntel+1","FlashingStrike","SharpenedBlade+1","WildCard+1","Diversion","Crush","Parry+1","GuardingStance+1","Eject+1","EndlessBattle"],"picked":"SKIP","floor":39},{"not_picked":["RipSpace","MultiBlock+1","InkOver","HeavyPeaks+1","SunsetBlade+1","Outburst+1","HighKick","BiteOff+1","Thrust","BayonetCombat"],"picked":"FrontalAssault+1","floor":40},{"not_picked":["DesperateStruggle","BackstreetsDash","SmokingPipe+1","FendThisOffIfYouCan+1","ExtractFuel+1","GuardingStance+1","EnergyCycle","Zzzzzap+1","UpbeatPerformance+1","DaringDecision","DarkCloud+1"],"picked":"SKIP","floor":41},{"not_picked":["GuardingStance+1","Parry","FleetEdge","MultiHit+1","FendThisOffIfYouCan+1","Castigation","StayCalm+1","Multislash","Tailoring+1","ButterflySlash+1","EnergyShield+1"],"picked":"SKIP","floor":42},{"not_picked":["DefenseOrder+1","FleetEdge","StructuralAnalysis+1","SuppressingShot","EndlessBattle","Zzzzzap+1","AlloutWar+1","Punishment","InnerArdor+1","ToWhereThePrescriptPoints+1","FlashOfSunup"],"picked":"SKIP","floor":45},{"not_picked":["Outburst","UncannyStrike+1","DevastatingThrash","HandleRequest+1","InhaleSmoke+1","Feast","TheArtOfRapidSteps+1","EnergyCycle","NightInTheBackstreets+1","SunsetBlade+1","Rampage_lor"],"picked":"SKIP","floor":46},{"not_picked":["HandOfGreed","testmod-BloodBlade","testmod-ShutDown","testmod-RepeatForm","MostiFishMod:JungleRules","testmod-Arrangement","Transmutation","testmod-TradeIn","hubris:EnhanceAbility","Crow Ritual"],"picked":"testmod-CardIndex","floor":47},{"not_picked":["Thrust+1","PuppetBlockade+1","DefenseOrder+1","SharpSwipe","AsThePrescriptOrders+1","DesperateStruggle","Overpower","TraceOfFumes","UpbeatPerformance","ElectricShock"],"picked":"FrontalAssault+1","floor":48},{"not_picked":["IngredientHunt","FeelinGood+1","DesperateStruggle","AsThePrescriptOrders+1","LossOfSenses","FleshFillet","ReadyUp+1","BoundaryOfDeath","CrackOfDawn","DevastatingThrash+1","GuardingStance+1"],"picked":"SKIP","floor":56}],"player_experience":993716,"relics_obtained":[{"floor":1,"key":"SynthV:TestCard"},{"floor":6,"key":"Letter Opener"},{"floor":9,"key":"AT_Kusabimaru"},{"floor":11,"key":"Gremlin Food"},{"floor":13,"key":"AT_ImmortalShieldbow"},{"floor":23,"key":"Garlic"},{"floor":25,"key":"Frozen Egg 2"},{"floor":26,"key":"testmod-ArcanaOfDestiny"},{"floor":31,"key":"Toxic Egg 2"},{"floor":40,"key":"Golden Egg"},{"floor":42,"key":"REME_HourglassOfDeath"},{"floor":56,"key":"Ornamental Fan"}],"event_choices":[{"damage_healed":0,"gold_gain":0,"player_choice":"Ignored","damage_taken":0,"max_hp_gain":0,"max_hp_loss":0,"event_name":"Liars Game","floor":4,"gold_loss":0},{"damage_healed":0,"gold_gain":0,"player_choice":"Ignored","damage_taken":0,"max_hp_gain":0,"max_hp_loss":0,"event_name":"Purifier","floor":27,"gold_loss":0}],"is_beta":false,"boss_relics":[{"not_picked":["Astrolabe","aspiration:RitualDagger"],"picked":"testmod-BloodSacrificeSpiritualization"},{"not_picked":["REME_DuelDisc","aspiration:WatcherSkillbook"],"picked":"DiscerningMonocle"}],"items_purged_floors":[],"is_endless":false,"potions_floor_spawned":[8,11,12,13,14,19,20,23,35,39,41,42],"ascension_level":20}}