{"host":"63rwe7p34ct1i0qu","time":1608965100,"event":{"mods":["BaseMod","Colored Map","DeckTracker","Minty Spire (QoL Compilation)","Permanent Neow","Quick Restart","StSLib"],"gold_per_floor":[212,287,307,307,318,318,348,348,348,362,389,407,407,417,417,518,518,485,381,381,381,480,512,512,537,562,562,575,55,55,55,55,152,152,163,163,63,115,125,125,144,156,224,237,161,161,173,187,187,187],"floor_reached":51,"playtime":1467,"items_purged":["Strike_R","Twin Strike"],"score":1040,"play_id":"d5b3c9cf-fbd1-469a-8d4d-abddda5e6c9f","local_time":"20201226154500","is_ascension_mode":true,"campfire_choices":[{"data":"Body Slam","floor":6.0,"key":"SMITH"},{"data":"Barricade","floor":8.0,"key":"SMITH"},{"data":"Bash","floor":15.0,"key":"SMITH"},{"floor":24.0,"key":"REST"},{"data":"Offering","floor":27.0,"key":"SMITH"},{"data":"Seeing Red","floor":32.0,"key":"SMITH"},{"data":"Dual Wield","floor":40,"key":"SMITH"},{"data":"Battle Trance","floor":46,"key":"SMITH"},{"floor":49,"key":"REST"}],"circlet_count":0,"master_deck":["AscendersBane","Bash+1","Power Through+1","Body Slam+1","Barricade+1","Burning Pact","Battle Trance","Offering+1","CurseOfTheBell","Body Slam+1","Exhume","Body Slam+1","Seeing Red+1","Impervious","Headbutt","Sever Soul","Flex","Rampage","Dual Wield+1","Sentinel+1","True Grit+1","Shrug It Off+1","Metallicize+1","Sentinel+1","True Grit+1","Battle Trance+1","Fiend Fire","Second Wind","Flame Barrier+1"],"relics":["Burning Blood","Torii","Red Skull","Letter Opener","Odd Mushroom","Calling Bell","Juzu Bracelet","Meat on the Bone","Ginger","Regal Pillow","Champion Belt","Mummified Hand","Happy Flower","Pen Nib","Lizard Tail","Nunchaku","Pandora\u0027s Box","Prayer Wheel","Bottled Lightning"],"acts_visited":["Exordium","TheCity","TheBeyond"],"potions_floor_usage":[38,39,47,50],"damage_taken":[{"damage":5.0,"enemies":"Small Slimes","floor":1.0,"turns":3.0},{"damage":12.0,"enemies":"Jaw Worm","floor":3.0,"turns":2.0},{"damage":2.0,"enemies":"Cultist","floor":5.0,"turns":5.0},{"damage":44.0,"enemies":"Gremlin Nob","floor":7.0,"turns":5.0},{"damage":1.0,"enemies":"Blue Slaver","floor":10.0,"turns":3.0},{"damage":2.0,"enemies":"The Mushroom Lair","floor":11.0,"turns":5.0},{"damage":2.0,"enemies":"Red Slaver","floor":12.0,"turns":4.0},{"damage":13.0,"enemies":"Exordium Wildlife","floor":14.0,"turns":5.0},{"damage":29.0,"enemies":"Slime Boss","floor":16.0,"turns":16.0},{"damage":29.0,"enemies":"2 Thieves","floor":18.0,"turns":5.0},{"damage":33.0,"enemies":"Slavers","floor":23.0,"turns":9.0},{"damage":10.0,"enemies":"Book of Stabbing","floor":25.0,"turns":4.0},{"damage":12.0,"enemies":"Shell Parasite","floor":28.0,"turns":2.0},{"damage":57.0,"enemies":"Collector","floor":33.0,"turns":9.0},{"damage":8,"enemies":"Orb Walker","floor":35,"turns":2},{"damage":6,"enemies":"2 Orb Walkers","floor":38,"turns":1},{"damage":6,"enemies":"3 Shapes","floor":39,"turns":3},{"damage":6,"enemies":"Sphere and 2 Shapes","floor":41,"turns":1},{"damage":6,"enemies":"Writhing Mass","floor":42,"turns":1},{"damage":6,"enemies":"4 Shapes","floor":44,"turns":3},{"damage":12,"enemies":"Jaw Worm Horde","floor":47,"turns":1},{"damage":12,"enemies":"Spire Growth","floor":48,"turns":2},{"damage":18,"enemies":"Donu and Deca","floor":50,"turns":5}],"seed_played":"-2416784048787175447","potions_obtained":[{"floor":1.0,"key":"SteroidPotion"},{"floor":3.0,"key":"HeartOfIron"},{"floor":5.0,"key":"BloodPotion"},{"floor":14.0,"key":"HeartOfIron"},{"floor":23.0,"key":"Strength Potion"},{"floor":28.0,"key":"GamblersBrew"},{"floor":35,"key":"Block Potion"},{"floor":38,"key":"AttackPotion"},{"floor":42,"key":"BlessingOfTheForge"},{"floor":47,"key":"Fruit Juice"}],"is_trial":false,"path_per_floor":["M","?","M","?","M","R","E","R","T","M","?","M","?","M","R","B",null,"M","?","?","?","?","E","R","E","T","R","M","$","?","?","R","B",null,"M","?","$","?","M","R","M","M","T","M","$","R","M","M","R","B",null],"character_chosen":"IRONCLAD","items_purchased":["Pen Nib","Lizard Tail","Second Wind"],"campfire_rested":2,"item_purchase_floors":[29,29,45],"current_hp_per_floor":[73,62,56,49,53,53,31,31,31,36,40,44,44,37,37,14,64,53,53,53,53,53,38,77,73,73,73,67,67,67,67,67,28,67,65,65,65,65,65,65,65,65,65,65,65,65,64,58,85,73],"gold":187,"neow_bonus":"HUNDRED_GOLD","is_daily":false,"chose_seed":false,"campfire_upgraded":7,"win_rate":0.0,"timestamp":1608965100,"path_taken":["M","?","M","?","M","R","E","R","T","M","?","M","?","?","R","BOSS","M","?","?","?","?","E","R","E","T","R","M","$","?","?","R","BOSS","M","?","$","?","M","R","M","M","T","M","$","R","M","M","R","BOSS"],"items_purchased_type":["Relic","Relic","Card"],"build_version":"2020-12-22","purchased_purges":2,"victory":true,"max_hp_per_floor":[80,80,80,80,80,80,80,80,80,80,80,80,80,80,80,80,80,80,80,80,80,80,80,80,80,80,80,80,80,80,80,80,80,80,80,80,80,80,80,80,80,80,80,80,80,80,85,85,85,85],"card_choices":[{"not_picked":["Rupture","Warcry","Dropkick"],"picked":"SKIP","floor":1.0},{"not_picked":["Twin Strike","Seeing Red"],"picked":"Power Through","floor":3.0},{"not_picked":["Searing Blow","True Grit"],"picked":"Body Slam","floor":5.0},{"not_picked":["Evolve","Perfected Strike"],"picked":"Barricade","floor":7.0},{"not_picked":["Sever Soul","Flame Barrier"],"picked":"Burning Pact","floor":10.0},{"not_picked":["Twin Strike","Perfected Strike"],"picked":"Battle Trance","floor":12.0},{"not_picked":["True Grit","Twin Strike","Cleave"],"picked":"SKIP","floor":14.0},{"not_picked":["Double Tap","Limit Break"],"picked":"Offering","floor":16.0},{"not_picked":["Hemokinesis+1","Sentinel"],"picked":"Body Slam+1","floor":18.0},{"not_picked":["Warcry","Pummel+1"],"picked":"Exhume","floor":23.0},{"not_picked":["Dark Embrace+1","Pommel Strike"],"picked":"Body Slam+1","floor":25.0},{"not_picked":["Shrug It Off","Anger"],"picked":"Seeing Red","floor":28.0},{"not_picked":["Exhume","Double Tap"],"picked":"Impervious","floor":33.0},{"not_picked":["Headbutt","Havoc","Spot Weakness"],"picked":"SKIP","floor":35},{"not_picked":["Spot Weakness+1","Flame Barrier"],"picked":"Sentinel+1","floor":38},{"not_picked":["Thunderclap","Body Slam"],"picked":"True Grit+1","floor":39},{"not_picked":["Heavy Blade","Combust+1"],"picked":"Shrug It Off+1","floor":39},{"not_picked":["Wild Strike","Sword Boomerang+1"],"picked":"Metallicize+1","floor":41},{"not_picked":["Flex","Sword Boomerang+1","Berserk"],"picked":"SKIP","floor":41},{"not_picked":["Perfected Strike","Hemokinesis+1"],"picked":"Sentinel+1","floor":42},{"not_picked":["Iron Wave","Thunderclap"],"picked":"True Grit+1","floor":42},{"not_picked":["Cleave","Twin Strike+1"],"picked":"Battle Trance","floor":44},{"not_picked":["Anger+1","Hemokinesis"],"picked":"Fiend Fire","floor":44},{"not_picked":["Body Slam","Wild Strike","Clash"],"picked":"SKIP","floor":47},{"not_picked":["Cleave+1","Ghostly Armor+1","Pommel Strike+1"],"picked":"SKIP","floor":47},{"not_picked":["Iron Wave+1","Pommel Strike+1"],"picked":"Flame Barrier+1","floor":48},{"not_picked":["Cleave+1","Infernal Blade+1","Whirlwind+1"],"picked":"SKIP","floor":48}],"player_experience":815969,"relics_obtained":[{"floor":7.0,"key":"Red Skull"},{"floor":9.0,"key":"Letter Opener"},{"floor":11.0,"key":"Odd Mushroom"},{"floor":17.0,"key":"Juzu Bracelet"},{"floor":17.0,"key":"Meat on the Bone"},{"floor":17.0,"key":"Ginger"},{"floor":23.0,"key":"Champion Belt"},{"floor":25.0,"key":"Mummified Hand"},{"floor":26.0,"key":"Happy Flower"},{"floor":38,"key":"Prayer Wheel"},{"floor":43,"key":"Bottled Lightning"}],"event_choices":[{"damage_healed":0.0,"max_hp_gain":0.0,"max_hp_loss":0.0,"gold_gain":75.0,"event_name":"World of Goop","player_choice":"Gather Gold","floor":2.0,"gold_loss":0.0,"damage_taken":11.0},{"damage_healed":0.0,"max_hp_gain":0.0,"max_hp_loss":0.0,"gold_gain":0.0,"event_name":"Scrap Ooze","player_choice":"Success","floor":4.0,"gold_loss":0.0,"damage_taken":7.0,"relics_obtained":["Torii"]},{"damage_healed":0.0,"max_hp_gain":0.0,"max_hp_loss":0.0,"gold_gain":0.0,"event_name":"Mushrooms","player_choice":"Fought Mushrooms","floor":11.0,"gold_loss":0.0,"damage_taken":0.0},{"cards_removed":["Strike_R"],"damage_healed":0.0,"max_hp_gain":0.0,"max_hp_loss":0.0,"gold_gain":0.0,"event_name":"Bonfire Elementals","player_choice":"Offered Basic","floor":13.0,"gold_loss":0.0,"damage_taken":0.0},{"damage_healed":0.0,"max_hp_gain":0.0,"max_hp_loss":0.0,"gold_gain":0.0,"event_name":"WeMeetAgain","player_choice":"Paid Gold","floor":19.0,"gold_loss":104.0,"damage_taken":0.0,"relics_obtained":["Regal Pillow"]},{"damage_healed":0.0,"max_hp_gain":0.0,"max_hp_loss":0.0,"gold_gain":0.0,"event_name":"Ghosts","player_choice":"Ignored","floor":20.0,"gold_loss":0.0,"damage_taken":0.0},{"damage_healed":0.0,"max_hp_gain":0.0,"max_hp_loss":0.0,"gold_gain":0.0,"event_name":"Upgrade Shrine","player_choice":"Upgraded","floor":21.0,"gold_loss":0.0,"damage_taken":0.0,"cards_upgraded":["Power Through"]},{"damage_healed":0.0,"max_hp_gain":0.0,"max_hp_loss":0.0,"gold_gain":99.0,"event_name":"Nest","player_choice":"Stole From Cult","floor":22.0,"gold_loss":0.0,"damage_taken":0.0},{"damage_healed":0.0,"max_hp_gain":0.0,"max_hp_loss":0.0,"gold_gain":0.0,"event_name":"The Mausoleum","player_choice":"Opened","floor":30.0,"gold_loss":0.0,"damage_taken":0.0,"relics_obtained":["Nunchaku"],"cards_obtained":["Writhe"]},{"cards_removed":["Writhe"],"damage_healed":0.0,"max_hp_gain":0.0,"max_hp_loss":0.0,"gold_gain":0.0,"event_name":"Back to Basics","player_choice":"Elegance","floor":31.0,"gold_loss":0.0,"damage_taken":0.0},{"cards_removed":["Carnage"],"damage_healed":0,"gold_gain":0,"player_choice":"Removed Attack","damage_taken":0,"max_hp_gain":0,"max_hp_loss":0,"event_name":"Falling","floor":36,"gold_loss":0},{"damage_healed":0,"gold_gain":0,"player_choice":"Fight","damage_taken":0,"max_hp_gain":0,"max_hp_loss":0,"event_name":"Mysterious Sphere","floor":38,"gold_loss":0}],"is_beta":false,"boss_relics":[{"not_picked":["Runic Cube","Busted Crown"],"picked":"Calling Bell"},{"not_picked":["Velvet Choker","Runic Dome"],"picked":"Pandora\u0027s Box"}],"items_purged_floors":[29,37],"is_endless":false,"potions_floor_spawned":[1,3,5,14,23,28,35,38,42,47],"ascension_level":10}}