{"host":"jqa9y4qkalbx8qgz","time":1608990041,"event":{"mods":["BaseMod","Bestiary","BetterRewards","CCEM","Downfall","Minty Spire (QoL Compilation)","Permanent Neow","Relic Stats","Replay The Spire","StSLib","Wandering Minibosses"],"gold_per_floor":[0,13,25,45,45,45,45,72,72,5,22,51,1,21,14,111,111,61,74,59,68,48,143,143,176,185,210,222,222,678,703,713,810,810,610,629,629,674,684,559,559,559,572,597,355,381,331,32,49,49,49,77,50,0,0],"floor_reached":56,"playtime":7662,"items_purged":["Slimebound:Strike_Slimebound","Slimebound:Defend_Slimebound"],"score":1583,"play_id":"ed5e415e-77d6-49b0-b510-e6cb889d50af","local_time":"20201226164041","is_ascension_mode":true,"campfire_choices":[{"data":"Slimebound:Split","floor":1.0,"key":"SMITH"},{"data":"Slimebound:MassFeed","floor":13.0,"key":"SMITH"},{"data":"Slimebound:GrowthPunch","floor":18.0,"key":"SMITH"},{"floor":35.0,"key":"RECALL"},{"data":"Slimebound:Nibble","floor":47.0,"key":"SMITH"},{"data":"Slimebound:GrowthPunch","floor":54.0,"key":"SMITH"}],"circlet_count":0,"master_deck":["Slimebound:Defend_Slimebound","Slimebound:Split+1","Slimebound:CorrosiveSpit","Slimebound:LeechLife","Slimebound:FormOfPuddle","Slimebound:Nibble+1","Slimebound:GrowthPunch+1","Slimebound:SamplingLick","Slimebound:MassFeed+1","Slimebound:SlimeTap","Slimebound:SamplingLick","Slimebound:LevelUp","Slimebound:Recycling+1","expansioncontent:DecasProtection","expansioncontent:DecasProtection","Slimebound:Replication+1","Slimebound:GrowthPunch+1","Slimebound:AcidTongue+1"],"relics":["Slimebound:AbsorbEndCombat","Slimebound:GreedOozeRelic","HornCleat","CCEMRelics:WhiteRose","Torii","Pantograph","Busted Crown","FossilizedHelix","Singing Bowl","Chameleon Ring","Replay:Wax Seal","wanderingMiniBosses:MasterThiefsPresence","ReplayTheSpireMod:Shallot","Art of War","Lee\u0027s Waffle","Frozen Egg 2","Replay:Grab Bag","Coffee Dripper","Empty Cage","downfall:HeartBlessingGreen","downfall:HeartBlessingBlue","CaptainsWheel","downfall:HeartBlessingRed","CCEMRelics:JestersCrown","Blue Doll","CCEMRelics:WrappedPresent","TungstenRod","Ancient Tea Set","OrangePellets","Bronze Scales"],"acts_visited":["Exordium","TheCity","TheBeyond","TheEnding"],"potions_floor_usage":[55],"damage_taken":[{"damage":9.0,"enemies":"Jaw Worm","floor":2.0,"turns":5.0},{"damage":8.0,"enemies":"Small Slimes","floor":3.0,"turns":3.0},{"damage":8.0,"enemies":"2 Louse","floor":4.0,"turns":2.0},{"damage":29.0,"enemies":"Replay:BlueRogue","floor":8.0,"turns":5.0},{"damage":8.0,"enemies":"downfall:FleeingMerchant","floor":10.0,"turns":4.0},{"damage":8.0,"enemies":"Blue Slaver","floor":11.0,"turns":4.0},{"damage":21.0,"enemies":"3 Sentries","floor":12.0,"turns":9.0},{"damage":8.0,"enemies":"Exordium Wildlife","floor":14.0,"turns":3.0},{"damage":8.0,"enemies":"3 Louse","floor":15.0,"turns":5.0},{"damage":9.0,"enemies":"downfall:Watcher","floor":16.0,"turns":8.0},{"damage":16.0,"enemies":"Chosen","floor":19.0,"turns":2.0},{"damage":16.0,"enemies":"downfall:FleeingMerchant","floor":20.0,"turns":4.0},{"damage":27.0,"enemies":"3 Byrds","floor":21.0,"turns":4.0},{"damage":8.0,"enemies":"downfall:FleeingMerchant","floor":22.0,"turns":4.0},{"damage":51.0,"enemies":"Colosseum Nobs","floor":23.0,"turns":5.0},{"damage":33.0,"enemies":"Slavers","floor":25.0,"turns":2.0},{"damage":8.0,"enemies":"Snake Plant","floor":26.0,"turns":4.0},{"damage":35.0,"enemies":"Gremlin Leader","floor":27.0,"turns":6.0},{"damage":12.0,"enemies":"Cultist and Chosen","floor":28.0,"turns":5.0},{"damage":13.0,"enemies":"downfall:FleeingMerchant","floor":30.0,"turns":5.0},{"damage":14.0,"enemies":"Book of Stabbing","floor":31.0,"turns":6.0},{"damage":12.0,"enemies":"Centurion and Healer","floor":32.0,"turns":4.0},{"damage":34.0,"enemies":"downfall:Ironclad","floor":33.0,"turns":9.0},{"damage":21.0,"enemies":"3 Darklings","floor":36.0,"turns":10.0},{"damage":48.0,"enemies":"2 Orb Walkers","floor":38.0,"turns":6.0},{"damage":12.0,"enemies":"3 Shapes","floor":39.0,"turns":3.0},{"damage":12.0,"enemies":"Jaw Worm Horde","floor":43.0,"turns":4.0},{"damage":4.0,"enemies":"Reptomancer","floor":44.0,"turns":6.0},{"damage":9.0,"enemies":"R_Hoarder","floor":46.0,"turns":6.0},{"damage":3.0,"enemies":"Transient","floor":49.0,"turns":5.0},{"damage":9.0,"enemies":"downfall:Defect","floor":50.0,"turns":6.0},{"damage":23.0,"enemies":"downfall:CharBossMerchant","floor":52.0,"turns":8.0},{"damage":3,"enemies":"downfall:NeowBoss","floor":55,"turns":17}],"seed_played":"-2345893038418157078","potions_obtained":[{"floor":2.0,"key":"LiquidMemories"},{"floor":11.0,"key":"DistilledChaos"},{"floor":16.0,"key":"Slimebound:SpawnSlimePotion"},{"floor":25.0,"key":"LiquidMemories"},{"floor":31.0,"key":"Languid Potion"},{"floor":32.0,"key":"ColorlessPotion"},{"floor":33.0,"key":"AttackPotion"},{"floor":38.0,"key":"sneckomod:MuddlingPotion"},{"floor":39.0,"key":"EssenceOfSteel"},{"floor":44.0,"key":"AttackPotion"}],"is_trial":false,"path_per_floor":["R","M","M","M","?","?","T","E","?","$","M","E","R","M","M","B",null,"R","M","$","M","$","?","T","E","M","E","M","?","$","E","M","B",null,"R","M","?","?","M","R","T","?","M","E","$","E","R","$","M","B",null,"E","$","R","B",null],"character_chosen":"SLIMEBOUND","items_purchased":["Block Potion","ReplayTheSpireMod:Shallot","Art of War","Lee\u0027s Waffle","CCEMRelics:WrappedPresent","OrangePellets","Slimebound:GrowthPunch","Slimebound:AcidTongue+1"],"campfire_rested":0,"item_purchase_floors":[10,30,30,30,45,48,48,53],"current_hp_per_floor":[60,60,60,60,60,60,60,52,45,57,60,60,60,68,72,76,76,76,80,80,91,92,73,73,100,118,110,130,102,148,154,164,166,168,178,181,173,173,202,202,202,202,210,216,221,227,227,227,229,233,233,239,239,239,239],"gold":0,"neow_bonus":"TRANSFORM_TWO_CARDS","is_daily":false,"chose_seed":false,"campfire_upgraded":5,"win_rate":0.0,"timestamp":1608990041,"path_taken":["R","M","M","M","?","?","T","E","?","$","M","E","R","M","M","BOSS","R","M","$","M","$","?","T","E","M","E","M","?","?","E","M","BOSS","R","M","?","?","M","R","T","?","M","E","$","E","R","$","M","BOSS","E","$","R","BOSS"],"items_purchased_type":["Potion","Relic","Relic","Relic","Relic","Relic","Card","Card"],"build_version":"2020-12-22","purchased_purges":2,"victory":true,"max_hp_per_floor":[60,60,60,60,60,60,60,60,60,60,60,60,60,68,72,76,76,76,80,80,92,92,102,102,116,122,124,130,135,148,154,164,168,168,178,184,186,196,202,202,202,202,210,216,221,227,227,227,229,233,233,239,239,239,239],"relic_stats":{"OrangePellets":[6],"Lee\u0027s Waffle":9,"Busted Crown":56,"Torii":22,"Singing Bowl":32,"counters":[33,178],"Pantograph":0,"Bronze Scales":[27],"Art of War":[22],"obtain_stats":[{"Torii":9,"Singing Bowl":23,"CCEMRelics:WrappedPresent":45,"downfall:HeartBlessingGreen":35,"Blue Doll":44,"Empty Cage":34,"Ancient Tea Set":46,"HornCleat":7,"Chameleon Ring":25,"downfall:HeartBlessingBlue":35,"Pantograph":12,"CCEMRelics:WhiteRose":8,"Replay:Wax Seal":27,"CCEMRelics:JestersCrown":41,"Lee\u0027s Waffle":30,"downfall:HeartBlessingRed":40,"Replay:Grab Bag":34,"wanderingMiniBosses:MasterThiefsPresence":30,"Frozen Egg 2":31,"Slimebound:GreedOozeRelic":6,"OrangePellets":48,"CaptainsWheel":38,"Busted Crown":17,"ReplayTheSpireMod:Shallot":30,"Bronze Scales":52,"Slimebound:AbsorbEndCombat":0,"Art of War":30,"Coffee Dripper":34,"FossilizedHelix":23,"TungstenRod":45},{"Torii":4,"Singing Bowl":15,"CCEMRelics:WrappedPresent":28,"downfall:HeartBlessingGreen":23,"Blue Doll":28,"Empty Cage":23,"Ancient Tea Set":29,"HornCleat":3,"Chameleon Ring":16,"downfall:HeartBlessingBlue":23,"Pantograph":7,"CCEMRelics:WhiteRose":4,"Replay:Wax Seal":18,"CCEMRelics:JestersCrown":26,"Lee\u0027s Waffle":20,"downfall:HeartBlessingRed":26,"Replay:Grab Bag":23,"wanderingMiniBosses:MasterThiefsPresence":20,"Frozen Egg 2":21,"Slimebound:GreedOozeRelic":3,"OrangePellets":29,"CaptainsWheel":25,"Busted Crown":10,"ReplayTheSpireMod:Shallot":20,"Bronze Scales":32,"Slimebound:AbsorbEndCombat":0,"Art of War":20,"Coffee Dripper":23,"FossilizedHelix":15,"TungstenRod":28},{"Torii":15,"Singing Bowl":66,"CCEMRelics:WrappedPresent":136,"downfall:HeartBlessingGreen":107,"Blue Doll":136,"Empty Cage":107,"Ancient Tea Set":142,"HornCleat":10,"Chameleon Ring":68,"downfall:HeartBlessingBlue":107,"Pantograph":31,"CCEMRelics:WhiteRose":15,"Replay:Wax Seal":78,"CCEMRelics:JestersCrown":126,"Lee\u0027s Waffle":88,"downfall:HeartBlessingRed":126,"Replay:Grab Bag":107,"wanderingMiniBosses:MasterThiefsPresence":88,"Frozen Egg 2":94,"Slimebound:GreedOozeRelic":10,"OrangePellets":142,"CaptainsWheel":123,"Busted Crown":47,"ReplayTheSpireMod:Shallot":88,"Bronze Scales":161,"Slimebound:AbsorbEndCombat":0,"Art of War":88,"Coffee Dripper":107,"FossilizedHelix":66,"TungstenRod":136}],"TungstenRod":14},"card_choices":[{"not_picked":["Slimebound:ServeAndProtect","Slimebound:DivideAndConquer"],"picked":"Slimebound:Nibble","floor":2.0},{"not_picked":["Slimebound:Nibble","Slimebound:LeechingTouch"],"picked":"Slimebound:GrowthPunch","floor":3.0},{"not_picked":["Slimebound:ServeAndProtect","Slimebound:LeechEnergy","Slimebound:SlimeSlap"],"picked":"SKIP","floor":4.0},{"not_picked":["Slimebound:PressTheAttack","Slimebound:SplitBruiser","Slimebound:GrowthPunch"],"picked":"SKIP","floor":8.0},{"not_picked":["Slimebound:Nibble","Slimebound:SlimeSlap"],"picked":"Slimebound:SamplingLick","floor":10.0},{"not_picked":["Slimebound:DivideAndConquer","Slimebound:ProtectTheBoss","Slimebound:FinishingTackle"],"picked":"SKIP","floor":11.0},{"not_picked":["Slimebound:Dissolve","Slimebound:LevelUp"],"picked":"Slimebound:MassFeed","floor":12.0},{"not_picked":["Slimebound:ForwardTackle","Slimebound:ComboTackle"],"picked":"Slimebound:SlimeTap","floor":14.0},{"not_picked":["Slimebound:FinishingTackle","Slimebound:GrowthPunch","Slimebound:RollThrough"],"picked":"SKIP","floor":15.0},{"not_picked":["Slimebound:Overexert","Slimebound:PrepareCrush"],"picked":"Slimebound:WasteNot","floor":16.0},{"not_picked":["Slimebound:Schlurp"],"picked":"SKIP","floor":19.0},{"not_picked":[],"picked":"Slimebound:SamplingLick","floor":20.0},{"not_picked":[],"picked":"Slimebound:LevelUp","floor":21.0},{"not_picked":["Slimebound:SplitLeeching"],"picked":"SKIP","floor":22.0},{"not_picked":["Slimebound:HungryTackle"],"picked":"Singing Bowl","floor":23.0},{"not_picked":["Slimebound:GrowthPunch"],"picked":"Singing Bowl","floor":25.0},{"not_picked":["Slimebound:PressTheAttack"],"picked":"Singing Bowl","floor":26.0},{"not_picked":["Slimebound:FirmFortitude"],"picked":"Singing Bowl","floor":27.0},{"not_picked":["Slimebound:SplitBruiser"],"picked":"Singing Bowl","floor":28.0},{"not_picked":["Slimebound:LeechEnergy"],"picked":"Singing Bowl","floor":30.0},{"not_picked":["Slimebound:DisruptingSlam"],"picked":"Singing Bowl","floor":31.0},{"not_picked":["Slimebound:SlimeSpikes"],"picked":"Singing Bowl","floor":32.0},{"not_picked":[],"picked":"Slimebound:Recycling+1","floor":33.0},{"not_picked":["Slimebound:RollThrough"],"picked":"Singing Bowl","floor":36.0},{"not_picked":["expansioncontent:PolyBeam"],"picked":"Singing Bowl","floor":37.0},{"not_picked":[],"picked":"expansioncontent:DecasProtection","floor":37.0},{"not_picked":[],"picked":"expansioncontent:DecasProtection","floor":37.0},{"not_picked":["Slimebound:MegaLick+1"],"picked":"Singing Bowl","floor":38.0},{"not_picked":["Slimebound:SplitMire+1"],"picked":"Singing Bowl","floor":39.0},{"not_picked":[],"picked":"Slimebound:Replication+1","floor":43.0},{"not_picked":["Slimebound:Gluttony+1"],"picked":"Singing Bowl","floor":44.0},{"not_picked":["Slimebound:SpikyOuterGoop+1"],"picked":"Singing Bowl","floor":46.0},{"not_picked":["Slimebound:Schlurp"],"picked":"Singing Bowl","floor":49.0},{"not_picked":["Slimebound:BestDefense+1"],"picked":"Singing Bowl","floor":52.0}],"player_experience":218037,"relics_obtained":[{"floor":7.0,"key":"HornCleat"},{"floor":8.0,"key":"CCEMRelics:WhiteRose"},{"floor":12.0,"key":"Pantograph"},{"floor":23.0,"key":"FossilizedHelix"},{"floor":23.0,"key":"Singing Bowl"},{"floor":25.0,"key":"Chameleon Ring"},{"floor":27.0,"key":"Replay:Wax Seal"},{"floor":30.0,"key":"wanderingMiniBosses:MasterThiefsPresence"},{"floor":31.0,"key":"Frozen Egg 2"},{"floor":38.0,"key":"CaptainsWheel"},{"floor":41.0,"key":"CCEMRelics:JestersCrown"},{"floor":44.0,"key":"Blue Doll"},{"floor":45.0,"key":"TungstenRod"},{"floor":46.0,"key":"Ancient Tea Set"},{"floor":52.0,"key":"Bronze Scales"}],"event_choices":[{"cards_removed":["Slimebound:Strike_Slimebound"],"damage_healed":0.0,"max_hp_gain":0.0,"max_hp_loss":0.0,"gold_gain":0.0,"event_name":"The Cleric","player_choice":"Card Removal","floor":5.0,"gold_loss":0.0,"damage_taken":0.0},{"damage_healed":0.0,"max_hp_gain":0.0,"max_hp_loss":0.0,"gold_gain":0.0,"event_name":"Scrap Ooze","player_choice":"Success","floor":9.0,"gold_loss":0.0,"damage_taken":7.0,"relics_obtained":["Torii"]},{"damage_healed":0.0,"max_hp_gain":0.0,"max_hp_loss":0.0,"gold_gain":0.0,"event_name":"Mysterious Sphere","player_choice":"Fight","floor":38.0,"gold_loss":0.0,"damage_taken":0.0},{"cards_removed":["Slimebound:WasteNot"],"damage_healed":0.0,"max_hp_gain":0.0,"max_hp_loss":0.0,"gold_gain":0.0,"event_name":"Falling","player_choice":"Removed Skill","floor":42.0,"gold_loss":0.0,"damage_taken":0.0}],"is_beta":false,"boss_relics":[{"not_picked":["ChewingGum","Replay:Wanted Poster"],"picked":"Busted Crown"},{"not_picked":["Tiny House","Astrolabe"],"picked":"Replay:Grab Bag"},{"not_picked":["Runic Dome","Abe\u0027s Treasure"],"picked":"Coffee Dripper"},{"not_picked":["Snecko Heart","Snecko Eye"],"picked":"Empty Cage"}],"items_purged_floors":[30,48],"is_endless":false,"potions_floor_spawned":[2,11,15,16,23,25,26,27,31,32,33,38,39,44],"ascension_level":1}}