{"host":"ad59wuc8ynh8u2z6","time":1608940937,"event":{"mods":["AchievementEnabler","BaseMod","Colored Powertips","DeckTracker","Highlight Path","Minty Spire (QoL Compilation)","Permanent Neow"],"gold_per_floor":[114,129,204,217,217,251,251,268,268,268,302,316,241,269,269,370,370,370,370,370,370,370,370,370,370,370,370,370,370,370,370,370,370,370,370,370,370,270,270,270,270,270,270,270,270,270,270,270,270,270],"floor_reached":51,"playtime":16657,"items_purged":["Strike_B","Strike_B"],"score":818,"play_id":"f406d980-e23d-4778-8674-4b079decbd77","local_time":"20201226010217","is_ascension_mode":false,"campfire_choices":[{"data":"Fission","floor":7.0,"key":"SMITH"},{"data":"Zap","floor":10.0,"key":"SMITH"},{"data":"Tempest","floor":15.0,"key":"SMITH"},{"data":"Fission","floor":23,"key":"SMITH"},{"data":"Thunder Strike","floor":25,"key":"SMITH"},{"data":"Machine Learning","floor":32,"key":"SMITH"},{"data":"Buffer","floor":41,"key":"SMITH"},{"data":"Loop","floor":49,"key":"SMITH"}],"circlet_count":0,"master_deck":["Strike_B","Defend_B","Defend_B+1","Defend_B","Defend_B","Zap+1","Dualcast","Rip and Tear","Ball Lightning","BootSequence+1","Fission+1","Thunder Strike+1","Loop+1","Tempest+1","Fission+1","Go for the Eyes+1","Beam Cell","Tempest+1","Machine Learning+1","Conserve Battery+1","Ball Lightning+1","Coolheaded+1","Buffer+1","Capacitor+1","Scrape+1","Beam Cell+1","Machine Learning+1","Steam Power+1","Conserve Battery+1","Conserve Battery+1"],"relics":["SlaversCollar","Blood Vial","InkBottle","Ornamental Fan","Darkstone Periapt","Ectoplasm","Centennial Puzzle","Eternal Feather","Matryoshka","War Paint","Coffee Dripper","Oddly Smooth Stone","Strawberry","Frozen Egg 2","Gremlin Horn"],"acts_visited":["Exordium","TheCity","TheBeyond"],"potions_floor_usage":[50,50,50],"damage_taken":[{"damage":3.0,"enemies":"Small Slimes","floor":1.0,"turns":4.0},{"damage":0.0,"enemies":"Cultist","floor":2.0,"turns":2.0},{"damage":0.0,"enemies":"2 Louse","floor":4.0,"turns":2.0},{"damage":2.0,"enemies":"Gremlin Nob","floor":6.0,"turns":3.0},{"damage":0.0,"enemies":"Lots of Slimes","floor":8.0,"turns":3.0},{"damage":17.0,"enemies":"3 Sentries","floor":11.0,"turns":6.0},{"damage":0.0,"enemies":"Exordium Wildlife","floor":12.0,"turns":3.0},{"damage":26.0,"enemies":"Gremlin Nob","floor":14.0,"turns":5.0},{"damage":13.0,"enemies":"Slime Boss","floor":16.0,"turns":7.0},{"damage":9.0,"enemies":"Shell Parasite","floor":18.0,"turns":4.0},{"damage":5.0,"enemies":"Spheric Guardian","floor":19.0,"turns":3.0},{"damage":2.0,"enemies":"Centurion and Healer","floor":20.0,"turns":6.0},{"damage":35,"enemies":"Slavers","floor":24,"turns":3},{"damage":0,"enemies":"Gremlin Leader","floor":27,"turns":2},{"damage":0,"enemies":"Cultist and Chosen","floor":28,"turns":3},{"damage":0,"enemies":"Snake Plant","floor":29,"turns":2},{"damage":6,"enemies":"Book of Stabbing","floor":30,"turns":4},{"damage":0,"enemies":"Centurion and Healer","floor":31,"turns":2},{"damage":4,"enemies":"Collector","floor":33,"turns":6},{"damage":21,"enemies":"3 Darklings","floor":35,"turns":4},{"damage":0,"enemies":"Orb Walker","floor":37,"turns":3},{"damage":0,"enemies":"Jaw Worm Horde","floor":39,"turns":2},{"damage":0,"enemies":"Giant Head","floor":40,"turns":3},{"damage":0,"enemies":"Spire Growth","floor":42,"turns":4},{"damage":4,"enemies":"4 Shapes","floor":44,"turns":4},{"damage":0,"enemies":"3 Darklings","floor":45,"turns":2},{"damage":0,"enemies":"Maw","floor":46,"turns":5},{"damage":0,"enemies":"Nemesis","floor":47,"turns":5},{"damage":0,"enemies":"Sphere and 2 Shapes","floor":48,"turns":3},{"damage":1,"enemies":"Time Eater","floor":50,"turns":6}],"seed_played":"-3769314275726703901","potions_obtained":[{"floor":2.0,"key":"BlessingOfTheForge"},{"floor":4.0,"key":"LiquidBronze"},{"floor":6.0,"key":"PowerPotion"},{"floor":14.0,"key":"SpeedPotion"},{"floor":18.0,"key":"SteroidPotion"},{"floor":19.0,"key":"Strength Potion"},{"floor":33,"key":"FocusPotion"},{"floor":42,"key":"DuplicationPotion"},{"floor":48,"key":"FocusPotion"}],"is_trial":false,"path_per_floor":["M","M","?","M","?","E","R","M","T","R","E","M","$","E","R","B",null,"M","M","M","?","?","R","E","R","T","E","M","M","E","M","R","B",null,"M","?","M","$","M","E","R","M","T","M","M","M","E","M","R","B",null],"character_chosen":"DEFECT","items_purchased":[],"campfire_rested":0,"item_purchase_floors":[],"current_hp_per_floor":[72,72,61,61,61,59,59,61,61,61,46,48,48,24,24,13,75,66,63,63,63,63,63,30,30,30,32,34,36,32,34,46,44,75,54,54,56,56,58,60,75,75,82,78,80,82,82,82,82,81],"gold":270,"neow_bonus":"BOSS_RELIC","is_daily":false,"chose_seed":false,"campfire_upgraded":8,"win_rate":0.0,"timestamp":1608940937,"path_taken":["M","M","?","M","?","E","R","M","T","R","E","?","$","E","R","BOSS","M","M","M","?","?","R","E","R","T","E","?","M","E","M","R","BOSS","M","?","M","$","M","E","R","M","T","M","M","M","E","M","R","BOSS"],"items_purchased_type":[],"build_version":"2020-12-22","purchased_purges":2,"victory":true,"max_hp_per_floor":[75,75,75,75,75,75,75,75,75,75,75,75,75,75,75,75,75,75,75,75,75,75,75,75,75,75,75,75,75,75,75,75,75,75,75,75,75,75,75,75,75,75,82,82,82,82,82,82,82,82],"card_choices":[{"not_picked":["Beam Cell","Double Energy"],"picked":"Rip and Tear","floor":1.0},{"not_picked":["Sweeping Beam","Steam Power"],"picked":"Ball Lightning","floor":2.0},{"not_picked":["Sweeping Beam","Beam Cell"],"picked":"BootSequence","floor":4.0},{"not_picked":["Tempest","Blizzard"],"picked":"Fission","floor":6.0},{"not_picked":["Chill","Steam","Consume"],"picked":"SKIP","floor":8.0},{"not_picked":["Leap","Defragment"],"picked":"Thunder Strike","floor":11.0},{"not_picked":["Consume","Fusion"],"picked":"Loop","floor":12.0},{"not_picked":["Rainbow","Ball Lightning"],"picked":"Tempest","floor":14.0},{"not_picked":["Biased Cognition","Machine Learning"],"picked":"Fission","floor":16.0},{"not_picked":["Auto Shields+1","Stack"],"picked":"Go for the Eyes+1","floor":18.0},{"not_picked":["Compile Driver","Redo"],"picked":"Beam Cell","floor":19.0},{"not_picked":["Hologram","Skim","Conserve Battery"],"picked":"SKIP","floor":20.0},{"not_picked":["Go for the Eyes","White Noise","Fusion"],"picked":"SKIP","floor":24},{"not_picked":["Conserve Battery","All For One"],"picked":"Machine Learning","floor":27},{"not_picked":["Go for the Eyes","Leap","Hello World"],"picked":"SKIP","floor":28},{"not_picked":["Compile Driver","Steam"],"picked":"Conserve Battery+1","floor":29},{"not_picked":["Glacier+1","Machine Learning"],"picked":"Ball Lightning+1","floor":30},{"not_picked":["Compile Driver","Redo"],"picked":"Coolheaded+1","floor":31},{"not_picked":["Creative AI","Amplify"],"picked":"Buffer","floor":33},{"not_picked":["Coolheaded+1","Redo"],"picked":"Capacitor+1","floor":35},{"not_picked":["Beam Cell+1","Compile Driver+1"],"picked":"Scrape+1","floor":37},{"not_picked":["Coolheaded","Ball Lightning","Blizzard"],"picked":"SKIP","floor":39},{"not_picked":["Gash+1","Ball Lightning"],"picked":"Beam Cell+1","floor":40},{"not_picked":["Streamline+1","Rip and Tear+1","BootSequence+1"],"picked":"SKIP","floor":42},{"not_picked":["Hello World+1","Redo","Consume"],"picked":"SKIP","floor":44},{"not_picked":["BootSequence+1","Beam Cell+1"],"picked":"Machine Learning+1","floor":45},{"not_picked":["Darkness","Leap"],"picked":"Steam Power+1","floor":46},{"not_picked":["Sweeping Beam","Go for the Eyes"],"picked":"Conserve Battery+1","floor":47},{"not_picked":["Stack+1","Coolheaded"],"picked":"Conserve Battery+1","floor":48}],"player_experience":5382,"relics_obtained":[{"floor":6.0,"key":"Blood Vial"},{"floor":9.0,"key":"InkBottle"},{"floor":11.0,"key":"Ornamental Fan"},{"floor":14.0,"key":"Darkstone Periapt"},{"floor":24,"key":"Centennial Puzzle"},{"floor":26,"key":"Eternal Feather"},{"floor":27,"key":"Matryoshka"},{"floor":30,"key":"War Paint"},{"floor":40,"key":"Oddly Smooth Stone"},{"floor":43,"key":"Strawberry"},{"floor":43,"key":"Frozen Egg 2"},{"floor":47,"key":"Gremlin Horn"}],"event_choices":[{"damage_healed":0.0,"max_hp_gain":0.0,"max_hp_loss":0.0,"gold_gain":75.0,"event_name":"World of Goop","player_choice":"Gather Gold","floor":3.0,"gold_loss":0.0,"damage_taken":11.0},{"cards_removed":["Strike_B"],"damage_healed":0.0,"max_hp_gain":0.0,"max_hp_loss":0.0,"gold_gain":0.0,"event_name":"Purifier","player_choice":"Purged","floor":5.0,"gold_loss":0.0,"damage_taken":0.0},{"damage_healed":0,"gold_gain":0,"player_choice":"Ignored","damage_taken":0,"max_hp_gain":0,"max_hp_loss":0,"event_name":"The Mausoleum","floor":21,"gold_loss":0},{"damage_healed":0,"gold_gain":0,"player_choice":"Copied","damage_taken":0,"max_hp_gain":0,"max_hp_loss":0,"event_name":"Duplicator","floor":22,"gold_loss":0,"cards_obtained":["Tempest"]},{"damage_healed":0,"gold_gain":0,"player_choice":"Ignored","damage_taken":0,"max_hp_gain":0,"max_hp_loss":0,"event_name":"Tomb of Lord Red Mask","floor":36,"gold_loss":0}],"is_beta":false,"boss_relics":[{"not_picked":["Runic Dome","SacredBark"],"picked":"Ectoplasm"},{"not_picked":["Runic Pyramid","Nuclear Battery"],"picked":"Coffee Dripper"}],"items_purged_floors":[13,38],"is_endless":false,"potions_floor_spawned":[2,4,6,14,18,19,24,30,33,37,42,47,48],"ascension_level":0}}