{"host":"65a95dzim48ko8ke","time":1608982043,"event":{"mods":["BaseMod","DeckTracker","Minty Spire (QoL Compilation)","Quick Restart","Rare Cards Sparkle","Slay-I","Spicy Shops","StSLib"],"gold_per_floor":[11,11,24,24,40,67,80,110,178,192,220,244,244,277,277,375,375,385,395,395,395,26,55,67,107,107,133,172,201,229,238,238,352,352,373,402,2,29,51,51,88,112,112,112,171,197,206,248,248,248],"floor_reached":51,"playtime":3199,"items_purged":["Strike_P+1","Pain"],"score":1249,"play_id":"137f73c1-a674-4f34-9faa-046c5e99e1c0","local_time":"20201226202723","is_ascension_mode":true,"campfire_choices":[{"data":"Vigilance","floor":13,"key":"SMITH"},{"data":"TalkToTheHand","floor":15,"key":"SMITH"},{"floor":32,"key":"REST"},{"data":"Vault","floor":40,"key":"SMITH"},{"data":"Vault","floor":44,"key":"SMITH"},{"floor":49,"key":"REST"}],"circlet_count":0,"master_deck":["Defend_P+1","Defend_P+1","Defend_P+1","Defend_P+1","Eruption+1","Vigilance+1","EmptyBody","FlyingSleeves","Consecrate","Halt","SashWhip","Conclude","FollowUp","Wallop","FollowUp","TalkToTheHand+1","JustLucky","Vault+1","BowlingBash","FlurryOfBlows","Necronomicurse","Ragnarok","FlurryOfBlows","Wireheading","Protect","Conclude+1","CutThroughFate+1","SandsOfTime","BattleHymn","Study+1","Prostrate","ThirdEye+1","Vault","Weave","DeceiveReality+1","Ragnarok","EmptyBody+1","WheelKick","ThirdEye+1","Vault+1","Vengeance","Adaptation+1","DevaForm","FearNoEvil+1"],"relics":["PureWater","HornCleat","Pocketwatch","Gremlin Horn","Odd Mushroom","Akabeko","Lantern","Philosopher\u0027s Stone","Necronomicon","Blue Candle","CeramicFish","InkBottle","Bronze Scales","WarpedTongs","Cursed Key","Omamori","Potion Belt","Unceasing Top","FossilizedHelix","Thread and Needle"],"acts_visited":["Exordium","TheCity","TheBeyond"],"potions_floor_usage":[6,18,27,33,33,35,50,50,50],"damage_taken":[{"damage":0,"enemies":"Jaw Worm","floor":1,"turns":5},{"damage":0,"enemies":"Small Slimes","floor":3,"turns":4},{"damage":0,"enemies":"2 Louse","floor":5,"turns":2},{"damage":0,"enemies":"3 Sentries","floor":6,"turns":4},{"damage":0,"enemies":"Looter","floor":7,"turns":2},{"damage":2,"enemies":"Lagavulin","floor":8,"turns":5},{"damage":7,"enemies":"Exordium Wildlife","floor":10,"turns":2},{"damage":0,"enemies":"The Mushroom Lair","floor":11,"turns":2},{"damage":0,"enemies":"Gremlin Nob","floor":14,"turns":2},{"damage":0,"enemies":"Hexaghost","floor":16,"turns":7},{"damage":1,"enemies":"2 Thieves","floor":18,"turns":2},{"damage":0,"enemies":"Shell Parasite","floor":19,"turns":2},{"damage":0,"enemies":"Slavers","floor":23,"turns":3},{"damage":17,"enemies":"Shelled Parasite and Fungi","floor":24,"turns":5},{"damage":0,"enemies":"Gremlin Leader","floor":25,"turns":4},{"damage":21,"enemies":"Snake Plant","floor":27,"turns":4},{"damage":2,"enemies":"Book of Stabbing","floor":28,"turns":4},{"damage":0,"enemies":"Snecko","floor":29,"turns":4},{"damage":1,"enemies":"Centurion and Healer","floor":30,"turns":2},{"damage":14,"enemies":"Champ","floor":33,"turns":9},{"damage":1,"enemies":"3 Shapes","floor":35,"turns":1},{"damage":2,"enemies":"Orb Walker","floor":36,"turns":2},{"damage":9,"enemies":"Spire Growth","floor":38,"turns":5},{"damage":0,"enemies":"Jaw Worm Horde","floor":39,"turns":3},{"damage":0,"enemies":"Nemesis","floor":41,"turns":2},{"damage":0,"enemies":"Transient","floor":42,"turns":6},{"damage":0,"enemies":"Mind Bloom Boss Battle","floor":45,"turns":2},{"damage":0,"enemies":"4 Shapes","floor":46,"turns":2},{"damage":0,"enemies":"Giant Head","floor":48,"turns":6},{"damage":5,"enemies":"Donu and Deca","floor":50,"turns":6}],"seed_played":"-1709115822035520581","potions_obtained":[{"floor":3,"key":"DistilledChaos"},{"floor":7,"key":"BottledMiracle"},{"floor":8,"key":"Explosive Potion"},{"floor":14,"key":"Swift Potion"},{"floor":24,"key":"DistilledChaos"},{"floor":28,"key":"Dexterity Potion"},{"floor":33,"key":"PowerPotion"},{"floor":38,"key":"PowerPotion"},{"floor":39,"key":"EssenceOfSteel"},{"floor":46,"key":"Block Potion"},{"floor":48,"key":"AttackPotion"}],"is_trial":false,"path_per_floor":["M","?","M","?","M","E","M","E","T","M","?","T","R","E","R","B",null,"M","M","?","?","$","E","M","E","T","M","E","M","M","?","R","B",null,"M","M","$","M","M","R","E","M","T","R","?","M","?","E","R","B",null],"character_chosen":"WATCHER","items_purchased":["Ragnarok","FlurryOfBlows","Wireheading","Protect","Omamori","Ragnarok"],"campfire_rested":2,"item_purchase_floors":[22,22,22,22,37,37],"current_hp_per_floor":[72,72,72,58,58,58,58,56,56,49,49,49,49,49,49,49,66,65,65,49,49,49,49,32,32,32,11,9,9,8,8,29,15,58,57,55,55,46,46,46,46,46,46,46,46,46,46,46,67,62],"gold":248,"neow_bonus":"TRANSFORM_TWO_CARDS","is_daily":false,"chose_seed":false,"campfire_upgraded":4,"win_rate":0.0,"timestamp":1608982043,"path_taken":["M","?","M","?","M","E","M","E","T","M","?","?","R","E","R","BOSS","M","M","?","?","$","E","M","E","T","?","E","M","M","?","R","BOSS","M","M","$","M","?","R","E","M","T","R","?","M","?","E","R","BOSS"],"items_purchased_type":["Card","Card","Card","Card","Relic","Card"],"build_version":"2020-12-22","purchased_purges":2,"victory":true,"max_hp_per_floor":[72,72,72,72,72,72,72,72,72,72,72,72,72,72,72,72,72,72,72,72,72,72,72,72,72,72,72,72,72,72,72,72,72,72,72,72,72,72,72,72,72,72,72,72,72,72,72,72,72,72],"card_choices":[{"not_picked":["PathToVictory","Crescendo"],"picked":"Consecrate","floor":1},{"not_picked":["Pray","Swivel"],"picked":"Halt","floor":3},{"not_picked":["CutThroughFate","Evaluate"],"picked":"SashWhip","floor":5},{"not_picked":["ReachHeaven","CutThroughFate"],"picked":"Conclude","floor":6},{"not_picked":["EmptyFist","CrushJoints"],"picked":"FollowUp","floor":7},{"not_picked":["CrushJoints","DevaForm"],"picked":"Wallop","floor":8},{"not_picked":["CarveReality","ThirdEye"],"picked":"FollowUp","floor":10},{"not_picked":["Prostrate","Study"],"picked":"TalkToTheHand","floor":11},{"not_picked":["WreathOfFlame","FlyingSleeves"],"picked":"JustLucky","floor":14},{"not_picked":["Judgement","Establishment"],"picked":"Vault","floor":16},{"not_picked":["Nirvana+1","InnerPeace+1"],"picked":"BowlingBash","floor":18},{"not_picked":["ThirdEye","FollowUp"],"picked":"FlurryOfBlows","floor":19},{"not_picked":["Pray","Consecrate+1"],"picked":"Conclude+1","floor":23},{"not_picked":["BowlingBash","Halt"],"picked":"CutThroughFate+1","floor":24},{"not_picked":["Devotion","Protect"],"picked":"SandsOfTime","floor":25},{"not_picked":["Crescendo+1","Prostrate"],"picked":"BattleHymn","floor":27},{"not_picked":["FollowUp","JustLucky"],"picked":"Study+1","floor":28},{"not_picked":["InnerPeace+1","Meditate+1"],"picked":"Prostrate","floor":29},{"not_picked":["CutThroughFate","Consecrate"],"picked":"ThirdEye+1","floor":30},{"not_picked":["ConjureBlade","Blasphemy"],"picked":"Vault","floor":33},{"not_picked":["SashWhip","Nirvana"],"picked":"Weave","floor":35},{"not_picked":["ThirdEye+1","Crescendo"],"picked":"DeceiveReality+1","floor":36},{"not_picked":["Evaluate","FollowUp"],"picked":"EmptyBody+1","floor":38},{"not_picked":["CutThroughFate+1","WaveOfTheHand+1"],"picked":"WheelKick","floor":39},{"not_picked":["CarveReality","Meditate"],"picked":"ThirdEye+1","floor":41},{"not_picked":["CutThroughFate+1","CrushJoints"],"picked":"Vault","floor":42},{"not_picked":["ThirdEye","EmptyFist"],"picked":"Vengeance","floor":45},{"not_picked":["SashWhip+1","BowlingBash"],"picked":"Adaptation+1","floor":46},{"not_picked":["ThirdEye","Consecrate+1"],"picked":"FearNoEvil+1","floor":48}],"player_experience":277719,"relics_obtained":[{"floor":6,"key":"HornCleat"},{"floor":8,"key":"Pocketwatch"},{"floor":9,"key":"Gremlin Horn"},{"floor":11,"key":"Odd Mushroom"},{"floor":12,"key":"Akabeko"},{"floor":14,"key":"Lantern"},{"floor":20,"key":"Necronomicon"},{"floor":23,"key":"Blue Candle"},{"floor":25,"key":"CeramicFish"},{"floor":26,"key":"InkBottle"},{"floor":28,"key":"Bronze Scales"},{"floor":41,"key":"Potion Belt"},{"floor":43,"key":"Unceasing Top"},{"floor":45,"key":"FossilizedHelix"},{"floor":48,"key":"Thread and Needle"}],"event_choices":[{"cards_removed":["Strike_P"],"damage_healed":0,"gold_gain":0,"player_choice":"Forget","damage_taken":0,"max_hp_gain":0,"max_hp_loss":0,"event_name":"Living Wall","floor":2,"gold_loss":0},{"damage_healed":0,"gold_gain":0,"player_choice":"Entered Light","damage_taken":14,"max_hp_gain":0,"max_hp_loss":0,"event_name":"Shining Light","floor":4,"gold_loss":0,"cards_upgraded":["Defend_P","Eruption"]},{"damage_healed":0,"gold_gain":0,"player_choice":"Fought Mushrooms","damage_taken":0,"max_hp_gain":0,"max_hp_loss":0,"event_name":"Mushrooms","floor":11,"gold_loss":0},{"damage_healed":0,"gold_gain":0,"player_choice":"Obtained Book","damage_taken":16,"max_hp_gain":0,"max_hp_loss":0,"event_name":"Cursed Tome","floor":20,"gold_loss":0},{"damage_healed":0,"gold_gain":0,"player_choice":"Simplicity","damage_taken":0,"max_hp_gain":0,"max_hp_loss":0,"event_name":"Back to Basics","floor":21,"gold_loss":0,"cards_upgraded":["Strike_P","Defend_P","Defend_P","Defend_P"]},{"damage_healed":0,"gold_gain":0,"player_choice":"Rummage","damage_taken":0,"relics_obtained":["WarpedTongs"],"max_hp_gain":0,"max_hp_loss":0,"event_name":"Accursed Blacksmith","floor":31,"gold_loss":0,"cards_obtained":["Pain"]},{"damage_healed":0,"gold_gain":0,"player_choice":"Fight","damage_taken":0,"max_hp_gain":0,"max_hp_loss":0,"event_name":"MindBloom","floor":45,"gold_loss":0},{"damage_healed":0,"gold_gain":0,"player_choice":"1 cards matched","damage_taken":0,"max_hp_gain":0,"max_hp_loss":0,"event_name":"Match and Keep!","floor":47,"gold_loss":0,"cards_obtained":["DevaForm"]}],"is_beta":false,"boss_relics":[{"not_picked":["Black Star","Pandora\u0027s Box"],"picked":"Philosopher\u0027s Stone"},{"not_picked":["Coffee Dripper","SlaversCollar"],"picked":"Cursed Key"}],"items_purged_floors":[22,37],"is_endless":false,"potions_floor_spawned":[3,7,8,14,24,25,28,33,38,39,46,48],"ascension_level":5}}