{"host":"Jean","time":1608996064,"event":{"mods":["BaseMod","Custom Start","Hubris","Minty Spire (QoL Compilation)","Replay The Spire","StSLib"],"gold_per_floor":[111,22,39,39,55,55,84,102,102,172,172,206,206,217,217,312,312,329,342,342,267,279,311,311,311,385,385,285,160,160,180,180,282,282,293,310,160,160,160,195,195,220,245,70,70,90,90,90,90,90],"floor_reached":51,"playtime":2392,"items_purged":["Clash","Parasite","Battle Trance","Battle Trance","Sickly"],"score":879,"play_id":"20c384a8-81a7-4ce7-9066-d443860e4565","local_time":"20201226232104","daily_mods":["Draft"],"is_ascension_mode":true,"campfire_choices":[{"data":"Heavy Blade","floor":6.0,"key":"SMITH"},{"data":"Armaments","floor":11.0,"key":"SMITH"},{"floor":13.0,"key":"REST"},{"data":"Massacre","floor":15.0,"key":"SMITH"},{"data":"Spot Weakness","floor":24.0,"key":"SMITH"},{"data":"Clash","floor":32,"key":"PURGE"},{"data":"Heavy Blade","floor":41,"key":"SMITH"},{"floor":45,"key":"REST"},{"floor":49,"key":"REST"}],"circlet_count":0,"master_deck":["hubris:ReadiedAction","Iron Wave","Metallicize","Spot Weakness+1","Inflame","Heavy Blade+1","Armaments+1","Heavy Blade+1","Sentinel","Flash of Steel","ReplayTheSpireMod:Stacked","Massacre+1","hubris:StunningStrike","Necronomicurse","Limit Break+1","Body Slam+1","hubris:CleavingFinish+1","Battle Trance+1","Metallicize+1","True Grit+1","Replay:Parry"],"relics":["Burning Blood","hubris:Icosahedron","ReplayTheSpireMod:Spearhead","Replay:WaspNest","Blue Doll","Bronze Scales","Cursed Key","Akabeko","Necronomicon","ReplayTheSpireMod:Ninjato","Mango","Astrolabe","Blood Vial","Replay:Bottled Flurry","Potion Belt"],"acts_visited":["Exordium","TheCity","TheBeyond"],"potions_floor_usage":[50,50,50,50],"damage_taken":[{"damage":0.0,"enemies":"2 Louse","floor":1.0,"turns":2.0},{"damage":12.0,"enemies":"Jaw Worm","floor":3.0,"turns":2.0},{"damage":12.0,"enemies":"Small Slimes","floor":5.0,"turns":3.0},{"damage":8.0,"enemies":"Lagavulin","floor":7.0,"turns":6.0},{"damage":11.0,"enemies":"Blue Slaver","floor":8.0,"turns":2.0},{"damage":13.0,"enemies":"Gremlin Nob","floor":12.0,"turns":3.0},{"damage":7.0,"enemies":"Exordium Wildlife","floor":14.0,"turns":3.0},{"damage":0.0,"enemies":"Slime Boss","floor":16.0,"turns":6.0},{"damage":7.0,"enemies":"Shell Parasite","floor":18.0,"turns":3.0},{"damage":17.0,"enemies":"2 Thieves","floor":19.0,"turns":2.0},{"damage":18.0,"enemies":"Centurion and Healer","floor":22.0,"turns":3.0},{"damage":18.0,"enemies":"Gremlin Leader","floor":23.0,"turns":4.0},{"damage":0,"enemies":"Snake Plant","floor":31,"turns":1},{"damage":13,"enemies":"Automaton","floor":33,"turns":6},{"damage":0,"enemies":"Orb Walker","floor":35,"turns":1},{"damage":17,"enemies":"3 Darklings","floor":36,"turns":4},{"damage":23,"enemies":"Nemesis","floor":40,"turns":5},{"damage":23,"enemies":"Reptomancer","floor":42,"turns":4},{"damage":21,"enemies":"Writhing Mass","floor":46,"turns":3},{"damage":88,"enemies":"Awakened One","floor":50,"turns":6}],"seed_played":"-5771976206378329648","potions_obtained":[{"floor":5.0,"key":"BlessingOfTheForge"},{"floor":7.0,"key":"PowerPotion"},{"floor":8.0,"key":"Reflective Coating"},{"floor":10.0,"key":"HeartOfIron"},{"floor":22.0,"key":"Dexterity Potion"},{"floor":30.0,"key":"SteroidPotion"},{"floor":30.0,"key":"Regen Potion"},{"floor":46,"key":"Regen Potion"}],"is_trial":true,"path_per_floor":["M","$","M","?","M","R","E","M","T","?","R","E","R","M","R","B",null,"M","M","?","$","M","E","R","?","T","?","$","$","?","M","R","B",null,"M","M","$","?","?","E","R","E","T","$","R","M","?","$","R","B",null],"character_chosen":"IRONCLAD","items_purchased":["Flash of Steel"],"campfire_rested":3,"item_purchase_floors":[2],"current_hp_per_floor":[80,80,74,74,68,68,66,61,61,29,29,22,46,45,45,51,80,79,68,68,68,56,44,44,28,28,42,42,42,42,48,48,41,91,91,80,80,80,80,63,63,48,48,48,75,62,62,62,89,36],"gold":90,"neow_bonus":"","is_daily":false,"chose_seed":false,"campfire_upgraded":5,"win_rate":0.0,"timestamp":1608996064,"path_taken":["M","$","M","?","M","R","E","M","T","?","R","E","R","M","R","BOSS","M","M","?","$","M","E","R","?","T","?","?","$","?","M","R","BOSS","M","M","$","?","?","E","R","E","T","$","R","M","?","$","R","BOSS"],"items_purchased_type":["Card"],"build_version":"2020-12-18","purchased_purges":5,"victory":true,"max_hp_per_floor":[80,80,80,80,80,80,80,80,80,80,80,80,80,80,80,80,80,80,80,80,80,80,80,80,80,80,94,91,91,91,91,91,91,91,91,91,91,91,91,91,91,91,91,91,91,91,91,91,91,91],"card_choices":[{"not_picked":["Thunderclap","ReplayTheSpireMod:Muscle Training"],"picked":"hubris:ReadiedAction","floor":0.0},{"not_picked":["Havoc","Sword Boomerang"],"picked":"Iron Wave","floor":0.0},{"not_picked":["hubris:SharpeningStone","ReplayTheSpireMod:Limb From Limb"],"picked":"Battle Trance","floor":0.0},{"not_picked":["Evolve","Infernal Blade"],"picked":"Metallicize","floor":0.0},{"not_picked":["Anger","True Grit"],"picked":"Clash","floor":0.0},{"not_picked":["Replay:Undeath\u0027s Touch","Clothesline"],"picked":"Spot Weakness","floor":0.0},{"not_picked":["Havoc","Thunderclap"],"picked":"Inflame","floor":0.0},{"not_picked":["Pommel Strike","Replay:Undeath\u0027s Touch"],"picked":"Heavy Blade","floor":0.0},{"not_picked":["Sword Boomerang","Seeing Red"],"picked":"Clash","floor":0.0},{"not_picked":["hubris:ReadiedAction","Flex"],"picked":"Armaments","floor":0.0},{"not_picked":["Clothesline","True Grit"],"picked":"Heavy Blade","floor":0.0},{"not_picked":["Life Link","Rupture"],"picked":"Sentinel","floor":0.0},{"not_picked":["Evolve","Pommel Strike"],"picked":"Battle Trance","floor":0.0},{"not_picked":["Anger","Fire Breathing"],"picked":"Disarm","floor":0.0},{"not_picked":["Life Link","Dual Wield"],"picked":"Cleave","floor":0.0},{"not_picked":["Armaments","Evolve","Clothesline"],"picked":"SKIP","floor":1.0},{"not_picked":["ReplayTheSpireMod:Strike From Hell","True Grit"],"picked":"ReplayTheSpireMod:Stacked","floor":3.0},{"not_picked":["Replay:Undeath\u0027s Touch","Pommel Strike","ReplayTheSpireMod:Muscle Training"],"picked":"SKIP","floor":5.0},{"not_picked":["Replay:Undeath\u0027s Touch","Cleave","Armaments"],"picked":"SKIP","floor":7.0},{"not_picked":["Replay:Undeath\u0027s Touch","Shrug It Off"],"picked":"Massacre","floor":8.0},{"not_picked":["Clothesline","Flex"],"picked":"hubris:CleavingFinish","floor":12.0},{"not_picked":["hubris:CleavingFinish","Bloodletting","Cleave"],"picked":"SKIP","floor":14.0},{"not_picked":["Sword Boomerang","True Grit","Wild Strike+1"],"picked":"SKIP","floor":18.0},{"not_picked":["Havoc","Rage","Flame Barrier"],"picked":"SKIP","floor":19.0},{"not_picked":["Sword Boomerang","Immolate","Perfected Strike"],"picked":"SKIP","floor":22.0},{"not_picked":["Cleave","ReplayTheSpireMod:LeadingStrike"],"picked":"hubris:StunningStrike","floor":23.0},{"not_picked":["Defy Death","Sentinel","Shrug It Off"],"picked":"SKIP","floor":31},{"not_picked":["Demon Form","Exhume"],"picked":"Limit Break","floor":33},{"not_picked":["ReplayReversal","Anger"],"picked":"Metallicize+1","floor":35},{"not_picked":["Infernal Blade+1","Anger+1"],"picked":"True Grit+1","floor":36},{"not_picked":["Swift Strike","Midas Touch"],"picked":"Replay:Parry","floor":38},{"not_picked":["Combust+1","Dual Wield+1","Reckless Charge+1"],"picked":"SKIP","floor":40},{"not_picked":["Eclipse","Bloodletting","Pommel Strike+1"],"picked":"SKIP","floor":42},{"not_picked":["hubris:SharpeningStone","Cleave+1","Anger+1"],"picked":"SKIP","floor":46}],"player_experience":188269,"relics_obtained":[{"floor":7.0,"key":"ReplayTheSpireMod:Spearhead"},{"floor":9.0,"key":"Replay:WaspNest"},{"floor":10.0,"key":"Blue Doll"},{"floor":12.0,"key":"Bronze Scales"},{"floor":23.0,"key":"Akabeko"},{"floor":25.0,"key":"Necronomicon"},{"floor":26.0,"key":"ReplayTheSpireMod:Ninjato"},{"floor":40,"key":"Blood Vial"},{"floor":42,"key":"Replay:Bottled Flurry"},{"floor":43,"key":"Potion Belt"}],"event_choices":[{"damage_healed":0.0,"max_hp_gain":0.0,"max_hp_loss":0.0,"gold_gain":0.0,"event_name":"Vampires","player_choice":"Ignored","floor":20.0,"gold_loss":0.0,"damage_taken":0.0},{"damage_healed":0.0,"max_hp_gain":0.0,"max_hp_loss":0.0,"gold_gain":0.0,"event_name":"Cursed Tome","player_choice":"Obtained Book","floor":25.0,"gold_loss":0.0,"damage_taken":16.0},{"damage_healed":0.0,"max_hp_gain":0.0,"max_hp_loss":0.0,"gold_gain":0.0,"event_name":"Lab","player_choice":"Got Potions","floor":30.0,"gold_loss":0.0,"damage_taken":0.0},{"damage_healed":0,"gold_gain":0,"player_choice":"Memory 1","damage_taken":0,"max_hp_gain":0,"max_hp_loss":0,"event_name":"SensoryStone","floor":38,"gold_loss":0}],"is_beta":true,"boss_relics":[{"not_picked":["Tiny House","Snecko Heart"],"picked":"Cursed Key"},{"not_picked":["Ooze Armor","Replay:Wanted Poster"],"picked":"Astrolabe"}],"items_purged_floors":[21,28,29,37,44],"is_endless":false,"potions_floor_spawned":[5,7,8,16,19,22,23,33,35,42,46],"ascension_level":2}}