{"host":"uflv0e3ja7hvnij7","time":1608982116,"event":{"mods":["Aspiration","BaseMod","Better Altar","Better Match","Better Note","Better Sensory Stone","Better Skull","Better Third Choice","Hubris","Infinite Spire","Minty Spire (QoL Compilation)","Permanent Neow","Replay The Spire","Shop Mod","StSLib"],"gold_per_floor":[112,112,129,129,129,129,203,214,239,10,28,43,43,43,43,141,141,141,141,141,141,141,141,141,41,41,41,41,41,41,41,41,41,41,41,41,41,41,41,41,41,41,41,41,41,41,41,41,41,41,41],"floor_reached":50,"playtime":2307,"items_purged":["Replay:Poison Smokescreen","Defend_R","Bash"],"score":568,"play_id":"3d9fb981-0df5-4ff6-b2f6-79009da137f5","local_time":"20201226062836","is_ascension_mode":true,"campfire_choices":[{"data":"Perfected Strike","floor":6,"key":"SMITH"},{"data":"Leg Sweep","floor":13,"key":"SMITH"},{"data":"Violence","floor":15,"key":"SMITH"},{"data":"hubris:StunningStrike","floor":23,"key":"SMITH"},{"floor":30,"key":"REST"},{"floor":32,"key":"REST"},{"data":"infinitespire:Fortify","floor":40,"key":"SMITH"},{"floor":49,"key":"REST"}],"circlet_count":0,"master_deck":["Strike_R","Strike_R","Strike_R","Strike_R","Violence+1","Headbutt","Perfected Strike+1","Leg Sweep+1","ReplayTheSpireMod:Strike From Hell","Perfected Strike+1","Warcry","Twin Strike","hubris:StunningStrike+1","Wild Strike","Pommel Strike","Wild Strike+1","infinitespire:Fortify+1","Pommel Strike+1"],"relics":["Burning Blood","hubris:Metronome","Pen Nib","DollysMirror","Ectoplasm","infinitespire:BottledMercury","Shuriken","Ring of Chaos","aspiration:TomeofQuesting","Toy Ornithopter","Ice Cream"],"acts_visited":["Exordium","TheCity","TheBeyond"],"potions_floor_usage":[24],"damage_taken":[{"damage":8,"enemies":"Jaw Worm","floor":1,"turns":4},{"damage":0,"enemies":"Small Slimes","floor":3,"turns":3},{"damage":3,"enemies":"2 Louse","floor":8,"turns":2},{"damage":0,"enemies":"Looter","floor":11,"turns":2},{"damage":8,"enemies":"Blue Slaver","floor":12,"turns":2},{"damage":52,"enemies":"The Guardian","floor":16,"turns":7},{"damage":12,"enemies":"Chosen","floor":18,"turns":2},{"damage":0,"enemies":"Spheric Guardian","floor":20,"turns":2},{"damage":12,"enemies":"Snake Plant","floor":24,"turns":2},{"damage":20,"enemies":"Shelled Parasite and Fungi","floor":27,"turns":3},{"damage":16,"enemies":"3 Cultists","floor":28,"turns":4},{"damage":0,"enemies":"Snake Plant","floor":29,"turns":2},{"damage":19,"enemies":"Book of Stabbing","floor":31,"turns":5},{"damage":17,"enemies":"Champ","floor":33,"turns":6},{"damage":10,"enemies":"3 Darklings","floor":35,"turns":4},{"damage":10,"enemies":"3 Shapes","floor":39,"turns":3},{"damage":18,"enemies":"Spire Growth","floor":42,"turns":4},{"damage":18,"enemies":"Writhing Mass","floor":44,"turns":4},{"damage":12,"enemies":"3 Darklings","floor":45,"turns":3},{"damage":0,"enemies":"Transient","floor":48,"turns":5},{"damage":92,"enemies":"LordOfAnnihilation","floor":50,"turns":8}],"seed_played":"2302912924134503353","potions_obtained":[{"floor":3,"key":"Ancient Potion"},{"floor":8,"key":"ColorlessPotion"},{"floor":12,"key":"BloodPotion"},{"floor":16,"key":"LifebloodPotion"},{"floor":27,"key":"EntropicBrew"}],"is_trial":false,"path_per_floor":["M","?","M","?","?","R","T","M","T","$","M","M","R","?","R","B",null,"M","?","M","?","?","R","M","$","T","M","M","M","R","E","R","B",null,"M","AVR","?","?","M","R","?","M","T","M","M","T","$","M","R","B"],"character_chosen":"IRONCLAD","items_purchased":["DollysMirror"],"campfire_rested":3,"item_purchase_floors":[10],"current_hp_per_floor":[70,75,77,77,77,77,77,77,77,77,77,75,75,75,75,29,65,59,59,65,65,65,65,59,59,59,45,35,41,64,51,74,63,74,70,70,70,70,66,66,66,54,54,42,36,36,36,42,65,0,0],"gold":41,"neow_bonus":"RANDOM_COLORLESS_2","is_daily":false,"chose_seed":false,"campfire_upgraded":5,"win_rate":0.0,"timestamp":1608982116,"path_taken":["M","?","M","?","?","R","?","?","T","$","M","M","R","?","R","BOSS","M","?","M","?","?","R","M","$","T","M","M","?","R","E","R","BOSS","M","AVR","?","?","M","R","?","M","T","M","M","?","$","M","R","BOSS"],"items_purchased_type":["Relic"],"build_version":"2020-12-22","purchased_purges":3,"victory":false,"max_hp_per_floor":[72,77,77,77,77,77,77,77,77,77,77,77,77,77,77,77,77,77,77,77,77,77,77,77,77,77,77,77,77,77,77,77,77,77,77,77,77,77,77,77,77,77,77,77,77,77,77,77,77,77,77],"card_choices":[{"not_picked":["Mayhem","Sadistic Nature"],"picked":"Violence","floor":0},{"not_picked":["Run Through","ReplayTheSpireMod:Strike From Hell","Defy Death"],"picked":"SKIP","floor":1},{"not_picked":["Run Through","Clothesline"],"picked":"Headbutt","floor":3},{"not_picked":["Anger","Rupture"],"picked":"ReplayTheSpireMod:Strike From Hell","floor":8},{"not_picked":["Abandon","Heavy Blade"],"picked":"Warcry","floor":11},{"not_picked":["Headbutt","Eclipse"],"picked":"Twin Strike","floor":12},{"not_picked":["Eclipse","Demon Form"],"picked":"hubris:StunningStrike","floor":16},{"not_picked":["Metallicize","Cleave"],"picked":"Wild Strike","floor":18},{"not_picked":["Clothesline","hubris:ReadiedAction","Combust"],"picked":"SKIP","floor":20},{"not_picked":["Thunderclap","Sentinel","Iron Wave"],"picked":"SKIP","floor":24},{"not_picked":["Heavy Blade","Run Through","Reaper"],"picked":"SKIP","floor":27},{"not_picked":["Anger","Blood for Blood","Uppercut"],"picked":"SKIP","floor":28},{"not_picked":["Sentinel","Iron Wave","hubris:ReadiedAction"],"picked":"SKIP","floor":29},{"not_picked":["Warcry+1","Heavy Blade+1"],"picked":"Pommel Strike","floor":31},{"not_picked":["hubris:SharpeningStone","ReplayTheSpireMod:Strike From Hell+1"],"picked":"Wild Strike+1","floor":35},{"not_picked":["Havoc+1","Thunderclap+1"],"picked":"Pommel Strike+1","floor":39},{"not_picked":["Power Through+1","Thunderclap+1","Run Through"],"picked":"SKIP","floor":42},{"not_picked":["Wild Strike","Pummel+1","Clash"],"picked":"SKIP","floor":44},{"not_picked":["Life Link","Clash","Sword Boomerang"],"picked":"SKIP","floor":45},{"not_picked":["Shockwave","Bludgeon","Flex"],"picked":"SKIP","floor":48}],"player_experience":402864,"relics_obtained":[{"floor":7,"key":"hubris:Metronome"},{"floor":9,"key":"Pen Nib"},{"floor":26,"key":"infinitespire:BottledMercury"},{"floor":31,"key":"Shuriken"},{"floor":43,"key":"Toy Ornithopter"},{"floor":46,"key":"Ice Cream"}],"event_choices":[{"damage_healed":0,"gold_gain":0,"player_choice":"Donut","damage_taken":0,"max_hp_gain":5,"max_hp_loss":0,"event_name":"Big Fish","floor":2,"gold_loss":0},{"damage_healed":0,"gold_gain":0,"player_choice":"Leave","damage_taken":0,"max_hp_gain":0,"max_hp_loss":0,"event_name":"The Cleric","floor":14,"gold_loss":0},{"damage_healed":0,"gold_gain":0,"player_choice":"Ignored","damage_taken":0,"max_hp_gain":0,"max_hp_loss":0,"event_name":"Vampires","floor":21,"gold_loss":0},{"cards_removed":["Outmaneuver"],"damage_healed":0,"gold_gain":0,"player_choice":"Purged","damage_taken":0,"max_hp_gain":0,"max_hp_loss":0,"event_name":"Purifier","floor":22,"gold_loss":0},{"damage_healed":0,"gold_gain":0,"player_choice":"Ignored","damage_taken":0,"max_hp_gain":0,"max_hp_loss":0,"event_name":"Mysterious Sphere","floor":37,"gold_loss":0},{"cards_removed":["Strike_R"],"damage_healed":0,"gold_gain":0,"player_choice":"Removed Attack","damage_taken":0,"max_hp_gain":0,"max_hp_loss":0,"event_name":"Falling","floor":38,"gold_loss":0}],"is_beta":false,"boss_relics":[{"not_picked":["Runic Dome","aspiration:RitualDagger"],"picked":"Ectoplasm"},{"not_picked":["Calling Bell","Coffee Dripper"],"picked":"Ring of Chaos"}],"items_purged_floors":[10,25,36],"is_endless":false,"potions_floor_spawned":[3,8,12,16,20,27,31,33,42,48],"killed_by":"LordOfAnnihilation","ascension_level":5}}