{"host":"i09pxcjttd31eh4q","time":1608992346,"event":{"mods":["AchievementEnabler","BaseMod","Colored Map","Keyboard Shortcuts","Minty Spire (QoL Compilation)","StSLib","SuperFastMode"],"gold_per_floor":[112,37,37,37,49,75,88,102,102,102,135,135,60,85,85,85,85],"floor_reached":16,"playtime":284,"items_purged":["Strike_P"],"score":286,"play_id":"44b0905e-9871-45e5-adc0-e0116a1f7dba","local_time":"20201226231906","is_ascension_mode":true,"campfire_choices":[{"data":"Eruption","floor":10,"key":"SMITH"},{"floor":12,"key":"REST"},{"data":"MentalFortress","floor":15,"key":"SMITH"}],"circlet_count":0,"master_deck":["AscendersBane","Strike_P","Strike_P","Defend_P","Defend_P","Defend_P","Eruption+1","Vigilance","Evaluate","EmptyFist","MentalFortress+1"],"relics":["PureWater","NeowsBlessing","Ginger","Pantograph","StrikeDummy","Centennial Puzzle"],"acts_visited":["Exordium"],"potions_floor_usage":[8,14,16],"damage_taken":[{"damage":0,"enemies":"2 Louse","floor":1,"turns":1},{"damage":0,"enemies":"Jaw Worm","floor":5,"turns":1},{"damage":0,"enemies":"3 Sentries","floor":6,"turns":1},{"damage":0,"enemies":"Cultist","floor":7,"turns":4},{"damage":4,"enemies":"Red Slaver","floor":8,"turns":6},{"damage":56,"enemies":"Lagavulin","floor":11,"turns":7},{"damage":6,"enemies":"3 Sentries","floor":14,"turns":10},{"damage":40,"enemies":"Hexaghost","floor":16,"turns":10}],"seed_played":"-7218785271703542153","potions_obtained":[{"floor":5,"key":"BlessingOfTheForge"},{"floor":11,"key":"Explosive Potion"},{"floor":14,"key":"AttackPotion"}],"is_trial":false,"path_per_floor":["M","?","$","?","M","E","M","M","T","R","E","R","$","E","R","B"],"character_chosen":"WATCHER","items_purchased":[],"campfire_rested":1,"item_purchase_floors":[],"current_hp_per_floor":[61,61,61,61,61,61,61,57,57,57,1,21,21,15,15,0,0],"gold":85,"neow_bonus":"THREE_ENEMY_KILL","is_daily":false,"chose_seed":false,"campfire_upgraded":2,"win_rate":0.0,"timestamp":1608992346,"path_taken":["M","?","$","?","M","E","M","?","T","R","E","R","?","E","R","BOSS"],"items_purchased_type":[],"build_version":"2020-12-22","purchased_purges":1,"victory":false,"max_hp_per_floor":[68,68,68,68,68,68,68,68,68,68,68,68,68,68,68,68,68],"card_choices":[{"not_picked":["FlyingSleeves","CrushJoints","SignatureMove"],"picked":"SKIP","floor":1},{"not_picked":["Protect","ClearTheMind","FlurryOfBlows"],"picked":"SKIP","floor":5},{"not_picked":["Crescendo","Swivel"],"picked":"Evaluate","floor":6},{"not_picked":["WaveOfTheHand","Wireheading","ClearTheMind"],"picked":"SKIP","floor":7},{"not_picked":["Evaluate","ClearTheMind","Crescendo"],"picked":"SKIP","floor":8},{"not_picked":["Indignation","Sanctity"],"picked":"EmptyFist","floor":11},{"not_picked":["Sanctity","JustLucky"],"picked":"MentalFortress","floor":14}],"player_experience":779912,"relics_obtained":[{"floor":6,"key":"Ginger"},{"floor":9,"key":"Pantograph"},{"floor":11,"key":"StrikeDummy"},{"floor":14,"key":"Centennial Puzzle"}],"event_choices":[{"cards_removed":["Strike_P"],"damage_healed":0,"gold_gain":0,"player_choice":"Card Removal","damage_taken":0,"max_hp_gain":0,"max_hp_loss":0,"event_name":"The Cleric","floor":2,"gold_loss":75},{"cards_removed":["Defend_P"],"damage_healed":0,"gold_gain":0,"player_choice":"Purged","damage_taken":0,"max_hp_gain":0,"max_hp_loss":0,"event_name":"Purifier","floor":4,"gold_loss":0}],"is_beta":false,"boss_relics":[],"items_purged_floors":[13],"is_endless":false,"potions_floor_spawned":[5,11,14],"killed_by":"Hexaghost","ascension_level":20}}