{"host":"7l2t4psy44vpcd9q","time":1608983547,"event":{"mods":["AchievementEnabler","BaseMod","DeckTracker","Minty Spire (QoL Compilation)","SuperFastMode"],"gold_per_floor":[111,127,52,65,65,98,111,161,161,161,179,179,179,179],"floor_reached":13,"playtime":441,"items_purged":["Injury"],"score":170,"play_id":"7c9bb190-acf2-4396-a467-0a8d5905613e","local_time":"20201226205227","is_ascension_mode":true,"campfire_choices":[{"floor":10,"key":"REST"},{"floor":12,"key":"REST"}],"circlet_count":0,"master_deck":["AscendersBane","Strike_G","Strike_G","Strike_G","Strike_G","Strike_G","Defend_G","Defend_G","Defend_G","Defend_G","Defend_G","Survivor","Neutralize","Dash","Quick Slash","Dodge and Roll","Flying Knee","Dodge and Roll"],"relics":["Ring of the Snake","Peace Pipe","Golden Idol","Blood Vial","Akabeko"],"acts_visited":["Exordium"],"potions_floor_usage":[6,6],"damage_taken":[{"damage":8,"enemies":"Jaw Worm","floor":1,"turns":6},{"damage":0,"enemies":"2 Louse","floor":2,"turns":5},{"damage":0,"enemies":"Cultist","floor":4,"turns":3},{"damage":41,"enemies":"Lagavulin","floor":6,"turns":7},{"damage":3,"enemies":"Exordium Wildlife","floor":7,"turns":6},{"damage":8,"enemies":"Looter","floor":11,"turns":3},{"damage":54,"enemies":"Gremlin Nob","floor":13,"turns":4}],"seed_played":"775359996973665655","potions_obtained":[{"floor":1,"key":"CultistPotion"},{"floor":4,"key":"Fire Potion"},{"floor":11,"key":"Ancient Potion"}],"is_trial":false,"path_per_floor":["M","M","$","M","?","E","M","?","T","R","M","R","E"],"character_chosen":"THE_SILENT","items_purchased":[],"campfire_rested":2,"item_purchase_floors":[],"current_hp_per_floor":[51,51,51,51,51,10,9,9,9,27,21,39,0,0],"gold":179,"neow_bonus":"ONE_RARE_RELIC","is_daily":false,"chose_seed":false,"campfire_upgraded":0,"win_rate":0.0,"timestamp":1608983547,"path_taken":["M","M","$","M","?","E","M","?","T","R","?","R","E"],"items_purchased_type":[],"build_version":"2020-12-22","purchased_purges":1,"victory":false,"max_hp_per_floor":[66,66,66,66,60,60,60,60,60,60,60,60,60,60],"card_choices":[{"not_picked":["Sucker Punch","Expertise"],"picked":"Dash","floor":1},{"not_picked":["Underhanded Strike","Outmaneuver"],"picked":"Quick Slash","floor":2},{"not_picked":["Calculated Gamble","Blur"],"picked":"Dodge and Roll","floor":4},{"not_picked":["Skewer","Leg Sweep"],"picked":"Flying Knee","floor":6},{"not_picked":["Acrobatics","Bane"],"picked":"Dodge and Roll","floor":7},{"not_picked":["Expertise","Dagger Throw","Blur"],"picked":"SKIP","floor":11}],"player_experience":1141561,"relics_obtained":[{"floor":6,"key":"Blood Vial"},{"floor":9,"key":"Akabeko"}],"event_choices":[{"damage_healed":0,"gold_gain":0,"player_choice":"Lose Max HP","damage_taken":0,"relics_obtained":["Golden Idol"],"max_hp_gain":0,"max_hp_loss":6,"event_name":"Golden Idol","floor":5,"gold_loss":0},{"damage_healed":0,"gold_gain":50,"player_choice":"Pray","damage_taken":0,"max_hp_gain":0,"max_hp_loss":0,"event_name":"Golden Shrine","floor":8,"gold_loss":0}],"is_beta":false,"boss_relics":[],"items_purged_floors":[3],"is_endless":false,"potions_floor_spawned":[1,4,11],"killed_by":"Gremlin Nob","ascension_level":20}}