{"host":"ivx814w8r949vc3j","time":1608988596,"event":{"mods":["AchievementEnabler","Act Like it!","BaseMod","Bestiary","Colored Powertips","GifTheSpireLib","Marisa????????","Minty Spire (QoL Compilation)","StSLib","UnlockEverythingMod"],"gold_per_floor":[115,115,127,127,145,145,70,81,104,114,114,145,160,160,160,262,262,277,277,291,47,63,93,104,104,104,104,139,139,150,161,161,161,161],"floor_reached":33,"playtime":1940,"items_purged":["Regret","Defend_MRS"],"score":289,"play_id":"f6690696-42f3-4f12-8ab2-a4b1d8b0bdca","local_time":"20201226141636","is_ascension_mode":false,"campfire_choices":[{"data":"MilkyWay","floor":6,"key":"SMITH"},{"data":"BlazeAway","floor":15,"key":"SMITH"},{"floor":27,"key":"REST"},{"floor":32,"key":"REST"}],"circlet_count":0,"master_deck":["Strike_MRS","Strike_MRS","Strike_MRS","Defend_MRS","Defend_MRS","MasterSpark","UpSweep","BlazeAway+1","DeepEcoloBomb","MilkyWay+1","MilkyWay","AlicesGift","EarthLightRay","DoubleSpark","StarBarrage","UnstableBomb","MilkyWay","RefractionSpark","MachineGunSpark","MaximisePower","OortCloud+1"],"relics":["BewitchedHakkero","Tiny Chest","NlothsMask","Mercury Hourglass","Frozen Egg 2","Oddly Smooth Stone","HandmadeGrimoire","StrikeDummy","Dream Catcher","Singing Bowl"],"acts_visited":["Exordium","TheCity"],"potions_floor_usage":[8,23,24,28,31],"damage_taken":[{"damage":2,"enemies":"Small Slimes","floor":1,"turns":3},{"damage":14,"enemies":"Cultist","floor":3,"turns":4},{"damage":0,"enemies":"2 Louse","floor":5,"turns":2},{"damage":18,"enemies":"Exordium Wildlife","floor":8,"turns":4},{"damage":0,"enemies":"Large Slime","floor":10,"turns":5},{"damage":16,"enemies":"Gremlin Nob","floor":12,"turns":4},{"damage":0,"enemies":"Gremlin Gang","floor":13,"turns":3},{"damage":8,"enemies":"Hexaghost","floor":16,"turns":10},{"damage":5,"enemies":"3 Byrds","floor":18,"turns":4},{"damage":7,"enemies":"Shell Parasite","floor":20,"turns":2},{"damage":4,"enemies":"Cultist and Chosen","floor":22,"turns":5},{"damage":24,"enemies":"Gremlin Leader","floor":23,"turns":7},{"damage":16,"enemies":"Snecko","floor":24,"turns":5},{"damage":21,"enemies":"Book of Stabbing","floor":28,"turns":4},{"damage":33,"enemies":"Shelled Parasite and Fungi","floor":30,"turns":4},{"damage":0,"enemies":"Sentry and Sphere","floor":31,"turns":3},{"damage":40,"enemies":"Automaton","floor":33,"turns":6}],"seed_played":"-2691465872281333588","potions_obtained":[{"floor":1,"key":"ShroomBrew"},{"floor":8,"key":"Ancient Potion"},{"floor":12,"key":"BottledSpark"},{"floor":13,"key":"GamblersBrew"},{"floor":18,"key":"SkillPotion"},{"floor":28,"key":"Fire Potion"}],"is_trial":false,"path_per_floor":["M","?","M","?","M","R","$","M","T","M","?","E","M","T","R","B",null,"M","?","M","$","M","E","M","?","T","R","E","T","M","M","R","B"],"character_chosen":"MARISA","items_purchased":["Oddly Smooth Stone"],"campfire_rested":2,"item_purchase_floors":[21],"current_hp_per_floor":[73,73,59,59,59,59,59,41,41,41,34,18,22,22,22,18,75,70,70,63,63,63,43,31,31,31,53,36,36,9,11,34,0,0],"gold":161,"neow_bonus":"REMOVE_CARD","is_daily":false,"chose_seed":false,"campfire_upgraded":2,"win_rate":0.0,"timestamp":1608988596,"path_taken":["M","?","M","?","M","R","$","M","T","?","?","E","M","?","R","BOSS","M","?","?","$","M","E","M","?","T","R","E","?","M","?","R","BOSS"],"items_purchased_type":["Relic"],"build_version":"2020-12-22","purchased_purges":2,"victory":false,"max_hp_per_floor":[75,75,75,75,75,75,75,75,75,75,75,75,75,75,75,75,75,75,75,75,75,75,75,75,75,75,75,75,75,77,79,79,79,79],"card_choices":[{"not_picked":["DarkSpark","OneTimeOff"],"picked":"BlazeAway","floor":1},{"not_picked":["SporeBomb","GravityBeat"],"picked":"DeepEcoloBomb","floor":3},{"not_picked":["UnstableBomb","6A"],"picked":"MilkyWay","floor":5},{"not_picked":["ShootingEcho","StarDustReverie"],"picked":"MilkyWay","floor":8},{"not_picked":["EnergyFlow","MeteoricShower"],"picked":"AlicesGift","floor":10},{"not_picked":["GrandCross","GravityBeat"],"picked":"EarthLightRay","floor":12},{"not_picked":["DarkSpark","WitchLeyline"],"picked":"DoubleSpark","floor":13},{"not_picked":["SporeBomb","DeepEcoloBomb"],"picked":"StarBarrage","floor":18},{"not_picked":["IllusionStar","WitchLeyline"],"picked":"UnstableBomb","floor":20},{"not_picked":["ManaConvection","Acceleration"],"picked":"MilkyWay","floor":22},{"not_picked":["BinaryStars","EnergyFlow+1"],"picked":"RefractionSpark","floor":23},{"not_picked":["Orbital","LuminesStrike"],"picked":"MachineGunSpark","floor":24},{"not_picked":["PowerUp+1","SuperPerseids"],"picked":"MaximisePower","floor":28},{"not_picked":["UnstableBomb","MilkyWay+1","DoubleSpark"],"picked":"Singing Bowl","floor":30},{"not_picked":["UnstableBomb+1","DC","MysteriousBeam"],"picked":"Singing Bowl","floor":31},{"not_picked":["EnergyRecoil","AsteroidBelt"],"picked":"OortCloud+1","floor":32}],"player_experience":152035,"relics_obtained":[{"floor":12,"key":"Mercury Hourglass"},{"floor":14,"key":"Frozen Egg 2"},{"floor":23,"key":"HandmadeGrimoire"},{"floor":26,"key":"StrikeDummy"},{"floor":28,"key":"Dream Catcher"},{"floor":29,"key":"Singing Bowl"}],"event_choices":[{"damage_healed":0,"gold_gain":0,"player_choice":"Box","damage_taken":0,"relics_obtained":["Tiny Chest"],"max_hp_gain":0,"max_hp_loss":0,"event_name":"Big Fish","floor":2,"gold_loss":0,"cards_obtained":["Regret"]},{"damage_healed":0,"gold_gain":0,"player_choice":"Trade","damage_taken":0,"relics_obtained":["NlothsMask"],"max_hp_gain":0,"max_hp_loss":0,"event_name":"FaceTrader","floor":4,"gold_loss":0},{"cards_removed":["Strike_MRS"],"damage_healed":0,"gold_gain":0,"player_choice":"Card Removal","damage_taken":7,"max_hp_gain":0,"max_hp_loss":0,"event_name":"Golden Wing","floor":11,"gold_loss":0},{"damage_healed":0,"gold_gain":0,"player_choice":"0 cards matched","damage_taken":0,"max_hp_gain":0,"max_hp_loss":0,"event_name":"Match and Keep!","floor":19,"gold_loss":0,"cards_obtained":[]},{"damage_healed":0,"gold_gain":0,"player_choice":"Ignored","damage_taken":0,"max_hp_gain":0,"max_hp_loss":0,"event_name":"Ghosts","floor":25,"gold_loss":0}],"is_beta":false,"boss_relics":[{"not_picked":["Busted Crown","RampagingMagicTools"],"picked":"BewitchedHakkero"}],"items_purged_floors":[7,21],"is_endless":false,"potions_floor_spawned":[1,8,12,13,18,20,22,28],"killed_by":"Automaton","ascension_level":0}}