{"host":"qj91dvco5uhu9oti","time":1608988675,"event":{"mods":["BaseMod","Colored Map","Minty Spire (QoL Compilation)","Permanent Neow","Relic Stats","StSLib","SuperFastMode","everything is the same but u backflip on backflip"],"gold_per_floor":[19,119,134,22,22,22,35,52,52,72,72,100,114,130,130,226,226,245,245,258,258,268,268,17,17,17,45,45,45,70,70,70,70,70,82,94,113,113,113,141,176,176,176,16,16,16,34,34,34,34,34,34,34,62,62],"floor_reached":56,"playtime":1883,"items_purged":["Strike_G","Strike_G","Defend_G"],"score":1568,"play_id":"1b5e8062-7584-427c-922e-dbaf7bf8b0d1","local_time":"20201226221755","is_ascension_mode":false,"campfire_choices":[{"data":"Crippling Poison","floor":6.0,"key":"SMITH"},{"data":"Prepared","floor":11.0,"key":"SMITH"},{"data":"Tactician","floor":15.0,"key":"SMITH"},{"data":"Reflex","floor":23.0,"key":"SMITH"},{"data":"Calculated Gamble","floor":25.0,"key":"SMITH"},{"data":"Prepared","floor":29.0,"key":"SMITH"},{"data":"Acrobatics","floor":32.0,"key":"SMITH"},{"data":"Eviscerate","floor":42.0,"key":"SMITH"},{"data":"Eviscerate","floor":45.0,"key":"SMITH"},{"floor":49.0,"key":"RECALL"},{"floor":52,"key":"REST"}],"circlet_count":0,"master_deck":["Defend_G+1","Defend_G+1","Survivor+1","Neutralize+1","Backflip+1","Reflex+1","Crippling Poison+1","Prepared+1","Prepared+1","Tactician+1","Terror+1","Acrobatics+1","A Thousand Cuts+1","Acrobatics+1","Eviscerate+1","Calculated Gamble+1","Malaise+1","Tactician+1","Reflex+1","Eviscerate+1","PiercingWail+1","Eviscerate+1","Footwork+1","Backflip+1"],"relics":["Ring of the Snake","Anchor","Frozen Egg 2","Empty Cage","Mummified Hand","Question Card","Meat on the Bone","Blue Candle","MutagenicStrength","Sozu","WingedGreaves","Blood Vial","Oddly Smooth Stone","Mark of the Bloom","Art of War"],"acts_visited":["Exordium","TheCity","TheBeyond","TheEnding"],"potions_floor_usage":[55,55],"damage_taken":[{"damage":0.0,"enemies":"Jaw Worm","floor":1.0,"turns":5.0},{"damage":0.0,"enemies":"Cultist","floor":3.0,"turns":4.0},{"damage":5.0,"enemies":"Small Slimes","floor":7.0,"turns":2.0},{"damage":1.0,"enemies":"Blue Slaver","floor":8.0,"turns":4.0},{"damage":6.0,"enemies":"Exordium Thugs","floor":10.0,"turns":4.0},{"damage":3.0,"enemies":"3 Sentries","floor":12.0,"turns":12.0},{"damage":15.0,"enemies":"Large Slime","floor":13.0,"turns":9.0},{"damage":0.0,"enemies":"2 Fungi Beasts","floor":14.0,"turns":3.0},{"damage":28.0,"enemies":"Hexaghost","floor":16.0,"turns":13.0},{"damage":2.0,"enemies":"Shell Parasite","floor":18.0,"turns":3.0},{"damage":0.0,"enemies":"Spheric Guardian","floor":20.0,"turns":4.0},{"damage":0.0,"enemies":"Centurion and Healer","floor":22.0,"turns":2.0},{"damage":0.0,"enemies":"Slavers","floor":27.0,"turns":1.0},{"damage":0.0,"enemies":"Gremlin Leader","floor":30.0,"turns":1.0},{"damage":0.0,"enemies":"Collector","floor":33.0,"turns":1.0},{"damage":0.0,"enemies":"Orb Walker","floor":35.0,"turns":1.0},{"damage":0.0,"enemies":"3 Darklings","floor":36.0,"turns":1.0},{"damage":0.0,"enemies":"Jaw Worm Horde","floor":37.0,"turns":1.0},{"damage":0.0,"enemies":"Nemesis","floor":40.0,"turns":1.0},{"damage":0.0,"enemies":"Giant Head","floor":41.0,"turns":1.0},{"damage":0.0,"enemies":"Writhing Mass","floor":47.0,"turns":2.0},{"damage":0,"enemies":"Time Eater","floor":50,"turns":4},{"damage":0,"enemies":"Shield and Spear","floor":54,"turns":1},{"damage":0,"enemies":"The Heart","floor":55,"turns":5}],"seed_played":"-7671949219232511979","potions_obtained":[{"floor":7.0,"key":"CunningPotion"},{"floor":10.0,"key":"Regen Potion"},{"floor":12.0,"key":"SkillPotion"},{"floor":13.0,"key":"Block Potion"},{"floor":20.0,"key":"Explosive Potion"}],"is_trial":false,"path_per_floor":["M","?","M","$","?","R","M","M","T","M","R","E","M","M","R","B",null,"M","?","M","T","M","R","$","R","T","E","?","R","E","?","R","B",null,"M","M","M","?","?","E","E","R","T","$","R","?","M","?","R","B",null,"R","$","E","B",null],"character_chosen":"THE_SILENT","items_purchased":["Crippling Poison","Calculated Gamble","Malaise","Footwork+1"],"campfire_rested":1,"item_purchase_floors":[4,24,24,44],"current_hp_per_floor":[70,70,70,70,63,63,58,57,57,51,51,48,33,33,33,5,70,68,68,68,68,68,68,68,68,68,68,68,68,68,68,68,68,70,70,70,70,66,66,66,66,66,66,66,66,66,66,66,66,66,66,66,66,66,66],"gold":62,"neow_bonus":"REMOVE_TWO","is_daily":false,"chose_seed":true,"campfire_upgraded":9,"win_rate":0.0,"timestamp":1608988675,"path_taken":["M","?","?","$","?","R","M","M","T","M","R","E","M","M","R","BOSS","BOSS","M","?","M","?","M","R","$","R","T","E","?","R","E","?","R","BOSS","M","M","M","?","?","E","E","R","T","?","R","?","M","?","R","BOSS","R","$","E","BOSS"],"items_purchased_type":["Card","Card","Card","Card"],"build_version":"2020-12-22","purchased_purges":3,"victory":true,"max_hp_per_floor":[70,70,70,70,70,70,70,70,70,70,70,70,70,70,70,70,70,70,70,70,70,70,70,70,70,70,70,70,70,70,70,70,70,70,70,70,70,66,66,66,66,66,66,66,66,66,66,66,66,66,66,66,66,66,66],"relic_stats":{"Sozu":2,"Blood Vial":0,"Mark of the Bloom":93,"counters":[24,85],"Mummified Hand":[19],"Blue Candle":[0],"Art of War":[0],"Question Card":11,"obtain_stats":[{"Mark of the Bloom":46,"Blue Candle":30,"Oddly Smooth Stone":41,"Frozen Egg 2":12,"Empty Cage":17,"Question Card":26,"Sozu":34,"Blood Vial":40,"Anchor":9,"Mummified Hand":21,"MutagenicStrength":31,"WingedGreaves":37,"Art of War":54,"Ring of the Snake":0,"Meat on the Bone":27},{"Mark of the Bloom":20,"Blue Candle":14,"Oddly Smooth Stone":20,"Frozen Egg 2":6,"Empty Cage":9,"Question Card":12,"Sozu":15,"Blood Vial":19,"Anchor":4,"Mummified Hand":11,"MutagenicStrength":14,"WingedGreaves":18,"Art of War":23,"Ring of the Snake":0,"Meat on the Bone":13},{"Mark of the Bloom":73,"Blue Candle":67,"Oddly Smooth Stone":73,"Frozen Egg 2":31,"Empty Cage":56,"Question Card":65,"Sozu":68,"Blood Vial":72,"Anchor":15,"Mummified Hand":63,"MutagenicStrength":67,"WingedGreaves":71,"Art of War":80,"Ring of the Snake":0,"Meat on the Bone":66}],"Ring of the Snake":[48],"Meat on the Bone":0},"card_choices":[{"not_picked":["Dagger Throw","Outmaneuver"],"picked":"Backflip","floor":1.0},{"not_picked":["Deflect","Slice"],"picked":"Reflex","floor":3.0},{"not_picked":["Deflect","Concentrate"],"picked":"Prepared","floor":7.0},{"not_picked":["Setup","Caltrops","Masterful Stab"],"picked":"SKIP","floor":8.0},{"not_picked":["Bouncing Flask","Dodge and Roll"],"picked":"Prepared","floor":10.0},{"not_picked":["Corpse Explosion","Tools of the Trade+1"],"picked":"Tactician","floor":12.0},{"not_picked":["Cloak And Dagger","Quick Slash"],"picked":"Terror","floor":13.0},{"not_picked":["Escape Plan","Deadly Poison"],"picked":"Acrobatics","floor":14.0},{"not_picked":["Bullet Time","Burst"],"picked":"A Thousand Cuts+1","floor":16.0},{"not_picked":["Endless Agony","Concentrate+1","Sucker Punch+1"],"picked":"SKIP","floor":18.0},{"not_picked":["Cloak And Dagger","Dagger Throw"],"picked":"Acrobatics","floor":20.0},{"not_picked":["Endless Agony","Poisoned Stab"],"picked":"Eviscerate","floor":22.0},{"not_picked":["Acrobatics+1","Poisoned Stab","Quick Slash"],"picked":"Tactician+1","floor":27.0},{"not_picked":["Acrobatics","Prepared+1","Storm of Steel"],"picked":"Reflex+1","floor":30.0},{"not_picked":["Crippling Poison","Heel Hook","Backflip","Riddle With Holes+1"],"picked":"SKIP","floor":35.0},{"not_picked":["Bane+1","Endless Agony+1","Flying Knee+1"],"picked":"Eviscerate","floor":36.0},{"not_picked":["Blade Dance+1","Well Laid Plans+1","PiercingWail","Deadly Poison+1"],"picked":"SKIP","floor":37.0},{"not_picked":["Blade Dance+1","Well Laid Plans+1","Deadly Poison+1"],"picked":"PiercingWail","floor":37.0},{"not_picked":["Quick Slash+1","Expertise","Bane","Slice+1"],"picked":"SKIP","floor":40.0},{"not_picked":["Leg Sweep+1","Outmaneuver+1","Backflip"],"picked":"Eviscerate+1","floor":41.0},{"not_picked":["Quick Slash","PiercingWail+1","Dagger Throw"],"picked":"Backflip+1","floor":47.0},{"not_picked":["Backstab+1","Eviscerate+1","Flying Knee+1","Bane+1"],"picked":"SKIP","floor":54}],"player_experience":287497,"relics_obtained":[{"floor":9.0,"key":"Anchor"},{"floor":12.0,"key":"Frozen Egg 2"},{"floor":21.0,"key":"Mummified Hand"},{"floor":26.0,"key":"Question Card"},{"floor":27.0,"key":"Meat on the Bone"},{"floor":30.0,"key":"Blue Candle"},{"floor":40.0,"key":"Blood Vial"},{"floor":41.0,"key":"Oddly Smooth Stone"},{"floor":54,"key":"Art of War"}],"event_choices":[{"damage_healed":0.0,"max_hp_gain":0.0,"max_hp_loss":0.0,"gold_gain":100.0,"event_name":"Golden Shrine","player_choice":"Pray","floor":2.0,"gold_loss":0.0,"damage_taken":0.0},{"cards_removed":["Defend_G"],"damage_healed":0.0,"max_hp_gain":0.0,"max_hp_loss":0.0,"gold_gain":0.0,"event_name":"Golden Wing","player_choice":"Card Removal","floor":5.0,"gold_loss":0.0,"damage_taken":7.0},{"damage_healed":0.0,"max_hp_gain":0.0,"max_hp_loss":0.0,"gold_gain":0.0,"event_name":"Ghosts","player_choice":"Ignored","floor":19.0,"gold_loss":0.0,"damage_taken":0.0},{"damage_healed":0.0,"max_hp_gain":0.0,"max_hp_loss":0.0,"gold_gain":0.0,"event_name":"Cursed Tome","player_choice":"Ignored","floor":28.0,"gold_loss":0.0,"damage_taken":0.0},{"damage_healed":0.0,"max_hp_gain":0.0,"max_hp_loss":0.0,"gold_gain":0.0,"event_name":"Drug Dealer","player_choice":"Inject Mutagens","floor":31.0,"gold_loss":0.0,"damage_taken":0.0,"relics_obtained":["MutagenicStrength"]},{"damage_healed":0.0,"max_hp_gain":0.0,"max_hp_loss":4.0,"gold_gain":0.0,"event_name":"Winding Halls","player_choice":"Max HP","floor":38.0,"gold_loss":0.0,"damage_taken":0.0},{"damage_healed":0.0,"max_hp_gain":0.0,"max_hp_loss":0.0,"gold_gain":0.0,"event_name":"SensoryStone","player_choice":"Memory 1","floor":39.0,"gold_loss":0.0,"damage_taken":0.0},{"damage_healed":0.0,"max_hp_gain":0.0,"max_hp_loss":0.0,"gold_gain":0.0,"event_name":"MindBloom","player_choice":"Upgrade","floor":46.0,"gold_loss":0.0,"damage_taken":0.0,"cards_upgraded":["Defend_G","Defend_G","Survivor","Neutralize","Backflip","Terror","Acrobatics","Malaise","PiercingWail"],"relics_obtained":["Mark of the Bloom"]},{"damage_healed":0.0,"max_hp_gain":0.0,"max_hp_loss":0.0,"gold_gain":0.0,"event_name":"SecretPortal","player_choice":"Ignored","floor":48.0,"gold_loss":0.0,"damage_taken":0.0}],"is_beta":false,"boss_relics":[{"not_picked":["Fusion Hammer","Ectoplasm"],"picked":"Empty Cage"},{"not_picked":["Black Star","Runic Pyramid"],"picked":"Sozu"}],"items_purged_floors":[4,24,44],"is_endless":false,"potions_floor_spawned":[7,10,12,13,20,22,30,36,47],"ascension_level":0}}