{"host":"ged1bqtamtf4sn4x","time":1608988670,"event":{"mods":["BaseMod","Colored Map","DeckTracker","Highlight Path","Keyboard Shortcuts","Minty Spire (QoL Compilation)","Permanent Neow","Quick Restart","SuperFastMode","everything is the same but u backflip on backflip"],"gold_per_floor":[111,130,141,158,171,171,171,171],"floor_reached":7,"playtime":231,"items_purged":[],"score":90,"play_id":"cb0ed164-5e39-4375-bd8c-a534639c81b7","local_time":"20201226221750","is_ascension_mode":true,"campfire_choices":[{"data":"Flex","floor":6.0,"key":"SMITH"}],"circlet_count":0,"master_deck":["AscendersBane","Strike_R","Strike_R","Strike_R","Defend_R","Defend_R","Defend_R","Defend_R","Bash","Body Slam","Limit Break","Flex+1","Pommel Strike","Sword Boomerang","Feel No Pain"],"relics":["Burning Blood"],"acts_visited":["Exordium"],"potions_floor_usage":[],"damage_taken":[{"damage":19.0,"enemies":"Jaw Worm","floor":1.0,"turns":4.0},{"damage":5.0,"enemies":"2 Louse","floor":2.0,"turns":4.0},{"damage":2.0,"enemies":"Cultist","floor":3.0,"turns":4.0},{"damage":25.0,"enemies":"Red Slaver","floor":4.0,"turns":5.0},{"damage":21.0,"enemies":"Exordium Wildlife","floor":5.0,"turns":4.0},{"damage":34,"enemies":"Lagavulin","floor":7,"turns":6}],"seed_played":"-7466071650035742666","potions_obtained":[{"floor":3.0,"key":"PowerPotion"},{"floor":4.0,"key":"Ancient Potion"}],"is_trial":false,"path_per_floor":["M","M","M","M","M","R","E"],"character_chosen":"IRONCLAD","items_purchased":[],"campfire_rested":0,"item_purchase_floors":[],"current_hp_per_floor":[55,56,60,41,26,26,0,0],"gold":171,"neow_bonus":"TRANSFORM_TWO_CARDS","is_daily":false,"chose_seed":false,"campfire_upgraded":1,"win_rate":0.0,"timestamp":1608988670,"path_taken":["M","M","M","M","M","R","E"],"items_purchased_type":[],"build_version":"2020-12-22","purchased_purges":0,"victory":false,"max_hp_per_floor":[68,68,68,68,68,68,68,68],"card_choices":[{"not_picked":["Havoc","Body Slam"],"picked":"Flex","floor":1.0},{"not_picked":["Disarm","Perfected Strike"],"picked":"Pommel Strike","floor":2.0},{"not_picked":["Intimidate","Wild Strike","Clothesline"],"picked":"SKIP","floor":3.0},{"not_picked":["Anger","Intimidate"],"picked":"Sword Boomerang","floor":4.0},{"not_picked":["Searing Blow","Perfected Strike"],"picked":"Feel No Pain","floor":5.0}],"player_experience":404149,"relics_obtained":[],"event_choices":[],"is_beta":false,"boss_relics":[],"items_purged_floors":[],"is_endless":false,"potions_floor_spawned":[3,4],"killed_by":"Lagavulin","ascension_level":20}}