{"host":"yvoppmyq353hf3pf","time":1608984079,"event":{"mods":["BaseMod","Colored Map","Colored Powertips","Downfall","Minty Spire (QoL Compilation)","StSLib"],"gold_per_floor":[99,110,128,145,145,155,223,234,334,334,366,109,209,222,233,335,335,260,275,293,307,324,324,324,324,335,335,350,364,364,375,390,494,494,494,506,524,98,198,227,227,238,252,270,289,108,33,91,107,107],"floor_reached":51,"playtime":4051,"items_purged":["champ:Strike","champ:Strike","champ:Defend"],"score":1328,"play_id":"f711e1f5-c98a-436b-ae20-b1e9a812e9e9","local_time":"20201226060119","is_ascension_mode":true,"campfire_choices":[{"data":"champ:Taunt","floor":1.0,"key":"SMITH"},{"data":"champ:Circumvent","floor":10.0,"key":"SMITH"},{"data":"champ:ArenaPreparation","floor":18.0,"key":"SMITH"},{"data":"champ:FocusedDefense","floor":23.0,"key":"SMITH"},{"data":"expansioncontent:QuickStudy","floor":30.0,"key":"SMITH"},{"floor":35.0,"key":"RECALL"},{"data":"Apotheosis","floor":47.0,"key":"SMITH"}],"circlet_count":0,"master_deck":["champ:Defend","champ:Defend","champ:Defend","champ:Execute","champ:Taunt+1","champ:FocusedDefense+1","champ:Backstep","champ:EnGarde","champ:Circumvent+1","champ:ArenaPreparation+1","expansioncontent:QuickStudy+1","champ:DefensiveShout","champ:Circumvent","champ:VampiricStrike","champ:Circumvent","champ:FalseCounter","champ:FocusedDefense","champ:CalledShot+1","champ:RageSigil","champ:Duel","champ:Control+1","champ:ShieldSigil+1","champ:Improvising+1","CurseOfTheBell","champ:BringItOn","champ:ShieldThrow","champ:SwordSigil+1","Apotheosis+1","champ:IgnorePain","champ:DefensiveStyle+1","champ:SwordSigil"],"relics":["SlaversCollar","Bronze Scales","Kunai","Frozen Egg 2","Empty Cage","downfall:HeartBlessingGreen","Sundial","Gambling Chip","Calling Bell","champ:FightingForDummies","Darkstone Periapt","Dead Branch","Pantograph","downfall:GremlinWheel","Juzu Bracelet","CeramicFish","downfall:HeartBlessingRed"],"acts_visited":["Exordium","TheCity","TheBeyond"],"potions_floor_usage":[],"damage_taken":[{"damage":10.0,"enemies":"Small Slimes","floor":2.0,"turns":5.0},{"damage":10.0,"enemies":"Jaw Worm","floor":3.0,"turns":5.0},{"damage":5.0,"enemies":"Cultist","floor":4.0,"turns":5.0},{"damage":0.0,"enemies":"Red Slaver","floor":6.0,"turns":5.0},{"damage":14.0,"enemies":"Gremlin Gang","floor":8.0,"turns":6.0},{"damage":50.0,"enemies":"Gremlin Nob","floor":11.0,"turns":7.0},{"damage":7.0,"enemies":"downfall:FleeingMerchant","floor":12.0,"turns":4.0},{"damage":19.0,"enemies":"2 Fungi Beasts","floor":14.0,"turns":5.0},{"damage":10.0,"enemies":"Exordium Thugs","floor":15.0,"turns":5.0},{"damage":8.0,"enemies":"downfall:Silent","floor":16.0,"turns":9.0},{"damage":32.0,"enemies":"Spheric Guardian","floor":19.0,"turns":12.0},{"damage":40.0,"enemies":"Chosen","floor":20.0,"turns":6.0},{"damage":12.0,"enemies":"Centurion and Healer","floor":21.0,"turns":13.0},{"damage":8.0,"enemies":"Chosen and Byrds","floor":22.0,"turns":5.0},{"damage":28.0,"enemies":"Snecko","floor":26.0,"turns":6.0},{"damage":10.0,"enemies":"Centurion and Healer","floor":28.0,"turns":9.0},{"damage":31.0,"enemies":"Cultist and Chosen","floor":29.0,"turns":8.0},{"damage":12.0,"enemies":"3 Cultists","floor":31.0,"turns":8.0},{"damage":6.0,"enemies":"Sentry and Sphere","floor":32.0,"turns":5.0},{"damage":10.0,"enemies":"downfall:Defect","floor":33.0,"turns":6.0},{"damage":21.0,"enemies":"Orb Walker","floor":36.0,"turns":3.0},{"damage":5.0,"enemies":"3 Shapes","floor":37.0,"turns":5.0},{"damage":10.0,"enemies":"downfall:FleeingMerchant","floor":38.0,"turns":4.0},{"damage":14.0,"enemies":"downfall:FleeingMerchant","floor":39.0,"turns":2.0},{"damage":10.0,"enemies":"Nemesis","floor":40.0,"turns":9.0},{"damage":20.0,"enemies":"Jaw Worm Horde","floor":42.0,"turns":5.0},{"damage":5.0,"enemies":"Spire Growth","floor":43.0,"turns":3.0},{"damage":33.0,"enemies":"3 Darklings","floor":44.0,"turns":6.0},{"damage":32.0,"enemies":"Transient","floor":45.0,"turns":5.0},{"damage":12.0,"enemies":"downfall:FleeingMerchant","floor":46.0,"turns":4.0},{"damage":2.0,"enemies":"downfall:FleeingMerchant","floor":48.0,"turns":3.0},{"damage":11,"enemies":"Jaw Worm Horde","floor":49,"turns":6},{"damage":7,"enemies":"downfall:Watcher","floor":50,"turns":6}],"seed_played":"-1673992119474618760","potions_obtained":[{"floor":2.0,"key":"AttackPotion"},{"floor":4.0,"key":"Guardian:BlockOnCardUsePotion"},{"floor":6.0,"key":"Energy Potion"},{"floor":14.0,"key":"SneckoOil"},{"floor":20.0,"key":"Block Potion"},{"floor":21.0,"key":"champ:CounterPotion"},{"floor":25.0,"key":"LiquidBronze"},{"floor":25.0,"key":"EntropicBrew"},{"floor":31.0,"key":"AttackPotion"},{"floor":32.0,"key":"DistilledChaos"},{"floor":33.0,"key":"Slimebound:ThreeZeroPotion"},{"floor":36.0,"key":"sneckomod:MuddlingPotion"},{"floor":43.0,"key":"DistilledChaos"},{"floor":45.0,"key":"champ:CounterPotion"},{"floor":49,"key":"Strength Potion"}],"is_trial":false,"path_per_floor":["R","M","M","M","?","M","T","M","?","R","E","$","?","M","M","B",null,"R","M","M","M","M","R","T","?","M","?","M","M","R","M","M","B",null,"R","M","M","$","?","E","T","M","M","M","M","$","R","$","M","B",null],"character_chosen":"THE_CHAMP","items_purchased":["expansioncontent:QuickStudy","Pantograph","champ:CounterPotion","Apotheosis","champ:DefensiveStyle+1","champ:SwordSigil","LiquidMemories"],"campfire_rested":0,"item_purchase_floors":[12,38,38,46,48,48,48],"current_hp_per_floor":[90,85,85,85,67,67,67,53,53,53,8,8,8,11,11,8,90,90,83,63,74,83,83,83,83,74,74,88,81,81,77,82,82,90,90,84,90,90,86,86,86,76,76,73,51,63,63,73,67,88],"gold":107,"neow_bonus":"BOSS_RELIC","is_daily":false,"chose_seed":false,"campfire_upgraded":6,"win_rate":0.0,"timestamp":1608984079,"path_taken":["R","M","M","M","?","M","T","M","?","R","E","?","?","?","M","BOSS","R","M","M","M","M","R","T","?","?","?","M","M","R","M","M","BOSS","R","M","M","$","?","E","T","M","M","M","M","$","R","$","M","BOSS"],"items_purchased_type":["Card","Relic","Potion","Card","Card","Card","Potion"],"build_version":"2020-12-22","purchased_purges":3,"victory":true,"max_hp_per_floor":[90,90,90,90,90,90,90,90,90,90,90,90,90,90,90,90,90,90,90,90,90,90,90,90,90,90,90,90,90,90,90,90,90,90,90,90,90,90,90,90,90,90,90,90,90,90,90,90,90,90],"card_choices":[{"not_picked":["champ:GladiatorStyle","champ:DeathBlow","champ:BerserkersShout"],"picked":"SKIP","floor":2.0},{"not_picked":["champ:AdrenalArmor","champ:SkillfulDodge"],"picked":"champ:FocusedDefense","floor":3.0},{"not_picked":["champ:Haymaker","champ:CheapShot"],"picked":"champ:Backstep","floor":4.0},{"not_picked":["champ:FocusedGladiator","champ:Haymaker"],"picked":"champ:EnGarde","floor":6.0},{"not_picked":["champ:Shatter","champ:PerfectedStrike"],"picked":"champ:Circumvent","floor":8.0},{"not_picked":["champ:RageSigil","champ:EndlessRage+1"],"picked":"champ:ArenaPreparation","floor":11.0},{"not_picked":["champ:Shatter","champ:BladeFlurry","champ:GutPunch"],"picked":"SKIP","floor":12.0},{"not_picked":["champ:AdrenalArmor","champ:GladiatorsShout"],"picked":"champ:DefensiveShout","floor":14.0},{"not_picked":["champ:FalseCounter","champ:TornadoPunch"],"picked":"champ:Circumvent","floor":15.0},{"not_picked":["champ:SteelEdge","champ:LastStand+1"],"picked":"champ:VampiricStrike","floor":16.0},{"not_picked":["champ:AdrenalArmor","champ:DefensiveShout"],"picked":"champ:Circumvent","floor":19.0},{"not_picked":["champ:GladiatorsShout","champ:DeathBlow"],"picked":"champ:FalseCounter","floor":20.0},{"not_picked":["champ:FaceSlap+1","champ:DefensiveShout"],"picked":"champ:FocusedDefense","floor":21.0},{"not_picked":["champ:FocusedBerserking","champ:GladiatorsShout"],"picked":"champ:CalledShot+1","floor":22.0},{"not_picked":["champ:ArenaPreparation","champ:GutPunch+1"],"picked":"champ:RageSigil","floor":26.0},{"not_picked":["champ:AdrenalArmor","champ:TornadoPunch"],"picked":"champ:Duel","floor":28.0},{"not_picked":["champ:Backstep+1","champ:Encircle+1"],"picked":"champ:Control+1","floor":29.0},{"not_picked":["champ:BerserkersShout","champ:Control+1"],"picked":"champ:ShieldSigil+1","floor":31.0},{"not_picked":["champ:PreciseThrust+1","champ:GutPunch","champ:Duel"],"picked":"SKIP","floor":32.0},{"not_picked":["champ:VampiricStrike","champ:SteelEdge"],"picked":"champ:Improvising+1","floor":33.0},{"not_picked":["champ:RageSigil+1","champ:FaceSlap+1","champ:FocusedBerserking+1"],"picked":"SKIP","floor":36.0},{"not_picked":["champ:GladiatorsShout+1","champ:Circumvent"],"picked":"champ:BringItOn","floor":37.0},{"not_picked":["champ:Backstep+1","champ:Haymaker+1"],"picked":"champ:ShieldThrow","floor":38.0},{"not_picked":["champ:BladeFlurry+1","champ:GutPunch+1","champ:DeathBlow"],"picked":"SKIP","floor":40.0},{"not_picked":["champ:MurderStrike","champ:CrookedStrike"],"picked":"champ:SwordSigil+1","floor":42.0},{"not_picked":["champ:Haymaker+1","champ:RapidStrikes","champ:GladiatorsShout+1"],"picked":"SKIP","floor":43.0},{"not_picked":["champ:RageSigil","champ:FanOfKnives+1","champ:TornadoPunch"],"picked":"SKIP","floor":44.0},{"not_picked":["champ:DefensiveShout+1","champ:Backstep+1","champ:TornadoPunch"],"picked":"SKIP","floor":45.0},{"not_picked":["champ:BerserkersShout","champ:FlashCut+1","champ:Aggression"],"picked":"SKIP","floor":46.0},{"not_picked":["champ:RageSigil+1","champ:FlashCut"],"picked":"champ:IgnorePain","floor":48.0},{"not_picked":["champ:FightOn","champ:BerserkersShout+1","champ:PerfectedStrike+1"],"picked":"SKIP","floor":49}],"player_experience":1570308,"relics_obtained":[{"floor":7.0,"key":"Kunai"},{"floor":11.0,"key":"Frozen Egg 2"},{"floor":24.0,"key":"Sundial"},{"floor":34.0,"key":"champ:FightingForDummies"},{"floor":34.0,"key":"Darkstone Periapt"},{"floor":34.0,"key":"Dead Branch"},{"floor":39.0,"key":"downfall:GremlinWheel"},{"floor":40.0,"key":"Juzu Bracelet"},{"floor":47.0,"key":"CeramicFish"}],"event_choices":[{"damage_healed":0.0,"max_hp_gain":0.0,"max_hp_loss":0.0,"gold_gain":0.0,"event_name":"Scrap Ooze","player_choice":"Success","floor":5.0,"gold_loss":0.0,"damage_taken":18.0,"relics_obtained":["Bronze Scales"]},{"damage_healed":0.0,"max_hp_gain":0.0,"max_hp_loss":0.0,"gold_gain":0.0,"event_name":"Lab","player_choice":"Got Potions","floor":25.0,"gold_loss":0.0,"damage_taken":0.0},{"damage_healed":0.0,"max_hp_gain":0.0,"max_hp_loss":0.0,"gold_gain":0.0,"event_name":"Wheel of Change","player_choice":"Relic","floor":47.0,"gold_loss":0.0,"damage_taken":0.0}],"is_beta":false,"boss_relics":[{"not_picked":["Cursed Key","SacredBark"],"picked":"Empty Cage"},{"not_picked":["Snecko Eye","Philosopher\u0027s Stone"],"picked":"Calling Bell"}],"items_purged_floors":[12,38,48],"is_endless":false,"potions_floor_spawned":[2,4,6,14,20,21,31,32,33,36,39,43,45,49],"ascension_level":1}}