{"host":"zsm7nv3crm3m4x5c","time":1608962171,"event":{"mods":["AchievementEnabler","BaseMod","Colored Map","Colored Powertips","Minty Spire (QoL Compilation)","Shop Mod"],"gold_per_floor":[116,116,128,53,70,97,97,109,158,217,231,231,231,263,263,364,364,375,474,486,188,202,202,229,229,229,229,229,243,254,280,280,280,280],"floor_reached":33,"playtime":1478,"items_purged":["Strike_G","Strike_G"],"score":415,"play_id":"448198b4-f40e-4c3f-80df-a84c2bb30514","local_time":"20201226005611","is_ascension_mode":true,"campfire_choices":[{"data":"Bouncing Flask","floor":7,"key":"SMITH"},{"data":"Survivor","floor":12,"key":"SMITH"},{"data":"Corpse Explosion","floor":15,"key":"SMITH"},{"floor":23,"key":"REST"},{"data":"Prepared","floor":25,"key":"SMITH"},{"floor":28,"key":"REST"},{"data":"Blur","floor":32,"key":"SMITH"}],"circlet_count":0,"master_deck":["Strike_G","Strike_G","Defend_G","Defend_G","Defend_G","Defend_G","Defend_G","Survivor+1","Neutralize","Bouncing Flask+1","PiercingWail+1","Corpse Explosion+1","Prepared+1","Poisoned Stab+1","Blur+1"],"relics":["Ring of the Snake","FossilizedHelix","The Courier","Ancient Tea Set","Centennial Puzzle","StrikeDummy","Cursed Key","Akabeko","Torii","Meat on the Bone","Blood Vial"],"acts_visited":["Exordium","TheCity"],"potions_floor_usage":[8,10,10,29,29,31,33],"damage_taken":[{"damage":0,"enemies":"2 Louse","floor":1,"turns":4},{"damage":0,"enemies":"Jaw Worm","floor":3,"turns":3},{"damage":0,"enemies":"Cultist","floor":5,"turns":4},{"damage":0,"enemies":"Gremlin Nob","floor":6,"turns":4},{"damage":3,"enemies":"Exordium Wildlife","floor":8,"turns":4},{"damage":6,"enemies":"3 Sentries","floor":10,"turns":9},{"damage":0,"enemies":"Blue Slaver","floor":11,"turns":4},{"damage":0,"enemies":"Lagavulin","floor":14,"turns":6},{"damage":5,"enemies":"Hexaghost","floor":16,"turns":8},{"damage":0,"enemies":"3 Byrds","floor":18,"turns":2},{"damage":20,"enemies":"2 Thieves","floor":20,"turns":3},{"damage":0,"enemies":"Centurion and Healer","floor":22,"turns":4},{"damage":17,"enemies":"Gremlin Leader","floor":24,"turns":7},{"damage":0,"enemies":"Cultist and Chosen","floor":29,"turns":3},{"damage":0,"enemies":"Snecko","floor":30,"turns":3},{"damage":0,"enemies":"Book of Stabbing","floor":31,"turns":5},{"damage":74,"enemies":"Champ","floor":33,"turns":11}],"seed_played":"3400620827590023869","potions_obtained":[{"floor":1,"key":"BlessingOfTheForge"},{"floor":3,"key":"SpeedPotion"},{"floor":8,"key":"Poison Potion"},{"floor":14,"key":"LiquidBronze"},{"floor":22,"key":"AttackPotion"},{"floor":29,"key":"SteroidPotion"},{"floor":31,"key":"BlessingOfTheForge"}],"is_trial":false,"path_per_floor":["M","?","M","$","M","E","R","M","T","?","M","R","?","E","R","B",null,"M","?","M","$","M","R","E","R","T","?","R","M","M","E","R","B"],"character_chosen":"THE_SILENT","items_purchased":["Akabeko","Prepared","DistilledChaos"],"campfire_rested":2,"item_purchase_floors":[21,21,21],"current_hp_per_floor":[63,56,56,56,56,56,56,53,53,47,47,47,47,47,47,42,63,63,63,43,43,43,61,44,44,44,44,62,62,62,62,62,0,0],"gold":280,"neow_bonus":"ONE_RARE_RELIC","is_daily":false,"chose_seed":false,"campfire_upgraded":5,"win_rate":0.0,"timestamp":1608962171,"path_taken":["M","?","M","$","M","E","R","M","T","?","M","R","?","E","R","BOSS","M","?","M","$","M","R","E","R","T","?","R","M","M","E","R","BOSS"],"items_purchased_type":["Relic","Card","Potion"],"build_version":"2020-12-22","purchased_purges":2,"victory":false,"max_hp_per_floor":[63,63,63,63,63,63,63,63,63,63,63,63,63,63,63,63,63,63,63,63,63,63,63,63,63,63,63,63,63,63,63,63,63,63],"card_choices":[{"not_picked":["Blade Dance","Flechettes"],"picked":"Bouncing Flask","floor":1},{"not_picked":["Slice","Expertise","Underhanded Strike"],"picked":"SKIP","floor":3},{"not_picked":["Underhanded Strike","Eviscerate","Backflip"],"picked":"SKIP","floor":5},{"not_picked":["Flying Knee","Sucker Punch","Dagger Throw"],"picked":"SKIP","floor":6},{"not_picked":["Acrobatics","Underhanded Strike"],"picked":"PiercingWail","floor":8},{"not_picked":["Slice","Acrobatics","Underhanded Strike"],"picked":"SKIP","floor":11},{"not_picked":["Noxious Fumes","Flechettes"],"picked":"Corpse Explosion","floor":14},{"not_picked":["Backflip","Slice","Dagger Spray+1"],"picked":"SKIP","floor":18},{"not_picked":["Deadly Poison","Flying Knee","Blade Dance"],"picked":"SKIP","floor":20},{"not_picked":["Prepared","Burst","Slice"],"picked":"SKIP","floor":22},{"not_picked":["Underhanded Strike","Flying Knee+1","Outmaneuver"],"picked":"SKIP","floor":24},{"not_picked":["Quick Slash+1","Poisoned Stab+1","PiercingWail"],"picked":"SKIP","floor":29},{"not_picked":["Quick Slash+1","PiercingWail"],"picked":"Poisoned Stab+1","floor":29},{"not_picked":["Deflect","Underhanded Strike+1","Cloak And Dagger"],"picked":"SKIP","floor":30},{"not_picked":["PiercingWail","Quick Slash"],"picked":"Blur","floor":31}],"player_experience":521275,"relics_obtained":[{"floor":6,"key":"The Courier"},{"floor":9,"key":"Ancient Tea Set"},{"floor":10,"key":"Centennial Puzzle"},{"floor":14,"key":"StrikeDummy"},{"floor":24,"key":"Torii"},{"floor":26,"key":"Meat on the Bone"},{"floor":31,"key":"Blood Vial"}],"event_choices":[{"cards_removed":["Strike_G"],"damage_healed":0,"gold_gain":0,"player_choice":"Card Removal","damage_taken":7,"max_hp_gain":0,"max_hp_loss":0,"event_name":"Golden Wing","floor":2,"gold_loss":0},{"damage_healed":0,"gold_gain":30,"player_choice":"Searched \u00272\u0027 times","damage_taken":0,"max_hp_gain":0,"max_hp_loss":0,"event_name":"Dead Adventurer","floor":10,"gold_loss":0},{"damage_healed":0,"gold_gain":0,"player_choice":"Grow","damage_taken":0,"max_hp_gain":0,"max_hp_loss":0,"event_name":"Living Wall","floor":13,"gold_loss":0,"cards_upgraded":["PiercingWail"]},{"damage_healed":0,"gold_gain":99,"player_choice":"Stole From Cult","damage_taken":0,"max_hp_gain":0,"max_hp_loss":0,"event_name":"Nest","floor":19,"gold_loss":0},{"cards_removed":["Clumsy"],"damage_healed":0,"gold_gain":0,"player_choice":"Removed Curses","damage_taken":0,"max_hp_gain":0,"max_hp_loss":0,"event_name":"Fountain of Cleansing","floor":27,"gold_loss":0}],"is_beta":false,"boss_relics":[{"not_picked":["HoveringKite","Runic Pyramid"],"picked":"Cursed Key"}],"items_purged_floors":[4,21],"is_endless":false,"potions_floor_spawned":[1,3,8,14,22,29,31],"killed_by":"Champ","ascension_level":1}}