{"host":"p4yrwepmrl4g8pul","time":1608950265,"event":{"mods":["Act Like it!","BaseMod","BetterRewards","Colored Map","Custom Start","Gensokyo","Marisa£®ÏF”Í°°ƒß¿Ì…≥£©","Minty Spire (QoL Compilation)","Quick Restart","Rare Cards Sparkle","Reimu£®≤©¿ˆ¡È√Œ£©","Remilia£®¿Ÿ√◊¿Ú—«£©","Remove Card Discount Mod","Shop Mod","StSLib","The Jungle"],"gold_per_floor":[117,392,412,487,487,487,487,502,525,539,52,52,78,92,92,163,163,182,18,18,18,28,62,62,62,134,134,152,152,17,27,27,106,106,119,119,119,119,172,207,227,227,227,227,252,265,275,124,124,124,124,124,124,37,69,69,69],"floor_reached":56,"playtime":2417,"items_purged":["Strike_MRS","Strike_MRS","Defend_MRS","Defend_MRS","MasterSpark","Strike_MRS","Strike_MRS","Defend_MRS","Regret","Defend_MRS","PowerUp","UpSweep","Wraith","SprinkleStarSeal"],"score":2667,"play_id":"b7686cc7-a2a1-4968-9c10-f56c367e4140","local_time":"20201226103745","is_ascension_mode":true,"campfire_choices":[{"data":"WitchLeyline","floor":6.0,"key":"SMITH"},{"data":"DragonMeteor","floor":15.0,"key":"SMITH"},{"data":"MilkyWay","floor":25.0,"key":"SMITH"},{"data":"ShootingEcho","floor":29.0,"key":"SMITH"},{"floor":32.0,"key":"RECALL"},{"data":"Madness","floor":44.0,"key":"SMITH"},{"floor":49.0,"key":"REST"},{"data":"Madness","floor":53.0,"key":"SMITH"}],"circlet_count":0,"master_deck":["AscendersBane","Acceleration","GasGiant+1","WitchLeyline+1","ShootingEcho+1","DragonMeteor+1","MilkyWay+1","Madness+1","Madness+1","Singularity+1"],"relics":["MiniHakkero","ClockworkSouvenir","Medical Kit","Juzu Bracelet","Ancient Tea Set","Thread and Needle","TentaclePot:ReiMu","CaptainsWheel","RampagingMagicTools","PreservedInsect","Shuriken","theJungle:BirthdayCakeSlice","theJungle:Flamango","Ice Cream","Centennial Puzzle","Eternal Feather","Dream Catcher","Gambling Chip"],"acts_visited":["Exordium","Exordium","TheBeyond","TheEnding"],"potions_floor_usage":[56],"damage_taken":[{"damage":0.0,"enemies":"Cultist","floor":1.0,"turns":2.0},{"damage":0.0,"enemies":"2 Louse","floor":3.0,"turns":2.0},{"damage":0.0,"enemies":"Small Slimes","floor":8.0,"turns":2.0},{"damage":0.0,"enemies":"2 Fungi Beasts","floor":10.0,"turns":2.0},{"damage":0.0,"enemies":"3 Sentries","floor":13.0,"turns":4.0},{"damage":0.0,"enemies":"Lots of Slimes","floor":14.0,"turns":2.0},{"damage":0.0,"enemies":"The Guardian","floor":16.0,"turns":6.0},{"damage":0.0,"enemies":"theJungle:GiantWrat","floor":18.0,"turns":3.0},{"damage":0.0,"enemies":"theJungle:5_Spyders","floor":22.0,"turns":3.0},{"damage":0.0,"enemies":"theJungle:2_Phrogs","floor":23.0,"turns":5.0},{"damage":2.0,"enemies":"theJungle:Lyon","floor":28.0,"turns":3.0},{"damage":0.0,"enemies":"theJungle:SlimyTreeVines","floor":31.0,"turns":2.0},{"damage":0.0,"enemies":"theJungle:FunGuy","floor":33.0,"turns":5.0},{"damage":0.0,"enemies":"Orb Walker","floor":35.0,"turns":2.0},{"damage":5.0,"enemies":"2 Orb Walkers","floor":39.0,"turns":2.0},{"damage":23.0,"enemies":"Reptomancer","floor":40.0,"turns":3.0},{"damage":0.0,"enemies":"3 Darklings","floor":41.0,"turns":1.0},{"damage":10.0,"enemies":"Nemesis","floor":45.0,"turns":3.0},{"damage":0.0,"enemies":"Sphere and 2 Shapes","floor":46.0,"turns":3.0},{"damage":1.0,"enemies":"Maw","floor":47.0,"turns":4.0},{"damage":27.0,"enemies":"Time Eater","floor":50.0,"turns":6.0},{"damage":4.0,"enemies":"Donu and Deca","floor":51.0,"turns":4.0},{"damage":4.0,"enemies":"Shield and Spear","floor":55.0,"turns":3.0},{"damage":71,"enemies":"The Heart","floor":56,"turns":5}],"seed_played":"-7392654962981826964","potions_obtained":[{"floor":1.0,"key":"AttackPotion"},{"floor":14.0,"key":"GrandPatriotsElixir:ReiMu"},{"floor":22.0,"key":"SteroidPotion"},{"floor":23.0,"key":"BlessingOfTheForge"},{"floor":28.0,"key":"SkillPotion"},{"floor":41.0,"key":"GamblersBrew"},{"floor":45.0,"key":"SkillPotion"},{"floor":47.0,"key":"SkillPotion"}],"is_trial":false,"path_per_floor":["M","?","M","?","?","R","?","M","T","M","$","?","E","M","R","B",null,"M","$","?","?","M","E","$","R","T","?","M","R","?","M","R","B",null,"M","?","?","?","?","E","M","?","T","R","E","M","M","$","R","B","B",null,"R","$","E","B"],"character_chosen":"MARISA","items_purchased":["ClockworkSouvenir","Acceleration","GasGiant","WitchLeyline","Medical Kit","ShootingEcho","Juzu Bracelet","ChargingUp","Strength Potion","Thread and Needle","TentaclePot:ReiMu","PreservedInsect","SprinkleStarSeal","MagicPotion:ReiMu","DuplicationPotion"],"campfire_rested":1,"item_purchase_floors":[0,0,0,0,0,0,0,0,0,11,11,19,48,48,54],"current_hp_per_floor":[33,33,33,22,27,27,27,27,27,27,27,75,75,75,75,75,75,75,75,64,64,64,64,64,64,64,69,67,67,67,67,67,67,77,77,63,63,63,58,35,35,35,35,41,31,31,30,30,60,33,29,67,73,73,69,0,0],"gold":69,"neow_bonus":"","is_daily":false,"chose_seed":false,"campfire_upgraded":6,"win_rate":0.0,"timestamp":1608950265,"path_taken":["M","?","M","?","?","R","?","M","T","M","$","?","E","M","R","BOSS","M","?","?","?","M","E","$","R","T","?","M","R","?","M","R","BOSS","M","?","?","?","?","E","M","?","T","R","E","M","M","$","R","BOSS","BOSS","R","$","E","BOSS"],"items_purchased_type":["Relic","Card","Card","Card","Relic","Card","Relic","Card","Potion","Relic","Relic","Relic","Card","Potion","Potion"],"build_version":"2020-12-22","purchased_purges":14,"victory":false,"max_hp_per_floor":[70,70,70,70,75,75,75,75,75,75,75,75,75,75,75,75,75,75,75,75,75,75,75,75,75,75,80,80,80,80,80,80,80,80,80,80,80,80,80,80,80,80,80,80,80,80,80,80,80,80,80,80,80,80,80,80,80],"card_choices":[{"not_picked":["ChargingUp","MysteriousBeam","EventHorizon"],"picked":"SKIP","floor":1.0},{"not_picked":["LuminesStrike","AsteroidBelt","ShootTheMoon"],"picked":"SKIP","floor":3.0},{"not_picked":["AlicesGift","MysteriousBeam"],"picked":"DragonMeteor","floor":8.0},{"not_picked":["WitchLeyline","IllusionStar","StarBarrage"],"picked":"SKIP","floor":10.0},{"not_picked":["UnstableBomb","GalacticHalo","6A"],"picked":"SKIP","floor":13.0},{"not_picked":["AlicesGift","NonDirectionalLaser"],"picked":"PowerUp","floor":14.0},{"not_picked":["Acceleration","SporeBomb"],"picked":"MilkyWay","floor":18.0},{"not_picked":["SporeBomb","ShootingEcho","WitchOfGreed"],"picked":"SKIP","floor":22.0},{"not_picked":["DoubleSpark","NonDirectionalLaser","MachineGunSpark"],"picked":"SKIP","floor":23.0},{"not_picked":["StarlightTyphoon+1","WitchLeyline","ShootingEcho"],"picked":"SKIP","floor":28.0},{"not_picked":["Orbital+1","MilkyWay","MillisecondPulsars"],"picked":"SKIP","floor":31.0},{"not_picked":["PowerUp","MilkyWay","6A"],"picked":"SKIP","floor":35.0},{"not_picked":["GrandCross+1","StarDustReverie"],"picked":"Singularity+1","floor":40.0},{"not_picked":["IllusionStar","OpenUniverse","ShootingEcho"],"picked":"SKIP","floor":41.0},{"not_picked":["GalacticHalo+1","ShootingEcho+1","OortCloud+1"],"picked":"SKIP","floor":45.0},{"not_picked":["SprinkleStarSeal","Occultation","GrandCross"],"picked":"SKIP","floor":46.0},{"not_picked":["DeepEcoloBomb","DoubleSpark","GrandCross"],"picked":"SKIP","floor":47.0},{"not_picked":["OrrerysSun","DC","ShootingEcho"],"picked":"SKIP","floor":55.0}],"player_experience":722148,"relics_obtained":[{"floor":9.0,"key":"Ancient Tea Set"},{"floor":13.0,"key":"CaptainsWheel"},{"floor":23.0,"key":"Shuriken"},{"floor":39.0,"key":"Ice Cream"},{"floor":40.0,"key":"Centennial Puzzle"},{"floor":43.0,"key":"Eternal Feather"},{"floor":45.0,"key":"Dream Catcher"},{"floor":55.0,"key":"Gambling Chip"}],"event_choices":[{"damage_healed":0.0,"max_hp_gain":0.0,"max_hp_loss":0.0,"gold_gain":275.0,"event_name":"Golden Shrine","player_choice":"Desecrate","floor":2.0,"gold_loss":0.0,"damage_taken":0.0,"cards_obtained":["Regret"]},{"damage_healed":0.0,"max_hp_gain":0.0,"max_hp_loss":0.0,"gold_gain":75.0,"event_name":"World of Goop","player_choice":"Gather Gold","floor":4.0,"gold_loss":0.0,"damage_taken":11.0},{"damage_healed":0.0,"max_hp_gain":5.0,"max_hp_loss":0.0,"gold_gain":0.0,"event_name":"Big Fish","player_choice":"Donut","floor":5.0,"gold_loss":0.0,"damage_taken":0.0},{"damage_healed":0.0,"max_hp_gain":0.0,"max_hp_loss":0.0,"gold_gain":0.0,"event_name":"Living Wall","player_choice":"Grow","floor":7.0,"gold_loss":0.0,"damage_taken":0.0,"cards_upgraded":["GasGiant"]},{"cards_removed":["ChargingUp"],"damage_healed":48.0,"max_hp_gain":0.0,"max_hp_loss":0.0,"gold_gain":0.0,"event_name":"Bonfire Elementals","player_choice":"Offered Uncommon","floor":12.0,"gold_loss":0.0,"damage_taken":0.0},{"damage_healed":0.0,"max_hp_gain":0.0,"max_hp_loss":0.0,"gold_gain":0.0,"event_name":"Wheel of Change","player_choice":"Damaged","floor":20.0,"gold_loss":0.0,"damage_taken":11.0},{"damage_healed":0.0,"max_hp_gain":0.0,"max_hp_loss":0.0,"gold_gain":0.0,"event_name":"Winding Halls","player_choice":"Embrace Madness","floor":36.0,"gold_loss":0.0,"damage_taken":14.0,"cards_obtained":["Madness","Madness"]},{"damage_healed":0.0,"max_hp_gain":0.0,"max_hp_loss":0.0,"gold_gain":0.0,"event_name":"Tomb of Lord Red Mask","player_choice":"Ignored","floor":37.0,"gold_loss":0.0,"damage_taken":0.0},{"damage_healed":0.0,"max_hp_gain":0.0,"max_hp_loss":0.0,"gold_gain":0.0,"event_name":"OrinTheCat","player_choice":"Ignored","floor":38.0,"gold_loss":0.0,"damage_taken":0.0},{"damage_healed":0.0,"max_hp_gain":0.0,"max_hp_loss":0.0,"gold_gain":0.0,"event_name":"Mysterious Sphere","player_choice":"Fight","floor":39.0,"gold_loss":0.0,"damage_taken":0.0},{"damage_healed":0.0,"max_hp_gain":0.0,"max_hp_loss":0.0,"gold_gain":0.0,"event_name":"The Moai Head","player_choice":"Ignored","floor":42.0,"gold_loss":0.0,"damage_taken":0.0}],"is_beta":false,"boss_relics":[{"not_picked":["Velvet Choker","Coffee Dripper"],"picked":"RampagingMagicTools"},{"not_picked":["RedLine:ReiMu","Snecko Eye","Astrolabe"]}],"items_purged_floors":[0,0,0,0,0,0,0,0,11,19,19,19,48,54],"is_endless":false,"potions_floor_spawned":[1,3,10,14,22,23,28,31,41,45,47],"killed_by":"The Heart","ascension_level":20}}