{"host":"e40jm352kjzixotw","time":1608993189,"event":{"mods":["BaseMod","Better Altar","BetterRewards","Colored Map","Colored Powertips","DeckTracker","Dota2Spire","Minty Spire (QoL Compilation)","Rare Cards Sparkle","Relic Stats","StSLib","The Servant 0.9.4"],"gold_per_floor":[110,126,140,160,160,191,191,156,156,156,156,187,200,213,213,318,318,300,225,225,76,76,76,102,64,109,132,160,178,207,227,227,227,227],"floor_reached":33,"playtime":1853,"items_purged":["Strike_S"],"score":344,"play_id":"124d42e9-5c2a-4afd-9f82-28a3eb610000","local_time":"20201226153309","is_ascension_mode":true,"campfire_choices":[{"floor":7.0,"key":"REST"},{"data":"Exchange","floor":10.0,"key":"SMITH"},{"floor":15.0,"key":"REST"},{"data":"Potential","floor":23.0,"key":"SMITH"},{"floor":32,"key":"REST"}],"circlet_count":0,"master_deck":["Strike_S","Strike_S","Defend_S","Defend_S","Defend_S","Defend_S","KidneyShot","Exchange+1","Panacea","Potential+1","FastForward","Replace","FlawlessForm","Parasite","Replace+1","Rewind+1","Foresight","LightFlow","BottledTime+1","Comet","Revamp+1","ShiftingGears+1"],"relics":["Uniform","Sundial","Dota2Spire:BlackKingBar","Toxic Egg 2","Tiny Chest","SlaversCollar","Membership Card","Dota2Spire:PowerTreads","Bottled Lightning","PreservedInsect","Vajra","Centennial Puzzle"],"acts_visited":["Exordium","TheCity"],"potions_floor_usage":[31],"damage_taken":[{"damage":0.0,"enemies":"2 Louse","floor":1.0,"turns":3.0},{"damage":0.0,"enemies":"Small Slimes","floor":2.0,"turns":3.0},{"damage":2.0,"enemies":"Jaw Worm","floor":3.0,"turns":5.0},{"damage":6.0,"enemies":"Looter","floor":4.0,"turns":4.0},{"damage":52.0,"enemies":"Lagavulin","floor":6.0,"turns":10.0},{"damage":43.0,"enemies":"3 Sentries","floor":12.0,"turns":12.0},{"damage":1.0,"enemies":"Exordium Wildlife","floor":13.0,"turns":3.0},{"damage":0.0,"enemies":"2 Fungi Beasts","floor":14.0,"turns":4.0},{"damage":26.0,"enemies":"The Guardian","floor":16.0,"turns":11.0},{"damage":15.0,"enemies":"2 Thieves","floor":18.0,"turns":4.0},{"damage":7.0,"enemies":"Book of Stabbing","floor":24.0,"turns":6.0},{"damage":31.0,"enemies":"Slavers","floor":28.0,"turns":5.0},{"damage":13.0,"enemies":"Shell Parasite","floor":29.0,"turns":5.0},{"damage":11.0,"enemies":"Book of Stabbing","floor":30.0,"turns":5.0},{"damage":0,"enemies":"Snecko","floor":31,"turns":5},{"damage":34,"enemies":"Automaton","floor":33,"turns":6}],"seed_played":"2786088956814189669","potions_obtained":[{"floor":4.0,"key":"Explosive Potion"},{"floor":6.0,"key":"SpeedPotion"},{"floor":14.0,"key":"Dexterity Potion"},{"floor":16.0,"key":"Regen Potion"},{"floor":29.0,"key":"Fire Potion"},{"floor":30,"key":"DistilledChaos"},{"floor":31,"key":"Dota2Spire:Clarity"}],"is_trial":false,"path_per_floor":["M","M","M","M","?","E","R","?","T","R","?","E","M","M","R","B",null,"M","?","?","$","T","R","E","$","T","T","E","M","E","M","R","B"],"character_chosen":"THE_SERVANT","items_purchased":["Membership Card"],"campfire_rested":3,"item_purchase_floors":[21],"current_hp_per_floor":[65,65,63,57,54,2,21,37,37,37,53,10,9,9,28,2,65,50,50,50,50,50,50,43,43,43,43,12,13,2,2,21,0,0],"gold":227,"neow_bonus":"RANDOM_COLORLESS","is_daily":false,"chose_seed":false,"campfire_upgraded":2,"win_rate":0.0,"timestamp":1608993189,"path_taken":["M","M","M","M","?","E","R","?","T","R","?","E","M","M","R","BOSS","M","?","?","$","?","R","E","$","T","?","E","M","E","M","R","BOSS"],"items_purchased_type":["Relic"],"build_version":"2020-12-22","purchased_purges":1,"victory":false,"max_hp_per_floor":[65,65,65,65,65,65,65,65,65,65,65,65,65,65,65,65,65,65,65,65,65,65,65,65,65,65,65,65,65,65,65,65,65,65],"relic_stats":{"Centennial Puzzle":[3],"counters":[16,91],"Sundial":[16],"Tiny Chest":1,"PreservedInsect":79,"obtain_stats":[{"SlaversCollar":17,"Dota2Spire:PowerTreads":22,"Centennial Puzzle":30,"Dota2Spire:BlackKingBar":6,"Sundial":5,"Vajra":28,"Tiny Chest":12,"PreservedInsect":27,"Uniform":0,"Membership Card":21,"Bottled Lightning":24,"Toxic Egg 2":9},{"SlaversCollar":9,"Dota2Spire:PowerTreads":10,"Centennial Puzzle":14,"Dota2Spire:BlackKingBar":5,"Sundial":4,"Vajra":12,"Tiny Chest":6,"PreservedInsect":11,"Uniform":0,"Membership Card":10,"Bottled Lightning":11,"Toxic Egg 2":5},{"SlaversCollar":55,"Dota2Spire:PowerTreads":59,"Centennial Puzzle":80,"Dota2Spire:BlackKingBar":25,"Sundial":15,"Vajra":70,"Tiny Chest":37,"PreservedInsect":65,"Uniform":0,"Membership Card":59,"Bottled Lightning":65,"Toxic Egg 2":25}]},"card_choices":[{"not_picked":["Swift Strike","Blind"],"picked":"Panacea","floor":0.0},{"not_picked":["Alleviate","Revamp"],"picked":"Potential","floor":1.0},{"not_picked":["FanOfKnives","Rewind"],"picked":"FastForward","floor":2.0},{"not_picked":["ReturningBlade","RealityMarble","Ricochet"],"picked":"SKIP","floor":3.0},{"not_picked":["Defy","Luminosity"],"picked":"Replace","floor":4.0},{"not_picked":["Collapse","WasteNot"],"picked":"FlawlessForm","floor":6.0},{"not_picked":["DualDimension+1","Rearm+1"],"picked":"Replace+1","floor":12.0},{"not_picked":["DualDimension+1","DoubleEdge"],"picked":"Rewind+1","floor":13.0},{"not_picked":["Defy+1","FanOfKnives"],"picked":"Foresight","floor":14.0},{"not_picked":["Initiator","ForgedInTime+1"],"picked":"LightFlow","floor":16.0},{"not_picked":["DoubleEdge+1","Starlight+1","Barrier+1"],"picked":"SKIP","floor":18.0},{"not_picked":["SurpressingFire","Ricochet"],"picked":"BottledTime+1","floor":24.0},{"not_picked":["Rewind+1","Foresight"],"picked":"Comet","floor":28.0},{"not_picked":["DualDimension+1","StarChef"],"picked":"Revamp+1","floor":29.0},{"not_picked":["Replace+1","Read+1"],"picked":"ShiftingGears+1","floor":30},{"not_picked":["Unruled+1","Rearm+1","Duplication+1"],"picked":"SKIP","floor":31}],"player_experience":912808,"relics_obtained":[{"floor":6.0,"key":"Dota2Spire:BlackKingBar"},{"floor":9.0,"key":"Toxic Egg 2"},{"floor":12.0,"key":"Tiny Chest"},{"floor":22.0,"key":"Dota2Spire:PowerTreads"},{"floor":24.0,"key":"Bottled Lightning"},{"floor":27.0,"key":"PreservedInsect"},{"floor":28.0,"key":"Vajra"},{"floor":30,"key":"Centennial Puzzle"}],"event_choices":[{"damage_healed":0.0,"max_hp_gain":0.0,"max_hp_loss":0.0,"gold_gain":0.0,"event_name":"Scrap Ooze","player_choice":"Success","floor":5.0,"gold_loss":0.0,"damage_taken":3.0,"relics_obtained":["Sundial"]},{"damage_healed":16.0,"max_hp_gain":0.0,"max_hp_loss":0.0,"gold_gain":0.0,"event_name":"The Cleric","player_choice":"Healed","floor":8.0,"gold_loss":35.0,"damage_taken":0.0},{"damage_healed":16.0,"max_hp_gain":0.0,"max_hp_loss":0.0,"gold_gain":0.0,"event_name":"Mushrooms","player_choice":"Healed and dodged fight","floor":11.0,"gold_loss":0.0,"damage_taken":0.0,"cards_obtained":["Parasite"]},{"cards_removed":["Strike_S"],"damage_healed":0.0,"max_hp_gain":0.0,"max_hp_loss":0.0,"gold_gain":0.0,"event_name":"Beggar","player_choice":"Gave Gold","floor":19.0,"gold_loss":75.0,"damage_taken":0.0},{"damage_healed":0.0,"max_hp_gain":0.0,"max_hp_loss":0.0,"gold_gain":0.0,"event_name":"Vampires","player_choice":"Ignored","floor":20.0,"gold_loss":0.0,"damage_taken":0.0}],"is_beta":false,"boss_relics":[{"not_picked":["Astrolabe","Snecko Eye"],"picked":"SlaversCollar"}],"items_purged_floors":[25],"is_endless":false,"potions_floor_spawned":[4,6,14,16,24,29,30,31],"killed_by":"Automaton","ascension_level":2}}