{"host":"h5acbxt0wmjo1kpm","time":1608952413,"event":{"mods":["2.2 Compatiblity","Act Like it!","AlwaysNeverKeys","Aspiration","Bartender","BaseMod","Better Third Choice","Colored Map","Elementarium","Gensokyo","GifTheSpireLib","Hallownest","Marisa????????","Minty Spire (QoL Compilation)","Permanent Neow","Potionbrewer","Relic Filter","Replay The Spire","Robot Space Explorer","RumiaBox-????????","Shade Mod","Spicy Shops","StSLib","Strawberry Spire","The Blackbeard","The Dragon Tamer","The Forsaken","The Gatherer","The Problem Sleuth","The Servant 0.9.4","Wandering Minibosses","vexMod"],"gold_per_floor":[119,0,20,34,34,34,34],"floor_reached":6,"playtime":367,"items_purged":[],"score":58,"play_id":"d911838d-1bfb-4bb4-bd3f-6224df1e047f","local_time":"20201225191333","is_ascension_mode":true,"campfire_choices":[],"circlet_count":0,"master_deck":["AscendersBane","Strike_P","Strike_P","Strike_P","Strike_P","Defend_P","Defend_P","Defend_P","Defend_P","Eruption","Vigilance","TalkToTheHand","Consecrate","Gensokyo:BlemishedSteel","ThirdEye","Replay:Vibes+1","Wireheading"],"relics":["PureWater","Gensokyo:NagashiBinaDoll"],"acts_visited":["Gensokyo:Gensokyo"],"potions_floor_usage":[6],"damage_taken":[{"damage":0,"enemies":"Gensokyo:Python","floor":1,"turns":3},{"damage":3,"enemies":"Gensokyo:Gryphon","floor":3,"turns":4},{"damage":7,"enemies":"Gensokyo:2_Kodama","floor":4,"turns":7},{"damage":58,"enemies":"Gensokyo:Aya","floor":6,"turns":8}],"seed_played":"3346778338447078625","potions_obtained":[{"floor":3,"key":"potionbrewer:MidasPotion"}],"is_trial":false,"path_per_floor":["M","COS","M","M","?","E"],"character_chosen":"WATCHER","items_purchased":[],"campfire_rested":0,"item_purchase_floors":[],"current_hp_per_floor":[65,65,62,55,55,0,0],"gold":34,"neow_bonus":"THREE_CARDS","is_daily":false,"chose_seed":false,"campfire_upgraded":0,"win_rate":0.0,"timestamp":1608952413,"path_taken":["M","COS","M","M","?","E"],"items_purchased_type":[],"build_version":"2020-12-22","purchased_purges":0,"victory":false,"max_hp_per_floor":[72,72,72,72,72,72,72],"card_choices":[{"not_picked":["Worship","CarveReality"],"picked":"TalkToTheHand","floor":0},{"not_picked":["EmptyFist","ClearTheMind"],"picked":"Consecrate","floor":1},{"not_picked":["Pray","CarveReality"],"picked":"ThirdEye","floor":3},{"not_picked":["Evaluate+1","Prostrate+1"],"picked":"Replay:Vibes+1","floor":3},{"not_picked":["EmptyMind","ClearTheMind"],"picked":"Wireheading","floor":4}],"player_experience":1944049,"relics_obtained":[],"event_choices":[],"is_beta":false,"boss_relics":[],"items_purged_floors":[],"is_endless":false,"potions_floor_spawned":[3],"killed_by":"Gensokyo:Aya","ascension_level":12}}