{"host":"9ndbo4kgsfoemf7y","time":1608948338,"event":{"mods":["AchievementEnabler","BaseMod","Colored Map","DeckTracker","Keyboard Shortcuts","Minty Spire (QoL Compilation)","Permanent Neow","Quick Restart","Relic Stats","StSLib","SuperFastMode"],"gold_per_floor":[115,115,36,111,136,171,190,234,234,234,264,292,292,292,292,431,431,458,48,57,79,108,108,108],"floor_reached":23,"playtime":791,"items_purged":["Strike_B"],"score":258,"play_id":"e9d1baf9-6ffc-488b-ac78-a14bbef74fa4","local_time":"20201226110538","is_ascension_mode":true,"campfire_choices":[{"floor":10.0,"key":"REST"},{"floor":13,"key":"REST"},{"data":"White Noise","floor":15,"key":"SMITH"}],"circlet_count":0,"master_deck":["Strike_B","Strike_B","Strike_B","Defend_B","Defend_B+1","Defend_B","Defend_B","Zap","Dualcast","Stack","Capacitor","White Noise+1","Conserve Battery","Coolheaded+1","Beam Cell","Go for the Eyes","Core Surge","Barrage","Self Repair","Decay","Loop","Self Repair"],"relics":["Cracked Core","NeowsBlessing","Golden Idol","InkBottle","Torii","Calipers","CeramicFish","Nuclear Battery","Letter Opener"],"acts_visited":["Exordium","TheCity"],"potions_floor_usage":[],"damage_taken":[{"damage":0.0,"enemies":"2 Louse","floor":1.0,"turns":1.0},{"damage":0.0,"enemies":"Jaw Worm","floor":5.0,"turns":1.0},{"damage":0.0,"enemies":"3 Sentries","floor":6.0,"turns":1.0},{"damage":7.0,"enemies":"Small Slimes","floor":7.0,"turns":4.0},{"damage":31.0,"enemies":"Lagavulin","floor":8.0,"turns":8.0},{"damage":8,"enemies":"3 Louse","floor":12,"turns":4},{"damage":25,"enemies":"The Guardian","floor":16,"turns":12},{"damage":2,"enemies":"Shell Parasite","floor":18,"turns":8},{"damage":22,"enemies":"3 Byrds","floor":21,"turns":5},{"damage":27,"enemies":"Centurion and Healer","floor":22,"turns":7},{"damage":45,"enemies":"Gremlin Leader","floor":23,"turns":3}],"seed_played":"-9020136227827951963","potions_obtained":[{"floor":1.0,"key":"PowerPotion"},{"floor":6.0,"key":"CultistPotion"},{"floor":12,"key":"EssenceOfSteel"}],"is_trial":false,"path_per_floor":["M","?","$","?","M","E","M","E","T","R","?","M","R","?","R","B",null,"M","$","?","M","M","E"],"character_chosen":"DEFECT","items_purchased":["Capacitor","Letter Opener","Self Repair"],"campfire_rested":2,"item_purchase_floors":[3,19,19],"current_hp_per_floor":[75,57,57,46,46,46,39,8,8,30,30,22,44,29,29,4,75,73,73,73,58,38,0,0],"gold":108,"neow_bonus":"THREE_ENEMY_KILL","is_daily":false,"chose_seed":false,"campfire_upgraded":1,"win_rate":0.0,"timestamp":1608948338,"path_taken":["M","?","$","?","M","E","M","E","T","R","?","?","R","?","R","BOSS","M","$","?","M","?","E"],"items_purchased_type":["Card","Relic","Card"],"build_version":"2020-12-22","purchased_purges":1,"victory":false,"max_hp_per_floor":[75,75,75,75,75,75,75,75,75,75,75,75,75,75,75,75,75,75,75,75,75,75,75,75],"relic_stats":{"Torii":17,"counters":[11,54],"Golden Idol":66,"CeramicFish":63,"Letter Opener":[45],"obtain_stats":[{"Calipers":9,"NeowsBlessing":0,"Torii":8,"Golden Idol":2,"CeramicFish":11,"Letter Opener":19,"Cracked Core":0,"InkBottle":6,"Nuclear Battery":17},{"Calipers":5,"NeowsBlessing":0,"Torii":5,"Golden Idol":1,"CeramicFish":5,"Letter Opener":8,"Cracked Core":0,"InkBottle":3,"Nuclear Battery":7},{"Calipers":15,"NeowsBlessing":0,"Torii":15,"Golden Idol":1,"CeramicFish":15,"Letter Opener":39,"Cracked Core":0,"InkBottle":3,"Nuclear Battery":31}],"InkBottle":[19]},"card_choices":[{"not_picked":["Redo","Rebound"],"picked":"Stack","floor":1.0},{"not_picked":["Blizzard","Steam"],"picked":"White Noise","floor":5.0},{"not_picked":["Rip and Tear","Lockon"],"picked":"Conserve Battery","floor":6.0},{"not_picked":["Streamline","Ball Lightning"],"picked":"Coolheaded","floor":7.0},{"not_picked":["Darkness","Redo"],"picked":"Beam Cell","floor":8.0},{"not_picked":["Compile Driver","Beam Cell"],"picked":"Go for the Eyes","floor":12},{"not_picked":["Rainbow","Multi-Cast"],"picked":"Core Surge","floor":16},{"not_picked":["Static Discharge","Steam"],"picked":"Barrage","floor":18},{"not_picked":["Beam Cell","Sunder+1"],"picked":"Loop","floor":21},{"not_picked":["Stack","Force Field"],"picked":"Self Repair","floor":22}],"player_experience":747412,"relics_obtained":[{"floor":6.0,"key":"InkBottle"},{"floor":8.0,"key":"Torii"},{"floor":9.0,"key":"Calipers"}],"event_choices":[{"damage_healed":0.0,"max_hp_gain":0.0,"max_hp_loss":0.0,"gold_gain":0.0,"event_name":"Golden Idol","player_choice":"Take Damage","floor":2.0,"gold_loss":0.0,"damage_taken":18.0,"relics_obtained":["Golden Idol"]},{"damage_healed":0.0,"max_hp_gain":0.0,"max_hp_loss":0.0,"gold_gain":75.0,"event_name":"World of Goop","player_choice":"Gather Gold","floor":4.0,"gold_loss":0.0,"damage_taken":11.0},{"damage_healed":0,"gold_gain":30,"player_choice":"Searched \u00272\u0027 times","damage_taken":0,"relics_obtained":["CeramicFish"],"max_hp_gain":0,"max_hp_loss":0,"event_name":"Dead Adventurer","floor":11,"gold_loss":0},{"damage_healed":0,"gold_gain":0,"player_choice":"Entered Light","damage_taken":15,"max_hp_gain":0,"max_hp_loss":0,"event_name":"Shining Light","floor":14,"gold_loss":0,"cards_upgraded":["Defend_B","Coolheaded"]},{"damage_healed":0,"gold_gain":0,"player_choice":"Cursed","damage_taken":0,"max_hp_gain":0,"max_hp_loss":0,"event_name":"Wheel of Change","floor":20,"gold_loss":0,"cards_obtained":["Decay"]}],"is_beta":false,"boss_relics":[{"not_picked":["SacredBark","Cursed Key"],"picked":"Nuclear Battery"}],"items_purged_floors":[19],"is_endless":false,"potions_floor_spawned":[1,6,12],"killed_by":"Gremlin Leader","ascension_level":3}}