{"host":"94aus4jnk6thj94q","time":1608998500,"event":{"mods":["BaseMod","Minty Spire (QoL Compilation)","Quick Restart","StSLib"],"gold_per_floor":[110,110,121,43,63,63,81,108,134,99,113,85,85,118,118,216,216,235,235,334,348,348,116,129,129,129,129,129,140,140,152,152,152,152],"floor_reached":33,"playtime":1647,"items_purged":[],"score":257,"play_id":"ccf8b97b-e55b-47bb-a13e-47d8236f81a3","local_time":"20201226180140","is_ascension_mode":false,"campfire_choices":[{"floor":6.0,"key":"REST"},{"floor":13.0,"key":"REST"},{"floor":15.0,"key":"REST"},{"floor":25.0,"key":"REST"},{"floor":27.0,"key":"RECALL"},{"floor":30.0,"key":"REST"},{"data":"Armaments","floor":32.0,"key":"SMITH"}],"circlet_count":0,"master_deck":["Strike_R","Strike_R","Strike_R","Strike_R","Defend_R","Defend_R","Defend_R","Defend_R","Bash","Shame","Perfected Strike","Sever Soul","Perfected Strike","Metallicize","Armaments+1","Iron Wave","Power Through","Inflame","Twin Strike","Armaments","Whirlwind","Double Tap","Heavy Blade","Whirlwind","Perfected Strike","Heavy Blade"],"relics":["Burning Blood","Bird Faced Urn","Bag of Preparation","Omamori","Akabeko","Sozu","Medical Kit"],"acts_visited":["Exordium","TheCity"],"potions_floor_usage":[],"damage_taken":[{"damage":21.0,"enemies":"Small Slimes","floor":1.0,"turns":5.0},{"damage":1.0,"enemies":"Cultist","floor":3.0,"turns":4.0},{"damage":8.0,"enemies":"Jaw Worm","floor":5.0,"turns":3.0},{"damage":0.0,"enemies":"3 Louse","floor":7.0,"turns":3.0},{"damage":22.0,"enemies":"Gremlin Nob","floor":8.0,"turns":4.0},{"damage":13.0,"enemies":"Large Slime","floor":11.0,"turns":6.0},{"damage":16.0,"enemies":"Exordium Thugs","floor":12.0,"turns":5.0},{"damage":44.0,"enemies":"Lagavulin","floor":14.0,"turns":7.0},{"damage":31.0,"enemies":"Slime Boss","floor":16.0,"turns":10.0},{"damage":11.0,"enemies":"3 Byrds","floor":18.0,"turns":6.0},{"damage":17.0,"enemies":"Shell Parasite","floor":21.0,"turns":4.0},{"damage":12.0,"enemies":"Centurion and Healer","floor":24.0,"turns":3.0},{"damage":21.0,"enemies":"Snake Plant","floor":29.0,"turns":2.0},{"damage":8.0,"enemies":"Snecko","floor":31.0,"turns":3.0},{"damage":83,"enemies":"Collector","floor":33,"turns":10}],"seed_played":"-7496343537204923051","potions_obtained":[{"floor":5.0,"key":"Swift Potion"},{"floor":7.0,"key":"Fruit Juice"},{"floor":14.0,"key":"AttackPotion"},{"floor":16.0,"key":"GamblersBrew"}],"is_trial":false,"path_per_floor":["M","?","M","$","M","R","M","E","T","$","M","M","R","E","R","B",null,"M","?","?","M","?","$","M","R","T","R","$","M","R","M","R","B"],"character_chosen":"IRONCLAD","items_purchased":["Metallicize","Inflame","Medical Kit","Whirlwind"],"campfire_rested":5,"item_purchase_floors":[4,10,23,23],"current_hp_per_floor":[65,65,70,70,70,80,80,64,64,64,61,58,83,49,74,53,85,82,82,82,71,71,71,65,85,85,85,85,70,85,85,85,4,4],"gold":152,"neow_bonus":"ONE_RARE_RELIC","is_daily":false,"chose_seed":false,"campfire_upgraded":1,"win_rate":0.0,"timestamp":1608998500,"path_taken":["M","?","?","$","M","R","M","E","T","$","M","M","R","E","R","BOSS","M","?","?","M","?","$","M","R","T","R","$","M","R","?","R","BOSS"],"items_purchased_type":["Card","Card","Relic","Card"],"build_version":"2020-12-22","purchased_purges":0,"victory":false,"max_hp_per_floor":[80,80,80,80,80,80,80,80,80,80,80,85,85,85,85,85,85,85,85,85,85,85,85,85,85,85,85,85,85,85,85,85,85,85],"card_choices":[{"not_picked":["Rampage","Iron Wave"],"picked":"Perfected Strike","floor":1.0},{"not_picked":["Sentinel","Pummel"],"picked":"Perfected Strike","floor":3.0},{"not_picked":["Clothesline","True Grit"],"picked":"Armaments","floor":5.0},{"not_picked":["Flex","Warcry"],"picked":"Iron Wave","floor":7.0},{"not_picked":["True Grit","Sever Soul"],"picked":"Power Through","floor":8.0},{"not_picked":["Warcry","Perfected Strike"],"picked":"Twin Strike","floor":11.0},{"not_picked":["Carnage","Burning Pact"],"picked":"Armaments","floor":12.0},{"not_picked":["Iron Wave","Clash"],"picked":"Whirlwind","floor":14.0},{"not_picked":["Impervious","Berserk"],"picked":"Double Tap","floor":16.0},{"not_picked":["Warcry","Clothesline"],"picked":"Heavy Blade","floor":18.0},{"not_picked":["Armaments","Hemokinesis","True Grit"],"picked":"SKIP","floor":21.0},{"not_picked":["True Grit","Rampage+1"],"picked":"Perfected Strike","floor":24.0},{"not_picked":["Fire Breathing","Armaments+1","Limit Break"],"picked":"SKIP","floor":29.0},{"not_picked":["Wild Strike","Headbutt"],"picked":"Heavy Blade","floor":31.0}],"player_experience":5644679,"relics_obtained":[{"floor":8.0,"key":"Bag of Preparation"},{"floor":9.0,"key":"Omamori"},{"floor":14.0,"key":"Akabeko"}],"event_choices":[{"damage_healed":0.0,"max_hp_gain":0.0,"max_hp_loss":0.0,"gold_gain":0.0,"cards_transformed":["Strike_R"],"event_name":"Transmorgrifier","player_choice":"Transformed","floor":2.0,"gold_loss":0.0,"damage_taken":0.0,"cards_obtained":["Sever Soul"]},{"damage_healed":0.0,"max_hp_gain":0.0,"max_hp_loss":0.0,"gold_gain":0.0,"event_name":"Beggar","player_choice":"Ignored","floor":19.0,"gold_loss":0.0,"damage_taken":0.0},{"damage_healed":0.0,"max_hp_gain":0.0,"max_hp_loss":0.0,"gold_gain":99.0,"event_name":"Nest","player_choice":"Stole From Cult","floor":20.0,"gold_loss":0.0,"damage_taken":0.0},{"damage_healed":0.0,"max_hp_gain":0.0,"max_hp_loss":0.0,"gold_gain":0.0,"event_name":"Lab","player_choice":"Got Potions","floor":22.0,"gold_loss":0.0,"damage_taken":0.0}],"is_beta":false,"boss_relics":[{"not_picked":["Fusion Hammer","Busted Crown"],"picked":"Sozu"}],"items_purged_floors":[],"is_endless":false,"potions_floor_spawned":[5,7,14,16,24,31],"killed_by":"Collector","ascension_level":0}}