{"host":"6pgtslebjnyv5xmi","time":1608976769,"event":{"mods":["AchievementEnabler","BaseMod","Colored Map","Minty Spire (QoL Compilation)","Rare Cards Sparkle","StSLib","SuperFastMode","Td1madao Mod","everything is the same but u backflip on backflip"],"gold_per_floor":[218,238,4,24,24,24,41,41,64,248,259,285,285,305,305,416,416,444,444,62,71,355,355,355],"floor_reached":23,"playtime":550,"items_purged":["Strike_R"],"score":181,"play_id":"5d33fd59-4c28-49be-a462-870de1ba6f55","local_time":"20201226185929","is_ascension_mode":false,"campfire_choices":[{"data":"Fiend Fire","floor":6.0,"key":"SMITH"},{"data":"Power Through","floor":13,"key":"SMITH"},{"data":"Power Through","floor":15,"key":"SMITH"}],"circlet_count":0,"master_deck":["Strike_R","Strike_R","Strike_R","Strike_R","Defend_R","Defend_R+1","Defend_R","Defend_R","Bash","Wild Strike","Thunderclap","Fiend Fire+1","Fire Breathing+1","Doubt","Power Through+1","Power Through+1","Reaper","Feel No Pain","Writhe","Regret"],"relics":["Burning Blood","Anchor","CeramicFish","Runic Cube","Juzu Bracelet","HandDrill","Pen Nib"],"acts_visited":["Exordium","TheCity"],"potions_floor_usage":[16,16,23,23],"damage_taken":[{"damage":4.0,"enemies":"2 Louse","floor":1.0,"turns":3.0},{"damage":12.0,"enemies":"Small Slimes","floor":2.0,"turns":3.0},{"damage":1.0,"enemies":"Cultist","floor":4.0,"turns":3.0},{"damage":7.0,"enemies":"Blue Slaver","floor":7.0,"turns":3.0},{"damage":0,"enemies":"Large Slime","floor":11,"turns":3},{"damage":26,"enemies":"Lots of Slimes","floor":12,"turns":4},{"damage":0,"enemies":"2 Fungi Beasts","floor":14,"turns":4},{"damage":33,"enemies":"Hexaghost","floor":16,"turns":10},{"damage":27,"enemies":"3 Byrds","floor":18,"turns":3},{"damage":67,"enemies":"Gremlin Leader","floor":23,"turns":4}],"seed_played":"3234425875954889341","potions_obtained":[{"floor":1.0,"key":"Weak Potion"},{"floor":12,"key":"Swift Potion"},{"floor":18,"key":"EntropicBrew"}],"is_trial":false,"path_per_floor":["M","M","$","M","$","R","M","?","T","?","M","M","R","M","R","B",null,"M","?","$","?","?","E"],"character_chosen":"IRONCLAD","items_purchased":["Fiend Fire","Anchor","Juzu Bracelet","HandDrill"],"campfire_rested":0,"item_purchase_floors":[3,3,20,20],"current_hp_per_floor":[80,74,74,79,79,79,78,62,62,62,68,48,48,54,54,27,80,63,55,55,55,55,0,0],"gold":355,"neow_bonus":"HUNDRED_GOLD","is_daily":false,"chose_seed":false,"campfire_upgraded":3,"win_rate":0.0,"timestamp":1608976769,"path_taken":["M","M","$","M","$","R","M","?","T","?","M","M","R","M","R","BOSS","M","?","?","?","?","E"],"items_purchased_type":["Card","Relic","Relic","Relic"],"build_version":"2020-12-22","purchased_purges":1,"victory":false,"max_hp_per_floor":[80,80,80,80,80,80,80,80,80,80,80,80,80,80,80,80,80,80,80,80,80,80,80,80],"card_choices":[{"not_picked":["Pommel Strike","Dual Wield"],"picked":"Wild Strike","floor":1.0},{"not_picked":["Anger","Cleave"],"picked":"Thunderclap","floor":2.0},{"not_picked":["Burning Pact","Armaments","Twin Strike"],"picked":"SKIP","floor":4.0},{"not_picked":["True Grit","Twin Strike"],"picked":"Fire Breathing","floor":7.0},{"not_picked":["Uppercut","Pommel Strike","Thunderclap"],"picked":"SKIP","floor":11},{"not_picked":["Feel No Pain","Spot Weakness"],"picked":"Power Through","floor":12},{"not_picked":["Battle Trance","Iron Wave"],"picked":"Power Through","floor":14},{"not_picked":["Brutality","Double Tap"],"picked":"Reaper","floor":16},{"not_picked":["Cleave+1","Clothesline"],"picked":"Feel No Pain","floor":18}],"player_experience":480501,"relics_obtained":[{"floor":9,"key":"CeramicFish"}],"event_choices":[{"damage_healed":0,"gold_gain":0,"player_choice":"Entered Light","damage_taken":16,"max_hp_gain":0,"max_hp_loss":0,"event_name":"Shining Light","floor":8,"gold_loss":0,"cards_upgraded":["Fire Breathing","Defend_R"]},{"damage_healed":0,"gold_gain":175,"player_choice":"AGREE","damage_taken":0,"max_hp_gain":0,"max_hp_loss":0,"event_name":"Liars Game","floor":10,"gold_loss":0,"cards_obtained":["Doubt"]},{"damage_healed":0,"gold_gain":0,"player_choice":"Damaged","damage_taken":8,"max_hp_gain":0,"max_hp_loss":0,"event_name":"Wheel of Change","floor":19,"gold_loss":0},{"damage_healed":0,"gold_gain":0,"player_choice":"Opened","damage_taken":0,"relics_obtained":["Pen Nib"],"max_hp_gain":0,"max_hp_loss":0,"event_name":"The Mausoleum","floor":21,"gold_loss":0,"cards_obtained":["Writhe"]},{"damage_healed":0,"gold_gain":275,"player_choice":"Desecrate","damage_taken":0,"max_hp_gain":0,"max_hp_loss":0,"event_name":"Golden Shrine","floor":22,"gold_loss":0,"cards_obtained":["Regret"]}],"is_beta":false,"boss_relics":[{"not_picked":["Coffee Dripper","Tiny House"],"picked":"Runic Cube"}],"items_purged_floors":[20],"is_endless":false,"potions_floor_spawned":[1,12,18],"killed_by":"Gremlin Leader","ascension_level":0}}