{"host":"f5n4tidiz2n5sooh","time":1608973147,"event":{"mods":["BaseMod","Bestiary","Colored Map","Minty Spire (QoL Compilation)","Relic Stats","StSLib"],"gold_per_floor":[110,110,110,128,38,38,76,76,101,142,142,28,52,76,76,175,175,193,193,217,217,236,236,255,269,269,269,269,269,300,14,14,14,14],"floor_reached":33,"playtime":1016,"items_purged":["Strike_B"],"score":696,"play_id":"db1f8f61-d1de-456b-841f-1dbbd6b1125c","local_time":"20201226025907","is_ascension_mode":true,"campfire_choices":[{"data":"Defragment","floor":6.0,"key":"SMITH"},{"data":"Defragment","floor":8.0,"key":"SMITH"},{"data":"Rip and Tear","floor":11.0,"key":"SMITH"},{"data":"Compile Driver","floor":15.0,"key":"SMITH"},{"floor":23.0,"key":"REST"},{"floor":27.0,"key":"REST"},{"data":"Buffer","floor":29.0,"key":"SMITH"},{"data":"Doom and Gloom","floor":32,"key":"SMITH"}],"circlet_count":0,"master_deck":["AscendersBane","Strike_B+1","Strike_B+1","Strike_B+1","Defend_B+1","Defend_B+1","Defend_B+1","Defend_B+1","Zap","Dualcast","Rip and Tear+1","Cold Snap","Defragment+1","Defragment+1","Doom and Gloom+1","Compile Driver+1","Coolheaded","Buffer+1","Steam","Ghostly","Ghostly","Ghostly","Coolheaded+1"],"relics":["Cracked Core","NeowsBlessing","Golden Idol","TungstenRod","Pen Nib","Potion Belt","Sozu","Prayer Wheel","Eternal Feather"],"acts_visited":["Exordium","TheCity"],"potions_floor_usage":[],"damage_taken":[{"damage":0.0,"enemies":"Cultist","floor":1.0,"turns":1.0},{"damage":0.0,"enemies":"Jaw Worm","floor":4.0,"turns":1.0},{"damage":0.0,"enemies":"3 Sentries","floor":7.0,"turns":1.0},{"damage":22.0,"enemies":"Lagavulin","floor":10.0,"turns":7.0},{"damage":9.0,"enemies":"Small Slimes","floor":13.0,"turns":2.0},{"damage":3.0,"enemies":"Looter","floor":14.0,"turns":3.0},{"damage":0.0,"enemies":"Hexaghost","floor":16.0,"turns":9.0},{"damage":26.0,"enemies":"2 Thieves","floor":18.0,"turns":4.0},{"damage":6.0,"enemies":"3 Byrds","floor":20.0,"turns":4.0},{"damage":11.0,"enemies":"Snake Plant","floor":22.0,"turns":5.0},{"damage":10.0,"enemies":"Shelled Parasite and Fungi","floor":24.0,"turns":6.0},{"damage":0.0,"enemies":"Snecko","floor":25.0,"turns":6.0},{"damage":15.0,"enemies":"Gremlin Leader","floor":30.0,"turns":6.0},{"damage":25,"enemies":"Automaton","floor":33,"turns":6}],"seed_played":"2165715537050836945","potions_obtained":[{"floor":7.0,"key":"FearPotion"},{"floor":13.0,"key":"GamblersBrew"},{"floor":14.0,"key":"DistilledChaos"}],"is_trial":false,"path_per_floor":["M","?","?","M","$","R","E","R","T","E","R","$","M","M","R","B",null,"M","?","M","?","M","R","M","M","T","R","?","R","E","$","R","B"],"character_chosen":"DEFECT","items_purchased":["Defragment","Doom and Gloom","Eternal Feather"],"campfire_rested":2,"item_purchase_floors":[5,12,31],"current_hp_per_floor":[64,64,46,46,46,46,46,46,46,24,24,24,15,12,12,12,51,25,25,19,19,8,17,7,7,7,16,16,16,1,1,13,0,0],"gold":14,"neow_bonus":"THREE_ENEMY_KILL","is_daily":false,"chose_seed":false,"campfire_upgraded":6,"win_rate":0.0,"timestamp":1608973147,"path_taken":["M","?","?","M","$","R","E","R","T","E","R","$","M","M","R","BOSS","M","?","?","?","M","R","M","M","T","R","?","R","E","$","R","BOSS"],"items_purchased_type":["Card","Card","Relic"],"build_version":"2020-12-22","purchased_purges":1,"victory":false,"max_hp_per_floor":[71,64,64,64,64,64,64,64,64,64,64,64,64,64,64,64,64,64,64,64,32,32,32,32,32,32,32,32,32,32,32,32,32,32],"relic_stats":{"Sozu":6,"counters":[14,61],"Golden Idol":84,"Prayer Wheel":0,"Eternal Feather":12,"Pen Nib":[8],"obtain_stats":[{"Potion Belt":9,"Sozu":17,"NeowsBlessing":0,"Golden Idol":2,"Prayer Wheel":30,"Eternal Feather":31,"Pen Nib":7,"Cracked Core":0,"TungstenRod":3},{"Potion Belt":3,"Sozu":7,"NeowsBlessing":0,"Golden Idol":1,"Prayer Wheel":13,"Eternal Feather":13,"Pen Nib":3,"Cracked Core":0,"TungstenRod":1},{"Potion Belt":3,"Sozu":24,"NeowsBlessing":0,"Golden Idol":1,"Prayer Wheel":55,"Eternal Feather":55,"Pen Nib":3,"Cracked Core":0,"TungstenRod":1}],"TungstenRod":38},"card_choices":[{"not_picked":["Steam","Blizzard"],"picked":"Rip and Tear","floor":1.0},{"not_picked":["Turbo","Darkness"],"picked":"Cold Snap","floor":4.0},{"not_picked":["Sweeping Beam","Undo"],"picked":"Defragment","floor":7.0},{"not_picked":["Streamline","FTL","Fusion"],"picked":"SKIP","floor":10.0},{"not_picked":["Rebound","Scrape"],"picked":"Compile Driver","floor":13.0},{"not_picked":["Self Repair","Capacitor"],"picked":"Coolheaded","floor":14.0},{"not_picked":["Hyperbeam","Fission"],"picked":"Buffer","floor":16.0},{"not_picked":["Turbo","Compile Driver","Rip and Tear"],"picked":"SKIP","floor":18.0},{"not_picked":["Redo","Rebound"],"picked":"Steam","floor":20.0},{"not_picked":["Streamline","Consume","Gash"],"picked":"SKIP","floor":22.0},{"not_picked":["Sunder","Rebound","Sweeping Beam"],"picked":"SKIP","floor":24.0},{"not_picked":["Steam Power+1","Turbo"],"picked":"Coolheaded+1","floor":25.0},{"not_picked":["Doom and Gloom","FTL","Steam Power"],"picked":"SKIP","floor":30.0}],"player_experience":1937043,"relics_obtained":[{"floor":7.0,"key":"Pen Nib"},{"floor":9.0,"key":"Potion Belt"},{"floor":30.0,"key":"Prayer Wheel"}],"event_choices":[{"damage_healed":0.0,"max_hp_gain":0.0,"max_hp_loss":7.0,"gold_gain":0.0,"event_name":"Golden Idol","player_choice":"Lose Max HP","floor":2.0,"gold_loss":0.0,"damage_taken":0.0,"relics_obtained":["Golden Idol"]},{"damage_healed":0.0,"max_hp_gain":0.0,"max_hp_loss":0.0,"gold_gain":0.0,"event_name":"Scrap Ooze","player_choice":"Success","floor":3.0,"gold_loss":0.0,"damage_taken":18.0,"relics_obtained":["TungstenRod"]},{"damage_healed":0.0,"max_hp_gain":0.0,"max_hp_loss":0.0,"gold_gain":0.0,"event_name":"Lab","player_choice":"Got Potions","floor":19.0,"gold_loss":0.0,"damage_taken":0.0},{"damage_healed":0.0,"max_hp_gain":0.0,"max_hp_loss":32.0,"gold_gain":0.0,"event_name":"Ghosts","player_choice":"Became a Ghost","floor":21.0,"gold_loss":0.0,"damage_taken":0.0,"cards_obtained":["Ghostly","Ghostly","Ghostly"]},{"damage_healed":0.0,"max_hp_gain":0.0,"max_hp_loss":0.0,"gold_gain":0.0,"event_name":"Back to Basics","player_choice":"Simplicity","floor":28.0,"gold_loss":0.0,"damage_taken":0.0,"cards_upgraded":["Strike_B","Strike_B","Strike_B","Defend_B","Defend_B","Defend_B","Defend_B"]}],"is_beta":false,"boss_relics":[{"not_picked":["Runic Dome","Astrolabe"],"picked":"Sozu"}],"items_purged_floors":[12],"is_endless":false,"potions_floor_spawned":[7,13,14,18,20,24,25],"killed_by":"Automaton","ascension_level":20}}