{"host":"sufkhx3gqml4n92r","time":1608951918,"event":{"mods":["ATMod(阿瑾Mod)","Act Like it!","BaseMod","Challenge The Spire","Colored Powertips","Conspire","Friendly Minions","Highlight Path","HumanHunterMod(怪物杀人mod)","KinomotoSakuraMod(木之本樱)","Minty Spire (QoL Compilation)","MostiFishMod","Pale of the Ancients","Red Circlet Mod","Relic Stats","Remilia（蕾米莉亚）","Replay The Spire","RumiaBox-露米娅的神秘盒子","Shop Mod","Spicy Shops","Spire Birthday Party","StSLib","TestMod","The Alterego","UnlockEverythingMod","Waifu the Spire","WarShipGirlsR/战舰少女R mod","noobMod","vexMod","【功能Mod】聪明的最终Boss","【遗物卡牌】REMEMod"],"gold_per_floor":[113,20,95,95,109,135,135,168,195,195,214,224,255,255,255,353,353,365,365,365,365],"floor_reached":20,"playtime":1650,"items_purged":[],"score":440,"play_id":"1b01dedb-08d6-467f-9b91-cb88bb7a6154","local_time":"20201226110518","daily_mods":["Vintage","Heirloom","Time Dilation","Flight","DeadlyEvents","Elite Swarm","Lethality","challengethespire:Platinum Difficulty"],"is_ascension_mode":false,"campfire_choices":[{"data":"SpellCardSeal","floor":7,"key":"SMITH"},{"data":"AT_FamilyPortrait","floor":10,"key":"SMITH"},{"data":"Eruption","floor":15,"key":"SMITH"}],"circlet_count":0,"master_deck":["SakuraCardTheDream+","ClowCardTheSword","ClowCardTheSword","ClowCardTheSword","ClowCardTheSword","ClowCardTheShield","ClowCardTheShield","ClowCardTheShield","ClowCardTheShield","SpellCardSeal+1","SpellCardRelease","Eruption+1","AT_FamilyPortrait+1","ClowCardTheLight+1","AT_FamilyPortrait+1","ClowCardTheCreate"],"relics":["KSMOD_SealedBook","KSMOD_SealedWand","ice","replay:Trail_Library","REME_ComplimentaryCards","DaveBox","AT_ATBox","testmod-TestBox","Replay:Kaleidoscope","Jackal-EndForJourney","testmod-Hope","Simple Rune","SynthV:TestCard","Turnip","Replay:Towering Pillar of Hats","Omamori","Anchor","ZombieArmy","Bottled Tornado","Onion Ring","KSMOD_TeddyBear","Smiling Mask","Replay:Grab Bag","vexMod:TanglingVine","vexMod:DeviousBotling","testmod-SaigiyounoYou","Calling Bell","testmod-OneHitWonder","AT_SilvercatRing","testmod-Brilliant","testmod-LifeArmor","testmod-RealStoneCalender"],"acts_visited":["Exordium","TheCity"],"potions_floor_usage":[6,16,16],"damage_taken":[{"damage":37,"enemies":"2 Louse","floor":1,"turns":8},{"damage":44,"enemies":"Cultist","floor":5,"turns":6},{"damage":22,"enemies":"Gremlin Nob","floor":6,"turns":5},{"damage":0,"enemies":"Lagavulin","floor":8,"turns":2},{"damage":0,"enemies":"conspire:RoseBush","floor":11,"turns":2},{"damage":22,"enemies":"Exordium Thugs","floor":12,"turns":8},{"damage":0,"enemies":"Replay:BlueRogue","floor":13,"turns":8},{"damage":39,"enemies":"Slime Boss","floor":16,"turns":6},{"damage":29,"enemies":"Spheric Guardian","floor":18,"turns":3}],"seed_played":"1749449957040880183","potions_obtained":[{"floor":5,"key":"Fire Potion"},{"floor":6,"key":"testmod-SpacePotion"},{"floor":8,"key":"Explosive Potion"},{"floor":12,"key":"BlessingOfTheForge"}],"is_trial":true,"path_per_floor":["M","$","?","?","M","E","R","E","T","R","M","M","E","?","R","B",null,"M","WH","WH"],"character_chosen":"KINOMOTOSAKURA","items_purchased":["Turnip"],"campfire_rested":0,"item_purchase_floors":[2],"current_hp_per_floor":[33,33,22,22,38,73,73,73,73,73,73,51,51,51,51,87,87,61,61,61,61],"gold":365,"neow_bonus":"","is_daily":false,"chose_seed":false,"campfire_upgraded":3,"win_rate":0.0,"timestamp":1608951918,"path_taken":["M","$","?","?","M","E","R","E","T","R","M","M","?","?","R","BOSS","M","WH","WH"],"items_purchased_type":["Relic"],"build_version":"2020-12-22","purchased_purges":0,"victory":false,"max_hp_per_floor":[70,70,70,70,71,73,73,73,73,73,75,81,85,85,85,87,87,89,89,89,89],"relic_stats":{"counters":[9,48],"Turnip":[5],"Smiling Mask":0,"obtain_stats":[{"AT_ATBox":0,"DaveBox":0,"KSMOD_TeddyBear":13,"testmod-LifeArmor":18,"ice":0,"vexMod:TanglingVine":17,"Bottled Tornado":11,"Smiling Mask":13,"testmod-Brilliant":17,"KSMOD_SealedWand":0,"vexMod:DeviousBotling":17,"Jackal-EndForJourney":0,"replay:Trail_Library":0,"ZombieArmy":9,"testmod-TestBox":0,"Replay:Towering Pillar of Hats":5,"KSMOD_SealedBook":0,"Replay:Grab Bag":17,"Omamori":6,"Replay:Kaleidoscope":0,"AT_SilvercatRing":17,"testmod-SaigiyounoYou":17,"Calling Bell":17,"testmod-RealStoneCalender":18,"Anchor":8,"SynthV:TestCard":1,"testmod-Hope":0,"Simple Rune":1,"Onion Ring":12,"Turnip":2,"testmod-OneHitWonder":17,"REME_ComplimentaryCards":0},{"AT_ATBox":0,"DaveBox":0,"KSMOD_TeddyBear":7,"testmod-LifeArmor":9,"ice":0,"vexMod:TanglingVine":8,"Bottled Tornado":5,"Smiling Mask":7,"testmod-Brilliant":8,"KSMOD_SealedWand":0,"vexMod:DeviousBotling":8,"Jackal-EndForJourney":0,"replay:Trail_Library":0,"ZombieArmy":4,"testmod-TestBox":0,"Replay:Towering Pillar of Hats":2,"KSMOD_SealedBook":0,"Replay:Grab Bag":8,"Omamori":3,"Replay:Kaleidoscope":0,"AT_SilvercatRing":8,"testmod-SaigiyounoYou":8,"Calling Bell":8,"testmod-RealStoneCalender":9,"Anchor":4,"SynthV:TestCard":1,"testmod-Hope":0,"Simple Rune":1,"Onion Ring":6,"Turnip":1,"testmod-OneHitWonder":8,"REME_ComplimentaryCards":0},{"AT_ATBox":0,"DaveBox":0,"KSMOD_TeddyBear":39,"testmod-LifeArmor":48,"ice":0,"vexMod:TanglingVine":45,"Bottled Tornado":23,"Smiling Mask":39,"testmod-Brilliant":45,"KSMOD_SealedWand":0,"vexMod:DeviousBotling":45,"Jackal-EndForJourney":0,"replay:Trail_Library":0,"ZombieArmy":21,"testmod-TestBox":0,"Replay:Towering Pillar of Hats":14,"KSMOD_SealedBook":0,"Replay:Grab Bag":45,"Omamori":19,"Replay:Kaleidoscope":0,"AT_SilvercatRing":45,"testmod-SaigiyounoYou":45,"Calling Bell":45,"testmod-RealStoneCalender":48,"Anchor":21,"SynthV:TestCard":8,"testmod-Hope":0,"Simple Rune":8,"Onion Ring":31,"Turnip":8,"testmod-OneHitWonder":45,"REME_ComplimentaryCards":0}]},"card_choices":[{"not_picked":["ClowCardTheThunder","ClowCardTheDark","ClowCardTheThrough","ClowCardTheTwin"],"picked":"ClowCardTheLight","floor":6},{"not_picked":["ClowCardTheThrough","ClowCardTheThunder","ClowCardTheTwin","ClowCardTheDash"],"picked":"ClowCardTheCreate","floor":8},{"not_picked":["ClowCardTheTime","ClowCardTheThunder","ClowCardTheReturn","ClowCardTheTwin"],"picked":"ClowCardTheCreate","floor":13},{"not_picked":["ClowCardTheTwin","ClowCardTheReturn","ClowCardTheLight","ClowCardTheTime"],"picked":"ClowCardTheCreate","floor":16}],"player_experience":95214,"relics_obtained":[{"floor":1,"key":"Simple Rune"},{"floor":1,"key":"SynthV:TestCard"},{"floor":5,"key":"Replay:Towering Pillar of Hats"},{"floor":6,"key":"Omamori"},{"floor":8,"key":"Anchor"},{"floor":9,"key":"ZombieArmy"},{"floor":11,"key":"Bottled Tornado"},{"floor":12,"key":"Onion Ring"},{"floor":13,"key":"KSMOD_TeddyBear"},{"floor":13,"key":"Smiling Mask"},{"floor":17,"key":"testmod-OneHitWonder"},{"floor":17,"key":"AT_SilvercatRing"},{"floor":17,"key":"testmod-Brilliant"},{"floor":18,"key":"testmod-LifeArmor"},{"floor":18,"key":"testmod-RealStoneCalender"}],"event_choices":[{"damage_healed":0,"gold_gain":75,"player_choice":"Gather Gold","damage_taken":11,"max_hp_gain":0,"max_hp_loss":0,"event_name":"World of Goop","floor":3,"gold_loss":0},{"damage_healed":0,"gold_gain":0,"player_choice":"Ignored","damage_taken":0,"max_hp_gain":0,"max_hp_loss":0,"event_name":"NoteForYourself","floor":4,"gold_loss":0},{"damage_healed":0,"gold_gain":0,"player_choice":"Forge","damage_taken":0,"max_hp_gain":0,"max_hp_loss":0,"event_name":"Accursed Blacksmith","floor":14,"gold_loss":0,"cards_upgraded":["ClowCardTheLight"]}],"is_beta":false,"boss_relics":[{"not_picked":["testmod-DreamHouse","Coffee Dripper"],"picked":"Replay:Grab Bag"},{"not_picked":["Sozu","vexMod:CursedCompass"],"picked":"vexMod:TanglingVine"},{"not_picked":["Busted Crown","vexMod:FluxCapacitor"],"picked":"vexMod:DeviousBotling"},{"not_picked":["testmod-DeterminationOfClimber","Runic Pyramid"],"picked":"testmod-SaigiyounoYou"},{"not_picked":["RhineFirstAidKit","testmod-CardMagician"],"picked":"Calling Bell"}],"items_purged_floors":[],"is_endless":true,"potions_floor_spawned":[5,6,8,12,18],"ascension_level":0}}