{"host":"ji1fk25fd1ga4ji1","time":1608954873,"event":{"mods":["2.2 Compatiblity","BaseMod","Colored Map","DeckTracker","Minty Spire (QoL Compilation)","Permanent Neow","Quick Restart","StSLib","SuperFastMode"],"gold_per_floor":[112,130,141,119,44,44,64,83,83,83,112,112,141,153,153,256,256,272,172,188,200,219,244,244,244,244,275,275,303,317,346,346,448,493,512,221,231,231,258,292,292,326,326,326,380,416,475,490,490,490],"floor_reached":51,"playtime":1896,"items_purged":["Strike_G","Strike_G","Setup"],"score":1102,"play_id":"8a97f1ec-3cf5-424d-bb71-3c1e70070b80","local_time":"20201226125433","is_ascension_mode":true,"campfire_choices":[{"data":"Dagger Spray","floor":6.0,"key":"SMITH"},{"data":"Predator","floor":10.0,"key":"SMITH"},{"data":"Dagger Throw","floor":12.0,"key":"SMITH"},{"data":"Backflip","floor":15.0,"key":"SMITH"},{"data":"Blade Dance","floor":24.0,"key":"SMITH"},{"data":"Glass Knife","floor":28,"key":"SMITH"},{"data":"Adrenaline","floor":32,"key":"SMITH"},{"data":"Accuracy","floor":41,"key":"SMITH"},{"data":"Blade Dance","floor":44,"key":"SMITH"},{"data":"Neutralize","floor":49,"key":"SMITH"}],"circlet_count":0,"master_deck":["Survivor","Neutralize+1","Predator+1","Dagger Throw+1","Dagger Spray+1","Backstab","Backflip+1","Glass Knife+1","Deadly Poison+1","Masterful Stab+1","Choke+1","Blade Dance+1","Adrenaline+1","Crippling Poison","Blur+1","Blade Dance+1","Backflip+1","Backflip+1","Accuracy+1","Terror+1","Backflip+1","Blur","Cloak And Dagger+1"],"relics":["Black Star","Paper Crane","Oddly Smooth Stone","Ice Cream","Kunai","Happy Flower","Astrolabe","Centennial Puzzle","Lantern","Ninja Scroll","Juzu Bracelet","Unceasing Top","Bottled Lightning","CeramicFish","Pandora\u0027s Box","HandDrill","StrikeDummy","Pear","Sundial","Vajra","TungstenRod","Bird Faced Urn","Mercury Hourglass","War Paint","Incense Burner"],"acts_visited":["Exordium","TheCity","TheBeyond"],"potions_floor_usage":[29,30,33,35,50,50,50],"damage_taken":[{"damage":0.0,"enemies":"Small Slimes","floor":1.0,"turns":4.0},{"damage":1.0,"enemies":"Jaw Worm","floor":2.0,"turns":4.0},{"damage":0.0,"enemies":"Cultist","floor":3.0,"turns":3.0},{"damage":15.0,"enemies":"Exordium Wildlife","floor":7.0,"turns":5.0},{"damage":4.0,"enemies":"Blue Slaver","floor":8.0,"turns":4.0},{"damage":16.0,"enemies":"Lagavulin","floor":11.0,"turns":5.0},{"damage":3.0,"enemies":"Gremlin Nob","floor":13.0,"turns":3.0},{"damage":0.0,"enemies":"Lots of Slimes","floor":14.0,"turns":3.0},{"damage":12.0,"enemies":"Slime Boss","floor":16.0,"turns":9.0},{"damage":0.0,"enemies":"3 Byrds","floor":18.0,"turns":3.0},{"damage":1.0,"enemies":"Chosen","floor":20.0,"turns":3.0},{"damage":5.0,"enemies":"Snecko","floor":21.0,"turns":4.0},{"damage":1.0,"enemies":"Cultist and Chosen","floor":22.0,"turns":5.0},{"damage":0.0,"enemies":"Gremlin Leader","floor":23.0,"turns":6.0},{"damage":7,"enemies":"Book of Stabbing","floor":27,"turns":6},{"damage":7,"enemies":"Slavers","floor":29,"turns":3},{"damage":3,"enemies":"Shelled Parasite and Fungi","floor":30,"turns":2},{"damage":3,"enemies":"Centurion and Healer","floor":31,"turns":3},{"damage":10,"enemies":"Automaton","floor":33,"turns":10},{"damage":0,"enemies":"Orb Walker","floor":35,"turns":2},{"damage":5,"enemies":"3 Shapes","floor":37,"turns":3},{"damage":0,"enemies":"3 Darklings","floor":39,"turns":2},{"damage":0,"enemies":"Reptomancer","floor":40,"turns":6},{"damage":0,"enemies":"Giant Head","floor":42,"turns":7},{"damage":9,"enemies":"2 Orb Walkers","floor":45,"turns":2},{"damage":0,"enemies":"Nemesis","floor":46,"turns":3},{"damage":0,"enemies":"Mind Bloom Boss Battle","floor":47,"turns":4},{"damage":0,"enemies":"Maw","floor":48,"turns":4},{"damage":0,"enemies":"Awakened One","floor":50,"turns":11}],"seed_played":"-4461658989297556333","potions_obtained":[{"floor":1.0,"key":"Weak Potion"},{"floor":2.0,"key":"Block Potion"},{"floor":8.0,"key":"Energy Potion"},{"floor":13.0,"key":"Explosive Potion"},{"floor":14.0,"key":"AttackPotion"},{"floor":29,"key":"ColorlessPotion"},{"floor":30,"key":"Dexterity Potion"},{"floor":33,"key":"DistilledChaos"},{"floor":35,"key":"Fruit Juice"},{"floor":46,"key":"LiquidMemories"},{"floor":48,"key":"Dexterity Potion"}],"is_trial":false,"path_per_floor":["M","M","M","?","$","R","M","M","T","R","E","R","E","M","R","B",null,"M","$","M","M","M","E","R","?","T","E","R","E","M","M","R","B",null,"M","$","M","?","M","E","R","E","T","R","?","E","?","M","R","B",null],"character_chosen":"THE_SILENT","items_purchased":["Backflip","HandDrill"],"campfire_rested":0,"item_purchase_floors":[36,36],"current_hp_per_floor":[70,69,69,69,69,69,54,50,50,50,34,34,31,31,31,19,70,70,70,69,64,63,63,63,63,63,56,56,49,46,43,43,33,70,75,75,70,70,70,80,80,80,80,80,71,73,75,77,77,79],"gold":490,"neow_bonus":"BOSS_RELIC","is_daily":false,"chose_seed":false,"campfire_upgraded":10,"win_rate":0.0,"timestamp":1608954873,"path_taken":["M","M","M","?","$","R","M","M","T","R","E","R","E","M","R","BOSS","M","$","M","M","M","E","R","?","T","E","R","E","M","M","R","BOSS","M","$","M","?","M","E","R","E","T","R","?","E","?","M","R","BOSS"],"items_purchased_type":["Card","Relic"],"build_version":"2020-12-22","purchased_purges":3,"victory":true,"max_hp_per_floor":[70,70,70,70,70,70,70,70,70,70,70,70,70,70,70,70,70,70,70,70,70,70,70,70,70,70,70,70,70,70,70,70,70,70,75,75,75,75,75,85,85,85,85,85,85,85,85,85,85,85],"card_choices":[{"not_picked":["Setup","Prepared"],"picked":"Predator","floor":1.0},{"not_picked":["Accuracy","Quick Slash"],"picked":"Dagger Throw","floor":2.0},{"not_picked":["Well Laid Plans","Reflex"],"picked":"Dagger Spray","floor":3.0},{"not_picked":["Well Laid Plans","Bane","Blade Dance"],"picked":"SKIP","floor":7.0},{"not_picked":["Flechettes","Slice"],"picked":"Backstab","floor":8.0},{"not_picked":["Bane","Eviscerate"],"picked":"Backflip","floor":11.0},{"not_picked":["Doppelganger","Caltrops","Deadly Poison"],"picked":"SKIP","floor":13.0},{"not_picked":["Setup","Bane","Dagger Throw"],"picked":"SKIP","floor":14.0},{"not_picked":["Tools of the Trade","Night Terror"],"picked":"Glass Knife","floor":16.0},{"not_picked":["PiercingWail","Infinite Blades"],"picked":"Blade Dance","floor":18.0},{"not_picked":["Dodge and Roll","Underhanded Strike+1","PiercingWail"],"picked":"SKIP","floor":20.0},{"not_picked":["Deflect","Deadly Poison","Crippling Poison"],"picked":"SKIP","floor":21.0},{"not_picked":["Distraction","Concentrate","Escape Plan"],"picked":"SKIP","floor":22.0},{"not_picked":["Sucker Punch","Footwork+1","Leg Sweep"],"picked":"SKIP","floor":23.0},{"not_picked":["PiercingWail+1","Sucker Punch","Choke"],"picked":"SKIP","floor":27},{"not_picked":["Acrobatics","Poisoned Stab","Caltrops+1"],"picked":"SKIP","floor":29},{"not_picked":["Crippling Poison","Sucker Punch","Dagger Spray+1"],"picked":"SKIP","floor":30},{"not_picked":["Well Laid Plans","PiercingWail"],"picked":"Adrenaline","floor":31},{"not_picked":["Noxious Fumes","Quick Slash+1","Well Laid Plans"],"picked":"SKIP","floor":35},{"not_picked":["Dodge and Roll","Eviscerate","Slice+1"],"picked":"SKIP","floor":37},{"not_picked":["Dagger Throw+1","Deflect"],"picked":"Backflip+1","floor":39},{"not_picked":["Poisoned Stab","Bane"],"picked":"Accuracy","floor":40},{"not_picked":["Underhanded Strike","Dodge and Roll+1"],"picked":"Terror+1","floor":42},{"not_picked":["Poisoned Stab+1","Flechettes+1"],"picked":"Backflip+1","floor":45},{"not_picked":["Tools of the Trade","Bane+1"],"picked":"Blur","floor":46},{"not_picked":["Reflex","PiercingWail"],"picked":"Cloak And Dagger+1","floor":47},{"not_picked":["Deflect","Malaise","Quick Slash"],"picked":"SKIP","floor":48}],"player_experience":1226692,"relics_obtained":[{"floor":9.0,"key":"Paper Crane"},{"floor":11.0,"key":"Oddly Smooth Stone"},{"floor":11.0,"key":"Ice Cream"},{"floor":13.0,"key":"Kunai"},{"floor":13.0,"key":"Happy Flower"},{"floor":23.0,"key":"Centennial Puzzle"},{"floor":23.0,"key":"Lantern"},{"floor":26.0,"key":"Ninja Scroll"},{"floor":27,"key":"Juzu Bracelet"},{"floor":27,"key":"Unceasing Top"},{"floor":29,"key":"Bottled Lightning"},{"floor":29,"key":"CeramicFish"},{"floor":40,"key":"StrikeDummy"},{"floor":40,"key":"Pear"},{"floor":42,"key":"Sundial"},{"floor":42,"key":"Vajra"},{"floor":43,"key":"TungstenRod"},{"floor":45,"key":"Bird Faced Urn"},{"floor":46,"key":"Mercury Hourglass"},{"floor":46,"key":"War Paint"},{"floor":47,"key":"Incense Burner"}],"event_choices":[{"damage_healed":0.0,"max_hp_gain":0.0,"max_hp_loss":0.0,"gold_gain":0.0,"event_name":"World of Goop","player_choice":"Left Gold","floor":4.0,"gold_loss":22.0,"damage_taken":0.0},{"damage_healed":0.0,"max_hp_gain":0.0,"max_hp_loss":0.0,"gold_gain":0.0,"event_name":"N\u0027loth","player_choice":"Ignored","floor":25.0,"gold_loss":0.0,"damage_taken":0.0},{"cards_removed":["Well Laid Plans"],"damage_healed":0,"gold_gain":0,"player_choice":"Removed Power","damage_taken":0,"max_hp_gain":0,"max_hp_loss":0,"event_name":"Falling","floor":38,"gold_loss":0},{"damage_healed":0,"gold_gain":0,"player_choice":"Fight","damage_taken":0,"max_hp_gain":0,"max_hp_loss":0,"event_name":"Mysterious Sphere","floor":45,"gold_loss":0},{"damage_healed":0,"gold_gain":0,"player_choice":"Fight","damage_taken":0,"max_hp_gain":0,"max_hp_loss":0,"event_name":"MindBloom","floor":47,"gold_loss":0}],"is_beta":false,"boss_relics":[{"not_picked":["Tiny House","Velvet Choker"],"picked":"Astrolabe"},{"not_picked":["Calling Bell","Busted Crown"],"picked":"Pandora\u0027s Box"}],"items_purged_floors":[5,19,36],"is_endless":false,"potions_floor_spawned":[1,2,8,13,14,18,29,30,33,35,46,47,48],"ascension_level":1}}