{"host":"a1eatafr7pisesky","time":1608978268,"event":{"mods":["BaseMod","Colored Map","DeckTracker","Highlight Path","Keyboard Shortcuts","Minty Spire (QoL Compilation)","Permanent Neow","Random Character Button","StSLib","SuperFastMode"],"gold_per_floor":[117,117,117,135,135,162,162,179,179,196,230,230,258,283,283,379,379,395,395,395,409,422,422,432,432,432],"floor_reached":25,"playtime":583,"items_purged":[],"score":308,"play_id":"e42e0f0d-5537-4d24-be34-392db314e203","local_time":"20201226192428","is_ascension_mode":true,"campfire_choices":[{"data":"Dualcast","floor":7,"key":"SMITH"},{"floor":12,"key":"REST"},{"floor":15,"key":"REST"},{"floor":23,"key":"REST"}],"circlet_count":0,"master_deck":["Strike_B","Strike_B+1","Strike_B","Strike_B","Defend_B","Defend_B","Defend_B","Defend_B","Zap","Dualcast+1","Beam Cell+1","Sweeping Beam","Streamline","Steam","Doom and Gloom","Steam Power","BootSequence","Conserve Battery","Rainbow","Lockon","Defragment+1","Ball Lightning+1","Consume","Leap+1"],"relics":["Cracked Core","NeowsBlessing","Frozen Egg 2","Pen Nib","Omamori","Vajra","Art of War","Odd Mushroom","SlaversCollar","Blood Vial"],"acts_visited":["Exordium","TheCity"],"potions_floor_usage":[13,25,25],"damage_taken":[{"damage":0,"enemies":"2 Louse","floor":1,"turns":1},{"damage":0,"enemies":"Jaw Worm","floor":4,"turns":1},{"damage":0,"enemies":"Lagavulin","floor":6,"turns":1},{"damage":0,"enemies":"Small Slimes","floor":8,"turns":2},{"damage":2,"enemies":"Blue Slaver","floor":10,"turns":2},{"damage":16,"enemies":"Gremlin Nob","floor":11,"turns":3},{"damage":28,"enemies":"Lagavulin","floor":13,"turns":4},{"damage":9,"enemies":"The Mushroom Lair","floor":14,"turns":3},{"damage":1,"enemies":"Slime Boss","floor":16,"turns":7},{"damage":6,"enemies":"Spheric Guardian","floor":18,"turns":3},{"damage":30,"enemies":"Shell Parasite","floor":21,"turns":4},{"damage":25,"enemies":"Snake Plant","floor":22,"turns":4},{"damage":26,"enemies":"3 Cultists","floor":24,"turns":4},{"damage":21,"enemies":"Sentry and Sphere","floor":25,"turns":5}],"seed_played":"-6225794208329590059","potions_obtained":[{"floor":4,"key":"Block Potion"},{"floor":6,"key":"Block Potion"},{"floor":8,"key":"GamblersBrew"},{"floor":16,"key":"FearPotion"},{"floor":24,"key":"Weak Potion"}],"is_trial":false,"path_per_floor":["M","?","?","M","?","E","R","M","T","M","E","R","E","?","R","B",null,"M","?","?","M","M","R","M","M"],"character_chosen":"DEFECT","items_purchased":[],"campfire_rested":3,"item_purchase_floors":[],"current_hp_per_floor":[75,60,57,57,57,57,57,57,57,55,39,61,33,24,46,45,68,62,62,62,34,11,33,9,0,0],"gold":432,"neow_bonus":"THREE_ENEMY_KILL","is_daily":false,"chose_seed":false,"campfire_upgraded":1,"win_rate":0.0,"timestamp":1608978268,"path_taken":["M","?","?","M","?","E","R","M","T","M","E","R","E","?","R","BOSS","M","?","?","M","M","R","M","M"],"items_purchased_type":[],"build_version":"2020-12-22","purchased_purges":0,"victory":false,"max_hp_per_floor":[75,75,75,75,75,75,75,75,75,75,75,75,75,75,75,75,75,75,75,75,75,75,75,75,75,75],"card_choices":[{"not_picked":["Barrage","Compile Driver"],"picked":"Beam Cell","floor":1},{"not_picked":["Streamline","Gash"],"picked":"Sweeping Beam","floor":4},{"not_picked":["Coolheaded","Auto Shields"],"picked":"Streamline","floor":6},{"not_picked":["Compile Driver","FTL"],"picked":"Steam","floor":8},{"not_picked":["Streamline","Meteor Strike"],"picked":"Doom and Gloom","floor":10},{"not_picked":["Gash","Stack"],"picked":"Steam Power","floor":11},{"not_picked":["Chill","Conserve Battery"],"picked":"BootSequence","floor":13},{"not_picked":["Cold Snap","Gash"],"picked":"Conserve Battery","floor":14},{"not_picked":["Hyperbeam","Multi-Cast"],"picked":"Rainbow","floor":16},{"not_picked":["Compile Driver+1","Conserve Battery"],"picked":"Lockon","floor":18},{"not_picked":["Conserve Battery+1","Beam Cell"],"picked":"Ball Lightning+1","floor":21},{"not_picked":["Hologram","Beam Cell"],"picked":"Consume","floor":22},{"not_picked":["Rip and Tear","Sweeping Beam"],"picked":"Leap+1","floor":24}],"player_experience":250296,"relics_obtained":[{"floor":6,"key":"Pen Nib"},{"floor":9,"key":"Omamori"},{"floor":11,"key":"Vajra"},{"floor":13,"key":"Art of War"},{"floor":14,"key":"Odd Mushroom"}],"event_choices":[{"damage_healed":0,"gold_gain":0,"player_choice":"Entered Light","damage_taken":15,"max_hp_gain":0,"max_hp_loss":0,"event_name":"Shining Light","floor":2,"gold_loss":0,"cards_upgraded":["Beam Cell","Strike_B"]},{"damage_healed":0,"gold_gain":0,"player_choice":"Success","damage_taken":3,"relics_obtained":["Frozen Egg 2"],"max_hp_gain":0,"max_hp_loss":0,"event_name":"Scrap Ooze","floor":3,"gold_loss":0},{"damage_healed":0,"gold_gain":0,"player_choice":"Ignored","damage_taken":0,"max_hp_gain":0,"max_hp_loss":0,"event_name":"Liars Game","floor":5,"gold_loss":0},{"damage_healed":0,"gold_gain":0,"player_choice":"Fought Mushrooms","damage_taken":0,"max_hp_gain":0,"max_hp_loss":0,"event_name":"Mushrooms","floor":14,"gold_loss":0},{"damage_healed":0,"gold_gain":0,"player_choice":"Opened","damage_taken":0,"relics_obtained":["Blood Vial"],"max_hp_gain":0,"max_hp_loss":0,"event_name":"The Mausoleum","floor":19,"gold_loss":0,"cards_obtained":["Writhe"]},{"damage_healed":0,"gold_gain":0,"player_choice":"Read","damage_taken":0,"max_hp_gain":0,"max_hp_loss":0,"event_name":"The Library","floor":20,"gold_loss":0,"cards_obtained":["Defragment"]}],"is_beta":false,"boss_relics":[{"not_picked":["FrozenCore","Ectoplasm"],"picked":"SlaversCollar"}],"items_purged_floors":[],"is_endless":false,"potions_floor_spawned":[4,6,8,16,22,24],"killed_by":"Sentry and Sphere","ascension_level":5}}