{"host":"ezkqjaqywejtjag1","time":1608941874,"event":{"mods":["BaseMod","Colored Map","Infinite Spire","Minty Spire (QoL Compilation)","StSLib"],"gold_per_floor":[118,135,146,134,154,154,172,172,248,263,263,276,291,317,317,414,414,429,440,457,475,29,29,29],"floor_reached":23,"playtime":1682,"items_purged":[],"score":211,"play_id":"9d9cd395-841d-42a4-990c-662adb9e568c","local_time":"20201225191754","is_ascension_mode":true,"campfire_choices":[{"floor":6,"key":"REST"},{"data":"Venomology","floor":8,"key":"SMITH"},{"floor":15,"key":"REST"}],"circlet_count":0,"master_deck":["Strike_G","Strike_G","Strike_G","Strike_G","Strike_G","Defend_G","Defend_G","Defend_G","Defend_G","Defend_G","Survivor","Neutralize","Distraction","Blur","Cloak And Dagger","Sucker Punch","Acrobatics","Backstab","Venomology+1","Blade Dance","Dash","Setup","Caltrops","Phantasmal Killer","Slice+1","Outmaneuver+1","Deflect","Slice","Backstab","Blade Dance","Cloak And Dagger","Noxious Fumes"],"relics":["Ring of the Snake","Question Card","Nunchaku","WristBlade","Bottled Lightning"],"acts_visited":["Exordium","TheCity"],"potions_floor_usage":[10,10,12,12,14,14,16,16,16,16,16,16,20,23,23,23,23],"damage_taken":[{"damage":0,"enemies":"Cultist","floor":1,"turns":3},{"damage":2,"enemies":"Small Slimes","floor":2,"turns":7},{"damage":0,"enemies":"2 Louse","floor":3,"turns":2},{"damage":23,"enemies":"Exordium Thugs","floor":4,"turns":5},{"damage":1,"enemies":"2 Fungi Beasts","floor":5,"turns":5},{"damage":14,"enemies":"Exordium Wildlife","floor":7,"turns":8},{"damage":0,"enemies":"Looter","floor":10,"turns":3},{"damage":4,"enemies":"Red Slaver","floor":12,"turns":5},{"damage":3,"enemies":"2 Fungi Beasts","floor":13,"turns":3},{"damage":18,"enemies":"3 Sentries","floor":14,"turns":9},{"damage":23,"enemies":"Slime Boss","floor":16,"turns":13},{"damage":7,"enemies":"Chosen","floor":18,"turns":6},{"damage":12,"enemies":"2 Thieves","floor":19,"turns":4},{"damage":23,"enemies":"Shelled Parasite and Fungi","floor":20,"turns":5},{"damage":11,"enemies":"Snecko","floor":21,"turns":6},{"damage":24,"enemies":"Slavers","floor":23,"turns":3}],"seed_played":"-4425318579570517602","potions_obtained":[{"floor":1,"key":"DistilledChaos"},{"floor":3,"key":"LiquidBronze"},{"floor":4,"key":"ColorlessPotion"},{"floor":10,"key":"DuplicationPotion"},{"floor":20,"key":"SteroidPotion"},{"floor":21,"key":"Explosive Potion"}],"is_trial":false,"path_per_floor":["M","M","M","M","M","R","M","R","T","M","?","M","M","E","R","B",null,"M","M","M","M","$","E"],"character_chosen":"THE_SILENT","items_purchased":["Backstab","Blade Dance","Cloak And Dagger","Noxious Fumes","Bottled Lightning"],"campfire_rested":2,"item_purchase_floors":[22,22,22,22,22],"current_hp_per_floor":[70,68,68,45,44,65,51,51,51,51,51,61,58,40,61,38,70,63,51,28,17,17,0,0],"gold":29,"neow_bonus":"THREE_CARDS","is_daily":false,"chose_seed":false,"campfire_upgraded":1,"win_rate":0.0,"timestamp":1608941874,"path_taken":["M","M","M","M","M","R","M","R","T","?","?","M","M","E","R","BOSS","M","?","M","M","$","E"],"items_purchased_type":["Card","Card","Card","Card","Relic"],"build_version":"2020-12-22","purchased_purges":0,"victory":false,"max_hp_per_floor":[70,70,70,70,70,70,70,70,70,70,70,70,70,70,70,70,70,70,70,70,70,70,70,70],"card_choices":[{"not_picked":["Calculated Gamble","Predator"],"picked":"Distraction","floor":0},{"not_picked":["Dagger Spray","Acrobatics"],"picked":"Blur","floor":1},{"not_picked":["Deflect","Well Laid Plans"],"picked":"Cloak And Dagger","floor":2},{"not_picked":["Calculated Gamble","Slice"],"picked":"Sucker Punch","floor":3},{"not_picked":["Concentrate","Prepared"],"picked":"Acrobatics","floor":4},{"not_picked":["Choke","Endless Agony"],"picked":"Backstab","floor":5},{"not_picked":["Bouncing Flask","Outmaneuver"],"picked":"Venomology","floor":7},{"not_picked":["Dodge and Roll","Cloak And Dagger","PiercingWail"],"picked":"Blade Dance","floor":10},{"not_picked":["Backflip","Expertise","Skewer"],"picked":"Dash","floor":12},{"not_picked":["Eviscerate","Dodge and Roll","After Image"],"picked":"Setup","floor":13},{"not_picked":["Envenom","Dagger Spray","Prepared"],"picked":"Caltrops","floor":14},{"not_picked":["Grand Finale","Wraith Form v2","Doppelganger"],"picked":"Phantasmal Killer","floor":16},{"not_picked":["PiercingWail","Dash+1","Endless Agony"],"picked":"Slice+1","floor":18},{"not_picked":["Sucker Punch","Dodge and Roll","Eviscerate"],"picked":"Outmaneuver+1","floor":19},{"not_picked":["PiercingWail","Dagger Throw+1","Crippling Poison"],"picked":"Deflect","floor":20},{"not_picked":["Quick Slash+1","Deadly Poison","Dagger Throw+1"],"picked":"Slice","floor":21}],"player_experience":150031,"relics_obtained":[{"floor":9,"key":"Question Card"},{"floor":14,"key":"Nunchaku"}],"event_choices":[{"damage_healed":0,"gold_gain":0,"player_choice":"Bought 0 Potions","damage_taken":0,"max_hp_gain":0,"max_hp_loss":0,"event_name":"The Woman in Blue","floor":11,"gold_loss":0}],"is_beta":false,"boss_relics":[{"not_picked":["Sozu","Ectoplasm"],"picked":"WristBlade"}],"items_purged_floors":[],"is_endless":false,"potions_floor_spawned":[1,3,4,7,10,20,21],"killed_by":"Slavers","ascension_level":1}}