{"host":"ft2xazkv7v30fddt","time":1608995540,"event":{"mods":["AchievementEnabler","Act Like it!","Aspiration","Astrologer","Bard","BaseMod","Better Altar","Better Match","Better Note","Better Sensory Stone","Better Skull","CapriCore","Chen","Colored Powertips","Conspire","Downfall","Elementarium","Energized Spire","GifTheSpireLib","Gremlin Mod","Hermit","Hubris","Infinite Spire","KinomotoSakuraMod(????)","Koishi","Marisa????????","Minty Spire (QoL Compilation)","Pale of the Ancients","Permanent Neow","Potionbrewer","Prisma Mod","Replay The Spire","Slumbering Mod","StSLib","Stuff the Spire","The Blackbeard","The Bladedancer","The Construct","The Cursed","The Forsaken","The Gatherer","The Hayseed","The Hierophant","The Immortal","The Judge","The Runesmith","The Servant 0.9.4","The Showman","The Valiant","The Vixen","TheArtist","TheSwordswoman","Wandering Minibosses","thorton","vexMod"],"gold_per_floor":[99,109,127,127,127,127,154,154,105,105,115,174,174,174,192,296,296,296,308,323,333,333,22,22,36,36,24,24,17,40,53,64,182,182,182,197,33,33,44,64,146,162,162,177,177,188,188,205,205,205],"floor_reached":51,"playtime":3594,"items_purged":["Regret","Injury"],"score":741,"play_id":"e5709140-f017-4d89-9bda-b44a9bcd58ca","local_time":"20201226231220","is_ascension_mode":false,"campfire_choices":[{"data":"sneckomod:Unknown","floor":1.0,"key":"SMITH"},{"data":"sneckomod:Unknown","floor":8.0,"key":"SMITH"},{"data":"sneckomod:Nope","floor":10.0,"key":"SMITH"},{"data":"sneckomod:UnknownClassMKU_RED_COLOR","floor":13.0,"key":"SMITH"},{"data":"StuffTheSpire:Innocence","floor":18.0,"key":"SMITH"},{"data":"sneckomod:UnknownRareAttack","floor":26.0,"key":"SMITH"},{"data":"sneckomod:Unknown3Cost","floor":35,"key":"SMITH"},{"data":"expansioncontent:ChargeUp","floor":43,"key":"SMITH"},{"data":"Replay:Dark Deal","floor":47,"key":"SMITH"},{"floor":49,"key":"REST"}],"circlet_count":0,"master_deck":["sneckomod:Strike","sneckomod:Strike","sneckomod:Defend","sneckomod:Defend+1","sneckomod:Defend+1","sneckomod:TailWhip+1","sneckomod:SnekBite+1","sneckomod:Unknown+1","sneckomod:Unknown+1","sneckomod:QuickBite+1","sneckomod:UnknownX+1","sneckomod:UnknownRarePower+1","sneckomod:SnekBeam+1","sneckomod:Nope+1","sneckomod:UnknownClassMKU_RED_COLOR+1","StuffTheSpire:Innocence+1","sneckomod:SerpentMind+1","sneckomod:Unknown1Cost+1","sneckomod:UnknownWeak+1","sneckomod:CheapStock+1","sneckomod:UnknownRareAttack+1","sneckomod:UnknownUncommonSkill+1","hierophant:Doubloon+1","sneckomod:Unknown3Cost+1","sneckomod:IronFang+1","Replay:Dark Deal+1","expansioncontent:ChargeUp+1","sneckomod:UnknownBlock+1","sneckomod:MorePower+1","sneckomod:QuickMove"],"relics":["sneckomod:SneckoSoul","Frozen Egg 2","Anchor","ReplayTheSpireMod:CursedCoin","infinitespire:Beetle Shell","Empty Cage","Chemical X","Mercury Hourglass","thethorton:CrushedCigarette","vexMod:PaidLearning","conspire:BottledYoYo","construct:LongRangeLance"],"acts_visited":["Exordium","TheCity","TheBeyond"],"potions_floor_usage":[27,29,37,50,50],"damage_taken":[{"damage":3.0,"enemies":"Jaw Worm","floor":2.0,"turns":2.0},{"damage":0.0,"enemies":"theSlumbering:NewCultist","floor":3.0,"turns":2.0},{"damage":5.0,"enemies":"downfall:FleeingMerchant","floor":9.0,"turns":4.0},{"damage":0.0,"enemies":"2 Louse","floor":11.0,"turns":2.0},{"damage":16.0,"enemies":"Gremlin Nob","floor":12.0,"turns":3.0},{"damage":6.0,"enemies":"conspire:2 RoseBushes","floor":15.0,"turns":4.0},{"damage":34.0,"enemies":"downfall:Watcher","floor":16.0,"turns":9.0},{"damage":20.0,"enemies":"conspire:FuzzyDice","floor":19.0,"turns":5.0},{"damage":0.0,"enemies":"Chosen","floor":20.0,"turns":5.0},{"damage":10.0,"enemies":"Centurion and Healer","floor":21.0,"turns":3.0},{"damage":0.0,"enemies":"downfall:FleeingMerchant","floor":23.0,"turns":4.0},{"damage":0.0,"enemies":"Chosen and Byrds","floor":25.0,"turns":4.0},{"damage":0,"enemies":"downfall:FleeingMerchant","floor":27,"turns":4},{"damage":5,"enemies":"downfall:FleeingMerchant","floor":29,"turns":4},{"damage":13,"enemies":"conspire:HollyBat","floor":30,"turns":6},{"damage":15,"enemies":"Snecko","floor":31,"turns":4},{"damage":6,"enemies":"3 Cultists","floor":32,"turns":5},{"damage":7,"enemies":"downfall:Defect","floor":33,"turns":7},{"damage":0,"enemies":"3 Darklings","floor":36,"turns":5},{"damage":0,"enemies":"downfall:FleeingMerchant","floor":37,"turns":4},{"damage":24,"enemies":"3 Shapes","floor":39,"turns":5},{"damage":13,"enemies":"Writhing Mass","floor":40,"turns":7},{"damage":20,"enemies":"4 Shapes","floor":42,"turns":5},{"damage":1,"enemies":"Sphere and 2 Shapes","floor":44,"turns":4},{"damage":0,"enemies":"3 Darklings","floor":46,"turns":3},{"damage":26,"enemies":"Jaw Worm Horde","floor":48,"turns":6},{"damage":22,"enemies":"downfall:Ironclad","floor":50,"turns":10}],"seed_played":"8021244690711149682","potions_obtained":[{"floor":3.0,"key":"Adrenaline Potion"},{"floor":11.0,"key":"sneckomod:OffclassReductionPotion"},{"floor":15.0,"key":"potionbrewer:CleansingPotion"},{"floor":16.0,"key":"Toxic Potion"},{"floor":25.0,"key":"BlessingOfTheForge"},{"floor":30,"key":"sneckomod:DiceRollPotion"},{"floor":31,"key":"potionbrewer:CleansingPotion"},{"floor":32,"key":"SpeedPotion"},{"floor":44,"key":"potionbrewer:DiscountPotion"},{"floor":48,"key":"PowerPotion"}],"is_trial":false,"path_per_floor":["R","M","M","?","?","?","T","R","$","R","M","?","R","?","M","B",null,"R","M","M","M","?","$","T","M","R","$","?","$","M","M","M","B",null,"R","M","$","?","M","M","T","M","R","M","?","M","R","M","R","B",null],"character_chosen":"THE_SNECKO","items_purchased":["ReplayTheSpireMod:CursedCoin","sneckomod:SnekBeam+1","sneckomod:Nope","Chemical X","sneckomod:CheapStock+1","sneckomod:UnknownRareAttack","vexMod:PaidLearning","Replay:Dark Deal","expansioncontent:ChargeUp"],"campfire_rested":1,"item_purchase_floors":[9,9,9,23,23,23,37,37,37],"current_hp_per_floor":[90,87,88,88,88,88,88,88,84,84,84,69,69,62,56,22,93,93,73,74,64,69,71,71,72,72,72,72,67,54,54,52,50,98,98,98,98,98,84,75,75,55,55,55,55,55,55,29,58,36],"gold":205,"neow_bonus":"UPGRADE_CARD","is_daily":false,"chose_seed":false,"campfire_upgraded":9,"win_rate":0.0,"timestamp":1608995540,"path_taken":["R","M","M","?","?","?","T","R","$","R","M","?","R","?","M","BOSS","R","M","M","M","?","$","T","M","R","?","?","$","M","?","M","BOSS","R","M","$","?","M","M","T","M","R","M","?","M","R","?","R","BOSS"],"items_purchased_type":["Relic","Card","Card","Relic","Card","Card","Relic","Card","Card"],"build_version":"2020-12-22","purchased_purges":2,"victory":true,"max_hp_per_floor":[90,90,91,91,91,91,91,91,92,92,92,93,93,93,93,93,93,93,93,94,94,94,96,96,97,97,97,97,97,97,97,97,98,98,98,98,98,98,98,98,98,98,98,99,99,99,99,99,99,99],"card_choices":[{"not_picked":["sneckomod:UnknownClassHoly","sneckomod:MasterEye"],"picked":"sneckomod:QuickBite","floor":2.0},{"not_picked":["sneckomod:UnknownWeak","sneckomod:SoulDraw"],"picked":"sneckomod:UnknownX","floor":3.0},{"not_picked":["sneckomod:QuickMove","sneckomod:UnknownCommonSkill"],"picked":"sneckomod:UnknownRarePower+1","floor":9.0},{"not_picked":["sneckomod:UnknownClassTHE_CHAMP_GRAY","sneckomod:UnknownWeak","sneckomod:SoulDraw"],"picked":"SKIP","floor":11.0},{"not_picked":["sneckomod:DiceCrush","sneckomod:QuickBite"],"picked":"sneckomod:UnknownClassMKU_RED_COLOR","floor":12.0},{"not_picked":["sneckomod:UnknownStrike","sneckomod:DefensiveFlair","sneckomod:DiceCrush"],"picked":"SKIP","floor":15.0},{"not_picked":["sneckomod:DangerNoodle","sneckomod:Restock"],"picked":"sneckomod:SerpentMind+1","floor":16.0},{"not_picked":["sneckomod:UnknownBlock","sneckomod:RainOfDice","sneckomod:ImprovisedGuard"],"picked":"SKIP","floor":19.0},{"not_picked":["sneckomod:UnknownWeak","sneckomod:ImprovisedGuard"],"picked":"sneckomod:Unknown1Cost+1","floor":20.0},{"not_picked":["sneckomod:Unknown1Cost","sneckomod:DiceCrush","sneckomod:UnknownEthereal"],"picked":"SKIP","floor":21.0},{"not_picked":["sneckomod:UnknownClassMKU_RED_COLOR","sneckomod:UnknownVulnerable"],"picked":"sneckomod:UnknownWeak+1","floor":23.0},{"not_picked":["sneckomod:UnknownWeak","sneckomod:RainOfDice"],"picked":"sneckomod:UnknownUncommonSkill","floor":25.0},{"not_picked":["sneckomod:UnknownClassHIEROPHANT_GOLD_COLOR+1","sneckomod:UnknownCommonSkill","sneckomod:UnknownStrike"],"picked":"SKIP","floor":27},{"not_picked":["sneckomod:UnknownWeak","sneckomod:UnknownClassSHOWMAN_PURPLE_COLOR+1","sneckomod:UnknownCommonAttack+1"],"picked":"SKIP","floor":29},{"not_picked":["sneckomod:UnknownRareAttack","sneckomod:UnknownClassHEXA_GHOST_PURPLE","sneckomod:SoulRoll"],"picked":"SKIP","floor":30},{"not_picked":["sneckomod:UnknownBlock","sneckomod:UnknownWeak","sneckomod:DiceBlock"],"picked":"SKIP","floor":31},{"not_picked":["sneckomod:Nope","sneckomod:DiceBlock+1","sneckomod:UnknownClassDARK_GREEN_COLOR"],"picked":"SKIP","floor":32},{"not_picked":["sneckomod:UnknownRareAttack","sneckomod:DangerNoodle"],"picked":"sneckomod:Unknown3Cost","floor":33},{"not_picked":["sneckomod:UnknownClassInstall","sneckomod:UnknownCommonAttack","sneckomod:UnknownWeak"],"picked":"SKIP","floor":36},{"not_picked":["sneckomod:UnknownCommonAttack+1","sneckomod:UnknownClassBLADEMASTER_GRAY+1"],"picked":"sneckomod:IronFang+1","floor":37},{"not_picked":["sneckomod:RainOfDice","sneckomod:SoulRoll","sneckomod:Unknown1Cost"],"picked":"SKIP","floor":39},{"not_picked":["sneckomod:UnknownUncommonAttack+1","sneckomod:UnknownVulnerable+1","sneckomod:UnknownWeak"],"picked":"SKIP","floor":40},{"not_picked":["sneckomod:Unknown1Cost+1","sneckomod:UnknownUncommonAttack+1","sneckomod:UnknownClassGREMLIN"],"picked":"SKIP","floor":42},{"not_picked":["sneckomod:UnknownClassHEXA_GHOST_PURPLE+1","sneckomod:UnknownCommonSkill"],"picked":"sneckomod:UnknownBlock+1","floor":44},{"not_picked":["sneckomod:UnknownVulnerable+1","sneckomod:QuickMove","sneckomod:WideSting+1"],"picked":"SKIP","floor":46},{"not_picked":["sneckomod:UnknownClassFORSAKEN_GOLD_COLOR","sneckomod:UnknownClassDARK_GREEN_COLOR","sneckomod:UnknownCommonSkill+1"],"picked":"SKIP","floor":48}],"player_experience":1655809,"relics_obtained":[{"floor":7.0,"key":"Anchor"},{"floor":12.0,"key":"infinitespire:Beetle Shell"},{"floor":24.0,"key":"Mercury Hourglass"},{"floor":41,"key":"conspire:BottledYoYo"}],"event_choices":[{"damage_healed":5.0,"max_hp_gain":0.0,"max_hp_loss":0.0,"gold_gain":0.0,"event_name":"betterSkull:BetterSkull","player_choice":"LEAVE ","floor":22.0,"gold_loss":0.0,"damage_taken":0.0,"cards_upgraded":[],"relics_obtained":[]},{"cards_removed":["sneckomod:UnknownWeak"],"damage_healed":0,"gold_gain":0,"player_choice":"Give","damage_taken":0,"max_hp_gain":0,"max_hp_loss":0,"event_name":"betterNote:BetterNote","floor":28,"gold_loss":0,"cards_obtained":["None"]}],"is_beta":false,"boss_relics":[{"not_picked":["Honey Jar","hubris:VirtuousBlindfold"],"picked":"Empty Cage"},{"not_picked":["hubris:HollowSoul","Runic Dome"],"picked":"thethorton:CrushedCigarette"}],"items_purged_floors":[9,37],"is_endless":false,"potions_floor_spawned":[3,11,15,16,25,30,31,32,44,46,48],"ascension_level":0}}