{"host":"x1qj4d8ympd5jdqh","time":1608986312,"event":{"mods":["AchievementEnabler","AlwaysNeverKeys","BaseMod","Colored Map","Custom Start","DeckTracker","Highlight Path","Minty Spire (QoL Compilation)","StSLib","SuperFastMode"],"gold_per_floor":[114,114,114,164,182,211,231,251,298,298,325,340,340,355,355,427,427,437,165,165,115,115,134,134,160,160,195,54,384,89,100,100,172,172,188,46,64,81,81,114,114,145,145,145,145,177,191,205,205,205,205,205,205,47,75,75],"floor_reached":57,"playtime":2220,"items_purged":["Anger"],"score":3191,"play_id":"41edd7d5-693e-4e70-a750-7d421922a1ec","local_time":"20201226213832","is_ascension_mode":true,"campfire_choices":[{"data":"Corruption","floor":10.0,"key":"SMITH"},{"data":"Inflame","floor":15.0,"key":"SMITH"},{"data":"Shockwave","floor":24.0,"key":"SMITH"},{"data":"Bash","floor":32.0,"key":"SMITH"},{"floor":44.0,"key":"RECALL"},{"data":"Fiend Fire","floor":49.0,"key":"SMITH"},{"floor":53.0,"key":"REST"}],"circlet_count":0,"master_deck":["AscendersBane","Defend_R","Defend_R","Defend_R","Defend_R","Bash+1","Shockwave+1","Corruption+1","Rampage","Infernal Blade+1","Dark Embrace","Cleave","Inflame+1","Havoc+1","Shrug It Off+1","Evolve+1","Corruption","Immolate+1","Entrench+1","Intimidate+1","Shrug It Off+1","Body Slam","Magnetism","Fiend Fire+1","Warcry+1","Power Through+1","Shrug It Off+1","Impervious+1","Offering+1","Exhume+1","Pommel Strike+1","Barricade+1","Feel No Pain+1","Body Slam"],"relics":["Burning Blood","NeowsBlessing","Toxic Egg 2","Juzu Bracelet","Oddly Smooth Stone","Snecko Eye","Blood Vial","CaptainsWheel","HornCleat","Orichalcum","Old Coin","Mark of Pain","Frozen Egg 2","Sundial","Bottled Lightning"],"acts_visited":["Exordium","TheCity","TheBeyond","TheEnding"],"potions_floor_usage":[56],"damage_taken":[{"damage":0.0,"enemies":"2 Louse","floor":1.0,"turns":1.0},{"damage":0.0,"enemies":"Small Slimes","floor":5.0,"turns":1.0},{"damage":0.0,"enemies":"Lagavulin","floor":6.0,"turns":1.0},{"damage":0.0,"enemies":"Cultist","floor":7.0,"turns":3.0},{"damage":19.0,"enemies":"2 Fungi Beasts","floor":8.0,"turns":4.0},{"damage":32.0,"enemies":"Gremlin Nob","floor":11.0,"turns":4.0},{"damage":4.0,"enemies":"Exordium Thugs","floor":12.0,"turns":4.0},{"damage":10.0,"enemies":"Lots of Slimes","floor":14.0,"turns":3.0},{"damage":22.0,"enemies":"Slime Boss","floor":16.0,"turns":7.0},{"damage":29.0,"enemies":"Spheric Guardian","floor":18.0,"turns":4.0},{"damage":0.0,"enemies":"3 Byrds","floor":23.0,"turns":1.0},{"damage":5.0,"enemies":"Book of Stabbing","floor":25.0,"turns":3.0},{"damage":0.0,"enemies":"Gremlin Leader","floor":27.0,"turns":4.0},{"damage":0.0,"enemies":"Slavers","floor":29.0,"turns":1.0},{"damage":0.0,"enemies":"3 Cultists","floor":31.0,"turns":3.0},{"damage":12.0,"enemies":"Automaton","floor":33.0,"turns":5.0},{"damage":11.0,"enemies":"3 Shapes","floor":35.0,"turns":3.0},{"damage":0.0,"enemies":"Orb Walker","floor":37.0,"turns":2.0},{"damage":12.0,"enemies":"Jaw Worm Horde","floor":38.0,"turns":3.0},{"damage":4.0,"enemies":"Giant Head","floor":40.0,"turns":4.0},{"damage":0.0,"enemies":"Nemesis","floor":42.0,"turns":3.0},{"damage":6.0,"enemies":"Reptomancer","floor":46.0,"turns":4.0},{"damage":11.0,"enemies":"Spire Growth","floor":47.0,"turns":3.0},{"damage":16.0,"enemies":"3 Darklings","floor":48.0,"turns":3.0},{"damage":42.0,"enemies":"Time Eater","floor":50.0,"turns":7.0},{"damage":30.0,"enemies":"Donu and Deca","floor":51.0,"turns":5.0},{"damage":12,"enemies":"Shield and Spear","floor":55,"turns":2},{"damage":12,"enemies":"The Heart","floor":56,"turns":7}],"seed_played":"8531371200355819031","potions_obtained":[{"floor":1.0,"key":"ColorlessPotion"},{"floor":8.0,"key":"Regen Potion"},{"floor":11.0,"key":"AttackPotion"},{"floor":14.0,"key":"Explosive Potion"},{"floor":23.0,"key":"LiquidMemories"},{"floor":29.0,"key":"Fire Potion"},{"floor":47.0,"key":"BloodPotion"}],"is_trial":false,"path_per_floor":["M","?","?","?","M","E","M","M","T","R","E","M","?","M","R","B",null,"M","$","?","?","?","M","R","E","T","E","$","E","$","M","R","B",null,"M","$","M","M","?","E","?","E","T","R","?","E","M","M","R","B","B",null,"R","$","E","B",null],"character_chosen":"IRONCLAD","items_purchased":["Shrug It Off+1","Blood Vial","Intimidate+1","AttackPotion","Body Slam","PowerPotion","Magnetism","DuplicationPotion","Dexterity Potion","Feel No Pain+1","Body Slam","Dexterity Potion"],"campfire_rested":1,"item_purchase_floors":[19,19,28,28,30,30,30,36,36,54,54,54],"current_hp_per_floor":[74,67,67,60,66,72,75,62,62,62,45,47,47,43,43,27,63,40,40,40,40,40,48,48,51,51,59,59,67,67,75,75,69,74,70,70,75,69,69,73,63,71,71,71,71,73,70,62,62,43,21,62,75,75,69,65],"gold":75,"neow_bonus":"THREE_ENEMY_KILL","is_daily":false,"chose_seed":false,"campfire_upgraded":5,"win_rate":0.0,"timestamp":1608986312,"path_taken":["M","?","?","?","M","E","?","M","T","R","E","M","?","M","R","BOSS","M","$","?","?","?","M","R","E","T","E","$","E","?","M","R","BOSS","M","$","M","M","?","E","?","E","T","R","?","E","M","M","R","BOSS","BOSS","R","$","E","BOSS"],"items_purchased_type":["Card","Relic","Card","Potion","Card","Potion","Card","Potion","Potion","Card","Card","Potion"],"build_version":"2020-12-22","purchased_purges":1,"victory":true,"max_hp_per_floor":[75,75,75,75,75,75,75,75,75,75,75,75,75,75,75,75,75,75,75,75,75,75,75,75,75,75,75,75,75,75,75,75,75,75,75,75,75,75,75,75,75,75,75,75,75,75,75,75,75,75,75,75,75,75,75,75],"card_choices":[{"not_picked":["Heavy Blade","Havoc"],"picked":"Shockwave","floor":1.0},{"not_picked":["Heavy Blade","Flex"],"picked":"Anger","floor":5.0},{"not_picked":["Havoc+1","Thunderclap"],"picked":"Corruption","floor":6.0},{"not_picked":["Spot Weakness+1","Warcry+1"],"picked":"Rampage","floor":7.0},{"not_picked":["Disarm+1","Warcry+1"],"picked":"Infernal Blade+1","floor":8.0},{"not_picked":["Cleave","Wild Strike"],"picked":"Dark Embrace","floor":11.0},{"not_picked":["Cleave","Sever Soul","Heavy Blade"],"picked":"SKIP","floor":12.0},{"not_picked":["Combust","Entrench+1"],"picked":"Inflame","floor":14.0},{"not_picked":["Barricade","Exhume+1"],"picked":"Immolate","floor":16.0},{"not_picked":["Heavy Blade","Headbutt"],"picked":"Havoc+1","floor":18.0},{"not_picked":["Thunderclap","Havoc+1","Iron Wave"],"picked":"SKIP","floor":23.0},{"not_picked":["Pommel Strike","Havoc+1","True Grit+1"],"picked":"SKIP","floor":25.0},{"not_picked":["Carnage","Rage+1"],"picked":"Entrench+1","floor":27.0},{"not_picked":["Bloodletting+1","Headbutt+1"],"picked":"Shrug It Off+1","floor":29.0},{"not_picked":["Cleave","Thunderclap","Flex+1"],"picked":"SKIP","floor":31.0},{"not_picked":["Brutality","Bludgeon"],"picked":"Fiend Fire","floor":33.0},{"not_picked":["Body Slam","Wild Strike","Armaments+1"],"picked":"SKIP","floor":35.0},{"not_picked":["Metallicize","Iron Wave"],"picked":"Warcry+1","floor":37.0},{"not_picked":["Rage+1","Dark Embrace"],"picked":"Power Through+1","floor":38.0},{"not_picked":["Perfected Strike","Inflame"],"picked":"Offering+1","floor":40.0},{"not_picked":["Perfected Strike+1","Fiend Fire"],"picked":"Exhume+1","floor":42.0},{"not_picked":["Armaments+1","Hemokinesis","Uppercut"],"picked":"SKIP","floor":46.0},{"not_picked":["Wild Strike","Armaments+1"],"picked":"Pommel Strike+1","floor":47.0},{"not_picked":["Sword Boomerang","Heavy Blade"],"picked":"Barricade+1","floor":48.0},{"not_picked":["Flame Barrier+1","Heavy Blade","Wild Strike+1"],"picked":"SKIP","floor":55}],"player_experience":1272598,"relics_obtained":[{"floor":6.0,"key":"Toxic Egg 2"},{"floor":9.0,"key":"Juzu Bracelet"},{"floor":11.0,"key":"Oddly Smooth Stone"},{"floor":25.0,"key":"CaptainsWheel"},{"floor":26.0,"key":"HornCleat"},{"floor":27.0,"key":"Orichalcum"},{"floor":29.0,"key":"Old Coin"},{"floor":42.0,"key":"Frozen Egg 2"},{"floor":46.0,"key":"Sundial"},{"floor":55,"key":"Bottled Lightning"}],"event_choices":[{"cards_removed":["Strike_R"],"damage_healed":0.0,"max_hp_gain":0.0,"max_hp_loss":0.0,"gold_gain":0.0,"event_name":"Golden Wing","player_choice":"Card Removal","floor":2.0,"gold_loss":0.0,"damage_taken":7.0},{"cards_removed":["Strike_R"],"damage_healed":0.0,"max_hp_gain":0.0,"max_hp_loss":0.0,"gold_gain":0.0,"event_name":"Living Wall","player_choice":"Forget","floor":3.0,"gold_loss":0.0,"damage_taken":0.0},{"damage_healed":0.0,"max_hp_gain":0.0,"max_hp_loss":0.0,"gold_gain":50.0,"event_name":"FaceTrader","player_choice":"Touch","floor":4.0,"gold_loss":0.0,"damage_taken":7.0},{"damage_healed":0.0,"max_hp_gain":0.0,"max_hp_loss":0.0,"gold_gain":0.0,"cards_transformed":["Strike_R"],"event_name":"Transmorgrifier","player_choice":"Transformed","floor":13.0,"gold_loss":0.0,"damage_taken":0.0,"cards_obtained":["Cleave"]},{"damage_healed":0.0,"max_hp_gain":0.0,"max_hp_loss":0.0,"gold_gain":0.0,"cards_transformed":["Strike_R","Strike_R"],"event_name":"Drug Dealer","player_choice":"Became Test Subject","floor":20.0,"gold_loss":0.0,"damage_taken":0.0,"cards_obtained":["Evolve","Corruption"]},{"damage_healed":0.0,"max_hp_gain":0.0,"max_hp_loss":0.0,"gold_gain":0.0,"event_name":"Designer","player_choice":"Upgraded Two","floor":21.0,"gold_loss":50.0,"damage_taken":0.0,"cards_upgraded":["Evolve","Immolate"]},{"damage_healed":0.0,"max_hp_gain":0.0,"max_hp_loss":0.0,"gold_gain":0.0,"event_name":"Duplicator","player_choice":"Copied","floor":22.0,"gold_loss":0.0,"damage_taken":0.0,"cards_obtained":["Immolate"]},{"damage_healed":0.0,"max_hp_gain":0.0,"max_hp_loss":0.0,"gold_gain":0.0,"event_name":"Match and Keep!","player_choice":"2 cards matched","floor":39.0,"gold_loss":0.0,"damage_taken":0.0,"cards_obtained":["Shrug It Off","Impervious"]},{"damage_healed":0.0,"max_hp_gain":0.0,"max_hp_loss":0.0,"gold_gain":0.0,"event_name":"SensoryStone","player_choice":"Memory 3","floor":41.0,"gold_loss":0.0,"damage_taken":10.0},{"cards_removed":["Immolate"],"damage_healed":0.0,"max_hp_gain":0.0,"max_hp_loss":0.0,"gold_gain":0.0,"event_name":"Falling","player_choice":"Removed Attack","floor":45.0,"gold_loss":0.0,"damage_taken":0.0}],"is_beta":false,"boss_relics":[{"not_picked":["Pandora\u0027s Box","Sozu"],"picked":"Snecko Eye"},{"not_picked":["Astrolabe","Velvet Choker"],"picked":"Mark of Pain"}],"items_purged_floors":[19],"is_endless":false,"potions_floor_spawned":[1,8,11,14,23,29,38,42,47],"ascension_level":20}}