{"host":"pvf7uj918he10jir","time":1608959391,"event":{"mods":["AchievementEnabler","BaseMod","Colored Map","Colored Powertips","Highlight Path","Minty Spire (QoL Compilation)","Relic Stats","Slay the Relics Exporter","everything is the same but u backflip on backflip"],"gold_per_floor":[119,133,147,147,147,147,167,196,222,222,19,32,96,96,96,96,96],"floor_reached":16,"playtime":977,"items_purged":[],"score":115,"play_id":"f106e0d9-af6e-41e8-9269-b99e008df7df","local_time":"20201226000951","is_ascension_mode":true,"campfire_choices":[{"data":"Blade Dance","floor":6,"key":"SMITH"},{"data":"Backstab","floor":10,"key":"SMITH"},{"data":"Apotheosis","floor":15,"key":"SMITH"}],"circlet_count":0,"master_deck":["Strike_G","Strike_G","Strike_G","Strike_G","Defend_G","Defend_G","Defend_G","Defend_G","Defend_G","Survivor","Neutralize+1","PiercingWail","Blade Dance+1","Dodge and Roll","Regret","Backstab+1","Apotheosis+1","Dodge and Roll","Cloak And Dagger","Backflip"],"relics":["Ring of the Snake","PreservedInsect","MealTicket","Centennial Puzzle","Paper Crane","Pear"],"acts_visited":["Exordium"],"potions_floor_usage":[16,16,16],"damage_taken":[{"damage":5,"enemies":"2 Louse","floor":1,"turns":3},{"damage":0,"enemies":"Jaw Worm","floor":2,"turns":5},{"damage":1,"enemies":"Cultist","floor":3,"turns":3},{"damage":6,"enemies":"Large Slime","floor":7,"turns":5},{"damage":8,"enemies":"3 Sentries","floor":8,"turns":9},{"damage":4,"enemies":"3 Louse","floor":12,"turns":3},{"damage":13,"enemies":"3 Sentries","floor":13,"turns":5},{"damage":48,"enemies":"Slime Boss","floor":16,"turns":18}],"seed_played":"-4780374639494490461","potions_obtained":[{"floor":2,"key":"LiquidBronze"},{"floor":3,"key":"ColorlessPotion"},{"floor":12,"key":"Weak Potion"}],"is_trial":false,"path_per_floor":["M","M","M","?","?","R","M","E","T","R","$","M","?","?","R","B"],"character_chosen":"THE_SILENT","items_purchased":["Apotheosis","Dodge and Roll"],"campfire_rested":0,"item_purchase_floors":[11,11],"current_hp_per_floor":[65,65,64,64,57,57,51,43,43,43,58,54,41,48,48,0,0],"gold":96,"neow_bonus":"UPGRADE_CARD","is_daily":false,"chose_seed":false,"campfire_upgraded":3,"win_rate":0.0,"timestamp":1608959391,"path_taken":["M","M","M","?","?","R","M","E","T","R","?","?","?","?","R","BOSS"],"items_purchased_type":["Card","Card"],"build_version":"2020-12-22","purchased_purges":0,"victory":false,"max_hp_per_floor":[70,70,70,70,70,70,70,70,70,70,70,70,70,80,80,80,80],"relic_stats":{"Centennial Puzzle":[9],"counters":[8,51],"MealTicket":15,"PreservedInsect":65,"obtain_stats":[{"Centennial Puzzle":9,"Pear":14,"MealTicket":8,"PreservedInsect":4,"Paper Crane":13,"Ring of the Snake":0},{"Centennial Puzzle":5,"Pear":7,"MealTicket":5,"PreservedInsect":3,"Paper Crane":6,"Ring of the Snake":0},{"Centennial Puzzle":25,"Pear":33,"MealTicket":25,"PreservedInsect":11,"Paper Crane":28,"Ring of the Snake":0}],"Ring of the Snake":[16]},"card_choices":[{"not_picked":["Bane","Noxious Fumes"],"picked":"PiercingWail","floor":1},{"not_picked":["Leg Sweep","All Out Attack"],"picked":"Blade Dance","floor":2},{"not_picked":["Poisoned Stab","Quick Slash"],"picked":"Dodge and Roll","floor":3},{"not_picked":["Flying Knee","Skewer"],"picked":"Backstab","floor":7},{"not_picked":["Prepared","Sucker Punch","Expertise"],"picked":"SKIP","floor":8},{"not_picked":["Dagger Throw","Outmaneuver"],"picked":"Cloak And Dagger","floor":12},{"not_picked":["Deflect","Malaise"],"picked":"Backflip","floor":13}],"player_experience":101529,"relics_obtained":[{"floor":8,"key":"MealTicket"},{"floor":9,"key":"Centennial Puzzle"}],"event_choices":[{"damage_healed":0,"gold_gain":0,"player_choice":"Box","damage_taken":0,"relics_obtained":["PreservedInsect"],"max_hp_gain":0,"max_hp_loss":0,"event_name":"Big Fish","floor":4,"gold_loss":0,"cards_obtained":["Regret"]},{"cards_removed":["Strike_G"],"damage_healed":0,"gold_gain":0,"player_choice":"Card Removal","damage_taken":7,"max_hp_gain":0,"max_hp_loss":0,"event_name":"Golden Wing","floor":5,"gold_loss":0},{"damage_healed":0,"gold_gain":0,"player_choice":"Searched \u00272\u0027 times","damage_taken":0,"relics_obtained":["Paper Crane"],"max_hp_gain":0,"max_hp_loss":0,"event_name":"Dead Adventurer","floor":13,"gold_loss":0},{"damage_healed":0,"gold_gain":0,"player_choice":"Success","damage_taken":3,"relics_obtained":["Pear"],"max_hp_gain":0,"max_hp_loss":0,"event_name":"Scrap Ooze","floor":14,"gold_loss":0}],"is_beta":false,"boss_relics":[],"items_purged_floors":[],"is_endless":false,"potions_floor_spawned":[2,3,12,13],"killed_by":"Slime Boss","ascension_level":3}}