{"host":"5bdt6s51dmpd4l3v","time":1608983337,"event":{"mods":["AchievementEnabler","BaseMod","Colored Map","Colored Powertips","Highlight Path","Minty Spire (QoL Compilation)","Quick Restart","Rare Cards Sparkle","StSLib"],"gold_per_floor":[118,20,20,20,20,20,61,61,61,61,84,84,3,46,46,142,142,160,103,128,128,128,128,148,148,173,209,209,253,253,273,273,371,371,391,451,451,208,227,270,295,339,363,266,266,266,49,5,5,5,5],"floor_reached":50,"playtime":1076,"items_purged":["Body Slam"],"score":1159,"play_id":"98dde0a1-39b1-43bd-9443-93501d7eb29c","local_time":"20201226194857","is_ascension_mode":true,"campfire_choices":[{"data":"Flex","floor":6.0,"key":"SMITH"},{"data":"Shockwave","floor":8.0,"key":"SMITH"},{"data":"Spot Weakness","floor":10.0,"key":"SMITH"},{"floor":15.0,"key":"REST"},{"data":"Limit Break","floor":23.0,"key":"SMITH"},{"floor":28.0,"key":"REST"},{"floor":30.0,"key":"REST"},{"floor":32.0,"key":"REST"},{"data":"Discovery","floor":46.0,"key":"SMITH"},{"floor":49.0,"key":"DIG"}],"circlet_count":0,"master_deck":["AscendersBane","Strike_R","Strike_R+1","Strike_R","Strike_R","Defend_R","Bash","Cleave","Flex+1","Shockwave+1","Spot Weakness+1","Sword Boomerang","Hemokinesis","Twin Strike+1","Pommel Strike","Limit Break+1","Dropkick+1","Clash+1","Whirlwind+1","Body Slam+1","Offering+1","Blood for Blood+1","Heavy Blade+1","Discovery+1","Pummel"],"relics":["Burning Blood","NeowsBlessing","Golden Idol","Red Skull","Shuriken","Paper Frog","Dream Catcher","Bottled Lightning","Busted Crown","Oddly Smooth Stone","Blue Candle","Gambling Chip","Astrolabe","Shovel","Strange Spoon","Whetstone","MealTicket","Vajra","HandDrill","Lantern"],"acts_visited":["Exordium","TheCity","TheBeyond"],"potions_floor_usage":[50,50],"damage_taken":[{"damage":0.0,"enemies":"Cultist","floor":1.0,"turns":1.0},{"damage":0.0,"enemies":"Lagavulin","floor":7.0,"turns":1.0},{"damage":0.0,"enemies":"2 Louse","floor":11.0,"turns":1.0},{"damage":29.0,"enemies":"3 Sentries","floor":14.0,"turns":5.0},{"damage":36.0,"enemies":"Hexaghost","floor":16.0,"turns":5.0},{"damage":6.0,"enemies":"Chosen","floor":18.0,"turns":3.0},{"damage":19.0,"enemies":"2 Thieves","floor":20.0,"turns":3.0},{"damage":16.0,"enemies":"Snecko","floor":24.0,"turns":4.0},{"damage":20.0,"enemies":"Book of Stabbing","floor":27.0,"turns":2.0},{"damage":21.0,"enemies":"Slavers","floor":29.0,"turns":2.0},{"damage":6.0,"enemies":"Centurion and Healer","floor":31.0,"turns":3.0},{"damage":42.0,"enemies":"Automaton","floor":33.0,"turns":6.0},{"damage":12.0,"enemies":"Orb Walker","floor":35.0,"turns":2.0},{"damage":16.0,"enemies":"2 Orb Walkers","floor":36.0,"turns":2.0},{"damage":20.0,"enemies":"3 Shapes","floor":39.0,"turns":2.0},{"damage":11.0,"enemies":"Giant Head","floor":40.0,"turns":4.0},{"damage":0.0,"enemies":"3 Darklings","floor":41.0,"turns":1.0},{"damage":6.0,"enemies":"Reptomancer","floor":42.0,"turns":2.0},{"damage":88,"enemies":"Awakened One","floor":50,"turns":4}],"seed_played":"-7114830908257513948","potions_obtained":[{"floor":1.0,"key":"Regen Potion"},{"floor":7.0,"key":"AttackPotion"},{"floor":16.0,"key":"Ancient Potion"},{"floor":20.0,"key":"LiquidBronze"},{"floor":27.0,"key":"Explosive Potion"},{"floor":31.0,"key":"ColorlessPotion"},{"floor":39.0,"key":"EntropicBrew"},{"floor":42.0,"key":"Strength Potion"}],"is_trial":false,"path_per_floor":["M","$","?","?","$","R","E","R","T","R","M","T","$","E","R","B",null,"M","$","M","$","$","R","M","?","T","E","R","E","R","M","R","B",null,"M","?","?","$","M","E","M","E","T","$","?","R","$","$","R","B"],"character_chosen":"IRONCLAD","items_purchased":["Flex","Shockwave","Hemokinesis","SteroidPotion","Strange Spoon","Discovery","HandDrill","ColorlessPotion","Pummel"],"campfire_rested":4,"item_purchase_floors":[2,2,13,19,38,44,47,47,48],"current_hp_per_floor":[74,74,48,37,37,37,43,43,43,43,49,49,49,40,62,32,64,64,64,51,51,51,51,41,41,41,27,49,34,56,56,75,39,66,60,50,50,50,36,31,37,37,37,52,52,52,67,75,75,0,0],"gold":5,"neow_bonus":"THREE_ENEMY_KILL","is_daily":false,"chose_seed":false,"campfire_upgraded":5,"win_rate":0.0,"timestamp":1608983337,"path_taken":["M","?","?","?","?","R","E","R","T","R","M","?","$","E","R","BOSS","M","?","?","?","$","R","?","?","T","E","R","E","R","M","R","BOSS","M","?","?","$","M","E","?","E","T","$","?","R","?","$","R","BOSS"],"items_purchased_type":["Card","Card","Card","Potion","Relic","Card","Relic","Potion","Card"],"build_version":"2020-12-22","purchased_purges":1,"victory":false,"max_hp_per_floor":[75,75,75,75,75,75,75,75,75,75,75,75,75,75,75,75,75,75,75,75,75,75,75,75,75,75,75,75,75,75,75,75,75,75,75,75,75,75,75,75,75,75,75,75,75,75,75,75,75,75,75],"card_choices":[{"not_picked":["Dropkick","Blood for Blood"],"picked":"Cleave","floor":1.0},{"not_picked":["Clothesline","Heavy Blade"],"picked":"Spot Weakness","floor":7.0},{"not_picked":["Shrug It Off","Thunderclap"],"picked":"Sword Boomerang","floor":11.0},{"not_picked":["Anger","Burning Pact"],"picked":"Twin Strike","floor":14.0},{"not_picked":["Dual Wield","Headbutt"],"picked":"Pommel Strike","floor":15.0},{"not_picked":["Demon Form","Impervious"],"picked":"Limit Break","floor":16.0},{"not_picked":[],"picked":"Dropkick+1","floor":18.0},{"not_picked":[],"picked":"Clash+1","floor":20.0},{"not_picked":[],"picked":"Whirlwind+1","floor":24.0},{"not_picked":["Sword Boomerang"],"picked":"SKIP","floor":27.0},{"not_picked":["Intimidate"],"picked":"SKIP","floor":29.0},{"not_picked":[],"picked":"Body Slam+1","floor":30.0},{"not_picked":["Wild Strike"],"picked":"SKIP","floor":31.0},{"not_picked":[],"picked":"Heavy Blade+1","floor":35.0},{"not_picked":["Clothesline"],"picked":"SKIP","floor":39.0},{"not_picked":["Anger"],"picked":"SKIP","floor":40.0},{"not_picked":["Rampage"],"picked":"SKIP","floor":41.0},{"not_picked":["Havoc"],"picked":"SKIP","floor":42.0}],"player_experience":247282,"relics_obtained":[{"floor":7.0,"key":"Shuriken"},{"floor":9.0,"key":"Paper Frog"},{"floor":12.0,"key":"Dream Catcher"},{"floor":14.0,"key":"Bottled Lightning"},{"floor":26.0,"key":"Oddly Smooth Stone"},{"floor":27.0,"key":"Blue Candle"},{"floor":29.0,"key":"Gambling Chip"},{"floor":36.0,"key":"Shovel"},{"floor":40.0,"key":"Whetstone"},{"floor":42.0,"key":"MealTicket"},{"floor":43.0,"key":"Vajra"},{"floor":49.0,"key":"Lantern"}],"event_choices":[{"damage_healed":0.0,"max_hp_gain":0.0,"max_hp_loss":0.0,"gold_gain":0.0,"event_name":"Golden Idol","player_choice":"Take Damage","floor":3.0,"gold_loss":0.0,"damage_taken":26.0,"relics_obtained":["Golden Idol"]},{"damage_healed":0.0,"max_hp_gain":0.0,"max_hp_loss":0.0,"gold_gain":0.0,"event_name":"Scrap Ooze","player_choice":"Success","floor":4.0,"gold_loss":0.0,"damage_taken":11.0,"relics_obtained":["Red Skull"]},{"damage_healed":0.0,"max_hp_gain":0.0,"max_hp_loss":0.0,"gold_gain":0.0,"event_name":"Ghosts","player_choice":"Ignored","floor":25.0,"gold_loss":0.0,"damage_taken":0.0},{"damage_healed":0.0,"max_hp_gain":0.0,"max_hp_loss":0.0,"gold_gain":0.0,"event_name":"Mysterious Sphere","player_choice":"Fight","floor":36.0,"gold_loss":0.0,"damage_taken":0.0},{"damage_healed":0.0,"max_hp_gain":0.0,"max_hp_loss":0.0,"gold_gain":0.0,"cards_transformed":["Strike_R"],"event_name":"Transmorgrifier","player_choice":"Transformed","floor":37.0,"gold_loss":0.0,"damage_taken":0.0,"cards_obtained":["Body Slam"]},{"cards_removed":["Feel No Pain"],"damage_healed":0.0,"max_hp_gain":0.0,"max_hp_loss":0.0,"gold_gain":0.0,"event_name":"Falling","player_choice":"Removed Power","floor":45.0,"gold_loss":0.0,"damage_taken":0.0}],"is_beta":false,"boss_relics":[{"not_picked":["SacredBark","Pandora\u0027s Box"],"picked":"Busted Crown"},{"not_picked":["Coffee Dripper","Tiny House"],"picked":"Astrolabe"}],"items_purged_floors":[38],"is_endless":false,"potions_floor_spawned":[1,7,16,20,27,31,39,42],"killed_by":"Awakened One","ascension_level":17}}