{"host":"kw4o7b3ro2ktmmbe","time":1608985205,"event":{"mods":["BaseMod","Evolution","Fireblade Mod","Minty Spire (QoL Compilation)","StSLib","Treasure Hunter"],"gold_per_floor":[301,1,1,1,78,78,92,92,92,108,108,123,123,123,123,223,223,241,252,167,92,92,125,137,184,275,317,329,329],"floor_reached":28,"playtime":1353,"items_purged":[],"score":300,"play_id":"d9704aba-7f2b-433c-9665-c7dd752c11a9","local_time":"20201227012005","is_ascension_mode":true,"campfire_choices":[{"data":"FireBladeMod:ScorchingStrike","floor":6.0,"key":"SMITH"},{"data":"FireBladeMod:ScorchingStrike","floor":8.0,"key":"SMITH"},{"data":"FireBladeMod:ScorchingStrike","floor":11.0,"key":"SMITH"},{"data":"FireBladeMod:ScorchingStrike","floor":15.0,"key":"SMITH"},{"data":"1","floor":24,"key":"LIFT"}],"circlet_count":0,"master_deck":["FireBladeMod:ScorchingStrike+1","FireBladeMod:ScorchingStrike+1","FireBladeMod:ScorchingStrike+1","FireBladeMod:ScorchingStrike+1","FireBladeMod:DefendFireBlade+1","FireBladeMod:DefendFireBlade","FireBladeMod:FireBarrier","FireBladeMod:SmashingEndurance+1","FireBladeMod:SmashingEndurance","TH:DeckOfManyThings","FireBladeMod:QuickJabs","TH:ElvenBoots","FireBladeMod:PyromancerForm","FireBladeMod:SmashingEndurance","FireBladeMod:QuickJabs","TH:CopperCoins","FireBladeMod:Accelerant+1","TH:BikiniMail","FireBladeMod:QuickJabs","TH:TreasureMap","TH:ArmorSpikes","FireBladeMod:PyromancerForm"],"relics":["EVO:Axolotl","Philosopher\u0027s Stone","FireBladeMod:GymTowel","White Beast Statue","Black Star","Orichalcum","Girya","MawBank","Boot","Meat on the Bone","Ornamental Fan","Incense Burner","MealTicket"],"acts_visited":["Exordium","TheCity"],"potions_floor_usage":[23,23,23,25,28],"damage_taken":[{"damage":0.0,"enemies":"Small Slimes","floor":1.0,"turns":3.0},{"damage":0.0,"enemies":"2 Louse","floor":7.0,"turns":2.0},{"damage":0.0,"enemies":"Cultist","floor":10.0,"turns":2.0},{"damage":2.0,"enemies":"Blue Slaver","floor":12.0,"turns":2.0},{"damage":26.0,"enemies":"Hexaghost","floor":16.0,"turns":7.0},{"damage":4.0,"enemies":"Chosen","floor":18.0,"turns":4.0},{"damage":4.0,"enemies":"2 Thieves","floor":19.0,"turns":4.0},{"damage":27,"enemies":"Slavers","floor":23,"turns":6},{"damage":11,"enemies":"Gremlin Leader","floor":25,"turns":6},{"damage":36,"enemies":"Slavers","floor":27,"turns":5},{"damage":21,"enemies":"Snake Plant","floor":28,"turns":3}],"seed_played":"2942882164483544345","potions_obtained":[{"floor":10.0,"key":"Strength Potion"},{"floor":12.0,"key":"SkillPotion"},{"floor":16.0,"key":"Energy Potion"},{"floor":18.0,"key":"Regen Potion"},{"floor":19.0,"key":"SkillPotion"},{"floor":23,"key":"FireBladeMod:NapalmFlask"},{"floor":27,"key":"Ancient Potion"}],"is_trial":false,"path_per_floor":["M","$","?","?","?","R","M","R","T","M","R","M","$","?","R","B",null,"M","M","?","?","?","E","R","E","T","E","M"],"character_chosen":"THE_FIREBLADE","items_purchased":["FireBladeMod:GymTowel"],"campfire_rested":0,"item_purchase_floors":[2],"current_hp_per_floor":[70,70,75,60,60,60,60,60,60,60,60,58,58,58,58,32,75,71,67,67,67,67,55,55,44,44,20,0,0],"gold":329,"neow_bonus":"BOSS_RELIC","is_daily":false,"chose_seed":false,"campfire_upgraded":4,"win_rate":0.0,"timestamp":1608985205,"path_taken":["M","$","?","?","?","R","M","R","T","M","R","M","$","?","R","BOSS","M","M","?","?","?","E","R","E","T","E","M"],"items_purchased_type":["Relic"],"build_version":"2020-12-22","purchased_purges":0,"victory":false,"max_hp_per_floor":[70,70,75,75,75,75,75,75,75,75,75,75,75,75,75,75,75,75,75,75,75,75,75,75,75,75,75,75,75],"card_choices":[{"not_picked":["FireBladeMod:ComboCleave","FireBladeMod:Shove"],"picked":"FireBladeMod:SmashingEndurance","floor":1.0},{"not_picked":["FireBladeMod:WellPrepared","FireBladeMod:Feint"],"picked":"FireBladeMod:SmashingEndurance","floor":7.0},{"not_picked":["TH:Mimic"],"picked":"TH:DeckOfManyThings","floor":9.0},{"not_picked":["FireBladeMod:AbsorbEnergy","FireBladeMod:SpiritEndurance"],"picked":"FireBladeMod:QuickJabs","floor":10.0},{"not_picked":["FireBladeMod:WellPrepared","FireBladeMod:OverCharge","FireBladeMod:BackhandSwing"],"picked":"SKIP","floor":12.0},{"not_picked":["TH:BikiniMail"],"picked":"TH:ElvenBoots","floor":16.0},{"not_picked":["FireBladeMod:LayeredDefense","FireBladeMod:Ignition"],"picked":"FireBladeMod:PyromancerForm","floor":16.0},{"not_picked":["FireBladeMod:SmokeInTheEyes","FireBladeMod:ArmSmash"],"picked":"FireBladeMod:SmashingEndurance","floor":18.0},{"not_picked":["FireBladeMod:StingingSlash","FireBladeMod:Robust"],"picked":"FireBladeMod:QuickJabs","floor":19.0},{"not_picked":["TH:PixieDust"],"picked":"TH:CopperCoins","floor":23},{"not_picked":["FireBladeMod:ComplexDefense","FireBladeMod:ComplexAttack"],"picked":"FireBladeMod:Accelerant+1","floor":23},{"not_picked":["TH:Mimic"],"picked":"TH:BikiniMail","floor":25},{"not_picked":["FireBladeMod:SteadyEndurance","FireBladeMod:WellPrepared"],"picked":"FireBladeMod:QuickJabs","floor":25},{"not_picked":["TH:ArmorSpikes"],"picked":"TH:TreasureMap","floor":26},{"not_picked":["TH:Mimic"],"picked":"TH:ArmorSpikes","floor":27},{"not_picked":["FireBladeMod:DoubleDash","FireBladeMod:BasicSmash"],"picked":"FireBladeMod:PyromancerForm","floor":27}],"player_experience":1807289,"relics_obtained":[{"floor":9.0,"key":"White Beast Statue"},{"floor":23,"key":"Girya"},{"floor":23,"key":"MawBank"},{"floor":25,"key":"Boot"},{"floor":25,"key":"Meat on the Bone"},{"floor":26,"key":"Ornamental Fan"},{"floor":27,"key":"Incense Burner"},{"floor":27,"key":"MealTicket"}],"event_choices":[{"damage_healed":0.0,"max_hp_gain":5.0,"max_hp_loss":0.0,"gold_gain":0.0,"event_name":"Big Fish","player_choice":"Donut","floor":3.0,"gold_loss":0.0,"damage_taken":0.0},{"damage_healed":0.0,"max_hp_gain":0.0,"max_hp_loss":0.0,"gold_gain":0.0,"event_name":"Shining Light","player_choice":"Entered Light","floor":4.0,"gold_loss":0.0,"damage_taken":15.0,"cards_upgraded":["FireBladeMod:DefendFireBlade","FireBladeMod:SmashingEndurance"]},{"damage_healed":0.0,"max_hp_gain":0.0,"max_hp_loss":0.0,"gold_gain":77.0,"event_name":"Golden Wing","player_choice":"Gained Gold","floor":5.0,"gold_loss":0.0,"damage_taken":0.0},{"cards_removed":["FireBladeMod:FlamingSword"],"damage_healed":0.0,"max_hp_gain":0.0,"max_hp_loss":0.0,"gold_gain":0.0,"event_name":"Purifier","player_choice":"Purged","floor":14.0,"gold_loss":0.0,"damage_taken":0.0},{"damage_healed":0.0,"max_hp_gain":0.0,"max_hp_loss":0.0,"gold_gain":0.0,"event_name":"Addict","player_choice":"Obtained Relic","floor":20.0,"gold_loss":85.0,"damage_taken":0.0,"relics_obtained":["Orichalcum"]},{"cards_removed":["FireBladeMod:DefendFireBlade"],"damage_healed":0.0,"max_hp_gain":0.0,"max_hp_loss":0.0,"gold_gain":0.0,"event_name":"Beggar","player_choice":"Gave Gold","floor":21.0,"gold_loss":75.0,"damage_taken":0.0},{"cards_removed":["FireBladeMod:DefendFireBlade"],"damage_healed":0.0,"max_hp_gain":0.0,"max_hp_loss":0.0,"gold_gain":0.0,"event_name":"Back to Basics","player_choice":"Elegance","floor":22.0,"gold_loss":0.0,"damage_taken":0.0}],"is_beta":false,"boss_relics":[{"not_picked":["Cursed Key","Velvet Choker"],"picked":"Black Star"}],"items_purged_floors":[],"is_endless":false,"potions_floor_spawned":[10,12,16,18,19,23,27],"killed_by":"Snake Plant","ascension_level":1}}