{"host":"4ql3fbq4ff03iluc","time":1608946735,"event":{"mods":["BaseMod","Minty Spire (QoL Compilation)","Rare Cards Sparkle","StSLib"],"gold_per_floor":[110,285,89,89,107,107,151,151,151,186,186,200,200,224,224,355,355,369,359,73,91,91,125,125,164,191,191,229,241,268,303,315,447,459,490,517,191,191,205,205,223,244,244,244,244],"floor_reached":44,"playtime":2263,"items_purged":["Doubt","Strike_G","Strike_G"],"score":805,"play_id":"b307dcfd-f5b3-4826-ae41-84135d0495f5","local_time":"20201225173855","is_ascension_mode":true,"campfire_choices":[{"data":"Blade Dance","floor":6,"key":"SMITH"},{"data":"Glass Knife","floor":8,"key":"SMITH"},{"data":"All Out Attack","floor":11,"key":"SMITH"},{"data":"PiercingWail","floor":15,"key":"SMITH"},{"data":"Backstab","floor":24,"key":"SMITH"},{"floor":27,"key":"REST"},{"floor":29,"key":"REST"},{"data":"Terror","floor":32,"key":"SMITH"},{"data":"Leg Sweep","floor":40,"key":"SMITH"}],"circlet_count":0,"master_deck":["AscendersBane","Strike_G","Strike_G","Defend_G","Defend_G","Defend_G","Defend_G","Defend_G","Survivor","Neutralize+1","Sucker Punch","All Out Attack+1","Blade Dance+1","Glass Knife+1","PiercingWail+1","Corpse Explosion","Deflect+1","Backstab+1","Accuracy","PiercingWail","Backstab","Burst","Terror+1","Crippling Poison","Bullet Time","Backflip+1","Acrobatics+1","Leg Sweep+1","Footwork","Writhe","Predator+1"],"relics":["Ring of the Snake","Golden Idol","Juzu Bracelet","Pantograph","Bag of Marbles","Black Star","Lee\u0027s Waffle","Smiling Mask","Eternal Feather","Matryoshka","Blue Candle","Art of War","Anchor","MawBank","Vajra","Coffee Dripper","Akabeko","The Specimen","Bottled Tornado"],"acts_visited":["TheCity","TheBeyond"],"potions_floor_usage":[19,21,25,33],"damage_taken":[{"damage":0.0,"enemies":"Jaw Worm","floor":1.0,"turns":5.0},{"damage":0,"enemies":"2 Louse","floor":5,"turns":3},{"damage":27,"enemies":"Gremlin Nob","floor":7,"turns":5},{"damage":17,"enemies":"3 Sentries","floor":10,"turns":6},{"damage":0,"enemies":"Cultist","floor":12,"turns":1},{"damage":0,"enemies":"Exordium Wildlife","floor":14,"turns":1},{"damage":42,"enemies":"The Guardian","floor":16,"turns":12},{"damage":4,"enemies":"Shell Parasite","floor":18,"turns":4},{"damage":5,"enemies":"2 Thieves","floor":19,"turns":4},{"damage":0,"enemies":"3 Cultists","floor":21,"turns":2},{"damage":36,"enemies":"Slavers","floor":23,"turns":6},{"damage":35,"enemies":"Gremlin Leader","floor":25,"turns":9},{"damage":32,"enemies":"Slavers","floor":28,"turns":5},{"damage":16,"enemies":"Sentry and Sphere","floor":30,"turns":4},{"damage":15,"enemies":"Snecko","floor":31,"turns":4},{"damage":68,"enemies":"Collector","floor":33,"turns":10},{"damage":6,"enemies":"Orb Walker","floor":35,"turns":2},{"damage":0,"enemies":"3 Shapes","floor":36,"turns":1},{"damage":19,"enemies":"Sphere and 2 Shapes","floor":39,"turns":6},{"damage":58,"enemies":"Transient","floor":41,"turns":5},{"damage":4,"enemies":"3 Darklings","floor":42,"turns":4},{"damage":6,"enemies":"Writhing Mass","floor":44,"turns":1}],"seed_played":"-1035864090743991128","potions_obtained":[{"floor":1.0,"key":"CunningPotion"},{"floor":10,"key":"BlessingOfTheForge"},{"floor":18,"key":"Fire Potion"},{"floor":19,"key":"FearPotion"},{"floor":30,"key":"Regen Potion"},{"floor":36,"key":"GamblersBrew"},{"floor":42,"key":"Strength Potion"}],"is_trial":false,"path_per_floor":["M","?","$","?","M","R","E","R","T","E","R","M","?","M","R","B",null,"M","M","$","M","$","E","R","E","T","R","E","R","M","M","R","B",null,"M","M","$","?","M","R","M","M","T","M"],"character_chosen":"THE_SILENT","items_purchased":["All Out Attack","Blade Dance","Lee\u0027s Waffle","Accuracy","Leg Sweep","Akabeko","Footwork"],"campfire_rested":2,"item_purchase_floors":[3,3,20,20,37,37,37],"current_hp_per_floor":[63,63,63,63,63,63,36,36,36,19,19,19,19,19,19,2,49,45,40,72,72,72,36,48,13,13,46,14,47,31,16,31,3,55,49,49,49,67,48,66,8,4,4,0,0],"gold":244,"neow_bonus":"UPGRADE_CARD","is_daily":false,"chose_seed":false,"campfire_upgraded":7,"win_rate":0.0,"timestamp":1608946735,"path_taken":["M","?","$","?","M","R","E","R","T","E","R","M","?","M","R","BOSS","M","M","$","M","?","E","R","E","T","R","E","R","M","M","R","BOSS","M","M","$","?","M","R","M","M","T","M"],"items_purchased_type":["Card","Card","Relic","Card","Card","Relic","Card"],"build_version":"2020-12-22","purchased_purges":3,"victory":false,"max_hp_per_floor":[70,70,70,65,65,65,65,65,65,65,65,65,65,65,65,65,65,65,65,72,72,72,72,72,72,72,72,72,72,72,72,72,72,72,72,72,72,72,72,72,72,72,72,72,72],"card_choices":[{"not_picked":["Outmaneuver","Prepared"],"picked":"Sucker Punch","floor":1.0},{"not_picked":["Dodge and Roll","Poisoned Stab","Bane"],"picked":"SKIP","floor":5},{"not_picked":["Slice","Concentrate"],"picked":"Glass Knife","floor":7},{"not_picked":["Dagger Throw","Outmaneuver","Well Laid Plans"],"picked":"SKIP","floor":10},{"not_picked":["Setup","Dagger Spray"],"picked":"PiercingWail","floor":12},{"not_picked":["Sucker Punch","Acrobatics","Choke"],"picked":"SKIP","floor":14},{"not_picked":["Die Die Die","Tools of the Trade"],"picked":"Corpse Explosion","floor":16},{"not_picked":["All Out Attack+1","Expertise"],"picked":"Deflect+1","floor":18},{"not_picked":["Distraction","Dagger Throw"],"picked":"Backstab","floor":19},{"not_picked":["Flying Knee","Underhanded Strike+1"],"picked":"PiercingWail","floor":21},{"not_picked":["Dagger Spray","Flechettes"],"picked":"Backstab","floor":23},{"not_picked":["Backflip","Riddle With Holes"],"picked":"Burst","floor":25},{"not_picked":["Flying Knee","Reflex"],"picked":"Terror","floor":28},{"not_picked":["Poisoned Stab","Acrobatics","Well Laid Plans+1"],"picked":"SKIP","floor":30},{"not_picked":["Expertise+1","Backflip"],"picked":"Crippling Poison","floor":31},{"not_picked":["Night Terror","Corpse Explosion"],"picked":"Bullet Time","floor":33},{"not_picked":["Underhanded Strike+1","Prepared+1"],"picked":"Backflip+1","floor":35},{"not_picked":["Slice+1","Choke+1"],"picked":"Acrobatics+1","floor":36},{"not_picked":["Blade Dance","Outmaneuver+1","Venomology"],"picked":"SKIP","floor":39},{"not_picked":["Crippling Poison","Deadly Poison+1"],"picked":"Predator+1","floor":41},{"not_picked":["Bane+1","Setup+1","Choke"],"picked":"SKIP","floor":42}],"player_experience":617110,"relics_obtained":[{"floor":7,"key":"Juzu Bracelet"},{"floor":9,"key":"Pantograph"},{"floor":10,"key":"Bag of Marbles"},{"floor":23,"key":"Smiling Mask"},{"floor":23,"key":"Eternal Feather"},{"floor":25,"key":"Matryoshka"},{"floor":25,"key":"Blue Candle"},{"floor":26,"key":"Art of War"},{"floor":26,"key":"Anchor"},{"floor":28,"key":"MawBank"},{"floor":28,"key":"Vajra"},{"floor":43,"key":"The Specimen"},{"floor":43,"key":"Bottled Tornado"}],"event_choices":[{"damage_healed":0.0,"max_hp_gain":0.0,"max_hp_loss":0.0,"gold_gain":175.0,"event_name":"Liars Game","player_choice":"AGREE","floor":2.0,"gold_loss":0.0,"damage_taken":0.0,"cards_obtained":["Doubt"]},{"damage_healed":0,"gold_gain":0,"player_choice":"Lose Max HP","damage_taken":0,"relics_obtained":["Golden Idol"],"max_hp_gain":0,"max_hp_loss":5,"event_name":"Golden Idol","floor":4,"gold_loss":0},{"cards_removed":["Strike_G"],"damage_healed":0,"gold_gain":0,"player_choice":"Offered Basic","damage_taken":0,"max_hp_gain":0,"max_hp_loss":0,"event_name":"Bonfire Elementals","floor":13,"gold_loss":0},{"damage_healed":18,"gold_gain":0,"player_choice":"Writhe","damage_taken":0,"max_hp_gain":0,"max_hp_loss":0,"event_name":"Winding Halls","floor":38,"gold_loss":0,"cards_obtained":["Writhe"]}],"is_beta":false,"boss_relics":[{"not_picked":["Snecko Eye","SacredBark"],"picked":"Black Star"},{"not_picked":["HoveringKite","Runic Pyramid"],"picked":"Coffee Dripper"}],"items_purged_floors":[3,20,37],"is_endless":false,"potions_floor_spawned":[1,10,16,18,19,30,36,42],"killed_by":"Writhing Mass","ascension_level":11}}