{"host":"Fun","time":1608944898,"event":{"mods":["BaseMod","Colored Map","Filter the Spire","Minty Spire (QoL Compilation)","Relic Stats","StSLib"],"gold_per_floor":[11,30,30,41,41,41,75,89,167,177,123,88,88,99,99,170,170,187,215,9,23,23,23,48,48,71,86,96,96,11,11,11,11,11],"floor_reached":33,"playtime":908,"items_purged":["Strike_B"],"score":489,"play_id":"9e1fb533-1f3e-46fa-82ed-4d164b87ece9","local_time":"20201225200818","is_ascension_mode":true,"campfire_choices":[{"data":"Cold Snap","floor":6,"key":"SMITH"},{"floor":13,"key":"REST"},{"floor":15,"key":"DIG"},{"floor":23,"key":"REST"},{"floor":25,"key":"REST"},{"floor":29,"key":"DIG"},{"floor":32,"key":"REST"}],"circlet_count":0,"master_deck":["AscendersBane","Defend_B","Defend_B","Defend_B","Defend_B","Zap","Dualcast","Core Surge","Rebound","All For One","Cold Snap+1","Doom and Gloom","Conserve Battery","Steam","Steam","Multi-Cast","Hologram","Auto Shields","Self Repair","Coolheaded","Capacitor","Glacier","Defragment","Bite","Bite","Bite","Bite","Bite"],"relics":["Cracked Core","WarpedTongs","Shovel","Nunchaku","Symbiotic Virus","Orichalcum","Fusion Hammer","Red Mask","Peace Pipe","Blood Vial","Bag of Marbles","The Courier"],"acts_visited":["Exordium","TheCity"],"potions_floor_usage":[7,10,16,19,19,27],"damage_taken":[{"damage":0,"enemies":"2 Louse","floor":1,"turns":2},{"damage":4,"enemies":"Small Slimes","floor":2,"turns":3},{"damage":12,"enemies":"Jaw Worm","floor":4,"turns":2},{"damage":18,"enemies":"3 Sentries","floor":7,"turns":8},{"damage":2,"enemies":"Looter","floor":8,"turns":3},{"damage":3,"enemies":"2 Fungi Beasts","floor":10,"turns":3},{"damage":3,"enemies":"Blue Slaver","floor":14,"turns":3},{"damage":1,"enemies":"Slime Boss","floor":16,"turns":8},{"damage":19,"enemies":"2 Thieves","floor":18,"turns":4},{"damage":22,"enemies":"Masked Bandits","floor":19,"turns":4},{"damage":0,"enemies":"3 Byrds","floor":21,"turns":4},{"damage":24,"enemies":"Slavers","floor":24,"turns":7},{"damage":12,"enemies":"Shelled Parasite and Fungi","floor":27,"turns":7},{"damage":23,"enemies":"Sentry and Sphere","floor":28,"turns":6},{"damage":55,"enemies":"Automaton","floor":33,"turns":6}],"seed_played":"-9044716706095691311","potions_obtained":[{"floor":1,"key":"Swift Potion"},{"floor":8,"key":"Weak Potion"},{"floor":10,"key":"BlessingOfTheForge"},{"floor":16,"key":"Swift Potion"},{"floor":18,"key":"Strength Potion"},{"floor":19,"key":"PotionOfCapacity"},{"floor":24,"key":"EssenceOfSteel"},{"floor":28,"key":"BlessingOfTheForge"}],"is_trial":false,"path_per_floor":["M","M","$","M","?","R","E","M","T","M","?","?","R","M","R","B",null,"M","?","$","M","$","R","E","R","T","M","M","R","?","?","R","B"],"character_chosen":"DEFECT","items_purchased":["Self Repair","Coolheaded"],"campfire_rested":4,"item_purchase_floors":[20,20],"current_hp_per_floor":[64,60,60,48,30,30,12,10,10,7,7,24,45,42,42,41,64,45,23,23,23,23,44,20,41,41,38,24,24,24,24,38,0,0],"gold":11,"neow_bonus":"THREE_RARE_CARDS","is_daily":false,"chose_seed":false,"campfire_upgraded":1,"win_rate":0.0,"timestamp":1608944898,"path_taken":["M","M","$","M","?","R","E","M","T","M","?","?","R","M","R","BOSS","M","?","$","M","$","R","E","R","T","M","M","R","?","?","R","BOSS"],"items_purchased_type":["Card","Card"],"build_version":"2020-12-18","purchased_purges":1,"victory":false,"max_hp_per_floor":[71,71,71,71,71,71,71,71,71,71,71,71,71,71,71,71,71,71,71,71,71,71,71,71,71,71,71,71,71,71,49,49,49,49],"relic_stats":{"Peace Pipe":0,"Blood Vial":6,"Nunchaku":[8],"Shovel":2,"counters":[15,70],"Orichalcum":[54],"obtain_stats":[{"Peace Pipe":24,"Blood Vial":26,"Nunchaku":7,"Shovel":5,"Fusion Hammer":17,"The Courier":30,"Red Mask":19,"Bag of Marbles":29,"Orichalcum":15,"Cracked Core":0,"Symbiotic Virus":9,"WarpedTongs":1},{"Peace Pipe":12,"Blood Vial":12,"Nunchaku":4,"Shovel":3,"Fusion Hammer":8,"The Courier":14,"Red Mask":10,"Bag of Marbles":14,"Orichalcum":7,"Cracked Core":0,"Symbiotic Virus":5,"WarpedTongs":1},{"Peace Pipe":51,"Blood Vial":51,"Nunchaku":15,"Shovel":7,"Fusion Hammer":32,"The Courier":64,"Red Mask":40,"Bag of Marbles":64,"Orichalcum":24,"Cracked Core":0,"Symbiotic Virus":18,"WarpedTongs":1}],"WarpedTongs":[67]},"card_choices":[{"not_picked":["Rainbow","All For One"],"picked":"Core Surge","floor":0},{"not_picked":["Skim","Coolheaded"],"picked":"Rebound","floor":1},{"not_picked":["Barrage","Gash"],"picked":"All For One","floor":2},{"not_picked":["Rebound","Chaos"],"picked":"Cold Snap","floor":4},{"not_picked":["Stack","Scrape"],"picked":"Doom and Gloom","floor":7},{"not_picked":["Beam Cell","Turbo"],"picked":"Conserve Battery","floor":8},{"not_picked":["Core Surge","Redo"],"picked":"Steam","floor":10},{"not_picked":["Darkness","Compile Driver"],"picked":"Steam","floor":14},{"not_picked":["Seek","Machine Learning"],"picked":"Multi-Cast","floor":16},{"not_picked":["Fusion","Barrage"],"picked":"Hologram","floor":18},{"not_picked":["Sweeping Beam","Beam Cell"],"picked":"Auto Shields","floor":19},{"not_picked":["Sunder","Turbo"],"picked":"Capacitor","floor":21},{"not_picked":["Auto Shields","Thunder Strike","Capacitor"],"picked":"SKIP","floor":24},{"not_picked":["Go for the Eyes+1","Coolheaded"],"picked":"Glacier","floor":27},{"not_picked":["Sweeping Beam","Auto Shields"],"picked":"Defragment","floor":28}],"player_experience":117356,"relics_obtained":[{"floor":7,"key":"Nunchaku"},{"floor":9,"key":"Symbiotic Virus"},{"floor":15,"key":"Orichalcum"},{"floor":19,"key":"Red Mask"},{"floor":24,"key":"Peace Pipe"},{"floor":26,"key":"Blood Vial"},{"floor":29,"key":"Bag of Marbles"}],"event_choices":[{"damage_healed":0,"gold_gain":0,"player_choice":"Success","damage_taken":18,"relics_obtained":["Shovel"],"max_hp_gain":0,"max_hp_loss":0,"event_name":"Scrap Ooze","floor":5,"gold_loss":0},{"damage_healed":0,"gold_gain":0,"player_choice":"Left Gold","damage_taken":0,"max_hp_gain":0,"max_hp_loss":0,"event_name":"World of Goop","floor":11,"gold_loss":54},{"damage_healed":17,"gold_gain":0,"player_choice":"Healed","damage_taken":0,"max_hp_gain":0,"max_hp_loss":0,"event_name":"The Cleric","floor":12,"gold_loss":35},{"damage_healed":0,"gold_gain":0,"player_choice":"Fought Bandits","damage_taken":0,"max_hp_gain":0,"max_hp_loss":0,"event_name":"Masked Bandits","floor":19,"gold_loss":0},{"damage_healed":0,"gold_gain":0,"player_choice":"Obtained Relic","damage_taken":0,"relics_obtained":["The Courier"],"max_hp_gain":0,"max_hp_loss":0,"event_name":"Addict","floor":30,"gold_loss":85},{"damage_healed":0,"gold_gain":0,"player_choice":"Became a vampire","damage_taken":0,"max_hp_gain":0,"max_hp_loss":22,"event_name":"Vampires","floor":31,"gold_loss":0,"cards_obtained":["Bite","Bite","Bite","Bite","Bite"]}],"is_beta":true,"boss_relics":[{"not_picked":["Coffee Dripper","Snecko Eye"],"picked":"Fusion Hammer"}],"items_purged_floors":[20],"is_endless":false,"potions_floor_spawned":[1,8,10,16,18,19,24,28],"killed_by":"Automaton","ascension_level":15}}