{"host":"uflv0e3ja7hvnij7","time":1608978757,"event":{"mods":["Aspiration","BaseMod","Better Altar","Better Match","Better Note","Better Sensory Stone","Better Skull","Better Third Choice","Hubris","Infinite Spire","Minty Spire (QoL Compilation)","Permanent Neow","Replay The Spire","Shop Mod","StSLib"],"gold_per_floor":[118,418,418,383,383,383,403,403,403,429,135,135,148,168,168,268,268,281,231,47,65,76,76,108,108,159,171,203,228,240,252,264,288,300,312,312],"floor_reached":35,"playtime":1915,"items_purged":["Strike_G","Defend_G"],"score":330,"play_id":"81e7f360-8544-4f0e-b1c2-a17105f383c0","local_time":"20201226053237","is_ascension_mode":true,"campfire_choices":[{"data":"Sucker Punch","floor":6,"key":"SMITH"},{"data":"Dagger Spray","floor":8,"key":"SMITH"},{"data":"Replay:Bag of Tricks","floor":12,"key":"SMITH"},{"data":"Dagger Spray","floor":15,"key":"SMITH"},{"data":"Cloak And Dagger","floor":23,"key":"SMITH"},{"floor":25,"key":"REST"}],"circlet_count":0,"master_deck":["Strike_G","Strike_G","Strike_G","Defend_G","Defend_G","Defend_G","Defend_G","Survivor","Neutralize","Sucker Punch+1","Deflect+1","Dagger Spray+1","Dagger Spray+1","Replay:Bag of Tricks+1","PiercingWail","Footwork","Tools of the Trade","Dagger Throw","Cloak And Dagger+1","Dodge and Roll","Cloak And Dagger+1","A Thousand Cuts","Tactician","hubris:InfiniteBlow"],"relics":["Ring of the Snake","Old Coin","HornCleat","NlothsMask","Bronze Scales","Medical Kit","Runic Dome","ClockworkSouvenir","Blood Vial","MawBank","Mercury Hourglass","aspiration:Headhunter"],"acts_visited":["Exordium","TheCity"],"potions_floor_usage":[10,16,16],"damage_taken":[{"damage":0,"enemies":"2 Louse","floor":1,"turns":4},{"damage":0,"enemies":"Jaw Worm","floor":7,"turns":4},{"damage":5,"enemies":"Gremlin Nob","floor":10,"turns":5},{"damage":0,"enemies":"Cultist","floor":13,"turns":2},{"damage":0,"enemies":"Lots of Slimes","floor":14,"turns":2},{"damage":42,"enemies":"Slime Boss","floor":16,"turns":11},{"damage":16,"enemies":"Chosen","floor":18,"turns":4},{"damage":6,"enemies":"2 Thieves","floor":21,"turns":4},{"damage":0,"enemies":"Centurion and Healer","floor":22,"turns":5},{"damage":20,"enemies":"Gremlin Leader","floor":24,"turns":8},{"damage":26,"enemies":"Chosen and Byrds","floor":28,"turns":5},{"damage":0,"enemies":"3 Cultists","floor":29,"turns":4},{"damage":2,"enemies":"Cultist and Chosen","floor":33,"turns":4},{"damage":74,"enemies":"Champ","floor":35,"turns":9}],"seed_played":"-6305362104642658109","potions_obtained":[{"floor":1,"key":"Strength Potion"},{"floor":7,"key":"Weak Potion"},{"floor":14,"key":"Poison Potion"},{"floor":22,"key":"Reflective Coating"}],"is_trial":false,"path_per_floor":["M","?","T","?","?","R","M","R","T","E","$","R","M","M","R","B",null,"M","?","$","M","M","R","E","R","T","?","M","M","PTL","PTL","AVR","M","R","B"],"character_chosen":"THE_SILENT","items_purchased":["Replay:Bag of Tricks","Medical Kit","Cloak And Dagger+1","ClockworkSouvenir"],"campfire_rested":1,"item_purchase_floors":[11,11,20,20],"current_hp_per_floor":[70,45,45,62,62,62,62,62,62,57,57,57,57,57,57,15,70,54,54,54,48,48,48,28,49,49,49,25,27,27,27,27,27,48,0,0],"gold":312,"neow_bonus":"TRANSFORM_CARD","is_daily":false,"chose_seed":false,"campfire_upgraded":5,"win_rate":0.0,"timestamp":1608978757,"path_taken":["M","?","?","?","?","R","M","R","T","E","$","R","M","M","R","BOSS","M","?","$","M","?","R","E","R","T","?","M","M","PTL","PTL","AVR","M","R","BOSS"],"items_purchased_type":["Card","Relic","Card","Relic"],"build_version":"2020-12-22","purchased_purges":2,"victory":false,"max_hp_per_floor":[70,70,70,70,70,70,70,70,70,70,70,70,70,70,70,70,70,70,70,70,70,70,70,70,70,70,70,70,70,70,70,70,70,70,70,70],"card_choices":[{"not_picked":["Sucker Punch","Outmaneuver"],"picked":"Deflect","floor":1},{"not_picked":["Blade Dance","Skewer"],"picked":"Dagger Spray","floor":7},{"not_picked":["Dagger Throw","Deadly Poison"],"picked":"Dagger Spray","floor":10},{"not_picked":["Quick Slash","Flying Knee"],"picked":"PiercingWail","floor":13},{"not_picked":["Quick Slash","ReplayTheSpireMod:Shiv Toss"],"picked":"Footwork","floor":14},{"not_picked":["Die Die Die","Bullet Time"],"picked":"Tools of the Trade","floor":16},{"not_picked":["Masterful Stab","Draining Mist+1"],"picked":"Dagger Throw","floor":18},{"not_picked":["Dagger Spray","Flying Knee+1"],"picked":"Dodge and Roll","floor":21},{"not_picked":["Sucker Punch+1","Flying Knee"],"picked":"Cloak And Dagger","floor":22},{"not_picked":["Backflip","Dagger Throw+1"],"picked":"A Thousand Cuts","floor":24},{"not_picked":["Dodge and Roll","Well Laid Plans","Deadly Poison"],"picked":"SKIP","floor":28},{"not_picked":["Dodge and Roll","Outmaneuver"],"picked":"Tactician","floor":29},{"not_picked":["Heel Hook","Backflip","Dodge and Roll+1"],"picked":"SKIP","floor":33}],"player_experience":399930,"relics_obtained":[{"floor":3,"key":"HornCleat"},{"floor":10,"key":"Bronze Scales"},{"floor":24,"key":"Blood Vial"},{"floor":26,"key":"MawBank"},{"floor":27,"key":"Mercury Hourglass"}],"event_choices":[{"damage_healed":0,"gold_gain":0,"player_choice":"Relic ","damage_taken":25,"max_hp_gain":0,"max_hp_loss":0,"event_name":"betterThird:BetterScrap","floor":2,"gold_loss":0,"cards_obtained":["hubris:Prefetch"]},{"damage_healed":17,"gold_gain":0,"player_choice":"Healed","damage_taken":0,"max_hp_gain":0,"max_hp_loss":0,"event_name":"The Cleric","floor":4,"gold_loss":35},{"damage_healed":0,"gold_gain":0,"player_choice":"Trade","damage_taken":0,"relics_obtained":["NlothsMask"],"max_hp_gain":0,"max_hp_loss":0,"event_name":"FaceTrader","floor":5,"gold_loss":0},{"damage_healed":0,"gold_gain":0,"player_choice":"Bet on Murderer","damage_taken":0,"max_hp_gain":0,"max_hp_loss":0,"event_name":"The Joust","floor":19,"gold_loss":50},{"damage_healed":0,"gold_gain":0,"player_choice":"Relic","damage_taken":0,"max_hp_gain":0,"max_hp_loss":0,"event_name":"Wheel of Change","floor":27,"gold_loss":0}],"is_beta":false,"boss_relics":[{"not_picked":["Velvet Choker","Abe\u0027s Treasure"],"picked":"Runic Dome"}],"items_purged_floors":[11,32],"is_endless":false,"potions_floor_spawned":[1,7,14,22],"killed_by":"Champ","ascension_level":4}}