{"host":"f5n4tidiz2n5sooh","time":1608945079,"event":{"mods":["BaseMod","Bestiary","Colored Map","Minty Spire (QoL Compilation)","Relic Stats","StSLib"],"gold_per_floor":[109,109,127,277,277,277,308,308,308,308,308],"floor_reached":10,"playtime":126,"items_purged":[],"score":178,"play_id":"e7b993b2-2f4f-46f6-ab4c-833107030fc4","local_time":"20201225191119","is_ascension_mode":true,"campfire_choices":[{"data":"Neutralize","floor":6,"key":"SMITH"},{"data":"Caltrops","floor":8,"key":"SMITH"}],"circlet_count":0,"master_deck":["AscendersBane","Strike_G","Strike_G","Strike_G","Strike_G","Strike_G","Defend_G","Defend_G","Defend_G","Defend_G","Defend_G","Survivor","Neutralize+1","Well Laid Plans","Blade Dance+1","Doubt","Caltrops+1"],"relics":["Ring of the Snake","NeowsBlessing","Toxic Egg 2","Orichalcum","Bird Faced Urn","Bottled Tornado"],"acts_visited":["Exordium"],"potions_floor_usage":[10],"damage_taken":[{"damage":0,"enemies":"Cultist","floor":1,"turns":1},{"damage":0,"enemies":"Jaw Worm","floor":3,"turns":1},{"damage":0,"enemies":"3 Sentries","floor":7,"turns":1},{"damage":29,"enemies":"Gremlin Nob","floor":10,"turns":3}],"seed_played":"6535684896431131799","potions_obtained":[{"floor":1,"key":"BlessingOfTheForge"}],"is_trial":false,"path_per_floor":["M","T","M","?","?","R","E","R","T","E"],"character_chosen":"THE_SILENT","items_purchased":[],"campfire_rested":0,"item_purchase_floors":[],"current_hp_per_floor":[59,59,59,59,24,24,24,24,24,0,0],"gold":308,"neow_bonus":"THREE_ENEMY_KILL","is_daily":false,"chose_seed":false,"campfire_upgraded":2,"win_rate":0.0,"timestamp":1608945079,"path_taken":["M","?","M","?","?","R","E","R","T","E"],"items_purchased_type":[],"build_version":"2020-12-22","purchased_purges":0,"victory":false,"max_hp_per_floor":[66,66,66,66,66,66,66,66,66,66,66],"relic_stats":{"counters":[4,6],"Bird Faced Urn":[2],"Orichalcum":[12],"obtain_stats":[{"NeowsBlessing":0,"Bird Faced Urn":7,"Toxic Egg 2":2,"Orichalcum":5,"Bottled Tornado":9,"Ring of the Snake":0},{"NeowsBlessing":0,"Bird Faced Urn":3,"Toxic Egg 2":1,"Orichalcum":2,"Bottled Tornado":3,"Ring of the Snake":0},{"NeowsBlessing":0,"Bird Faced Urn":3,"Toxic Egg 2":1,"Orichalcum":2,"Bottled Tornado":3,"Ring of the Snake":0}],"Ring of the Snake":[8]},"card_choices":[{"not_picked":["Sucker Punch","Backflip"],"picked":"Well Laid Plans","floor":1},{"not_picked":["PiercingWail+1","Outmaneuver+1"],"picked":"Blade Dance+1","floor":3},{"not_picked":["Outmaneuver+1","Dagger Spray"],"picked":"Caltrops","floor":7}],"player_experience":1933779,"relics_obtained":[{"floor":2,"key":"Toxic Egg 2"},{"floor":7,"key":"Bird Faced Urn"},{"floor":9,"key":"Bottled Tornado"}],"event_choices":[{"damage_healed":0,"gold_gain":150,"player_choice":"AGREE","damage_taken":0,"max_hp_gain":0,"max_hp_loss":0,"event_name":"Liars Game","floor":4,"gold_loss":0,"cards_obtained":["Doubt"]},{"damage_healed":0,"gold_gain":0,"player_choice":"Success","damage_taken":35,"relics_obtained":["Orichalcum"],"max_hp_gain":0,"max_hp_loss":0,"event_name":"Scrap Ooze","floor":5,"gold_loss":0}],"is_beta":false,"boss_relics":[],"items_purged_floors":[],"is_endless":false,"potions_floor_spawned":[1],"killed_by":"Gremlin Nob","ascension_level":20}}