{"host":"mlmf9r5k959h2db8","time":1608993819,"event":{"mods":["AchievementEnabler","BaseMod","Minty Spire (QoL Compilation)","Permanent Neow","Quick Restart","StSLib","SuperFastMode","óô»ðÖ¸ÄÏ"],"gold_per_floor":[118,68,68,89,89,89,120,120,120,45,61,92,105,130,130,253,253,267,280,77,77,77,77,110,110,182,197,222,262,286,320,332,465,477,509,432,795,816,816,816,816,741,741,1074,831,859,516,550,156,156,156,156,31,65,65],"floor_reached":56,"playtime":4488,"items_purged":["Strike_R","Strike_R","Strike_R","Strike_R","Bash","Defend_R","Defend_R","Defend_R"],"score":1474,"play_id":"01dce5f4-cabd-4c90-8211-aebdfa0ccd15","local_time":"20201226224339","is_ascension_mode":true,"campfire_choices":[{"data":"Armaments","floor":6.0,"key":"SMITH"},{"data":"Body Slam","floor":8.0,"key":"SMITH"},{"data":"Second Wind","floor":15.0,"key":"SMITH"},{"data":"Barricade","floor":23.0,"key":"SMITH"},{"data":"Battle Trance","floor":25.0,"key":"SMITH"},{"floor":32.0,"key":"RECALL"},{"data":"Entrench","floor":40.0,"key":"SMITH"},{"data":"Dark Embrace","floor":52.0,"key":"SMITH"}],"circlet_count":0,"master_deck":["Defend_R","Body Slam+1","Armaments+1","Second Wind+1","Impervious","Pommel Strike","Barricade+1","Battle Trance+1","Power Through","Impervious","Entrench+1","CurseOfTheBell","True Grit+1","Shockwave+1","Shrug It Off+1","Dark Embrace+1"],"relics":["Burning Blood","NeowsBlessing","Oddly Smooth Stone","WingedGreaves","Coffee Dripper","Membership Card","HornCleat","Pantograph","Lizard Tail","MawBank","Calling Bell","Regal Pillow","Toxic Egg 2","Ginger","Old Coin","Toy Ornithopter","Bag of Marbles","Boot","Akabeko","Ice Cream","Bronze Scales","Paper Frog","Medical Kit","Strawberry","InkBottle","Thread and Needle"],"acts_visited":["Exordium","TheCity","TheBeyond","TheEnding"],"potions_floor_usage":[],"damage_taken":[{"damage":0.0,"enemies":"Jaw Worm","floor":1.0,"turns":1.0},{"damage":0.0,"enemies":"2 Louse","floor":4.0,"turns":1.0},{"damage":0.0,"enemies":"Lagavulin","floor":7.0,"turns":1.0},{"damage":3.0,"enemies":"Cultist","floor":11.0,"turns":4.0},{"damage":26.0,"enemies":"Gremlin Nob","floor":12.0,"turns":4.0},{"damage":1.0,"enemies":"3 Louse","floor":13.0,"turns":4.0},{"damage":8.0,"enemies":"Exordium Wildlife","floor":14.0,"turns":3.0},{"damage":37.0,"enemies":"Hexaghost","floor":16.0,"turns":12.0},{"damage":8.0,"enemies":"2 Thieves","floor":18.0,"turns":5.0},{"damage":0.0,"enemies":"Spheric Guardian","floor":19.0,"turns":5.0},{"damage":0.0,"enemies":"Gremlin Leader","floor":24.0,"turns":6.0},{"damage":0.0,"enemies":"3 Cultists","floor":27.0,"turns":6.0},{"damage":2.0,"enemies":"Snake Plant","floor":28.0,"turns":5.0},{"damage":9.0,"enemies":"Slavers","floor":29.0,"turns":10.0},{"damage":0.0,"enemies":"Snecko","floor":30.0,"turns":5.0},{"damage":0.0,"enemies":"Gremlin Leader","floor":31.0,"turns":5.0},{"damage":10.0,"enemies":"Champ","floor":33.0,"turns":7.0},{"damage":0.0,"enemies":"3 Shapes","floor":35.0,"turns":6.0},{"damage":0.0,"enemies":"Mind Bloom Boss Battle","floor":37.0,"turns":5.0},{"damage":12.0,"enemies":"3 Darklings","floor":38.0,"turns":8.0},{"damage":0.0,"enemies":"Nemesis","floor":46.0,"turns":5.0},{"damage":0.0,"enemies":"Reptomancer","floor":48.0,"turns":6.0},{"damage":6.0,"enemies":"Time Eater","floor":50.0,"turns":7.0},{"damage":1.0,"enemies":"Shield and Spear","floor":54.0,"turns":7.0},{"damage":22,"enemies":"The Heart","floor":55,"turns":7}],"seed_played":"365003632753608635","potions_obtained":[{"floor":7.0,"key":"BloodPotion"},{"floor":11.0,"key":"BlessingOfTheForge"},{"floor":12.0,"key":"LiquidMemories"},{"floor":14.0,"key":"AttackPotion"},{"floor":18.0,"key":"SkillPotion"},{"floor":28.0,"key":"GamblersBrew"},{"floor":29.0,"key":"BloodPotion"}],"is_trial":false,"path_per_floor":["M","?","?","M","?","R","E","R","T","$","M","E","M","M","R","B",null,"M","M","$","?","?","R","E","R","T","M","M","E","M","E","R","B",null,"M","$","?","M","?","R","?","R","T","?","$","E","$","E","R","B",null,"R","$","E","B",null],"character_chosen":"IRONCLAD","items_purchased":["Membership Card","True Grit+1","Bag of Marbles","Boot","Ice Cream","Bronze Scales","Dark Embrace","Medical Kit","Strawberry","InkBottle"],"campfire_rested":0,"item_purchase_floors":[20,36,45,45,47,47,47,49,49,49],"current_hp_per_floor":[80,80,74,74,79,79,79,79,79,79,79,59,64,62,62,31,79,77,79,79,79,79,79,79,79,79,79,79,76,79,79,79,75,79,79,79,79,73,73,73,73,73,73,73,73,75,75,75,82,82,82,82,82,82,66],"gold":65,"neow_bonus":"THREE_ENEMY_KILL","is_daily":false,"chose_seed":false,"campfire_upgraded":7,"win_rate":0.0,"timestamp":1608993819,"path_taken":["M","?","?","M","?","R","E","R","T","?","M","E","M","M","R","BOSS","M","?","$","?","?","R","E","R","T","M","M","E","M","E","R","BOSS","M","$","?","M","?","R","?","R","T","?","$","E","?","E","R","BOSS","R","$","E","BOSS"],"items_purchased_type":["Relic","Card","Relic","Relic","Relic","Relic","Card","Relic","Relic","Relic"],"build_version":"2020-12-22","purchased_purges":8,"victory":true,"max_hp_per_floor":[80,80,74,74,79,79,79,79,79,79,79,79,79,79,79,79,79,79,79,79,79,79,79,79,79,79,79,79,79,79,79,79,79,79,79,79,79,79,79,79,75,75,75,75,75,75,75,75,82,82,82,82,82,82,82],"card_choices":[{"not_picked":["Armaments","Havoc"],"picked":"Body Slam","floor":1.0},{"not_picked":["Dual Wield","Bloodletting"],"picked":"Armaments","floor":4.0},{"not_picked":["Feel No Pain","Twin Strike"],"picked":"Second Wind","floor":7.0},{"not_picked":["Carnage","Thunderclap","Second Wind"],"picked":"SKIP","floor":11.0},{"not_picked":["Warcry","Twin Strike"],"picked":"Impervious","floor":12.0},{"not_picked":["Whirlwind","Twin Strike","Flame Barrier"],"picked":"SKIP","floor":13.0},{"not_picked":["Wild Strike","Warcry"],"picked":"Pommel Strike","floor":14.0},{"not_picked":["Reaper","Corruption"],"picked":"Barricade","floor":16.0},{"not_picked":["Headbutt","Infernal Blade"],"picked":"Battle Trance","floor":18.0},{"not_picked":["Havoc","Whirlwind"],"picked":"Power Through","floor":19.0},{"not_picked":["Flame Barrier","Iron Wave"],"picked":"Impervious","floor":24.0},{"not_picked":["Evolve","Body Slam"],"picked":"Entrench","floor":27.0},{"not_picked":["Wild Strike+1","Carnage","Dual Wield"],"picked":"SKIP","floor":28.0},{"not_picked":["Anger","Fire Breathing","Armaments+1"],"picked":"SKIP","floor":29.0},{"not_picked":["Bloodletting","Havoc+1","Perfected Strike"],"picked":"SKIP","floor":30.0},{"not_picked":["Headbutt","Fire Breathing+1","Thunderclap"],"picked":"SKIP","floor":31.0},{"not_picked":["Body Slam+1","Spot Weakness+1","Heavy Blade"],"picked":"SKIP","floor":35.0},{"not_picked":["Entrench+1","Heavy Blade"],"picked":"Shockwave+1","floor":37.0},{"not_picked":["Anger+1","Havoc+1"],"picked":"Shrug It Off+1","floor":38.0},{"not_picked":["Clothesline+1","Whirlwind+1","Pommel Strike"],"picked":"SKIP","floor":46.0},{"not_picked":["Twin Strike+1","Perfected Strike","Rupture+1"],"picked":"SKIP","floor":48.0},{"not_picked":["Body Slam","Armaments+1","Dark Embrace"],"picked":"SKIP","floor":54.0}],"player_experience":229737,"relics_obtained":[{"floor":7.0,"key":"Oddly Smooth Stone"},{"floor":12.0,"key":"WingedGreaves"},{"floor":24.0,"key":"HornCleat"},{"floor":26.0,"key":"Pantograph"},{"floor":29.0,"key":"Lizard Tail"},{"floor":31.0,"key":"MawBank"},{"floor":34.0,"key":"Regal Pillow"},{"floor":34.0,"key":"Toxic Egg 2"},{"floor":34.0,"key":"Ginger"},{"floor":37.0,"key":"Old Coin"},{"floor":43.0,"key":"Toy Ornithopter"},{"floor":46.0,"key":"Akabeko"},{"floor":48.0,"key":"Paper Frog"},{"floor":54.0,"key":"Thread and Needle"}],"event_choices":[{"cards_removed":["Strike_R"],"damage_healed":0.0,"max_hp_gain":0.0,"max_hp_loss":0.0,"gold_gain":0.0,"event_name":"The Cleric","player_choice":"Card Removal","floor":2.0,"gold_loss":50.0,"damage_taken":0.0},{"damage_healed":0.0,"max_hp_gain":0.0,"max_hp_loss":6.0,"gold_gain":0.0,"event_name":"Golden Idol","player_choice":"Lose Max HP","floor":3.0,"gold_loss":0.0,"damage_taken":0.0,"relics_obtained":["Golden Idol"]},{"damage_healed":0.0,"max_hp_gain":5.0,"max_hp_loss":0.0,"gold_gain":0.0,"event_name":"Big Fish","player_choice":"Donut","floor":5.0,"gold_loss":0.0,"damage_taken":0.0},{"damage_healed":0.0,"max_hp_gain":0.0,"max_hp_loss":0.0,"gold_gain":0.0,"event_name":"Ghosts","player_choice":"Ignored","floor":21.0,"gold_loss":0.0,"damage_taken":0.0},{"damage_healed":0.0,"max_hp_gain":0.0,"max_hp_loss":0.0,"gold_gain":0.0,"event_name":"Vampires","player_choice":"Ignored","floor":22.0,"gold_loss":0.0,"damage_taken":0.0},{"damage_healed":0.0,"max_hp_gain":0.0,"max_hp_loss":0.0,"gold_gain":0.0,"event_name":"MindBloom","player_choice":"Fight","floor":37.0,"gold_loss":0.0,"damage_taken":0.0},{"damage_healed":0.0,"max_hp_gain":0.0,"max_hp_loss":0.0,"gold_gain":0.0,"event_name":"SensoryStone","player_choice":"Memory 1","floor":39.0,"gold_loss":0.0,"damage_taken":0.0},{"damage_healed":0.0,"max_hp_gain":0.0,"max_hp_loss":4.0,"gold_gain":0.0,"event_name":"Winding Halls","player_choice":"Max HP","floor":41.0,"gold_loss":0.0,"damage_taken":0.0},{"damage_healed":0.0,"max_hp_gain":0.0,"max_hp_loss":0.0,"gold_gain":333.0,"event_name":"The Moai Head","player_choice":"Gave Idol","floor":44.0,"relics_lost":["Golden Idol"],"gold_loss":0.0,"damage_taken":0.0}],"is_beta":false,"boss_relics":[{"not_picked":["Black Star","Ectoplasm"],"picked":"Coffee Dripper"},{"not_picked":["Pandora\u0027s Box","SacredBark"],"picked":"Calling Bell"}],"items_purged_floors":[10,20,36,42,45,47,49,53],"is_endless":false,"potions_floor_spawned":[7,11,12,14,18,28,29,30,35,37],"ascension_level":1}}