{"host":"q1yq0ibtlljsjzm9","time":1608953347,"event":{"mods":["BaseMod","DeckTracker","Minty Spire (QoL Compilation)","StSLib","The Cursed"],"gold_per_floor":[112,132,25,25,25,52,52,4,29,29,29,40,70,88,88,183,183,201,116,130,130,142,142,142,161,187,201,234,234,64,84,84,183,183,195,214,10,10,10,10,26,36,60,60,60,60,60,60,60,60,60],"floor_reached":50,"playtime":3470,"items_purged":[],"score":518,"play_id":"fdabe27b-4378-4694-bb92-bd388944aae7","local_time":"20201225192907","is_ascension_mode":false,"campfire_choices":[{"data":"Infinite Blades","floor":7,"key":"SMITH"},{"floor":11,"key":"REST"},{"floor":15,"key":"REST"},{"floor":23,"key":"REST"},{"floor":29,"key":"REST"},{"floor":32,"key":"REST"},{"floor":40,"key":"REST"},{"data":"A Thousand Cuts","floor":47,"key":"SMITH"},{"data":"Blade Dance","floor":49,"key":"SMITH"}],"circlet_count":0,"master_deck":["Strike_G+1","Strike_G","Strike_G","Strike_G+1","Defend_G","Defend_G","Defend_G","Defend_G","Defend_G","Survivor","Neutralize","Blade Dance+1","Reflex","Infinite Blades+1","Crippling Poison","Dodge and Roll","Blade Dance+1","Footwork","Eviscerate","Flying Knee","Envenom","Noxious Fumes+1","Dagger Spray+1","Dagger Spray+1","Choke","Deadly Poison","A Thousand Cuts+1","Riddle With Holes","Dash+1","Burst","CurseOfTheBell","PiercingWail","Infinite Blades","Terror","PiercingWail","Noxious Fumes"],"relics":["Ring of the Snake","NeowsBlessing","Blood Vial","Oddly Smooth Stone","Potion Belt","Whetstone","Runic Dome","Pear","Anchor","Happy Flower","Calling Bell","Boot","Meat on the Bone","Peace Pipe","Regal Pillow"],"acts_visited":["Exordium","TheCity","TheBeyond"],"potions_floor_usage":[13,13,13,16,28,28,33,41,50,50],"damage_taken":[{"damage":0,"enemies":"Jaw Worm","floor":1,"turns":1},{"damage":0,"enemies":"2 Louse","floor":2,"turns":1},{"damage":0,"enemies":"3 Sentries","floor":6,"turns":2},{"damage":10,"enemies":"Small Slimes","floor":12,"turns":3},{"damage":9,"enemies":"Gremlin Nob","floor":13,"turns":4},{"damage":5,"enemies":"Red Slaver","floor":14,"turns":3},{"damage":37,"enemies":"Hexaghost","floor":16,"turns":13},{"damage":17,"enemies":"Chosen","floor":18,"turns":5},{"damage":10,"enemies":"Shell Parasite","floor":20,"turns":6},{"damage":27,"enemies":"Centurion and Healer","floor":22,"turns":6},{"damage":9,"enemies":"3 Cultists","floor":25,"turns":4},{"damage":21,"enemies":"Snake Plant","floor":27,"turns":5},{"damage":26,"enemies":"Book of Stabbing","floor":28,"turns":5},{"damage":0,"enemies":"Chosen and Byrds","floor":31,"turns":4},{"damage":69,"enemies":"Champ","floor":33,"turns":9},{"damage":2,"enemies":"Orb Walker","floor":35,"turns":3},{"damage":37,"enemies":"3 Darklings","floor":36,"turns":5},{"damage":64,"enemies":"4 Shapes","floor":41,"turns":7},{"damage":44,"enemies":"Maw","floor":42,"turns":7},{"damage":74,"enemies":"Awakened One","floor":50,"turns":5}],"seed_played":"-748633439071513604","potions_obtained":[{"floor":1,"key":"DuplicationPotion"},{"floor":2,"key":"Weak Potion"},{"floor":6,"key":"Dexterity Potion"},{"floor":12,"key":"Strength Potion"},{"floor":22,"key":"Block Potion"},{"floor":27,"key":"LiquidBronze"},{"floor":31,"key":"SteroidPotion"},{"floor":41,"key":"SneckoOil"}],"is_trial":false,"path_per_floor":["M","M","$","?","?","E","R","$","T","?","R","M","E","M","R","B",null,"M","?","M","?","M","R","?","M","T","M","E","R","$","M","R","B",null,"M","M","$","?","$","R","M","M","T","$","?","$","R","?","R","B"],"character_chosen":"THE_SILENT","items_purchased":["Infinite Blades","Crippling Poison","Blade Dance","FairyPotion","Riddle With Holes","Terror","EssenceOfSteel","ColorlessPotion"],"campfire_rested":6,"item_purchase_floors":[3,3,8,30,30,37,37,37],"current_hp_per_floor":[70,70,70,63,63,65,65,65,65,65,70,60,53,50,70,33,70,53,63,55,80,53,77,77,70,70,51,27,51,51,53,77,10,80,78,43,43,43,43,67,17,16,16,16,70,70,70,70,70,0,0],"gold":60,"neow_bonus":"THREE_ENEMY_KILL","is_daily":false,"chose_seed":false,"campfire_upgraded":3,"win_rate":0.0,"timestamp":1608953347,"path_taken":["M","M","$","?","?","E","R","?","T","?","R","?","E","M","R","BOSS","M","?","M","?","M","R","?","M","T","M","E","R","$","M","R","BOSS","M","M","$","?","?","R","?","M","T","$","?","$","R","?","R","BOSS"],"items_purchased_type":["Card","Card","Card","Potion","Card","Card","Potion","Potion"],"build_version":"2020-12-22","purchased_purges":0,"victory":false,"max_hp_per_floor":[70,70,70,70,70,70,70,70,70,70,70,70,70,70,70,70,70,70,80,80,80,80,80,80,80,80,80,80,80,80,80,80,80,80,80,80,80,80,80,80,80,80,80,80,70,70,70,70,70,70,70],"card_choices":[{"not_picked":["Calculated Gamble","Eviscerate"],"picked":"Blade Dance","floor":1},{"not_picked":["Heel Hook","Slice"],"picked":"Reflex","floor":2},{"not_picked":["Poisoned Stab","Outmaneuver"],"picked":"Dodge and Roll","floor":6},{"not_picked":["Backflip","Flying Knee"],"picked":"Footwork","floor":12},{"not_picked":["Deadly Poison","Choke"],"picked":"Eviscerate","floor":13},{"not_picked":["Deadly Poison","Skewer"],"picked":"Flying Knee","floor":14},{"not_picked":["Glass Knife","Wraith Form v2"],"picked":"Envenom","floor":16},{"not_picked":["Outmaneuver","Tactician"],"picked":"Noxious Fumes+1","floor":18},{"not_picked":["Blur","Calculated Gamble"],"picked":"Dagger Spray+1","floor":20},{"not_picked":["Blade Dance","Masterful Stab"],"picked":"Dagger Spray+1","floor":22},{"not_picked":["Deadly Poison","Underhanded Strike"],"picked":"Choke","floor":25},{"not_picked":["Underhanded Strike","Slice"],"picked":"Deadly Poison","floor":27},{"not_picked":["Crippling Poison","Heel Hook"],"picked":"A Thousand Cuts","floor":28},{"not_picked":["Dagger Throw+1","Skewer"],"picked":"Dash+1","floor":31},{"not_picked":["Wraith Form v2","Bullet Time"],"picked":"Burst","floor":33},{"not_picked":["Prepared","Acrobatics+1"],"picked":"PiercingWail","floor":35},{"not_picked":["Slice+1","Crippling Poison"],"picked":"Infinite Blades","floor":36},{"not_picked":["Dagger Spray","Outmaneuver"],"picked":"PiercingWail","floor":41},{"not_picked":["Tactician","Prepared"],"picked":"Noxious Fumes","floor":42}],"player_experience":14208,"relics_obtained":[{"floor":6,"key":"Oddly Smooth Stone"},{"floor":9,"key":"Potion Belt"},{"floor":13,"key":"Whetstone"},{"floor":26,"key":"Anchor"},{"floor":28,"key":"Happy Flower"},{"floor":34,"key":"Boot"},{"floor":34,"key":"Meat on the Bone"},{"floor":34,"key":"Peace Pipe"},{"floor":43,"key":"Regal Pillow"}],"event_choices":[{"damage_healed":0,"gold_gain":0,"player_choice":"Success","damage_taken":7,"relics_obtained":["Blood Vial"],"max_hp_gain":0,"max_hp_loss":0,"event_name":"Scrap Ooze","floor":4,"gold_loss":0},{"damage_healed":0,"gold_gain":0,"player_choice":"Ignored","damage_taken":0,"max_hp_gain":0,"max_hp_loss":0,"event_name":"Golden Wing","floor":5,"gold_loss":0},{"damage_healed":0,"gold_gain":0,"player_choice":"Upgraded","damage_taken":0,"max_hp_gain":0,"max_hp_loss":0,"event_name":"Upgrade Shrine","floor":10,"gold_loss":0,"cards_upgraded":["Blade Dance"]},{"damage_healed":0,"gold_gain":0,"player_choice":"Obtained Relic","damage_taken":0,"relics_obtained":["Pear"],"max_hp_gain":0,"max_hp_loss":0,"event_name":"Addict","floor":19,"gold_loss":85},{"damage_healed":26,"gold_gain":0,"player_choice":"Heal","damage_taken":0,"max_hp_gain":0,"max_hp_loss":0,"event_name":"The Library","floor":21,"gold_loss":0},{"damage_healed":0,"gold_gain":0,"player_choice":"Ignored","damage_taken":0,"max_hp_gain":0,"max_hp_loss":0,"event_name":"Ghosts","floor":24,"gold_loss":0},{"cards_removed":["Strike_G"],"damage_healed":0,"gold_gain":0,"player_choice":"Card Removal","damage_taken":0,"max_hp_gain":0,"max_hp_loss":0,"event_name":"Wheel of Change","floor":38,"gold_loss":0},{"damage_healed":70,"gold_gain":0,"player_choice":"Heal","damage_taken":0,"max_hp_gain":0,"max_hp_loss":10,"event_name":"The Moai Head","floor":45,"gold_loss":0},{"damage_healed":0,"gold_gain":0,"player_choice":"Ignored","damage_taken":0,"max_hp_gain":0,"max_hp_loss":0,"event_name":"Mysterious Sphere","floor":48,"gold_loss":0}],"is_beta":false,"boss_relics":[{"not_picked":["Velvet Choker","HoveringKite"],"picked":"Runic Dome"},{"not_picked":["Sozu","Tiny House"],"picked":"Calling Bell"}],"items_purged_floors":[],"is_endless":false,"potions_floor_spawned":[1,2,6,12,22,27,31,41],"killed_by":"Awakened One","ascension_level":0}}