{"host":"6pgtslebjnyv5xmi","time":1608980870,"event":{"mods":["AchievementEnabler","BaseMod","Colored Map","Minty Spire (QoL Compilation)","Rare Cards Sparkle","StSLib","SuperFastMode","Td1madao Mod","everything is the same but u backflip on backflip"],"gold_per_floor":[116,66,139,150,225,240,253,269,292,292,323,341,341,341,341,445,445,465,465,465,380,393,393,393,393],"floor_reached":24,"playtime":769,"items_purged":[],"score":274,"play_id":"110ffc2e-85e5-4eae-9c9e-d3b9942deeb4","local_time":"20201226200750","is_ascension_mode":true,"campfire_choices":[{"data":"Enlightenment","floor":10,"key":"SMITH"},{"data":"Double Tap","floor":15,"key":"SMITH"},{"floor":23,"key":"REST"}],"circlet_count":0,"master_deck":["Strike_R","Strike_R","Strike_R","Defend_R","Defend_R","Defend_R","Defend_R","Bash","Enlightenment+1","Carnage","Shrug It Off","Uppercut","Shrug It Off","Sword Boomerang","Double Tap+1","Feel No Pain","Offering","J.A.X.","Necronomicurse","Seeing Red"],"relics":["Burning Blood","Shuriken","StoneCalendar","Mark of Pain","Necronomicon","Molten Egg 2"],"acts_visited":["Exordium","TheCity"],"potions_floor_usage":[22,24],"damage_taken":[{"damage":1,"enemies":"Cultist","floor":1,"turns":3},{"damage":2,"enemies":"Jaw Worm","floor":4,"turns":3},{"damage":5,"enemies":"Small Slimes","floor":6,"turns":3},{"damage":3,"enemies":"Blue Slaver","floor":7,"turns":3},{"damage":11,"enemies":"Exordium Wildlife","floor":8,"turns":4},{"damage":35,"enemies":"3 Sentries","floor":11,"turns":9},{"damage":9,"enemies":"2 Fungi Beasts","floor":12,"turns":4},{"damage":56,"enemies":"The Guardian","floor":16,"turns":10},{"damage":30,"enemies":"3 Byrds","floor":18,"turns":6},{"damage":21,"enemies":"Spheric Guardian","floor":22,"turns":4},{"damage":34,"enemies":"Slavers","floor":24,"turns":2}],"seed_played":"6499768417253369859","potions_obtained":[{"floor":1,"key":"ElixirPotion"},{"floor":11,"key":"SpeedPotion"},{"floor":18,"key":"Explosive Potion"},{"floor":22,"key":"Fruit Juice"}],"is_trial":false,"path_per_floor":["M","?","T","M","?","M","M","M","T","R","E","M","?","?","R","B",null,"M","?","?","?","M","R","E"],"character_chosen":"IRONCLAD","items_purchased":[],"campfire_rested":1,"item_purchase_floors":[],"current_hp_per_floor":[77,77,77,80,69,70,73,68,68,68,39,36,62,62,62,12,63,39,39,23,23,8,32,0,0],"gold":393,"neow_bonus":"RANDOM_COLORLESS","is_daily":false,"chose_seed":false,"campfire_upgraded":2,"win_rate":0.0,"timestamp":1608980870,"path_taken":["M","?","?","M","?","M","M","M","T","R","E","?","?","?","R","BOSS","M","?","?","?","M","R","E"],"items_purchased_type":[],"build_version":"2020-12-22","purchased_purges":0,"victory":false,"max_hp_per_floor":[80,80,80,80,80,80,80,80,80,80,80,80,80,80,80,80,80,80,80,80,80,80,80,80,80],"card_choices":[{"not_picked":["Blind","Forethought"],"picked":"Enlightenment","floor":0},{"not_picked":["Flex","Body Slam"],"picked":"Carnage","floor":1},{"not_picked":["Twin Strike","Body Slam"],"picked":"Shrug It Off","floor":4},{"not_picked":["Sword Boomerang","Thunderclap"],"picked":"Uppercut","floor":6},{"not_picked":["Body Slam","Uppercut"],"picked":"Shrug It Off","floor":7},{"not_picked":["Anger","Dropkick"],"picked":"Sword Boomerang","floor":8},{"not_picked":["Havoc","Rage","Clothesline"],"picked":"SKIP","floor":11},{"not_picked":["Twin Strike","Burning Pact"],"picked":"Double Tap","floor":12},{"not_picked":["Fiend Fire","Bludgeon"],"picked":"Offering","floor":16},{"not_picked":["Armaments","Warcry+1","Sentinel"],"picked":"SKIP","floor":18},{"not_picked":["Thunderclap+1","Sever Soul+1"],"picked":"Seeing Red","floor":22}],"player_experience":484293,"relics_obtained":[{"floor":3,"key":"Shuriken"},{"floor":11,"key":"StoneCalendar"},{"floor":20,"key":"Necronomicon"}],"event_choices":[{"cards_removed":["Strike_R"],"damage_healed":0,"gold_gain":0,"player_choice":"Card Removal","damage_taken":0,"max_hp_gain":0,"max_hp_loss":0,"event_name":"The Cleric","floor":2,"gold_loss":50},{"damage_healed":0,"gold_gain":75,"player_choice":"Gather Gold","damage_taken":11,"max_hp_gain":0,"max_hp_loss":0,"event_name":"World of Goop","floor":5,"gold_loss":0},{"damage_healed":26,"gold_gain":0,"player_choice":"Banana","damage_taken":0,"max_hp_gain":0,"max_hp_loss":0,"event_name":"Big Fish","floor":13,"gold_loss":0},{"damage_healed":0,"gold_gain":0,"cards_transformed":["Strike_R"],"player_choice":"Change","damage_taken":0,"max_hp_gain":0,"max_hp_loss":0,"event_name":"Living Wall","floor":14,"gold_loss":0,"cards_obtained":["Feel No Pain"]},{"damage_healed":0,"gold_gain":0,"player_choice":"Obtain J.A.X.","damage_taken":0,"max_hp_gain":0,"max_hp_loss":0,"event_name":"Drug Dealer","floor":19,"gold_loss":0,"cards_obtained":["J.A.X."]},{"damage_healed":0,"gold_gain":0,"player_choice":"Obtained Book","damage_taken":16,"max_hp_gain":0,"max_hp_loss":0,"event_name":"Cursed Tome","floor":20,"gold_loss":0},{"damage_healed":0,"gold_gain":0,"player_choice":"Obtained Relic","damage_taken":0,"relics_obtained":["Molten Egg 2"],"max_hp_gain":0,"max_hp_loss":0,"event_name":"Addict","floor":21,"gold_loss":85}],"is_beta":false,"boss_relics":[{"not_picked":["Cursed Key","Ectoplasm"],"picked":"Mark of Pain"}],"items_purged_floors":[],"is_endless":false,"potions_floor_spawned":[1,11,18,22],"killed_by":"Slavers","ascension_level":8}}