{"host":"627up2rvtmm0cf0r","time":1608982034,"event":{"mods":["ATMod(°¢èªMod)","Act Like it!","BaseMod","Better Vampires","CapriCore","Card Filter","Card Forge","Colored Powertips","DeckTracker","Dota2Spire","Friendly Minions","Highlight Path","Infinite Spire","Marked Mod","Mimic Mod","Minty Spire (QoL Compilation)","MostiFishMod","Permanent Neow","Practice Mode","Quick Restart","Relic Stats","Shop Mod","Spicy Shops","StSLib","SuperFastMode","TestMod","¡¾ÒÅÎï¿¨ÅÆ¡¿REMEMod","²ÐÁôÖ®Îï","óô»ðÖ¸ÄÏ"],"gold_per_floor":[118,118,43,59,73,104,104,117,117,117,117,17,17,44,44,140,140,156,174,174,174,174],"floor_reached":21,"playtime":632,"items_purged":["Decay","Eruption"],"score":367,"play_id":"b82c8034-fe3f-4b3b-bc9a-d33b547dd824","local_time":"20201226192714","is_ascension_mode":true,"campfire_choices":[{"data":"testmod-PocketStoneCalender","floor":7.0,"key":"SMITH"},{"data":"AT_ChampionKick","floor":10.0,"key":"SMITH"},{"data":"REME_Repentance","floor":15.0,"key":"SMITH"}],"circlet_count":0,"master_deck":["AscendersBane","Strike_P","Strike_P","Strike_P","Strike_P","Defend_P","Defend_P","Defend_P","Defend_P","AT_ChampionKick+1","testmod-PocketStoneCalender+1","REME_Repentance+1","MostiFishMod:StarWish","MostiFishMod:SephirahHod"],"relics":["PureWater","Hammer of Thor","Seething Fire","Anvil of the Gods","DaveBox","testmod-TestBox","REME_ComplimentaryCards","AT_ATBox","NeowsBlessing","testmod-EqualTreatment","ArrowTower","SynthV:TestCard","AT_ArchangelStaff","MostiFishMod:Hod"],"acts_visited":["Exordium","TheCity"],"potions_floor_usage":[16,16,21],"damage_taken":[{"damage":0.0,"enemies":"Cultist","floor":1.0,"turns":1.0},{"damage":0.0,"enemies":"2 Louse","floor":4.0,"turns":1.0},{"damage":0.0,"enemies":"Small Slimes","floor":5.0,"turns":1.0},{"damage":15.0,"enemies":"3 Sentries","floor":6.0,"turns":4.0},{"damage":1.0,"enemies":"Looter","floor":8.0,"turns":3.0},{"damage":25.0,"enemies":"Lagavulin","floor":14.0,"turns":5.0},{"damage":0,"enemies":"Slime Boss","floor":16,"turns":5},{"damage":28,"enemies":"Spheric Guardian","floor":18,"turns":4},{"damage":31,"enemies":"2 Thieves","floor":19,"turns":3},{"damage":15,"enemies":"Centurion and Healer","floor":21,"turns":2}],"seed_played":"7368646492889145836","potions_obtained":[{"floor":5.0,"key":"SteroidPotion"},{"floor":6.0,"key":"SkillPotion"},{"floor":19,"key":"Regen Potion"}],"is_trial":false,"path_per_floor":["M","?","$","M","M","E","R","M","T","R","?","R","?","E","R","B",null,"M","M","?","M"],"character_chosen":"WATCHER","items_purchased":[],"campfire_rested":0,"item_purchase_floors":[],"current_hp_per_floor":[65,65,65,65,65,50,50,49,49,49,54,54,47,22,22,22,63,35,4,4,0,0],"gold":174,"neow_bonus":"THREE_ENEMY_KILL","is_daily":false,"chose_seed":false,"campfire_upgraded":3,"win_rate":0.0,"timestamp":1608982034,"path_taken":["M","?","$","M","?","E","R","M","T","R","?","R","?","E","R","BOSS","M","M","?","M"],"items_purchased_type":[],"build_version":"2020-12-22","purchased_purges":2,"victory":false,"max_hp_per_floor":[72,72,72,72,72,72,72,72,72,72,77,77,77,77,77,77,77,77,77,77,77,77],"relic_stats":{"counters":[10,29],"obtain_stats":[{"MostiFishMod:Hod":17,"testmod-TestBox":0,"AT_ATBox":0,"DaveBox":0,"NeowsBlessing":0,"testmod-EqualTreatment":0,"Hammer of Thor":0,"Seething Fire":0,"AT_ArchangelStaff":6,"SynthV:TestCard":1,"Anvil of the Gods":0,"PureWater":0,"ArrowTower":0,"REME_ComplimentaryCards":0},{"MostiFishMod:Hod":7,"testmod-TestBox":0,"AT_ATBox":0,"DaveBox":0,"NeowsBlessing":0,"testmod-EqualTreatment":0,"Hammer of Thor":0,"Seething Fire":0,"AT_ArchangelStaff":4,"SynthV:TestCard":1,"Anvil of the Gods":0,"PureWater":0,"ArrowTower":0,"REME_ComplimentaryCards":0},{"MostiFishMod:Hod":20,"testmod-TestBox":0,"AT_ATBox":0,"DaveBox":0,"NeowsBlessing":0,"testmod-EqualTreatment":0,"Hammer of Thor":0,"Seething Fire":0,"AT_ArchangelStaff":7,"SynthV:TestCard":1,"Anvil of the Gods":0,"PureWater":0,"ArrowTower":0,"REME_ComplimentaryCards":0}]},"card_choices":[{"not_picked":["AT_ChampionStep","Protect","Perseverance"],"picked":"SKIP","floor":1.0},{"not_picked":["MarkedMod:Acupuncture","FearNoEvil","ClearTheMind","Protect","EmptyBody"],"picked":"SKIP","floor":4.0},{"not_picked":["FlurryOfBlows","EmptyBody","FollowUp","AT_DivineConfetti","Prostrate"],"picked":"SKIP","floor":5.0},{"not_picked":["Halt","ThirdEye","ReachHeaven","Protect","AT_ChampionStep"],"picked":"SKIP","floor":6.0},{"not_picked":["AT_OneInchPunch","LessonLearned","AT_ChampionStep","ThirdEye","Fasting2"],"picked":"SKIP","floor":8.0},{"not_picked":["MarkedMod:OneThousandNeedles","ThirdEye","AT_SoftenMuscles","MostiFishMod:Unraveling"],"picked":"REME_Repentance","floor":14.0},{"not_picked":["Blasphemy","ConjureBlade","MostiFishMod:Minus","MostiFishMod:OutWit"],"picked":"MostiFishMod:StarWish","floor":16},{"not_picked":["CutThroughFate+1","ForeignInfluence","MostiFishMod:Clarity","PathToVictory","JustLucky+1"],"picked":"SKIP","floor":18},{"not_picked":["BowlingBash","WheelKick","JustLucky","MarkedMod:GentlePulse","LikeWater+1"],"picked":"SKIP","floor":19}],"player_experience":48028,"relics_obtained":[{"floor":1.0,"key":"SynthV:TestCard"},{"floor":6.0,"key":"AT_ArchangelStaff"}],"event_choices":[{"damage_healed":0.0,"max_hp_gain":0.0,"max_hp_loss":0.0,"gold_gain":0.0,"event_name":"Wheel of Change","player_choice":"Cursed","floor":2.0,"gold_loss":0.0,"damage_taken":0.0,"cards_obtained":["Decay"]},{"damage_healed":0.0,"max_hp_gain":5.0,"max_hp_loss":0.0,"gold_gain":0.0,"event_name":"Big Fish","player_choice":"Donut","floor":11.0,"gold_loss":0.0,"damage_taken":0.0},{"cards_removed":["Vigilance"],"damage_healed":0.0,"max_hp_gain":0.0,"max_hp_loss":0.0,"gold_gain":0.0,"event_name":"Golden Wing","player_choice":"Card Removal","floor":13.0,"gold_loss":0.0,"damage_taken":7.0},{"damage_healed":0,"gold_gain":0,"player_choice":"Bought 0 Potions","damage_taken":0,"max_hp_gain":0,"max_hp_loss":0,"event_name":"The Woman in Blue","floor":20,"gold_loss":0}],"is_beta":false,"boss_relics":[{"not_picked":["REME_DemonsWealth","PatriotShield"],"picked":"MostiFishMod:Hod"}],"items_purged_floors":[3,12],"is_endless":false,"potions_floor_spawned":[5,6,14,19],"killed_by":"Centurion and Healer","ascension_level":11}}