{"host":"c5slkkw8hp42e20v","time":1608980440,"event":{"mods":["AchievementEnabler","BaseMod","BetterRewards","Duelist Mod","GifTheSpireLib","Hermit","Highlight Path","Minty Spire (QoL Compilation)","StSLib","The Animator","The Hierophant","The Poker Player"],"gold_per_floor":[109,109,119,119,129,129,159,124,124,139,139,152,163,177,177,177,177],"floor_reached":16,"playtime":1110,"items_purged":[],"score":104,"play_id":"b027d6d7-6f34-4f05-9c41-9ddcad238ef3","local_time":"20201226050040","is_ascension_mode":false,"campfire_choices":[{"data":"Darkness","floor":6,"key":"SMITH"},{"data":"Ball Lightning","floor":11,"key":"SMITH"},{"floor":15,"key":"REST"}],"circlet_count":0,"master_deck":["Strike_B","Strike_B","Strike_B","Defend_B","Defend_B","Defend_B","Defend_B","Zap","Dualcast","Coolheaded","Darkness+1","Lockon","Ball Lightning+1","Compile Driver","Streamline","Streamline","Creative AI"],"relics":["Cracked Core","NeowsBlessing","Pear","Kunai"],"acts_visited":["Exordium"],"potions_floor_usage":[],"damage_taken":[{"damage":0,"enemies":"Small Slimes","floor":1,"turns":1},{"damage":0,"enemies":"Jaw Worm","floor":3,"turns":1},{"damage":0,"enemies":"2 Louse","floor":5,"turns":1},{"damage":26,"enemies":"Gremlin Nob","floor":7,"turns":4},{"damage":4,"enemies":"2 Fungi Beasts","floor":10,"turns":4},{"damage":22,"enemies":"Lots of Slimes","floor":12,"turns":4},{"damage":36,"enemies":"Gremlin Gang","floor":13,"turns":3},{"damage":1,"enemies":"Exordium Thugs","floor":14,"turns":3},{"damage":41,"enemies":"Slime Boss","floor":16,"turns":6}],"seed_played":"3518709862358306623","potions_obtained":[{"floor":1,"key":"LiquidMemories"},{"floor":3,"key":"Block Potion"},{"floor":10,"key":"FocusPotion"},{"floor":13,"key":"FearPotion"}],"is_trial":false,"path_per_floor":["M","?","M","T","M","R","E","?","T","M","R","M","M","M","R","B"],"character_chosen":"DEFECT","items_purchased":[],"campfire_rested":1,"item_purchase_floors":[],"current_hp_per_floor":[75,68,68,68,68,68,52,73,73,69,69,47,11,10,35,0,0],"gold":177,"neow_bonus":"THREE_ENEMY_KILL","is_daily":false,"chose_seed":false,"campfire_upgraded":2,"win_rate":0.0,"timestamp":1608980440,"path_taken":["M","?","M","?","?","R","E","?","T","M","R","M","M","M","R","BOSS"],"items_purchased_type":[],"build_version":"2020-12-22","purchased_purges":0,"victory":false,"max_hp_per_floor":[75,75,75,75,75,75,85,85,85,85,85,85,85,85,85,85,85],"card_choices":[{"not_picked":["FTL","Blizzard"],"picked":"Coolheaded","floor":1},{"not_picked":["Lockon","Capacitor"],"picked":"Darkness","floor":3},{"not_picked":["Scrape","Static Discharge"],"picked":"Lockon","floor":5},{"not_picked":["Thunder Strike","Redo"],"picked":"Ball Lightning","floor":7},{"not_picked":["Hologram","Barrage"],"picked":"Compile Driver","floor":10},{"not_picked":["Steam","Cold Snap"],"picked":"Streamline","floor":12},{"not_picked":["BootSequence","Gash"],"picked":"Streamline","floor":13},{"not_picked":["Gash","Stack"],"picked":"Creative AI","floor":14}],"player_experience":8776,"relics_obtained":[{"floor":7,"key":"Pear"},{"floor":9,"key":"Kunai"}],"event_choices":[{"cards_removed":["Strike_B"],"damage_healed":0,"gold_gain":0,"player_choice":"Card Removal","damage_taken":7,"max_hp_gain":0,"max_hp_loss":0,"event_name":"Golden Wing","floor":2,"gold_loss":0},{"damage_healed":21,"gold_gain":0,"player_choice":"Healed","damage_taken":0,"max_hp_gain":0,"max_hp_loss":0,"event_name":"The Cleric","floor":8,"gold_loss":35}],"is_beta":false,"boss_relics":[],"items_purged_floors":[],"is_endless":false,"potions_floor_spawned":[1,3,10,13],"killed_by":"Slime Boss","ascension_level":0}}