{"host":"Krakhan","time":1608981600,"event":{"mods":["AchievementEnabler","BaseMod","Colored Map","Colored Powertips","Faster Ascension Climbing","Highlight Path","Minty Spire (QoL Compilation)","Rare Cards Sparkle","Relic Stats","StSLib"],"gold_per_floor":[115,134,209,209,222,222,256,256,279,307,324,386,411,421,421,493,493,505,505,525,17,32,32,32,59,59,59,93,93,93],"floor_reached":29,"playtime":1431,"items_purged":["Whirlwind"],"score":502,"play_id":"d3531217-cdbe-4a25-b5e5-9727dd616cb7","local_time":"20201226062000","is_ascension_mode":true,"campfire_choices":[{"data":"Fire Breathing","floor":6,"key":"SMITH"},{"data":"Blood for Blood","floor":8,"key":"SMITH"},{"data":"True Grit","floor":15,"key":"SMITH"},{"floor":24,"key":"REST"},{"data":"Apotheosis","floor":27,"key":"SMITH"}],"circlet_count":0,"master_deck":["AscendersBane","Bash+1","Whirlwind","Sword Boomerang","Fire Breathing+1","Blood for Blood+1","Flame Barrier","Twin Strike","True Grit+1","Feed","Power Through","Fire Breathing","Entrench","Barricade","Impervious","Demon Form","Headbutt","Juggernaut","Apotheosis+1","Metallicize","Uppercut"],"relics":["Burning Blood","NeowsBlessing","Potion Belt","Red Skull","Ornamental Fan","Letter Opener","Centennial Puzzle","Pandora\u0027s Box","OrangePellets","Bottled Lightning","HornCleat","Red Mask"],"acts_visited":["Exordium","TheCity"],"potions_floor_usage":[16,22,25,25,28],"damage_taken":[{"damage":0,"enemies":"Small Slimes","floor":1,"turns":1},{"damage":0,"enemies":"Cultist","floor":2,"turns":1},{"damage":0,"enemies":"Jaw Worm","floor":5,"turns":1},{"damage":20,"enemies":"3 Sentries","floor":7,"turns":4},{"damage":37,"enemies":"Lagavulin","floor":10,"turns":6},{"damage":0,"enemies":"2 Fungi Beasts","floor":11,"turns":1},{"damage":20,"enemies":"3 Sentries","floor":12,"turns":5},{"damage":9,"enemies":"Exordium Thugs","floor":14,"turns":4},{"damage":17,"enemies":"Hexaghost","floor":16,"turns":7},{"damage":22,"enemies":"3 Byrds","floor":18,"turns":7},{"damage":18,"enemies":"Spheric Guardian","floor":20,"turns":6},{"damage":6,"enemies":"Snecko","floor":22,"turns":4},{"damage":14,"enemies":"Book of Stabbing","floor":25,"turns":5},{"damage":12,"enemies":"Masked Bandits","floor":28,"turns":2},{"damage":50,"enemies":"Chosen and Byrds","floor":29,"turns":5}],"seed_played":"-885328369980135325","potions_obtained":[{"floor":5,"key":"Energy Potion"},{"floor":7,"key":"LiquidMemories"},{"floor":10,"key":"BloodPotion"},{"floor":11,"key":"SteroidPotion"},{"floor":20,"key":"PowerPotion"}],"is_trial":false,"path_per_floor":["M","M","?","?","M","R","E","R","T","E","M","?","T","M","R","B",null,"M","?","M","$","M","?","R","E","T","R","?","M"],"character_chosen":"IRONCLAD","items_purchased":["OrangePellets","Apotheosis","Metallicize"],"campfire_rested":1,"item_purchase_floors":[21,21,21],"current_hp_per_floor":[74,75,64,64,70,70,56,56,56,25,31,17,17,14,14,18,61,48,48,36,36,36,14,38,30,30,30,28,0,0],"gold":93,"neow_bonus":"THREE_ENEMY_KILL","is_daily":false,"chose_seed":false,"campfire_upgraded":4,"win_rate":0.0,"timestamp":1608981600,"path_taken":["M","M","?","?","?","R","E","R","T","E","M","?","?","M","R","BOSS","M","?","M","$","?","?","R","E","T","R","?","M"],"items_purchased_type":["Relic","Card","Card"],"build_version":"2020-12-18","purchased_purges":1,"victory":false,"max_hp_per_floor":[75,75,75,75,75,75,75,75,75,75,75,75,75,75,75,75,75,78,78,78,78,78,83,83,83,83,83,87,87,87],"relic_stats":{"OrangePellets":[1],"Centennial Puzzle":[24],"counters":[15,59],"Ornamental Fan":[16],"Pandora\u0027s Box":["Power Through","Whirlwind","Fire Breathing","Entrench","Barricade","Impervious","Perfected Strike","Demon Form","Headbutt"],"Letter Opener":[0],"obtain_stats":[{"Potion Belt":7,"OrangePellets":21,"Centennial Puzzle":13,"HornCleat":26,"NeowsBlessing":0,"Ornamental Fan":10,"Pandora\u0027s Box":17,"Red Mask":28,"Letter Opener":12,"Bottled Lightning":25,"Burning Blood":0,"Red Skull":9},{"Potion Belt":4,"OrangePellets":11,"Centennial Puzzle":7,"HornCleat":13,"NeowsBlessing":0,"Ornamental Fan":5,"Pandora\u0027s Box":9,"Red Mask":14,"Letter Opener":7,"Bottled Lightning":13,"Burning Blood":0,"Red Skull":4},{"Potion Belt":7,"OrangePellets":43,"Centennial Puzzle":19,"HornCleat":52,"NeowsBlessing":0,"Ornamental Fan":13,"Pandora\u0027s Box":30,"Red Mask":54,"Letter Opener":19,"Bottled Lightning":52,"Burning Blood":0,"Red Skull":7}],"Burning Blood":79},"card_choices":[{"not_picked":["Flex","Disarm"],"picked":"Whirlwind","floor":1},{"not_picked":["Sever Soul","Heavy Blade"],"picked":"Sword Boomerang","floor":2},{"not_picked":["Armaments","Burning Pact"],"picked":"Fire Breathing","floor":5},{"not_picked":["Headbutt","Armaments"],"picked":"Blood for Blood","floor":7},{"not_picked":["Dual Wield","True Grit"],"picked":"Flame Barrier","floor":10},{"not_picked":["Thunderclap","Rage","Clash"],"picked":"SKIP","floor":11},{"not_picked":["Rage","Dropkick"],"picked":"Twin Strike","floor":12},{"not_picked":["Pommel Strike","Iron Wave"],"picked":"True Grit","floor":14},{"not_picked":["Berserk","Barricade"],"picked":"Feed","floor":16},{"not_picked":["Iron Wave","Rage","Clash"],"picked":"SKIP","floor":18},{"not_picked":["Infernal Blade","Headbutt","Clash"],"picked":"SKIP","floor":20},{"not_picked":["Havoc","Dual Wield","Warcry"],"picked":"SKIP","floor":22},{"not_picked":["Fire Breathing","Twin Strike"],"picked":"Uppercut","floor":25}],"player_experience":1227251,"relics_obtained":[{"floor":7,"key":"Potion Belt"},{"floor":9,"key":"Red Skull"},{"floor":10,"key":"Ornamental Fan"},{"floor":12,"key":"Letter Opener"},{"floor":13,"key":"Centennial Puzzle"},{"floor":25,"key":"Bottled Lightning"},{"floor":26,"key":"HornCleat"},{"floor":28,"key":"Red Mask"}],"event_choices":[{"damage_healed":0,"gold_gain":75,"player_choice":"Gather Gold","damage_taken":11,"max_hp_gain":0,"max_hp_loss":0,"event_name":"World of Goop","floor":3,"gold_loss":0},{"damage_healed":0,"gold_gain":0,"player_choice":"Upgraded","damage_taken":0,"max_hp_gain":0,"max_hp_loss":0,"event_name":"Upgrade Shrine","floor":4,"gold_loss":0,"cards_upgraded":["Bash"]},{"damage_healed":0,"gold_gain":0,"player_choice":"Searched \u00271\u0027 times","damage_taken":0,"max_hp_gain":0,"max_hp_loss":0,"event_name":"Dead Adventurer","floor":12,"gold_loss":0},{"damage_healed":0,"gold_gain":0,"cards_transformed":["Perfected Strike"],"player_choice":"Transformed","damage_taken":0,"max_hp_gain":0,"max_hp_loss":0,"event_name":"Transmorgrifier","floor":19,"gold_loss":0,"cards_obtained":["Juggernaut"]},{"damage_healed":0,"gold_gain":0,"player_choice":"Shed Blood","damage_taken":27,"max_hp_gain":5,"max_hp_loss":0,"event_name":"Forgotten Altar","floor":23,"gold_loss":0},{"damage_healed":0,"gold_gain":0,"player_choice":"Fought Bandits","damage_taken":0,"max_hp_gain":0,"max_hp_loss":0,"event_name":"Masked Bandits","floor":28,"gold_loss":0}],"is_beta":true,"boss_relics":[{"not_picked":["Empty Cage","Sozu"],"picked":"Pandora\u0027s Box"}],"items_purged_floors":[21],"is_endless":false,"potions_floor_spawned":[5,7,10,11,20],"killed_by":"Chosen and Byrds","ascension_level":20}}