{"host":"wonp23fsqqcu31ie","time":1608984486,"event":{"mods":["2.2 Compatiblity","AchievementEnabler","Aspiration","BaseMod","Bestiary","Better Altar","Better Match","Better Sensory Stone","Better Skull","Better Third Choice","BetterRewards","Block Reminder","Colored Map","Colored Powertips","Conspire","DeckTracker","Displayed Cursed Tome","Downfall","Hermit","Highlight Path","Hubris","Minty Spire (QoL Compilation)","Permanent Neow","Quick Restart","Rare Cards Sparkle","Relic Stats","Replay The Spire","Shade Mod","Shop Mod","StSLib","SuperFastMode","The Animator","The Cursed","The Dragon Tamer","The Gatherer","The Necromancer","The Runesmith","The Servant 0.9.4"],"gold_per_floor":[99,117,177,190,190,205,285,300,335,435,285,319,319,349,362,457,457,457,470,470,481,17,37,64,78,104,104,122,138,238,255,275,374,374,374,393,393,151,1,20,20,39,58,58,94,19,19,19,19],"floor_reached":47,"playtime":2360,"items_purged":[],"score":604,"play_id":"64e7db5b-177d-49b5-8785-9aa6320b6a86","local_time":"20201226230806","is_ascension_mode":true,"campfire_choices":[{"floor":1.0,"key":"RECALL"},{"floor":11.0,"key":"REST"},{"data":"champ:HoldFirm","floor":13.0,"key":"SMITH"},{"data":"champ:RecklessLeap","floor":18.0,"key":"SMITH"},{"floor":27.0,"key":"REST"},{"data":"champ:PerfectForm","floor":35,"key":"SMITH"},{"data":"expansioncontent:DashGenerateEvil","floor":44,"key":"SMITH"},{"floor":46,"key":"REST"}],"circlet_count":0,"master_deck":["champ:Execute","champ:Taunt","champ:HoldFirm+1","champ:GladiatorStyle","champ:Duel","champ:BringItOn","champ:DancingMaster","champ:EnGarde","champ:GutPunch","champ:RecklessLeap+1","champ:ShieldSlam","champ:RisingSlash","champ:CrookedStrike","champ:IgnorePain","champ:Circumvent","champ:CrookedStrike+1","champ:TornadoPunch","expansioncontent:DashGenerateEvil+1","champ:IronFortress","champ:TornadoPunch","champ:HeartStrike","champ:ViciousMockery+1","champ:Backstep","champ:FlashCut+1","champ:ShieldSlam","champ:DeathBlow","champ:LastStand","champ:RageSigil","champ:PerfectForm+1","champ:StanceDance","champ:FlashCut","champ:Encircle","champ:FalseCounter","champ:FalseCounter","champ:Riposte","champ:IronFortress+1","champ:BerserkerStyle","champ:BringItOn+1","champ:PreciseThrust+1","champ:PerfectedStrike+1","champ:Shatter"],"relics":["champ:ChampionCrown","Meat on the Bone","aspiration:Lifesprig","downfall:HeartBlessingBlue","downfall:HeartBlessingRed","Sundial","Philosopher\u0027s Stone","Pantograph","MerchantsRug","Toolbox","Red Mask","Sling","conspire:DeflatedDodgeball","CeramicFish","champ:DefensiveTrainingManual","downfall:HeartBlessingGreen"],"acts_visited":["Exordium","TheCity","TheBeyond"],"potions_floor_usage":[43,45,45,45],"damage_taken":[{"damage":0.0,"enemies":"Small Slimes","floor":2.0,"turns":4.0},{"damage":39.0,"enemies":"3 Sentries","floor":3.0,"turns":15.0},{"damage":11.0,"enemies":"Jaw Worm","floor":4.0,"turns":4.0},{"damage":1.0,"enemies":"2 Louse","floor":6.0,"turns":4.0},{"damage":9.0,"enemies":"Red Slaver","floor":8.0,"turns":4.0},{"damage":10.0,"enemies":"3 Sentries","floor":9.0,"turns":10.0},{"damage":33.0,"enemies":"downfall:LadyInBlue","floor":10.0,"turns":10.0},{"damage":18.0,"enemies":"Replay:BlueRogue","floor":12.0,"turns":5.0},{"damage":27.0,"enemies":"3 Sentries","floor":14.0,"turns":8.0},{"damage":17.0,"enemies":"Blue Slaver","floor":15.0,"turns":2.0},{"damage":39.0,"enemies":"downfall:Watcher","floor":16.0,"turns":8.0},{"damage":22.0,"enemies":"Shell Parasite","floor":19.0,"turns":4.0},{"damage":26.0,"enemies":"Spheric Guardian","floor":21.0,"turns":3.0},{"damage":0.0,"enemies":"downfall:FleeingMerchant","floor":22.0,"turns":4.0},{"damage":45.0,"enemies":"Chosen and Byrds","floor":23.0,"turns":8.0},{"damage":35.0,"enemies":"Snake Plant","floor":25.0,"turns":5.0},{"damage":55.0,"enemies":"Masked Bandits","floor":26.0,"turns":8.0},{"damage":35.0,"enemies":"Centurion and Healer","floor":28.0,"turns":5.0},{"damage":20.0,"enemies":"conspire:HollyBat","floor":29.0,"turns":11.0},{"damage":9.0,"enemies":"Cultist and Chosen","floor":31.0,"turns":7.0},{"damage":20.0,"enemies":"Sentry and Sphere","floor":32.0,"turns":3.0},{"damage":44.0,"enemies":"downfall:Defect","floor":33.0,"turns":8.0},{"damage":49,"enemies":"3 Darklings","floor":36,"turns":5},{"damage":39,"enemies":"downfall:FleeingMerchant","floor":38,"turns":4},{"damage":22,"enemies":"3 Shapes","floor":40,"turns":3},{"damage":33,"enemies":"Spire Growth","floor":42,"turns":6},{"damage":16,"enemies":"3 Darklings","floor":43,"turns":5},{"damage":85,"enemies":"Nemesis","floor":45,"turns":7},{"damage":74,"enemies":"Sphere and 2 Shapes","floor":47,"turns":3}],"seed_played":"881273557291006559","potions_obtained":[{"floor":3.0,"key":"Explosive Potion"},{"floor":4.0,"key":"Energy Potion"},{"floor":8.0,"key":"SkillPotion"},{"floor":10.0,"key":"Regen Potion"},{"floor":10.0,"key":"GamblersBrew"},{"floor":10.0,"key":"LiquidMemories"},{"floor":15.0,"key":"Toxic Potion"},{"floor":19.0,"key":"Strength Potion"},{"floor":26.0,"key":"Fire Potion"},{"floor":28.0,"key":"PowerPotion"},{"floor":29.0,"key":"ColorlessPotion"},{"floor":31.0,"key":"Swift Potion"},{"floor":36,"key":"Block Potion"},{"floor":45,"key":"hexamod:EctoCoolerPotion"}],"is_trial":false,"path_per_floor":["R","M","?","M","?","M","T","M","E","?","R","E","R","E","M","B",null,"R","M","T","M","$","M","T","M","?","R","M","M","?","M","M","B",null,"R","M","?","$","?","M","T","M","M","R","E","R","M"],"character_chosen":"THE_CHAMP","items_purchased":["expansioncontent:DashGenerateEvil","MerchantsRug","champ:IronFortress","Toolbox","Sling","conspire:DeflatedDodgeball"],"campfire_rested":3,"item_purchase_floors":[22,22,22,22,38,38],"current_hp_per_floor":[90,90,56,62,62,61,61,57,53,40,80,80,80,91,82,90,100,100,98,98,92,92,85,85,73,56,86,74,74,74,73,73,84,100,100,55,55,61,110,88,88,71,83,83,32,65,0,0,0],"gold":19,"neow_bonus":"ONE_RANDOM_RARE_CARD","is_daily":false,"chose_seed":false,"campfire_upgraded":4,"win_rate":0.0,"timestamp":1608984486,"path_taken":["R","M","?","M","?","M","T","M","E","?","R","E","R","E","M","BOSS","R","M","?","M","$","M","T","M","?","R","M","M","?","M","M","BOSS","R","M","?","$","?","M","T","?","M","R","E","R","M"],"items_purchased_type":["Card","Relic","Card","Relic","Relic","Relic"],"build_version":"2020-12-22","purchased_purges":0,"victory":false,"max_hp_per_floor":[90,90,90,90,90,90,90,90,90,90,100,100,100,100,100,100,100,100,100,100,100,100,100,100,100,100,100,100,100,100,100,100,100,100,100,100,100,100,110,110,110,110,110,110,110,110,110,110,110],"relic_stats":{"counters":[29,173],"Sundial":[4],"Pantograph":25,"CeramicFish":27,"obtain_stats":[{"Potion Belt":10,"MerchantsRug":22,"aspiration:Lifesprig":9,"downfall:HeartBlessingRed":11,"Blue Candle":14,"CeramicFish":41,"champ:ChampionCrown":0,"downfall:HeartBlessingGreen":46,"Sling":38,"Pet Ghost":24,"downfall:HeartBlessingBlue":11,"Sundial":12,"champ:DefensiveTrainingManual":45,"Pantograph":20,"Toolbox":22,"Philosopher\u0027s Stone":17,"Pandora\u0027s Box":34,"Red Mask":26,"conspire:DeflatedDodgeball":38,"Meat on the Bone":3},{"Potion Belt":7,"MerchantsRug":14,"aspiration:Lifesprig":6,"downfall:HeartBlessingRed":7,"Blue Candle":9,"CeramicFish":25,"champ:ChampionCrown":0,"downfall:HeartBlessingGreen":28,"Sling":24,"Pet Ghost":15,"downfall:HeartBlessingBlue":7,"Sundial":8,"champ:DefensiveTrainingManual":28,"Pantograph":12,"Toolbox":14,"Philosopher\u0027s Stone":11,"Pandora\u0027s Box":22,"Red Mask":17,"conspire:DeflatedDodgeball":24,"Meat on the Bone":1},{"Potion Belt":51,"MerchantsRug":85,"aspiration:Lifesprig":41,"downfall:HeartBlessingRed":51,"Blue Candle":64,"CeramicFish":152,"champ:ChampionCrown":0,"downfall:HeartBlessingGreen":170,"Sling":149,"Pet Ghost":93,"downfall:HeartBlessingBlue":51,"Sundial":56,"champ:DefensiveTrainingManual":170,"Pantograph":78,"Toolbox":85,"Philosopher\u0027s Stone":74,"Pandora\u0027s Box":140,"Red Mask":106,"conspire:DeflatedDodgeball":149,"Meat on the Bone":4}],"Meat on the Bone":108},"card_choices":[{"not_picked":["champ:BerserkersShout","champ:ArenaPreparation"],"picked":"champ:GladiatorStyle","floor":2.0},{"not_picked":["champ:FanOfKnives","champ:GladiatorsShout"],"picked":"champ:Duel","floor":3.0},{"not_picked":["champ:FocusedGladiator","champ:DefensiveShout"],"picked":"champ:BringItOn","floor":4.0},{"not_picked":["champ:StanceDance","champ:Encircle"],"picked":"champ:DancingMaster","floor":6.0},{"not_picked":["champ:FanOfKnives","champ:FalseCounter"],"picked":"champ:EnGarde","floor":8.0},{"not_picked":["champ:FanOfKnives","champ:Duel"],"picked":"champ:GutPunch","floor":9.0},{"not_picked":["champ:GutPunch","champ:FalseCounter"],"picked":"champ:RecklessLeap","floor":10.0},{"not_picked":["champ:Circumvent","champ:FlashCut"],"picked":"champ:ShieldSlam","floor":12.0},{"not_picked":["champ:ViciousMockery","champ:DefensiveStyle"],"picked":"champ:RisingSlash","floor":14.0},{"not_picked":["champ:GladiatorStyle","champ:AdrenalArmor"],"picked":"champ:CrookedStrike","floor":15.0},{"not_picked":["champ:SwordThrow","champ:Improvising"],"picked":"champ:IgnorePain","floor":16.0},{"not_picked":["champ:FocusedDefense","champ:Aggression"],"picked":"champ:Circumvent","floor":19.0},{"not_picked":["champ:Aggression","champ:Duel"],"picked":"champ:CrookedStrike+1","floor":21.0},{"not_picked":["champ:DeathBlow","champ:StanceDance"],"picked":"champ:TornadoPunch","floor":22.0},{"not_picked":["champ:GladiatorStyle","champ:GladiatorsShout"],"picked":"champ:TornadoPunch","floor":23.0},{"not_picked":["champ:RageSigil+1","champ:EndlessRage+1"],"picked":"champ:HeartStrike","floor":25.0},{"not_picked":["champ:TornadoPunch","champ:GladiatorsShout"],"picked":"champ:ViciousMockery+1","floor":26.0},{"not_picked":["champ:FanOfKnives","champ:BerserkersShout"],"picked":"champ:Backstep","floor":28.0},{"not_picked":["champ:FocusedDefense","champ:Balance"],"picked":"champ:FlashCut+1","floor":29.0},{"not_picked":["champ:ShieldSigil","champ:BladeFlurry"],"picked":"champ:ShieldSlam","floor":31.0},{"not_picked":["champ:BerserkersShout","champ:GladiatorsShout+1"],"picked":"champ:DeathBlow","floor":32.0},{"not_picked":["champ:MurderStrike","champ:SwordThrow"],"picked":"champ:LastStand","floor":33.0},{"not_picked":["champ:EndlessRage+1","champ:Riposte"],"picked":"champ:IronFortress+1","floor":36},{"not_picked":["champ:Balance","champ:Encircle+1"],"picked":"champ:BerserkerStyle","floor":38},{"not_picked":["champ:CalledShot","champ:Haymaker"],"picked":"champ:BringItOn+1","floor":40},{"not_picked":["champ:FlashCut+1","champ:Duel+1"],"picked":"champ:PreciseThrust+1","floor":42},{"not_picked":["champ:BringItOn+1","champ:Backstep"],"picked":"champ:PerfectedStrike+1","floor":43},{"not_picked":["champ:Haymaker+1","champ:Control+1"],"picked":"champ:Shatter","floor":45}],"player_experience":397638,"relics_obtained":[{"floor":9.0,"key":"aspiration:Lifesprig"},{"floor":10.0,"key":"Potion Belt"},{"floor":12.0,"key":"Sundial"},{"floor":14.0,"key":"Blue Candle"},{"floor":20.0,"key":"Pantograph"},{"floor":24.0,"key":"Pet Ghost"},{"floor":26.0,"key":"Red Mask"},{"floor":41,"key":"CeramicFish"},{"floor":45,"key":"champ:DefensiveTrainingManual"}],"event_choices":[{"damage_healed":0.0,"max_hp_gain":0.0,"max_hp_loss":0.0,"gold_gain":0.0,"event_name":"conspire:Investor","player_choice":"Leave","floor":5.0,"gold_loss":0.0,"damage_taken":0.0},{"damage_healed":0.0,"max_hp_gain":0.0,"max_hp_loss":0.0,"gold_gain":0.0,"event_name":"Masked Bandits","player_choice":"Fought Bandits","floor":26.0,"gold_loss":0.0,"damage_taken":0.0},{"cards_removed":["champ:IronFortress"],"damage_healed":0,"gold_gain":0,"player_choice":"Removed Power","damage_taken":0,"max_hp_gain":0,"max_hp_loss":0,"event_name":"Falling","floor":37,"gold_loss":0}],"is_beta":false,"boss_relics":[{"not_picked":["hubris:TerracottaHorce","conspire:SlowCooker"],"picked":"Philosopher\u0027s Stone"},{"not_picked":["hubris:CrackedHourglass","Replay:Wanted Poster"],"picked":"Pandora\u0027s Box"}],"items_purged_floors":[],"is_endless":false,"potions_floor_spawned":[3,4,8,15,19,26,28,29,31,36,45],"killed_by":"Sphere and 2 Shapes","ascension_level":1}}