{"host":"3c27c697js19kaoo","time":1608985985,"event":{"mods":["ATMod(阿瑾Mod)","Aspiration","BaseMod","CapriCore","Dota2Spire","Hermit","Minty Spire (QoL Compilation)","Quick Restart","Remilia（蕾米莉亚）","Replay The Spire","Robot Space Explorer","RumiaBox-露米娅的神秘盒子","Spicy Shops","StSLib","The Alterego","The Cursed","The Runesmith","The Servant 0.9.4","vexMod","【功能Mod】混沌之环修复补丁","【遗物卡牌】REMEMod"],"gold_per_floor":[120,95,95,114,94,128,146,146,169,169,180,208,272,303,303,399,399,414,464,439,489,501,534,534,599,623,673,99,132,132,167,167,266,266,278,248,82,182,164,169,219,324,324,324,450,470,523,561,561,686,686,686,89,174,199],"floor_reached":56,"playtime":3283,"items_purged":["Writhe","Overencumbered"],"score":1702,"play_id":"9d40e576-1e4e-45ae-9c82-b61ae3980d66","local_time":"20201226203305","is_ascension_mode":true,"campfire_choices":[{"data":"alterego_mod:BrynhildrsRune","floor":10.0,"key":"SMITH"},{"data":"AT_RobotInSpace","floor":15.0,"key":"SMITH"},{"data":"alterego_mod:BigMeatyClaws","floor":24.0,"key":"SMITH"},{"data":"alterego_mod:Venus","floor":30.0,"key":"SMITH"},{"data":"alterego_mod:BreastValley","floor":32.0,"key":"SMITH"},{"floor":44.0,"key":"REST"},{"floor":49.0,"key":"RECALL"},{"data":"TheCursedMod:NeowsMight","floor":52,"key":"SMITH"}],"circlet_count":0,"master_deck":["alterego_mod:Defend","alterego_mod:Defend","alterego_mod:Defend","alterego_mod:Impale+1","alterego_mod:BigMeatyClaws+1","alterego_mod:BrynhildrsRune+1","AT_RobotInSpace+1","TheCursedMod:NeowsMight+1","alterego_mod:Mirror+1","alterego_mod:Cooking","alterego_mod:Birthday","alterego_mod:Bounce","alterego_mod:Undulate","alterego_mod:Venus+1","alterego_mod:DiscoLights","Bite","Bite","Bite","Bite","alterego_mod:Birthday","alterego_mod:BreastValley+1","alterego_mod:Birthday","alterego_mod:InsideBaseball","alterego_mod:Bounce+1","Dramatic Entrance","Panacea","alterego_mod:Vow","alterego_mod:AlterEgo"],"relics":["alterego_mod:MasochisticConstitution","REME_ComplimentaryCards","AT_ATBox","NeowsBlessing","HornCleat","Strawberry","SsserpentHead","aspiration:SeaSaltIceCream","aspiration:Nostalgia","ScarletHat","AT_Manta","Cursed Key","Eternal Feather","Quantum Egg","Dota2Spire:PowerTreads","aspiration:RitualStick","Bottled Tornado","MagicDraw2","Toy Ornithopter","Ancient Tea Set","EasyGame_NEW","OrangePellets","aspiration:AnachronicSnailShell","AT_MibuBalloonWealth","AT_EbonyIvory","vexMod:MemoryStick","Snack Pack","AT_BellowingDragoncrestRing","Whetstone"],"acts_visited":["Exordium","TheCity","TheBeyond","TheEnding"],"potions_floor_usage":[50,55,55,55],"damage_taken":[{"damage":0.0,"enemies":"2 Louse","floor":1.0,"turns":1.0},{"damage":0.0,"enemies":"Small Slimes","floor":4.0,"turns":1.0},{"damage":0.0,"enemies":"Gremlin Nob","floor":6.0,"turns":1.0},{"damage":10.0,"enemies":"Cultist","floor":7.0,"turns":4.0},{"damage":14.0,"enemies":"3 Louse","floor":11.0,"turns":3.0},{"damage":16.0,"enemies":"3 Sentries","floor":12.0,"turns":9.0},{"damage":9.0,"enemies":"Red Slaver","floor":13.0,"turns":5.0},{"damage":2.0,"enemies":"Lagavulin","floor":14.0,"turns":5.0},{"damage":0.0,"enemies":"The Guardian","floor":16.0,"turns":2.0},{"damage":12.0,"enemies":"Shell Parasite","floor":18.0,"turns":3.0},{"damage":0.0,"enemies":"Chosen","floor":22.0,"turns":3.0},{"damage":29.0,"enemies":"Gremlin Leader","floor":23.0,"turns":5.0},{"damage":7.0,"enemies":"Snake Plant","floor":25.0,"turns":5.0},{"damage":9.0,"enemies":"Book of Stabbing","floor":29.0,"turns":5.0},{"damage":29.0,"enemies":"Slavers","floor":31.0,"turns":3.0},{"damage":0.0,"enemies":"Automaton","floor":33.0,"turns":8.0},{"damage":9.0,"enemies":"3 Darklings","floor":35.0,"turns":3.0},{"damage":0.0,"enemies":"Orb Walker","floor":36.0,"turns":2.0},{"damage":0.0,"enemies":"Mind Bloom Boss Battle","floor":38.0,"turns":3.0},{"damage":9.0,"enemies":"Sphere and 2 Shapes","floor":39.0,"turns":3.0},{"damage":5.0,"enemies":"Nemesis","floor":40.0,"turns":2.0},{"damage":76.0,"enemies":"4 Shapes","floor":42.0,"turns":7.0},{"damage":2.0,"enemies":"Reptomancer","floor":45.0,"turns":4.0},{"damage":0.0,"enemies":"Spire Growth","floor":46.0,"turns":2.0},{"damage":0.0,"enemies":"Giant Head","floor":47.0,"turns":2.0},{"damage":13.0,"enemies":"Maw","floor":48.0,"turns":4.0},{"damage":6,"enemies":"Awakened One","floor":50,"turns":7},{"damage":17,"enemies":"Shield and Spear","floor":54,"turns":3},{"damage":2,"enemies":"The Heart","floor":55,"turns":3}],"seed_played":"8139420514498848954","potions_obtained":[{"floor":1.0,"key":"Regen Potion"},{"floor":4.0,"key":"PowerPotion"},{"floor":5.0,"key":"SmokeBomb"},{"floor":12.0,"key":"Dota2Spire:Clarity"},{"floor":13.0,"key":"Strength Potion"},{"floor":14.0,"key":"AttackPotion"},{"floor":16.0,"key":"Explosive Potion"},{"floor":18.0,"key":"Cursed Concoction"},{"floor":25.0,"key":"Strength Potion"},{"floor":29.0,"key":"DuplicationPotion"},{"floor":42.0,"key":"EssenceOfSteel"},{"floor":54,"key":"BlessingOfTheForge"}],"is_trial":false,"path_per_floor":["M","?","?","M","?","E","M","?","T","R","M","E","M","E","R","B",null,"M","?","?","?","M","E","R","M","T","?","$","E","R","E","R","B",null,"M","M","$","?","M","E","?","M","T","R","E","M","E","M","R","B",null,"R","$","E","B",null],"character_chosen":"The_Alterego","items_purchased":["Bottled Tornado","MagicDraw2","Dramatic Entrance","OrangePellets","alterego_mod:Vow","alterego_mod:AlterEgo","AT_BellowingDragoncrestRing"],"campfire_rested":1,"item_purchase_floors":[28,28,37,37,53,53,53],"current_hp_per_floor":[70,70,70,70,70,77,68,68,68,68,74,75,72,76,76,82,82,75,58,58,58,58,43,55,60,60,48,48,52,61,61,62,62,62,63,63,63,63,62,58,58,10,10,44,67,67,67,59,68,69,69,69,69,70,71],"gold":199,"neow_bonus":"THREE_ENEMY_KILL","is_daily":false,"chose_seed":false,"campfire_upgraded":6,"win_rate":0.0,"timestamp":1608985985,"path_taken":["M","?","?","?","?","E","?","?","T","R","M","E","?","E","R","BOSS","M","?","?","?","M","E","R","?","T","?","$","E","R","E","R","BOSS","M","M","$","?","M","E","?","?","T","R","E","?","E","M","R","BOSS","R","$","E","BOSS"],"items_purchased_type":["Relic","Relic","Card","Relic","Card","Card","Relic"],"build_version":"2020-12-22","purchased_purges":2,"victory":true,"max_hp_per_floor":[70,70,70,70,70,77,78,78,78,78,79,80,81,82,82,82,82,83,58,58,58,58,59,59,60,60,60,60,61,61,62,62,62,62,63,63,63,63,64,65,65,66,66,66,67,67,67,68,68,69,69,69,69,70,71],"card_choices":[{"not_picked":["alterego_mod:Santa","alterego_mod:DeftHands"],"picked":"alterego_mod:Mirror","floor":1.0},{"not_picked":["alterego_mod:DeftHands","alterego_mod:Belts","alterego_mod:PerceptionDisorder"],"picked":"SKIP","floor":4.0},{"not_picked":["alterego_mod:SakuraPetals","alterego_mod:Clap"],"picked":"alterego_mod:Cooking","floor":6.0},{"not_picked":["alterego_mod:Complex","alterego_mod:Lift"],"picked":"alterego_mod:Birthday","floor":7.0},{"not_picked":["alterego_mod:Undulate","alterego_mod:Table"],"picked":"alterego_mod:Bounce","floor":11.0},{"not_picked":["alterego_mod:RingBreak","alterego_mod:Clones","alterego_mod:MagicResistance"],"picked":"SKIP","floor":12.0},{"not_picked":["alterego_mod:BeGentle","alterego_mod:PurpleHair"],"picked":"alterego_mod:Undulate","floor":13.0},{"not_picked":["alterego_mod:Collar","alterego_mod:Mirror","alterego_mod:Jiggle"],"picked":"SKIP","floor":14.0},{"not_picked":["alterego_mod:InsideBaseball","alterego_mod:RingBreak"],"picked":"alterego_mod:Venus","floor":16.0},{"not_picked":["alterego_mod:TrashNCrash","alterego_mod:Punishment"],"picked":"alterego_mod:DiscoLights","floor":18.0},{"not_picked":["alterego_mod:DiscoLights","alterego_mod:Cycle"],"picked":"alterego_mod:Birthday","floor":22.0},{"not_picked":["alterego_mod:MaintainEyeContact+1","alterego_mod:PerceptionDisorder"],"picked":"alterego_mod:BreastValley","floor":23.0},{"not_picked":["alterego_mod:SuperDuperMasochism","alterego_mod:Stockings+1","alterego_mod:Cycle"],"picked":"SKIP","floor":25.0},{"not_picked":["alterego_mod:Maid","alterego_mod:BiFurious"],"picked":"alterego_mod:Birthday","floor":29.0},{"not_picked":["alterego_mod:Alter","alterego_mod:DustData","alterego_mod:PerceptionDisorder"],"picked":"SKIP","floor":31.0},{"not_picked":["alterego_mod:SideboobHour","alterego_mod:Valkyrie"],"picked":"alterego_mod:InsideBaseball","floor":33.0},{"not_picked":["alterego_mod:DustData+1","alterego_mod:DiscoLights","alterego_mod:Crossover"],"picked":"SKIP","floor":35.0},{"not_picked":["alterego_mod:Cooking+1","alterego_mod:ChallengeComplete"],"picked":"alterego_mod:Bounce","floor":36.0},{"not_picked":["alterego_mod:BeGentle","alterego_mod:Pet+1","alterego_mod:SuperDuperMasochism"],"picked":"SKIP","floor":39.0},{"not_picked":["alterego_mod:MagicResistance+1","alterego_mod:PresenceConcealment","alterego_mod:DeftHands+1"],"picked":"SKIP","floor":40.0},{"not_picked":["alterego_mod:Mirror","alterego_mod:GoddessCore","alterego_mod:Maid+1"],"picked":"SKIP","floor":42.0},{"not_picked":["alterego_mod:Maid+1","alterego_mod:Punishment+1","alterego_mod:BreastValley+1"],"picked":"SKIP","floor":45.0},{"not_picked":["alterego_mod:DustData+1","alterego_mod:HighServant+1","alterego_mod:RocketPunch"],"picked":"SKIP","floor":46.0},{"not_picked":["alterego_mod:DiscoLights+1","alterego_mod:Bunnysuit","alterego_mod:DeftHands"],"picked":"SKIP","floor":47.0},{"not_picked":["alterego_mod:Mirror","alterego_mod:BustOut+1","alterego_mod:Birthday+1"],"picked":"SKIP","floor":48.0},{"not_picked":["alterego_mod:Bloomers+1","alterego_mod:Jiggle+1","alterego_mod:Clap+1"],"picked":"SKIP","floor":54}],"player_experience":183162,"relics_obtained":[{"floor":6.0,"key":"Strawberry"},{"floor":12.0,"key":"aspiration:SeaSaltIceCream"},{"floor":14.0,"key":"AT_Manta"},{"floor":23.0,"key":"Quantum Egg"},{"floor":26.0,"key":"Dota2Spire:PowerTreads"},{"floor":29.0,"key":"Toy Ornithopter"},{"floor":31.0,"key":"Ancient Tea Set"},{"floor":38.0,"key":"aspiration:AnachronicSnailShell"},{"floor":40.0,"key":"AT_MibuBalloonWealth"},{"floor":43.0,"key":"AT_EbonyIvory"},{"floor":45.0,"key":"vexMod:MemoryStick"},{"floor":47.0,"key":"Snack Pack"},{"floor":54,"key":"Whetstone"}],"event_choices":[{"damage_healed":0.0,"max_hp_gain":0.0,"max_hp_loss":0.0,"gold_gain":0.0,"event_name":"Upgrade Shrine","player_choice":"Upgraded","floor":3.0,"gold_loss":0.0,"damage_taken":0.0,"cards_upgraded":["alterego_mod:Mirror"]},{"damage_healed":0.0,"max_hp_gain":0.0,"max_hp_loss":0.0,"gold_gain":0.0,"event_name":"The Woman in Blue","player_choice":"Bought 1 Potion","floor":5.0,"gold_loss":0.0,"damage_taken":0.0},{"damage_healed":0.0,"max_hp_gain":0.0,"max_hp_loss":0.0,"gold_gain":0.0,"event_name":"FaceTrader","player_choice":"Trade","floor":8.0,"gold_loss":0.0,"damage_taken":0.0,"relics_obtained":["SsserpentHead"]},{"damage_healed":0.0,"max_hp_gain":0.0,"max_hp_loss":25.0,"gold_gain":0.0,"event_name":"Vampires","player_choice":"Became a vampire","floor":19.0,"gold_loss":0.0,"damage_taken":0.0,"cards_obtained":["Bite","Bite","Bite","Bite","Bite"]},{"cards_removed":["alterego_mod:Defend"],"damage_healed":0.0,"max_hp_gain":0.0,"max_hp_loss":0.0,"gold_gain":0.0,"event_name":"Beggar","player_choice":"Gave Gold","floor":20.0,"gold_loss":75.0,"damage_taken":0.0},{"damage_healed":0.0,"max_hp_gain":0.0,"max_hp_loss":0.0,"gold_gain":0.0,"event_name":"WeMeetAgain","player_choice":"Gave Potion","floor":21.0,"gold_loss":0.0,"damage_taken":0.0,"relics_obtained":["Eternal Feather"]},{"damage_healed":0.0,"max_hp_gain":0.0,"max_hp_loss":0.0,"gold_gain":0.0,"event_name":"MindBloom","player_choice":"Fight","floor":38.0,"gold_loss":0.0,"damage_taken":0.0},{"damage_healed":0.0,"max_hp_gain":0.0,"max_hp_loss":0.0,"gold_gain":0.0,"cards_transformed":["Bite"],"event_name":"Transmorgrifier","player_choice":"Transformed","floor":41.0,"gold_loss":0.0,"damage_taken":0.0,"cards_obtained":["Panacea"]}],"is_beta":false,"boss_relics":[{"not_picked":["Honey Jar","Snecko Eye"],"picked":"Cursed Key"},{"not_picked":["Busted Crown","Replay:Wanted Poster"],"picked":"EasyGame_NEW"}],"items_purged_floors":[28,53],"is_endless":false,"potions_floor_spawned":[1,4,12,13,14,16,18,25,29,38,42,47,54],"ascension_level":2}}