{"host":"f5ezd1v29dtbwkzo","time":1608999354,"event":{"mods":["2.2 Compatiblity","BaseMod","Hermit","Minty Spire (QoL Compilation)","Rare Cards Sparkle","Replay The Spire","StSLib"],"gold_per_floor":[109,109,109,124,135,163,163,177,204,222,222,235,310,328,328,433,433,433,433,433,146,146,146,86,14,14,14,14,14,14,14,14,14,14,14,14,14,14,14],"floor_reached":38,"playtime":2132,"items_purged":[],"score":400,"play_id":"5f526f24-e2a0-42f3-a3b5-6f0410d85bb3","local_time":"20201226191554","is_ascension_mode":false,"campfire_choices":[{"data":"Blood for Blood","floor":7,"key":"SMITH"},{"data":"Thunderclap","floor":11,"key":"SMITH"},{"floor":15,"key":"REST"},{"floor":29,"key":"REST"}],"circlet_count":0,"master_deck":["Strike_R","Strike_R","Strike_R","Strike_R","Defend_R","Defend_R","Defend_R","Defend_R","Replay:Parry+1","Blood for Blood+1","Thunderclap+1","Armaments+1","Hemogenesis","Combust","Run Through","Infernal Blade","Spot Weakness+1","Impervious","Replay:Undeath\u0027s Touch","ReplayTheSpireMod:Brewmster","Replay:Parry+1","Armaments+1","Warcry","Shame","Armaments+1","Entrench+1","Thunderclap+1"],"relics":["Black Blood","Art of War","Vajra","Replay:Grab Bag","Ectoplasm","Painkiller Herb","Ring of Chaos","Bronze Scales","Orrery","ReplayTheSpireMod:Ring of Addiction","Ring of Peace","SacredBark","Potion Belt","Blue Doll","Ancient Tea Set","Astrolabe"],"acts_visited":["Exordium","TheCity","TheBeyond"],"potions_floor_usage":[6,16,16,23,23,23,28,30,33,33,33,37,38],"damage_taken":[{"damage":11,"enemies":"Jaw Worm","floor":1,"turns":3},{"damage":5,"enemies":"2 Louse","floor":4,"turns":3},{"damage":10,"enemies":"Small Slimes","floor":5,"turns":4},{"damage":29,"enemies":"3 Sentries","floor":6,"turns":10},{"damage":12,"enemies":"Blue Slaver","floor":8,"turns":3},{"damage":0,"enemies":"Exordium Thugs","floor":10,"turns":5},{"damage":3,"enemies":"2 Fungi Beasts","floor":12,"turns":4},{"damage":7,"enemies":"Blue Slaver","floor":14,"turns":2},{"damage":50,"enemies":"Fading Forest","floor":16,"turns":11},{"damage":29,"enemies":"3 Byrds","floor":18,"turns":6},{"damage":0,"enemies":"Chosen","floor":19,"turns":6},{"damage":41,"enemies":"Shelled Parasite and Fungi","floor":20,"turns":4},{"damage":32,"enemies":"Slavers","floor":23,"turns":5},{"damage":8,"enemies":"3 Cultists","floor":28,"turns":4},{"damage":2,"enemies":"Centurion and Healer","floor":30,"turns":4},{"damage":13,"enemies":"Snake Plant","floor":31,"turns":3},{"damage":55,"enemies":"Pondfish","floor":33,"turns":7},{"damage":35,"enemies":"3 Darklings","floor":35,"turns":4},{"damage":24,"enemies":"Orb Walker","floor":37,"turns":5},{"damage":69,"enemies":"Writhing Mass","floor":38,"turns":6}],"seed_played":"2395391791086284653","potions_obtained":[{"floor":1,"key":"FearPotion"},{"floor":5,"key":"Fire Potion"},{"floor":8,"key":"AttackPotion"},{"floor":12,"key":"PowerPotion"},{"floor":14,"key":"Energy Potion"},{"floor":16,"key":"Swift Potion"},{"floor":18,"key":"Ancient Potion"},{"floor":22,"key":"Ancient Potion"},{"floor":22,"key":"ColorlessPotion"},{"floor":22,"key":"SneckoOil"},{"floor":30,"key":"PowerPotion"}],"is_trial":false,"path_per_floor":["M","?","?","M","M","E","R","M","T","M","R","M","?","M","R","B",null,"?","?","?","T","?","E","?","T","T","?","?","T","?","?","T","B",null,"?","T","?","?"],"character_chosen":"IRONCLAD","items_purchased":["Bronze Scales","Orrery","ReplayTheSpireMod:Brewmster"],"campfire_rested":2,"item_purchase_floors":[21,21,25],"current_hp_per_floor":[75,75,75,76,72,49,49,43,43,49,49,52,41,40,64,30,80,70,80,51,51,51,38,38,38,38,38,42,65,75,74,78,35,78,60,60,48,0,0],"gold":14,"neow_bonus":"RANDOM_COLORLESS","is_daily":false,"chose_seed":false,"campfire_upgraded":2,"win_rate":0.0,"timestamp":1608999354,"path_taken":["M","?","?","M","M","E","R","M","T","M","R","M","?","M","R","BOSS","?","?","?","T","?","E","?","T","T","?","?","T","?","?","T","BOSS","?","T","?","?"],"items_purchased_type":["Relic","Relic","Card"],"build_version":"2020-12-22","purchased_purges":0,"victory":false,"max_hp_per_floor":[80,80,80,80,80,80,80,80,80,80,80,80,80,80,80,80,80,80,80,80,80,80,80,80,80,80,78,78,78,78,78,78,78,78,78,78,76,76,76],"card_choices":[{"not_picked":["Impatience","ReplayTheSpireMod:Uncanny Aura"],"picked":"Replay:Parry","floor":0},{"not_picked":["Rupture","Bloodletting","Battle Trance"],"picked":"SKIP","floor":1},{"not_picked":["Feel No Pain","Sever Soul","Wild Strike"],"picked":"SKIP","floor":4},{"not_picked":["Pommel Strike","Wild Strike","ReplayTheSpireMod:Stacked"],"picked":"SKIP","floor":5},{"not_picked":["Blood for Blood","Warcry","Juggernaut"],"picked":"SKIP","floor":6},{"not_picked":["Warcry","Juggernaut"],"picked":"Blood for Blood","floor":6},{"not_picked":["Run Through","Flex","Clash"],"picked":"SKIP","floor":8},{"not_picked":["Headbutt","Anger"],"picked":"Thunderclap","floor":10},{"not_picked":["Sentinel","Ghostly Armor"],"picked":"Armaments","floor":12},{"not_picked":["Run Through","Combust","Searing Blow"],"picked":"SKIP","floor":14},{"not_picked":["Limit Break","Juggernaut"],"picked":"Hemogenesis","floor":16},{"not_picked":["Warcry","Bloodletting","Pommel Strike"],"picked":"SKIP","floor":18},{"not_picked":["ReplayTheSpireMod:Muscle Training","True Grit+1"],"picked":"Combust","floor":19},{"not_picked":["Combust","Armaments"],"picked":"Run Through","floor":20},{"not_picked":["Seeing Red","Iron Wave"],"picked":"Infernal Blade","floor":21},{"not_picked":["Pommel Strike","Rage"],"picked":"Spot Weakness+1","floor":21},{"not_picked":["Second Wind","Carnage"],"picked":"Impervious","floor":21},{"not_picked":["Evolve+1","Inflame"],"picked":"Replay:Undeath\u0027s Touch","floor":21},{"not_picked":["Entrench","Fire Breathing","Blood for Blood"],"picked":"SKIP","floor":23},{"not_picked":["Heavy Blade","Replay:Undeath\u0027s Touch","Twin Strike"],"picked":"SKIP","floor":28},{"not_picked":["Pommel Strike","Wild Strike"],"picked":"Armaments+1","floor":30},{"not_picked":["Exhume","Body Slam"],"picked":"Warcry","floor":31},{"not_picked":["Second Wind+1","Clothesline","Clash"],"picked":"SKIP","floor":35},{"not_picked":["Clash+1","Heavy Blade+1"],"picked":"Thunderclap+1","floor":37}],"player_experience":291104,"relics_obtained":[{"floor":6,"key":"Art of War"},{"floor":9,"key":"Vajra"},{"floor":22,"key":"ReplayTheSpireMod:Ring of Addiction"},{"floor":22,"key":"Ring of Peace"},{"floor":22,"key":"SacredBark"},{"floor":22,"key":"Potion Belt"},{"floor":23,"key":"Blue Doll"},{"floor":26,"key":"Ancient Tea Set"}],"event_choices":[{"damage_healed":0,"gold_gain":0,"player_choice":"Grow","damage_taken":0,"max_hp_gain":0,"max_hp_loss":0,"event_name":"Living Wall","floor":2,"gold_loss":0,"cards_upgraded":["Replay:Parry"]},{"damage_healed":0,"gold_gain":0,"player_choice":"Leave","damage_taken":0,"max_hp_gain":0,"max_hp_loss":0,"event_name":"The Cleric","floor":3,"gold_loss":0},{"damage_healed":0,"gold_gain":75,"player_choice":"Gather Gold","damage_taken":11,"max_hp_gain":0,"max_hp_loss":0,"event_name":"World of Goop","floor":13,"gold_loss":0},{"damage_healed":0,"gold_gain":0,"player_choice":"Copied","damage_taken":0,"max_hp_gain":0,"max_hp_loss":0,"event_name":"Duplicator","floor":27,"gold_loss":0,"cards_obtained":["Replay:Parry"]}],"is_beta":false,"boss_relics":[{"not_picked":["Runic Cube","Electric Blood"],"picked":"Replay:Grab Bag"},{"not_picked":["Abe\u0027s Treasure","Cursed Key"],"picked":"Ectoplasm"},{"not_picked":["Fusion Hammer","Runic Dome"],"picked":"Painkiller Herb"},{"not_picked":["SlaversCollar","Kintsugi"],"picked":"Ring of Chaos"},{"not_picked":["Runic Pyramid","SacredBark"],"picked":"Black Blood"},{"not_picked":["Honey Jar","Pandora\u0027s Box"],"picked":"Astrolabe"}],"items_purged_floors":[],"is_endless":false,"potions_floor_spawned":[1,5,8,12,14,16,18,30],"killed_by":"Writhing Mass","ascension_level":0}}