{"host":"0mf7robgulk01ko7","time":1608997336,"event":{"mods":["AchievementEnabler","BaseMod","Colored Map","DeckTracker","Minty Spire (QoL Compilation)","Quick Restart","Rare Cards Sparkle","Relic Stats","SuperFastMode"],"gold_per_floor":[112,112,112,137,36,71,85,85,85,109,147,147,180,199,199,288,288,312,161,180,0,0,0],"floor_reached":22,"playtime":828,"items_purged":["Strike_B","Defend_B"],"score":554,"play_id":"2c780d2a-17d7-4e21-be39-ae0cba7453d6","local_time":"20201227004216","is_ascension_mode":true,"campfire_choices":[{"data":"Reprogram","floor":8.0,"key":"SMITH"},{"data":"Seek","floor":12.0,"key":"SMITH"},{"data":"Hologram","floor":15.0,"key":"SMITH"}],"circlet_count":0,"master_deck":["AscendersBane","Strike_B","Strike_B","Defend_B","Defend_B","Zap","Dualcast","Reprogram+1","Turbo","Sweeping Beam","Hologram+1","Seek+1","Stack","Hologram","Machine Learning","Fusion","Rebound","Reprogram"],"relics":["Cracked Core","NeowsBlessing","Golden Idol","Ancient Tea Set","CaptainsWheel","StoneCalendar","Darkstone Periapt","FossilizedHelix","Empty Cage"],"acts_visited":["Exordium","TheCity"],"potions_floor_usage":[22],"damage_taken":[{"damage":0.0,"enemies":"2 Louse","floor":1.0,"turns":1.0},{"damage":0.0,"enemies":"Gremlin Nob","floor":6.0,"turns":1.0},{"damage":0.0,"enemies":"Jaw Worm","floor":7.0,"turns":1.0},{"damage":0.0,"enemies":"Cultist","floor":10.0,"turns":4.0},{"damage":20.0,"enemies":"Lagavulin","floor":11.0,"turns":9.0},{"damage":13.0,"enemies":"3 Sentries","floor":13.0,"turns":7.0},{"damage":0.0,"enemies":"3 Louse","floor":14.0,"turns":2.0},{"damage":0.0,"enemies":"Slime Boss","floor":16.0,"turns":10.0},{"damage":10.0,"enemies":"Shell Parasite","floor":18.0,"turns":7.0},{"damage":39.0,"enemies":"3 Byrds","floor":20.0,"turns":6.0},{"damage":23,"enemies":"Snake Plant","floor":22,"turns":6}],"seed_played":"3902105079797149915","potions_obtained":[{"floor":7.0,"key":"SkillPotion"},{"floor":18.0,"key":"Regen Potion"},{"floor":20.0,"key":"Block Potion"}],"is_trial":false,"path_per_floor":["M","?","?","T","$","E","M","R","T","M","E","R","E","M","R","B",null,"M","$","M","?","M"],"character_chosen":"DEFECT","items_purchased":["Turbo","Rebound"],"campfire_rested":0,"item_purchase_floors":[5,19],"current_hp_per_floor":[64,64,64,64,64,64,64,64,64,64,44,44,31,31,31,31,56,46,46,22,22,0,0],"gold":0,"neow_bonus":"THREE_ENEMY_KILL","is_daily":false,"chose_seed":false,"campfire_upgraded":3,"win_rate":0.0,"timestamp":1608997336,"path_taken":["M","?","?","?","?","E","M","R","T","M","E","R","E","M","R","BOSS","M","$","M","?","M"],"items_purchased_type":["Card","Card"],"build_version":"2020-12-22","purchased_purges":2,"victory":false,"max_hp_per_floor":[71,71,64,64,64,64,64,64,64,64,64,64,64,64,64,64,64,64,64,64,64,64,64],"relic_stats":{"Darkstone Periapt":0,"counters":[11,54],"Golden Idol":61,"StoneCalendar":[201],"obtain_stats":[{"Darkstone Periapt":11,"CaptainsWheel":6,"NeowsBlessing":0,"Golden Idol":3,"StoneCalendar":9,"Cracked Core":0,"Ancient Tea Set":4,"Empty Cage":17,"FossilizedHelix":13},{"Darkstone Periapt":5,"CaptainsWheel":2,"NeowsBlessing":0,"Golden Idol":1,"StoneCalendar":3,"Cracked Core":0,"Ancient Tea Set":1,"Empty Cage":8,"FossilizedHelix":6},{"Darkstone Periapt":16,"CaptainsWheel":2,"NeowsBlessing":0,"Golden Idol":1,"StoneCalendar":3,"Cracked Core":0,"Ancient Tea Set":1,"Empty Cage":35,"FossilizedHelix":23}]},"card_choices":[{"not_picked":["Leap","Streamline"],"picked":"Reprogram","floor":1.0},{"not_picked":["Doom and Gloom","Hologram"],"picked":"Sweeping Beam","floor":6.0},{"not_picked":["Turbo","Chill"],"picked":"Hologram","floor":7.0},{"not_picked":["Turbo","Compile Driver","Tempest"],"picked":"SKIP","floor":10.0},{"not_picked":["Rainbow","Ball Lightning"],"picked":"Seek","floor":11.0},{"not_picked":["Redo","Doom and Gloom"],"picked":"Stack","floor":13.0},{"not_picked":["Doom and Gloom","Conserve Battery"],"picked":"Hologram","floor":14.0},{"not_picked":["Core Surge","Multi-Cast"],"picked":"Machine Learning","floor":16.0},{"not_picked":["Conserve Battery","Steam"],"picked":"Fusion","floor":18.0},{"not_picked":["Storm","Reinforced Body"],"picked":"Reprogram","floor":20.0}],"player_experience":409611,"relics_obtained":[{"floor":4.0,"key":"Ancient Tea Set"},{"floor":6.0,"key":"CaptainsWheel"},{"floor":9.0,"key":"StoneCalendar"},{"floor":11.0,"key":"Darkstone Periapt"},{"floor":13.0,"key":"FossilizedHelix"}],"event_choices":[{"damage_healed":0.0,"max_hp_gain":0.0,"max_hp_loss":0.0,"gold_gain":0.0,"event_name":"Liars Game","player_choice":"Ignored","floor":2.0,"gold_loss":0.0,"damage_taken":0.0},{"damage_healed":0.0,"max_hp_gain":0.0,"max_hp_loss":7.0,"gold_gain":0.0,"event_name":"Golden Idol","player_choice":"Lose Max HP","floor":3.0,"gold_loss":0.0,"damage_taken":0.0,"relics_obtained":["Golden Idol"]},{"damage_healed":0.0,"max_hp_gain":0.0,"max_hp_loss":0.0,"gold_gain":0.0,"event_name":"Masked Bandits","player_choice":"Paid Fearfully","floor":21.0,"gold_loss":180.0,"damage_taken":0.0}],"is_beta":false,"boss_relics":[{"not_picked":["Ectoplasm","Busted Crown"],"picked":"Empty Cage"}],"items_purged_floors":[5,19],"is_endless":false,"potions_floor_spawned":[7,18,20],"killed_by":"Snake Plant","ascension_level":20}}