{"host":"ged1bqtamtf4sn4x","time":1608996527,"event":{"mods":["BaseMod","Colored Map","DeckTracker","Highlight Path","Keyboard Shortcuts","Minty Spire (QoL Compilation)","Permanent Neow","Quick Restart","SuperFastMode","everything is the same but u backflip on backflip"],"gold_per_floor":[118,129,51,65,76,76,109,121,121,132,146,146,146,146],"floor_reached":13,"playtime":1894,"items_purged":["Strike_R"],"score":198,"play_id":"9664cad8-5776-43eb-a57a-e2650756c62a","local_time":"20201227002847","is_ascension_mode":true,"campfire_choices":[{"data":"Flex","floor":6.0,"key":"SMITH"}],"circlet_count":0,"master_deck":["AscendersBane","Strike_R","Strike_R","Strike_R","Defend_R","Defend_R","Defend_R","Defend_R","Bash","Armaments","Flex+1","Sword Boomerang","Shrug It Off","Rampage","True Grit"],"relics":["Burning Blood","Smiling Mask","Blue Candle","Art of War"],"acts_visited":["Exordium"],"potions_floor_usage":[13,13],"damage_taken":[{"damage":6.0,"enemies":"Jaw Worm","floor":1.0,"turns":5.0},{"damage":1.0,"enemies":"2 Louse","floor":2.0,"turns":4.0},{"damage":0.0,"enemies":"Cultist","floor":4.0,"turns":2.0},{"damage":11.0,"enemies":"Blue Slaver","floor":5.0,"turns":6.0},{"damage":11.0,"enemies":"Gremlin Nob","floor":7.0,"turns":3.0},{"damage":34,"enemies":"Exordium Thugs","floor":8,"turns":8},{"damage":11,"enemies":"3 Louse","floor":10,"turns":5},{"damage":13,"enemies":"Red Slaver","floor":11,"turns":5},{"damage":14,"enemies":"Lagavulin","floor":13,"turns":7},{"damage":0,"enemies":"Lagavulin","floor":13,"turns":1}],"seed_played":"791694346716133578","potions_obtained":[{"floor":1.0,"key":"SmokeBomb"},{"floor":4.0,"key":"SkillPotion"}],"is_trial":false,"path_per_floor":["M","M","$","M","M","R","E","M","T","M","M","?","E"],"character_chosen":"IRONCLAD","items_purchased":["Sword Boomerang"],"campfire_rested":0,"item_purchase_floors":[3],"current_hp_per_floor":[68,73,73,75,70,70,65,37,37,32,25,18,10,10],"gold":146,"neow_bonus":"RANDOM_COMMON_RELIC","is_daily":false,"chose_seed":false,"campfire_upgraded":1,"win_rate":0.0,"timestamp":1608996527,"path_taken":["M","M","$","M","M","R","E","M","T","M","M","?","E"],"items_purchased_type":["Card"],"build_version":"2020-12-22","purchased_purges":1,"victory":false,"max_hp_per_floor":[75,75,75,75,75,75,75,75,75,75,75,75,75,75],"card_choices":[{"not_picked":["Dropkick","Havoc","Armaments"],"picked":"SKIP","floor":1.0},{"not_picked":["Dropkick","Havoc"],"picked":"Armaments","floor":1.0},{"not_picked":["Pommel Strike","Clash"],"picked":"Flex","floor":2.0},{"not_picked":["Fire Breathing","Thunderclap"],"picked":"Shrug It Off","floor":4.0},{"not_picked":["Headbutt","Burning Pact","Feel No Pain"],"picked":"SKIP","floor":5.0},{"not_picked":["Armaments","Seeing Red","Dual Wield"],"picked":"SKIP","floor":7.0},{"not_picked":["Clothesline","Clash","Twin Strike"],"picked":"SKIP","floor":8},{"not_picked":["Sword Boomerang","Twin Strike"],"picked":"Rampage","floor":10},{"not_picked":["Fire Breathing","Burning Pact"],"picked":"True Grit","floor":11}],"player_experience":96671,"relics_obtained":[{"floor":7.0,"key":"Blue Candle"},{"floor":9,"key":"Art of War"}],"event_choices":[{"cards_removed":["Strike_R"],"damage_healed":0,"gold_gain":0,"player_choice":"Card Removal","damage_taken":7,"max_hp_gain":0,"max_hp_loss":0,"event_name":"Golden Wing","floor":12,"gold_loss":0}],"is_beta":false,"boss_relics":[],"items_purged_floors":[3],"is_endless":false,"potions_floor_spawned":[1,4,8,11],"killed_by":"Lagavulin","ascension_level":20}}