{"host":"b4asi0laiv85suj9","time":1608957676,"event":{"mods":["ATMod(阿瑾Mod)","BaseMod","Minty Spire (QoL Compilation)","MostiFishMod","Relic Stats","StSLib","TestMod","noobMod"],"gold_per_floor":[113,113,113,164,164,164,199,217,264,283,326,326],"floor_reached":11,"playtime":427,"items_purged":[],"score":146,"play_id":"77abe627-9853-436a-b5cf-5689f9bca022","local_time":"20201226124116","is_ascension_mode":true,"campfire_choices":[{"data":"AT_KingSlayer","floor":6,"key":"SMITH"}],"circlet_count":0,"master_deck":["AscendersBane","Strike_G","Strike_G","Strike_G","Strike_G","Strike_G","Defend_G","Defend_G","Defend_G","Defend_G","Defend_G","Survivor","Neutralize","AT_KingSlayer+1","Backflip","Regret","AT_KneejerkReflex","AT_ThistleTea","Blade Dance"],"relics":["testmod-TestBox","DaveBox","ice","AT_ATBox","Snecko Eye","Membership Card","testmod-RealStoneCalender","SynthV:TestCard","AT_ArchangelStaff","Golden Idol","Potion Belt","Darkstone Periapt","Pen Nib","Nunchaku"],"acts_visited":["Exordium"],"potions_floor_usage":[],"damage_taken":[{"damage":10,"enemies":"2 Louse","floor":1,"turns":3},{"damage":34,"enemies":"3 Sentries","floor":7,"turns":5},{"damage":19,"enemies":"Small Slimes","floor":8,"turns":4},{"damage":6,"enemies":"Jaw Worm","floor":10,"turns":3},{"damage":10,"enemies":"Lagavulin","floor":11,"turns":5}],"seed_played":"5867628144102329077","potions_obtained":[{"floor":1,"key":"LiquidMemories"},{"floor":7,"key":"SpeedPotion"}],"is_trial":false,"path_per_floor":["M","?","?","T","?","R","E","M","T","M","E"],"character_chosen":"THE_SILENT","items_purchased":[],"campfire_rested":0,"item_purchase_floors":[],"current_hp_per_floor":[49,49,49,49,49,49,15,47,47,41,31,31],"gold":326,"neow_bonus":"BOSS_RELIC","is_daily":false,"chose_seed":false,"campfire_upgraded":1,"win_rate":0.0,"timestamp":1608957676,"path_taken":["M","?","?","?","?","R","E","M","T","M","E"],"items_purchased_type":[],"build_version":"2020-12-22","purchased_purges":0,"victory":false,"max_hp_per_floor":[66,66,60,60,60,60,60,60,60,62,64,64],"relic_stats":{"Darkstone Periapt":0,"Nunchaku":[0],"counters":[5,20],"Golden Idol":24,"Snecko Eye":[28,30,47,36],"Pen Nib":[1],"obtain_stats":[{"Potion Belt":4,"Darkstone Periapt":7,"testmod-TestBox":0,"AT_ATBox":0,"DaveBox":0,"Golden Idol":3,"Pen Nib":9,"ice":0,"AT_ArchangelStaff":2,"testmod-RealStoneCalender":0,"Nunchaku":11,"SynthV:TestCard":1,"Snecko Eye":0,"Membership Card":0,"Ring of the Snake":0},{"Potion Belt":1,"Darkstone Periapt":2,"testmod-TestBox":0,"AT_ATBox":0,"DaveBox":0,"Golden Idol":1,"Pen Nib":3,"ice":0,"AT_ArchangelStaff":1,"testmod-RealStoneCalender":0,"Nunchaku":5,"SynthV:TestCard":1,"Snecko Eye":0,"Membership Card":0,"Ring of the Snake":0},{"Potion Belt":3,"Darkstone Periapt":8,"testmod-TestBox":0,"AT_ATBox":0,"DaveBox":0,"Golden Idol":3,"Pen Nib":12,"ice":0,"AT_ArchangelStaff":3,"testmod-RealStoneCalender":0,"Nunchaku":20,"SynthV:TestCard":3,"Snecko Eye":0,"Membership Card":0,"Ring of the Snake":0}]},"card_choices":[{"not_picked":["Terror","Expertise"],"picked":"Backflip","floor":1},{"not_picked":["PiercingWail","AT_WindFlip","Setup","Cloak And Dagger"],"picked":"AT_KneejerkReflex","floor":7},{"not_picked":["Dagger Throw","Poisoned Stab","Footwork","Prepared"],"picked":"AT_ThistleTea","floor":8},{"not_picked":["Reflex","Quick Slash","Flying Knee","Concentrate"],"picked":"Blade Dance","floor":10}],"player_experience":232787,"relics_obtained":[{"floor":1,"key":"SynthV:TestCard"},{"floor":4,"key":"Potion Belt"},{"floor":7,"key":"Darkstone Periapt"},{"floor":9,"key":"Pen Nib"},{"floor":11,"key":"Nunchaku"}],"event_choices":[{"damage_healed":0,"gold_gain":0,"player_choice":"Box","damage_taken":0,"relics_obtained":["AT_ArchangelStaff"],"max_hp_gain":0,"max_hp_loss":0,"event_name":"Big Fish","floor":2,"gold_loss":0,"cards_obtained":["Regret"]},{"damage_healed":0,"gold_gain":0,"player_choice":"Lose Max HP","damage_taken":0,"relics_obtained":["Golden Idol"],"max_hp_gain":0,"max_hp_loss":6,"event_name":"Golden Idol","floor":3,"gold_loss":0},{"damage_healed":0,"gold_gain":0,"player_choice":"Ignored","damage_taken":0,"max_hp_gain":0,"max_hp_loss":0,"event_name":"给自己的盒子","floor":5,"gold_loss":0}],"is_beta":false,"boss_relics":[],"items_purged_floors":[],"is_endless":false,"potions_floor_spawned":[1,7],"killed_by":"Lagavulin","ascension_level":16}}