{"host":"2461dio7vetlq1z3","time":1608970441,"event":{"mods":["2.2 Compatiblity","AchievementEnabler","Aspiration","BaseMod","Better Skull","Better Third Choice","Friendly Minions","Hermit","Minty Spire (QoL Compilation)","Relic Stats","Spicy Shops","StSLib","Waifu the Spire"],"gold_per_floor":[11,11,30,80,99,99,132,132,132,163,181,181,192,212,212,288,288,299,299,314,1,18,46,46,46],"floor_reached":24,"playtime":1042,"items_purged":["Doubt","Strike_B"],"score":456,"play_id":"bdd8cba2-a991-4c46-9b21-25370127c6bf","local_time":"20201226091401","is_ascension_mode":true,"campfire_choices":[{"data":"Zap","floor":6,"key":"SMITH"},{"data":"Rip and Tear","floor":8,"key":"SMITH"},{"data":"Reprogram","floor":12,"key":"SMITH"},{"floor":15,"key":"REST"}],"circlet_count":0,"master_deck":["AscendersBane","Strike_B","Strike_B","Defend_B","Defend_B","Defend_B","Zap+1","Dualcast","Rip and Tear+1","Reinforced Body","Streamline","Self Repair","Recycle","Reprogram+1","Melter","Hyperbeam","Dodge and Roll+1","Escape Plan","Footwork+1","Adrenaline","Hologram"],"relics":["Cracked Core","Thread and Needle","Akabeko","Shuriken","Frozen Egg 2","aspiration:SilentSkillbook","Lee\u0027s Waffle","Darkstone Periapt"],"acts_visited":["Exordium","TheCity"],"potions_floor_usage":[10,13,20,23],"damage_taken":[{"damage":2,"enemies":"Jaw Worm","floor":1,"turns":4},{"damage":0,"enemies":"Small Slimes","floor":3,"turns":3},{"damage":0,"enemies":"Cultist","floor":5,"turns":3},{"damage":28,"enemies":"3 Sentries","floor":7,"turns":7},{"damage":11,"enemies":"Lagavulin","floor":10,"turns":5},{"damage":0,"enemies":"Looter","floor":11,"turns":3},{"damage":36,"enemies":"Gremlin Gang","floor":13,"turns":7},{"damage":0,"enemies":"Large Slime","floor":14,"turns":5},{"damage":20,"enemies":"The Guardian","floor":16,"turns":11},{"damage":31,"enemies":"Chosen","floor":18,"turns":5},{"damage":11,"enemies":"2 Thieves","floor":20,"turns":4},{"damage":3,"enemies":"3 Cultists","floor":22,"turns":4},{"damage":76,"enemies":"Slavers","floor":23,"turns":6},{"damage":21,"enemies":"Centurion and Healer","floor":24,"turns":2}],"seed_played":"5664681013465730458","potions_obtained":[{"floor":5,"key":"PotionOfCapacity"},{"floor":7,"key":"Regen Potion"},{"floor":10,"key":"Swift Potion"},{"floor":13,"key":"Dexterity Potion"},{"floor":14,"key":"Ancient Potion"},{"floor":16,"key":"Dexterity Potion"},{"floor":23,"key":"LiquidBronze"}],"is_trial":false,"path_per_floor":["M","?","M","?","M","R","E","R","T","E","M","R","M","M","R","B",null,"M","?","M","$","M","E","M"],"character_chosen":"DEFECT","items_purchased":["Footwork+1","Lee\u0027s Waffle"],"campfire_rested":1,"item_purchase_floors":[21,21],"current_hp_per_floor":[62,57,57,57,57,57,29,29,29,39,46,46,17,17,38,25,60,36,36,25,78,78,9,0,0],"gold":46,"neow_bonus":"REMOVE_TWO","is_daily":false,"chose_seed":false,"campfire_upgraded":3,"win_rate":0.0,"timestamp":1608970441,"path_taken":["M","?","M","?","M","R","E","R","T","E","?","R","M","M","R","BOSS","M","?","?","$","M","E","M"],"items_purchased_type":["Card","Relic"],"build_version":"2020-12-22","purchased_purges":2,"victory":false,"max_hp_per_floor":[71,71,71,71,71,71,71,71,71,71,71,71,71,71,71,71,71,71,71,71,78,78,78,78,78],"relic_stats":{"Darkstone Periapt":0,"Lee\u0027s Waffle":53,"counters":[14,69],"Shuriken":[1],"obtain_stats":[{"Darkstone Periapt":23,"Lee\u0027s Waffle":21,"Shuriken":9,"Thread and Needle":2,"aspiration:SilentSkillbook":17,"Frozen Egg 2":10,"Cracked Core":0,"Akabeko":7},{"Darkstone Periapt":13,"Lee\u0027s Waffle":11,"Shuriken":4,"Thread and Needle":1,"aspiration:SilentSkillbook":9,"Frozen Egg 2":5,"Cracked Core":0,"Akabeko":4},{"Darkstone Periapt":67,"Lee\u0027s Waffle":57,"Shuriken":17,"Thread and Needle":4,"aspiration:SilentSkillbook":48,"Frozen Egg 2":22,"Cracked Core":0,"Akabeko":17}]},"card_choices":[{"not_picked":["Streamline","Rebound"],"picked":"Rip and Tear","floor":1},{"not_picked":["Steam","Consume"],"picked":"Reinforced Body","floor":3},{"not_picked":["Skim","Turbo"],"picked":"Streamline","floor":5},{"not_picked":["Darkness","Auto Shields"],"picked":"Self Repair","floor":7},{"not_picked":["Redo","Scrape"],"picked":"Recycle","floor":10},{"not_picked":["Compile Driver","Turbo"],"picked":"Reprogram","floor":11},{"not_picked":["Recycle","Redo","Cold Snap"],"picked":"SKIP","floor":13},{"not_picked":["Cold Snap","Go for the Eyes"],"picked":"Melter","floor":14},{"not_picked":["Electrodynamics+1","Creative AI+1"],"picked":"Hyperbeam","floor":16},{"not_picked":["Stack+1","Quick Slash","Flying Knee"],"picked":"Dodge and Roll+1","floor":18},{"not_picked":["Slice","Compile Driver","Flying Knee"],"picked":"Escape Plan","floor":20},{"not_picked":["Backstab","Coolheaded","Go for the Eyes"],"picked":"Adrenaline","floor":22},{"not_picked":["Heatsinks+1","Flechettes","Lockon"],"picked":"Hologram","floor":23}],"player_experience":927543,"relics_obtained":[{"floor":7,"key":"Akabeko"},{"floor":9,"key":"Shuriken"},{"floor":10,"key":"Frozen Egg 2"},{"floor":23,"key":"Darkstone Periapt"}],"event_choices":[{"damage_healed":0,"gold_gain":0,"player_choice":"Relic ","damage_taken":5,"max_hp_gain":0,"max_hp_loss":0,"event_name":"betterThird:BetterScrap","floor":2,"gold_loss":0,"cards_obtained":["Brutality"]},{"damage_healed":0,"gold_gain":50,"player_choice":"Pray","damage_taken":0,"max_hp_gain":0,"max_hp_loss":0,"event_name":"Golden Shrine","floor":4,"gold_loss":0},{"damage_healed":0,"gold_gain":0,"player_choice":"Got Potions","damage_taken":0,"max_hp_gain":0,"max_hp_loss":0,"event_name":"Lab","floor":19,"gold_loss":0}],"is_beta":false,"boss_relics":[{"not_picked":["Velvet Choker","Tiny House"],"picked":"aspiration:SilentSkillbook"}],"items_purged_floors":[21,21],"is_endless":false,"potions_floor_spawned":[5,7,10,13,14,16,18,23],"killed_by":"Centurion and Healer","ascension_level":20}}