{"host":"fche7yfjqecoz34w","time":1608942907,"event":{"mods":["BaseMod","BetterRewards","Minty Spire (QoL Compilation)","Replay The Spire","StSLib"],"gold_per_floor":[112,112,187,200,69,69,244,244,244,268,286,297,297,38,38,38,38],"floor_reached":16,"playtime":2832,"items_purged":[],"score":138,"play_id":"faf23781-4d57-45d5-aa9e-e3c7888ffc82","local_time":"20201225183507","daily_mods":["SealedDeck","Vintage","Heirloom","Time Dilation","Flight"],"is_ascension_mode":false,"campfire_choices":[{"data":"Mayhem","floor":6,"key":"SMITH"},{"data":"Swift Strike","floor":8,"key":"SMITH"}],"circlet_count":0,"master_deck":["Replay:Hum","JustLucky","Replay:ManipulateFuture","Replay:BluntJabs","Prostrate+1","FlyingSleeves","JustLucky","Consecrate","Collect","JustLucky","Mayhem+1","Swift Strike+1","Midas Touch+1","Doubt","Pray+1"],"relics":["PureWater","Ring of Chaos","replay:Trail_Library","Pocketwatch","Smiling Mask","Sundial","Toxic Egg 2","ReplayTheSpireMod:ShopPack","InkBottle","Toy Ornithopter","Nunchaku","Replay:Multitool","Replay:Ringing Soul"],"acts_visited":["Exordium"],"potions_floor_usage":[],"damage_taken":[{"damage":0,"enemies":"2 Louse","floor":1,"turns":2},{"damage":0,"enemies":"Cultist","floor":4,"turns":3},{"damage":5,"enemies":"Jaw Worm","floor":11,"turns":3},{"damage":25,"enemies":"Exordium Wildlife","floor":12,"turns":4},{"damage":0,"enemies":"The Guardian","floor":16,"turns":2}],"seed_played":"-7295804454656224284","potions_obtained":[{"floor":4,"key":"SkillPotion"},{"floor":15,"key":"Fruit Juice"},{"floor":15,"key":"LiquidBronze"}],"is_trial":true,"path_per_floor":["M","?","?","M","$","R","?","R","T","T","M","M","R","$","R","B"],"character_chosen":"WATCHER","items_purchased":["ReplayTheSpireMod:ShopPack","Replay:Ringing Soul"],"campfire_rested":0,"item_purchase_floors":[5,14],"current_hp_per_floor":[72,65,58,58,58,58,58,58,58,58,53,28,49,49,49,49,49],"gold":38,"neow_bonus":"","is_daily":false,"chose_seed":false,"campfire_upgraded":2,"win_rate":0.0,"timestamp":1608942907,"path_taken":["M","?","?","?","?","R","?","R","T","?","M","?","R","$","R","BOSS"],"items_purchased_type":["Relic","Relic"],"build_version":"2020-12-22","purchased_purges":0,"victory":false,"max_hp_per_floor":[72,72,72,72,72,72,72,72,72,72,72,72,72,72,72,72,72],"card_choices":[{"not_picked":["Thinking Ahead","Crow Ritual"],"picked":"Mayhem","floor":5},{"not_picked":["Good Instincts","Replay:Sssssssssshield"],"picked":"Swift Strike","floor":5},{"not_picked":["Panacea","Replay:Parry"],"picked":"Midas Touch","floor":5}],"player_experience":1906242,"relics_obtained":[{"floor":1,"key":"Smiling Mask"},{"floor":4,"key":"Toxic Egg 2"},{"floor":9,"key":"InkBottle"},{"floor":10,"key":"Toy Ornithopter"},{"floor":11,"key":"Nunchaku"},{"floor":12,"key":"Replay:Multitool"}],"event_choices":[{"damage_healed":0,"gold_gain":0,"player_choice":"Success","damage_taken":7,"relics_obtained":["Sundial"],"max_hp_gain":0,"max_hp_loss":0,"event_name":"Scrap Ooze","floor":2,"gold_loss":0},{"damage_healed":0,"gold_gain":75,"player_choice":"Touch","damage_taken":7,"max_hp_gain":0,"max_hp_loss":0,"event_name":"FaceTrader","floor":3,"gold_loss":0},{"damage_healed":0,"gold_gain":175,"player_choice":"AGREE","damage_taken":0,"max_hp_gain":0,"max_hp_loss":0,"event_name":"Liars Game","floor":7,"gold_loss":0,"cards_obtained":["Doubt"]}],"is_beta":false,"boss_relics":[],"items_purged_floors":[],"is_endless":true,"potions_floor_spawned":[4],"killed_by":"The Guardian","ascension_level":0}}