{"host":"znvnxllcillb3rtw","time":1608976937,"event":{"mods":["BaseMod","DeckTracker","Minty Spire (QoL Compilation)","Relic Stats","StSLib","SuperFastMode","everything is the same but u backflip on backflip"],"gold_per_floor":[117,137,154,171,181,181,210,210,210,241,252,262,276,292,292,370,370,384,401,417,342,355,355,355,355,378,43,58,58,74,94,94,167,167,178,178,178,178,193,193,210,228,228,246,246,258,278,297,297,322,322,322,322,71,103,103,103],"floor_reached":56,"playtime":3477,"items_purged":["Strike_B"],"score":1871,"play_id":"13dfb626-3384-4258-9a69-ecb51acfd137","local_time":"20201226190217","is_ascension_mode":true,"campfire_choices":[{"floor":6.0,"key":"REST"},{"data":"Go for the Eyes","floor":8.0,"key":"SMITH"},{"data":"Aggregate","floor":15.0,"key":"SMITH"},{"data":"Coolheaded","floor":23.0,"key":"SMITH"},{"data":"Loop","floor":25.0,"key":"SMITH"},{"data":"Hologram","floor":32.0,"key":"SMITH"},{"floor":40.0,"key":"RECALL"},{"data":"Apotheosis","floor":45.0,"key":"SMITH"},{"data":"Skim","floor":49.0,"key":"SMITH"},{"data":"Madness","floor":53.0,"key":"SMITH"}],"circlet_count":0,"master_deck":["AscendersBane","Defend_B","Defend_B","Zap+1","Dualcast","CurseOfTheBell","Go for the Eyes+1","Streamline","Cold Snap","Hologram+1","BootSequence","Glacier","Coolheaded+1","Aggregate+1","Glacier","Glacier","Loop+1","Echo Form","FTL+1","Undo","Capacitor","Stack","Tempest","Echo Form","Skim+1","Creative AI","Sunder+1","Meteor Strike+1","Rip and Tear+1","Apotheosis+1","Finesse","Jack Of All Trades","Madness+1","Madness+1","Coolheaded+1","Undo","Hologram+1","Hologram+1","Buffer","Parasite","Fusion+1","Doom and Gloom+1","Reboot"],"relics":["Calling Bell","DataDisk","Symbiotic Virus","Ice Cream","Meat on the Bone","StrikeDummy","Coffee Dripper","Bag of Marbles","Vajra","Astrolabe","HornCleat","War Paint","Eternal Feather"],"acts_visited":["Exordium","TheCity","TheBeyond","TheEnding"],"potions_floor_usage":[56,56],"damage_taken":[{"damage":0.0,"enemies":"Cultist","floor":1.0,"turns":3.0},{"damage":2.0,"enemies":"Jaw Worm","floor":2.0,"turns":3.0},{"damage":5.0,"enemies":"2 Louse","floor":3.0,"turns":3.0},{"damage":16.0,"enemies":"Blue Slaver","floor":4.0,"turns":4.0},{"damage":11.0,"enemies":"Gremlin Gang","floor":5.0,"turns":5.0},{"damage":2.0,"enemies":"3 Sentries","floor":7.0,"turns":7.0},{"damage":5.0,"enemies":"Gremlin Nob","floor":10.0,"turns":3.0},{"damage":4.0,"enemies":"Large Slime","floor":11.0,"turns":4.0},{"damage":7.0,"enemies":"Lots of Slimes","floor":12.0,"turns":5.0},{"damage":0.0,"enemies":"Exordium Thugs","floor":13.0,"turns":5.0},{"damage":0.0,"enemies":"Blue Slaver","floor":14.0,"turns":2.0},{"damage":8.0,"enemies":"The Guardian","floor":16.0,"turns":16.0},{"damage":0.0,"enemies":"Shell Parasite","floor":18.0,"turns":6.0},{"damage":0.0,"enemies":"Chosen","floor":19.0,"turns":5.0},{"damage":0.0,"enemies":"Centurion and Healer","floor":20.0,"turns":7.0},{"damage":5.0,"enemies":"Sentry and Sphere","floor":22.0,"turns":12.0},{"damage":18.0,"enemies":"Snecko","floor":28.0,"turns":8.0},{"damage":4.0,"enemies":"Centurion and Healer","floor":30.0,"turns":4.0},{"damage":23.0,"enemies":"Cultist and Chosen","floor":31.0,"turns":9.0},{"damage":0.0,"enemies":"Champ","floor":33.0,"turns":13.0},{"damage":17.0,"enemies":"Orb Walker","floor":35.0,"turns":3.0},{"damage":2.0,"enemies":"3 Shapes","floor":39.0,"turns":6.0},{"damage":5.0,"enemies":"Maw","floor":41.0,"turns":8.0},{"damage":26.0,"enemies":"Writhing Mass","floor":42.0,"turns":6.0},{"damage":17.0,"enemies":"Spire Growth","floor":44.0,"turns":7.0},{"damage":0.0,"enemies":"3 Darklings","floor":46.0,"turns":9.0},{"damage":12.0,"enemies":"Writhing Mass","floor":47.0,"turns":7.0},{"damage":2.0,"enemies":"Jaw Worm Horde","floor":48.0,"turns":5.0},{"damage":5.0,"enemies":"Donu and Deca","floor":50.0,"turns":10.0},{"damage":18.0,"enemies":"Awakened One","floor":51.0,"turns":18.0},{"damage":54.0,"enemies":"Shield and Spear","floor":55.0,"turns":7.0},{"damage":50,"enemies":"The Heart","floor":56,"turns":2}],"seed_played":"-7763863660408833640","potions_obtained":[{"floor":2.0,"key":"FocusPotion"},{"floor":5.0,"key":"FocusPotion"},{"floor":7.0,"key":"LiquidMemories"},{"floor":20.0,"key":"PotionOfCapacity"},{"floor":33.0,"key":"Fire Potion"},{"floor":48.0,"key":"EntropicBrew"},{"floor":55.0,"key":"DuplicationPotion"}],"is_trial":false,"path_per_floor":["M","M","M","M","M","R","E","R","T","E","M","M","M","M","R","B",null,"M","M","M","?","M","R","T","R","T","$","M","$","M","M","R","B",null,"M","?","?","?","M","R","M","M","T","M","R","M","M","M","R","B","B",null,"R","$","E","B"],"character_chosen":"DEFECT","items_purchased":["Capacitor","Vajra","Stack","War Paint","LiquidMemories"],"campfire_rested":1,"item_purchase_floors":[27,27,27,54,54],"current_hp_per_floor":[64,62,57,41,30,51,49,49,49,44,40,45,45,45,45,37,63,63,63,63,63,58,58,58,58,58,58,40,40,36,25,25,37,63,46,36,23,23,33,33,40,26,26,21,21,33,33,43,43,38,32,61,61,61,19,0,0],"gold":103,"neow_bonus":"BOSS_RELIC","is_daily":false,"chose_seed":false,"campfire_upgraded":8,"win_rate":0.0,"timestamp":1608976937,"path_taken":["M","M","M","M","M","R","E","R","T","E","M","M","M","M","R","BOSS","M","M","M","?","M","R","?","R","T","$","?","?","M","M","R","BOSS","M","?","?","?","M","R","M","M","T","M","R","?","M","M","R","BOSS","BOSS","R","$","E","BOSS"],"items_purchased_type":["Card","Relic","Card","Relic","Potion"],"build_version":"2020-12-22","purchased_purges":1,"victory":false,"max_hp_per_floor":[71,71,71,71,71,71,71,71,71,71,71,71,71,71,71,71,71,71,71,71,71,71,71,71,71,71,71,71,71,71,71,71,71,71,71,71,71,71,71,71,71,71,71,71,71,71,71,71,71,71,71,71,71,71,71,71,71],"relic_stats":{"counters":[32,210],"Astrolabe":["Sunder","Meteor Strike","Rip and Tear"],"Eternal Feather":0,"War Paint":["Madness","Zap"],"obtain_stats":[{"Ice Cream":0,"Astrolabe":34,"Vajra":27,"Eternal Feather":55,"War Paint":54,"Calling Bell":0,"DataDisk":0,"HornCleat":43,"Coffee Dripper":17,"Bag of Marbles":24,"Cracked Core":0,"Symbiotic Virus":0,"StrikeDummy":9,"Meat on the Bone":7},{"Ice Cream":0,"Astrolabe":20,"Vajra":16,"Eternal Feather":31,"War Paint":30,"Calling Bell":0,"DataDisk":0,"HornCleat":24,"Coffee Dripper":12,"Bag of Marbles":16,"Cracked Core":0,"Symbiotic Virus":0,"StrikeDummy":6,"Meat on the Bone":6},{"Ice Cream":0,"Astrolabe":123,"Vajra":89,"Eternal Feather":208,"War Paint":201,"Calling Bell":0,"DataDisk":0,"HornCleat":146,"Coffee Dripper":60,"Bag of Marbles":89,"Cracked Core":0,"Symbiotic Virus":0,"StrikeDummy":25,"Meat on the Bone":25}],"Meat on the Bone":144},"card_choices":[{"not_picked":["Beam Cell","Recycle"],"picked":"Go for the Eyes","floor":1.0},{"not_picked":["Coolheaded","Tempest"],"picked":"Streamline","floor":2.0},{"not_picked":["Conserve Battery","Go for the Eyes"],"picked":"Cold Snap","floor":3.0},{"not_picked":["Sunder","Skim"],"picked":"Hologram","floor":4.0},{"not_picked":["Turbo","Cold Snap"],"picked":"BootSequence","floor":5.0},{"not_picked":["Steam","Reinforced Body"],"picked":"Glacier","floor":7.0},{"not_picked":["Hyperbeam","Recycle"],"picked":"Coolheaded","floor":10.0},{"not_picked":["Reinforced Body","Turbo"],"picked":"Aggregate","floor":11.0},{"not_picked":["Gash","Recycle"],"picked":"Glacier","floor":12.0},{"not_picked":["Barrage","Stack"],"picked":"Glacier","floor":13.0},{"not_picked":["Self Repair","Leap"],"picked":"Loop","floor":14.0},{"not_picked":["Seek","All For One"],"picked":"Echo Form","floor":16.0},{"not_picked":["Steam","Auto Shields","Conserve Battery"],"picked":"SKIP","floor":18.0},{"not_picked":["Storm","Hologram"],"picked":"FTL+1","floor":19.0},{"not_picked":["Hello World","Reprogram+1"],"picked":"Undo","floor":20.0},{"not_picked":["Conserve Battery","Leap","Cold Snap"],"picked":"SKIP","floor":22.0},{"not_picked":["Sweeping Beam","Sunder"],"picked":"Tempest","floor":28.0},{"not_picked":["Leap+1","Doom and Gloom"],"picked":"Echo Form","floor":30.0},{"not_picked":["Undo","Sweeping Beam"],"picked":"Skim","floor":31.0},{"not_picked":["Meteor Strike","Biased Cognition"],"picked":"Creative AI","floor":33.0},{"not_picked":["Storm","Sweeping Beam","Conserve Battery"],"picked":"SKIP","floor":35.0},{"not_picked":["Chrysalis","Enlightenment"],"picked":"Apotheosis","floor":36.0},{"not_picked":["Flash of Steel","Forethought"],"picked":"Finesse","floor":36.0},{"not_picked":["Apotheosis","PanicButton"],"picked":"Jack Of All Trades","floor":36.0},{"not_picked":["Rebound","Steam"],"picked":"Coolheaded+1","floor":39.0},{"not_picked":["Redo+1","Streamline"],"picked":"Undo","floor":41.0},{"not_picked":["Hello World","Leap"],"picked":"Hologram+1","floor":42.0},{"not_picked":["Ball Lightning","Hologram+1","BootSequence"],"picked":"SKIP","floor":44.0},{"not_picked":["Ball Lightning","BootSequence"],"picked":"Hologram+1","floor":44.0},{"not_picked":["Steam","Redo+1"],"picked":"Buffer","floor":46.0},{"not_picked":["Conserve Battery","Sweeping Beam"],"picked":"Fusion+1","floor":47.0},{"not_picked":["Rebound","Cold Snap"],"picked":"Doom and Gloom+1","floor":48.0},{"not_picked":["Hello World","Beam Cell+1"],"picked":"Reboot","floor":55.0}],"player_experience":2873266,"relics_obtained":[{"floor":0.0,"key":"DataDisk"},{"floor":0.0,"key":"Symbiotic Virus"},{"floor":0.0,"key":"Ice Cream"},{"floor":7.0,"key":"Meat on the Bone"},{"floor":9.0,"key":"StrikeDummy"},{"floor":24.0,"key":"Bag of Marbles"},{"floor":43.0,"key":"HornCleat"},{"floor":55.0,"key":"Eternal Feather"}],"event_choices":[{"cards_removed":["Defend_B"],"damage_healed":0.0,"max_hp_gain":0.0,"max_hp_loss":0.0,"gold_gain":0.0,"event_name":"Beggar","player_choice":"Gave Gold","floor":21.0,"gold_loss":75.0,"damage_taken":0.0},{"damage_healed":0.0,"max_hp_gain":0.0,"max_hp_loss":0.0,"gold_gain":0.0,"event_name":"SensoryStone","player_choice":"Memory 3","floor":36.0,"gold_loss":0.0,"damage_taken":10.0},{"damage_healed":0.0,"max_hp_gain":0.0,"max_hp_loss":0.0,"gold_gain":0.0,"event_name":"Winding Halls","player_choice":"Embrace Madness","floor":37.0,"gold_loss":0.0,"damage_taken":13.0,"cards_obtained":["Madness","Madness"]},{"cards_removed":["Strike_B"],"damage_healed":0.0,"max_hp_gain":0.0,"max_hp_loss":0.0,"gold_gain":0.0,"event_name":"Bonfire Elementals","player_choice":"Offered Basic","floor":38.0,"gold_loss":0.0,"damage_taken":0.0}],"is_beta":false,"boss_relics":[{"not_picked":["Sozu","Runic Pyramid"],"picked":"Coffee Dripper"},{"not_picked":["Fusion Hammer","SlaversCollar"],"picked":"Astrolabe"}],"items_purged_floors":[27],"is_endless":false,"potions_floor_spawned":[2,5,7,10,12,13,20,31,33,42,44,46,48,55],"killed_by":"The Heart","ascension_level":20}}