{"host":"gzwwvnucm264f2jm","time":1608946936,"event":{"mods":["AchievementEnabler","BaseMod","Better Note","BetterRewards","Colored Map","Curses Come First","Minty Spire (QoL Compilation)","Permanent Neow","Quick Restart","Rare Cards Sparkle","Slay-I","Spicy Shops","StSLib","SuperFastMode"],"gold_per_floor":[112,126,138,169,181,193,248,435,447,459,471,483,495,507,519,652,664,695,707,719,731,382,382,382,382,382,382,652,577,595,306,306,439,439,480,355,57,57,36,92,92,92,164,164,164,197,269,229,229,229],"floor_reached":51,"playtime":1106,"items_purged":["Mind Blast","Consecrate","EmptyBody+1","FlyingSleeves"],"score":862,"play_id":"b3e9a949-26ed-45bf-8429-b7cba089d980","local_time":"20201225204216","daily_mods":["Draft","Vintage","Flight"],"is_ascension_mode":false,"campfire_choices":[{"data":"Protect","floor":6,"key":"SMITH"},{"data":"Protect","floor":10,"key":"SMITH"},{"data":"ThirdEye","floor":12,"key":"SMITH"},{"data":"PathToVictory","floor":15,"key":"SMITH"},{"data":"DevaForm","floor":23,"key":"SMITH"},{"data":"SpiritShield","floor":24,"key":"SMITH"},{"data":"PathToVictory","floor":25,"key":"SMITH"},{"data":"PathToVictory","floor":27,"key":"SMITH"},{"data":"Evaluate","floor":32,"key":"SMITH"},{"data":"Wish","floor":41,"key":"SMITH"},{"data":"LikeWater","floor":42,"key":"SMITH"},{"data":"Perseverance","floor":49,"key":"SMITH"}],"circlet_count":0,"master_deck":["ThirdEye+1","PathToVictory+1","Protect+1","LikeWater+1","ThirdEye+1","Protect+1","PathToVictory+1","PathToVictory+1","PathToVictory+1","DevaForm+1","SpiritShield+1","Evaluate+1","Wish+1","Pride","Perseverance+1"],"relics":["PureWater","Question Card","MawBank","Golden Idol","Juzu Bracelet","Bottled Tornado","Happy Flower","Philosopher\u0027s Stone","Potion Belt","Blue Candle","War Paint","Akabeko","Nunchaku","CeramicFish","ClockworkSouvenir","Coffee Dripper","Bird Faced Urn","Membership Card","Medical Kit","OrangePellets","Omamori","Gremlin Horn","Bottled Lightning","Calipers","Pocketwatch"],"acts_visited":["Exordium","TheCity","TheBeyond"],"potions_floor_usage":[50,50],"damage_taken":[{"damage":0,"enemies":"Cultist","floor":1,"turns":2},{"damage":0,"enemies":"2 Louse","floor":2,"turns":2},{"damage":1,"enemies":"Jaw Worm","floor":4,"turns":2},{"damage":4,"enemies":"3 Sentries","floor":7,"turns":7},{"damage":0,"enemies":"Slime Boss","floor":16,"turns":5},{"damage":0,"enemies":"Chosen","floor":18,"turns":2},{"damage":2,"enemies":"2 Thieves","floor":30,"turns":3},{"damage":16,"enemies":"Automaton","floor":33,"turns":7},{"damage":1,"enemies":"Orb Walker","floor":35,"turns":3},{"damage":28,"enemies":"Reptomancer","floor":40,"turns":7},{"damage":1,"enemies":"Nemesis","floor":46,"turns":5},{"damage":1,"enemies":"Mind Bloom Boss Battle","floor":47,"turns":4},{"damage":15,"enemies":"Awakened One","floor":50,"turns":8}],"seed_played":"-4398512942869150027","potions_obtained":[{"floor":1,"key":"Energy Potion"},{"floor":4,"key":"SteroidPotion"},{"floor":16,"key":"SpeedPotion"},{"floor":40,"key":"Explosive Potion"},{"floor":48,"key":"LiquidMemories"}],"is_trial":true,"path_per_floor":["M","M","?","M","?","R","E","?","T","R","$","R","?","?","R","B",null,"M","?","?","$","$","R","R","R","T","R","?","$","M","$","R","B",null,"M","$","$","?","$","E","R","R","T","?","T","E","?","?","R","B",null],"character_chosen":"WATCHER","items_purchased":["War Paint","Akabeko","SpiritShield","ClockworkSouvenir","Evaluate","Membership Card","Medical Kit","OrangePellets"],"campfire_rested":0,"item_purchase_floors":[22,22,22,31,31,37,37,39],"current_hp_per_floor":[72,72,54,53,39,39,35,35,35,35,35,35,59,59,59,59,72,72,72,72,72,72,72,72,72,72,72,39,39,37,37,37,21,72,71,71,71,61,61,37,37,37,37,37,37,40,43,43,43,32],"gold":229,"neow_bonus":"","is_daily":false,"chose_seed":false,"campfire_upgraded":12,"win_rate":0.0,"timestamp":1608946936,"path_taken":["M","M","?","M","?","R","E","?","T","R","$","R","?","?","R","BOSS","M","?","?","$","$","R","R","R","T","R","?","?","M","$","R","BOSS","M","$","$","?","$","E","R","R","T","?","?","E","?","?","R","BOSS"],"items_purchased_type":["Relic","Relic","Card","Relic","Card","Relic","Relic","Relic"],"build_version":"2020-12-22","purchased_purges":4,"victory":true,"max_hp_per_floor":[72,72,72,72,72,72,72,72,72,72,72,72,72,72,72,72,72,72,72,72,72,72,72,72,72,72,72,72,72,72,72,72,72,72,72,72,72,72,72,72,72,72,72,72,72,72,72,72,72,72],"card_choices":[{"not_picked":["WaveOfTheHand","EmptyMind"],"picked":"ThirdEye","floor":0},{"not_picked":["WaveOfTheHand","FlurryOfBlows"],"picked":"PathToVictory","floor":0},{"not_picked":["EmptyBody","CutThroughFate"],"picked":"Protect","floor":0},{"not_picked":["SashWhip","EmptyFist"],"picked":"LikeWater","floor":0},{"not_picked":["EmptyBody","Protect"],"picked":"Consecrate","floor":0},{"not_picked":["ClearTheMind","FlurryOfBlows"],"picked":"Consecrate","floor":0},{"not_picked":["FollowUp","Vengeance"],"picked":"ThirdEye","floor":0},{"not_picked":["EmptyMind","Crescendo"],"picked":"Protect","floor":0},{"not_picked":["Wireheading","CrushJoints"],"picked":"PathToVictory","floor":0},{"not_picked":["SignatureMove","FollowUp"],"picked":"PathToVictory","floor":0},{"not_picked":["EmptyBody","Protect"],"picked":"FlyingSleeves","floor":0},{"not_picked":["Wallop","FlurryOfBlows"],"picked":"CutThroughFate","floor":0},{"not_picked":["Halt","EmptyMind"],"picked":"PathToVictory","floor":0},{"not_picked":["FlurryOfBlows","CrushJoints"],"picked":"SashWhip","floor":0},{"not_picked":["Worship","FlurryOfBlows"],"picked":"EmptyBody","floor":0},{"not_picked":["Prostrate","BattleHymn","EmptyBody","FlyingSleeves"],"picked":"SKIP","floor":7},{"not_picked":["LessonLearned","ConjureBlade","Omniscience"],"picked":"DevaForm","floor":16},{"not_picked":["Devotion","Ragnarok","Alpha"],"picked":"Wish","floor":33},{"not_picked":["Halt+1","PathToVictory+1","EmptyBody","JustLucky"],"picked":"SKIP","floor":40},{"not_picked":["Blasphemy","Weave+1","ThirdEye+1","ForeignInfluence+1"],"picked":"SKIP","floor":46},{"not_picked":["FlurryOfBlows+1","Protect","Weave"],"picked":"Perseverance","floor":47}],"player_experience":435918,"relics_obtained":[{"floor":1,"key":"Question Card"},{"floor":2,"key":"MawBank"},{"floor":4,"key":"Juzu Bracelet"},{"floor":7,"key":"Bottled Tornado"},{"floor":9,"key":"Happy Flower"},{"floor":18,"key":"Potion Belt"},{"floor":26,"key":"Nunchaku"},{"floor":30,"key":"CeramicFish"},{"floor":35,"key":"Bird Faced Urn"},{"floor":40,"key":"Omamori"},{"floor":43,"key":"Gremlin Horn"},{"floor":45,"key":"Bottled Lightning"},{"floor":46,"key":"Calipers"},{"floor":47,"key":"Pocketwatch"}],"event_choices":[{"damage_healed":0,"gold_gain":0,"player_choice":"Take Damage","damage_taken":18,"relics_obtained":["Golden Idol"],"max_hp_gain":0,"max_hp_loss":0,"event_name":"Golden Idol","floor":3,"gold_loss":0},{"damage_healed":0,"gold_gain":0,"player_choice":"Entered Light","damage_taken":14,"max_hp_gain":0,"max_hp_loss":0,"event_name":"Shining Light","floor":5,"gold_loss":0,"cards_upgraded":["ThirdEye","Consecrate"]},{"damage_healed":0,"gold_gain":175,"player_choice":"AGREE","damage_taken":0,"max_hp_gain":0,"max_hp_loss":0,"event_name":"Liars Game","floor":8,"gold_loss":0,"cards_obtained":["Doubt"]},{"damage_healed":24,"gold_gain":0,"player_choice":"Banana","damage_taken":0,"max_hp_gain":0,"max_hp_loss":0,"event_name":"Big Fish","floor":13,"gold_loss":0},{"cards_removed":["Doubt"],"damage_healed":0,"gold_gain":0,"player_choice":"Purged","damage_taken":0,"max_hp_gain":0,"max_hp_loss":0,"event_name":"Purifier","floor":14,"gold_loss":0},{"cards_removed":["SashWhip"],"damage_healed":5,"gold_gain":0,"player_choice":"Offered Common","damage_taken":0,"max_hp_gain":0,"max_hp_loss":0,"event_name":"Bonfire Elementals","floor":19,"gold_loss":0},{"cards_removed":["SashWhip"],"damage_healed":5,"gold_gain":0,"player_choice":"Offered Special","damage_taken":0,"max_hp_gain":0,"max_hp_loss":0,"event_name":"Bonfire Elementals","floor":19,"gold_loss":0},{"cards_removed":["CutThroughFate"],"damage_healed":0,"gold_gain":0,"player_choice":"Gave Card","damage_taken":0,"relics_obtained":["Blue Candle"],"max_hp_gain":0,"max_hp_loss":0,"event_name":"WeMeetAgain","floor":20,"gold_loss":0},{"damage_healed":0,"gold_gain":270,"player_choice":"CARD GOLD GOLD GOLD ","damage_taken":33,"max_hp_gain":0,"max_hp_loss":0,"event_name":"Knowing Skull","floor":28,"potions_obtained":[],"gold_loss":0,"cards_obtained":["Mind Blast"]},{"damage_healed":0,"gold_gain":0,"player_choice":"Memory 3","damage_taken":10,"max_hp_gain":0,"max_hp_loss":0,"event_name":"SensoryStone","floor":38,"gold_loss":0},{"cards_removed":["Consecrate"],"damage_healed":0,"gold_gain":0,"player_choice":"Removed Attack","damage_taken":0,"max_hp_gain":0,"max_hp_loss":0,"event_name":"Falling","floor":44,"gold_loss":0},{"damage_healed":0,"gold_gain":0,"player_choice":"Fight","damage_taken":0,"max_hp_gain":0,"max_hp_loss":0,"event_name":"MindBloom","floor":47,"gold_loss":0},{"damage_healed":0,"gold_gain":0,"player_choice":"Bought 3 Potions","damage_taken":0,"max_hp_gain":0,"max_hp_loss":0,"event_name":"The Woman in Blue","floor":48,"gold_loss":0}],"is_beta":false,"boss_relics":[{"not_picked":["SacredBark","Tiny House"],"picked":"Philosopher\u0027s Stone"},{"not_picked":["Velvet Choker","Astrolabe"],"picked":"Coffee Dripper"}],"items_purged_floors":[29,31,36,37],"is_endless":false,"potions_floor_spawned":[1,4,16,40,46],"ascension_level":0}}