{"host":"erxdo5czqejbiu49","time":1608947566,"event":{"mods":["Act Like it!","Aspiration","BaseMod","Better Third Choice","Conspire","Downfall-Rebalance","Elementarium","Hermit","Hubris","Minty Spire (QoL Compilation)","Replay The Spire","Shop Mod","StSLib","The Disciple","The Hierophant"],"gold_per_floor":[115,130,144,163,163,192,192,1,27,27,27,59,41,73,73,171,171,188,188,203,57,147,107,107,25,25,39,49,64,66,66],"floor_reached":30,"playtime":3234,"items_purged":[],"score":250,"play_id":"0ea19a4c-cfeb-482c-a9c2-ad623bd46a4c","local_time":"20201225205246","is_ascension_mode":false,"campfire_choices":[{"floor":7,"key":"REST"},{"data":"LockedThread","floor":10,"key":"SMITH"},{"floor":15,"key":"REST"},{"floor":24,"key":"REST"}],"circlet_count":0,"master_deck":["Strike_Br","Strike_Br","Strike_Br","Strike_Br","Defend_Br","Defend_Br","Defend_Br","Defend_Br","SecondHand","PatternShift","LockedWarPaint","LockedScales","LockedThread+1","ReapSow+21","Analog","ReplayTheSpireMod:Splinters","Allegretto+1","Goo","LockedBlood","Echonomics","MasterKey+1","Analog","DaylightSavings+5","DaylightSavings+3","Deep Breath","EscortCommand","ReapSow+5","HandsUpC+1","PrimeTime+1"],"relics":["Chronometer","NeowsBlessing","Juzu Bracelet","ReplayTheSpireMod:CursedCoin","MerchantsRug","Simple Rune","hubris:FunFungus","SlipperyGoo","DollysMirror","conspire:Dentures"],"acts_visited":["Exordium","TheCity"],"potions_floor_usage":[6,6,14,29,30],"damage_taken":[{"damage":0,"enemies":"Small Slimes","floor":1,"turns":2},{"damage":0,"enemies":"conspire:RoseBush","floor":2,"turns":1},{"damage":0,"enemies":"Cultist","floor":3,"turns":1},{"damage":10,"enemies":"2 Fungi Beasts","floor":4,"turns":6},{"damage":24,"enemies":"3 Sentries","floor":6,"turns":8},{"damage":6,"enemies":"Replay:BlueRogue","floor":12,"turns":7},{"damage":14,"enemies":"Exordium Thugs","floor":13,"turns":5},{"damage":14,"enemies":"3 Sentries","floor":14,"turns":9},{"damage":6,"enemies":"Hexaghost","floor":16,"turns":13},{"damage":23,"enemies":"Chosen","floor":18,"turns":8},{"damage":2,"enemies":"conspire:FuzzyDice","floor":20,"turns":9},{"damage":3,"enemies":"Cultist and Chosen","floor":27,"turns":11},{"damage":7,"enemies":"Centurion and Healer","floor":28,"turns":12},{"damage":37,"enemies":"Snecko","floor":29,"turns":7},{"damage":48,"enemies":"conspire:MimicChest","floor":30,"turns":9}],"seed_played":"-575911719755129730","potions_obtained":[{"floor":2,"key":"SteroidPotion"},{"floor":3,"key":"Adrenaline Potion"},{"floor":6,"key":"Energy Potion"},{"floor":11,"key":"Fruit Juice"},{"floor":11,"key":"Reflective Coating"},{"floor":14,"key":"Explosive Potion"}],"is_trial":false,"path_per_floor":["M","M","M","M","?","E","R","$","T","R","?","E","M","E","R","B",null,"M","?","M","$","?","?","R","$","T","M","M","M","?"],"character_chosen":"CHRONO_CLASS","items_purchased":["ReplayTheSpireMod:CursedCoin","MerchantsRug","Simple Rune","Tempo+1","DollysMirror","EscortCommand"],"campfire_rested":3,"item_purchase_floors":[8,8,8,8,21,25],"current_hp_per_floor":[65,65,65,55,55,31,50,50,50,50,50,44,30,29,50,52,70,55,42,49,49,31,31,53,53,53,58,63,35,0,0],"gold":66,"neow_bonus":"THREE_ENEMY_KILL","is_daily":false,"chose_seed":false,"campfire_upgraded":1,"win_rate":0.0,"timestamp":1608947566,"path_taken":["M","M","M","M","?","E","R","$","T","R","?","E","M","E","R","BOSS","M","?","M","$","?","?","R","?","T","M","M","M","?"],"items_purchased_type":["Relic","Relic","Relic","Card","Relic","Card"],"build_version":"2020-12-22","purchased_purges":0,"victory":false,"max_hp_per_floor":[65,65,65,65,65,65,65,65,65,65,65,65,65,70,70,70,70,70,75,75,75,75,75,75,75,75,75,75,75,75,75],"card_choices":[{"not_picked":["CrunchTime","Break"],"picked":"LockedWarPaint","floor":1},{"not_picked":["LockedThread","Stagnate"],"picked":"LockedScales","floor":2},{"not_picked":["BiteCommand","Break"],"picked":"LockedThread","floor":3},{"not_picked":["Engulf","Cuckoo"],"picked":"ReapSow","floor":4},{"not_picked":["Tempo","LockedOrichalcum"],"picked":"Analog","floor":6},{"not_picked":["ReapSow","Cuckoo"],"picked":"Goo","floor":12},{"not_picked":["AlternateTimeline","ResonantCall"],"picked":"LockedBlood","floor":13},{"not_picked":["Accruing","BlueShift"],"picked":"Echonomics","floor":14},{"not_picked":["Pendulum","OracleForm"],"picked":"MasterKey","floor":16},{"not_picked":["SlimeSpray","Facsimile"],"picked":"Analog","floor":18},{"not_picked":["TickedOff","Echoward"],"picked":"DaylightSavings+1","floor":20},{"not_picked":["Cuckoo","LockedMedicine"],"picked":"ReapSow+1","floor":27},{"not_picked":["BlueShift","LockedUrn"],"picked":"HandsUpC+1","floor":28},{"not_picked":["HandsUpC","ReapSow"],"picked":"PrimeTime+1","floor":29}],"player_experience":402548,"relics_obtained":[{"floor":6,"key":"Juzu Bracelet"},{"floor":12,"key":"hubris:FunFungus"},{"floor":14,"key":"SlipperyGoo"},{"floor":26,"key":"conspire:Dentures"}],"event_choices":[{"damage_healed":0,"gold_gain":0,"player_choice":"Got Potions","damage_taken":0,"max_hp_gain":0,"max_hp_loss":0,"event_name":"Lab","floor":11,"gold_loss":0},{"damage_healed":0,"gold_gain":0,"player_choice":"Shed Blood","damage_taken":18,"max_hp_gain":5,"max_hp_loss":0,"event_name":"Forgotten Altar","floor":19,"gold_loss":0},{"damage_healed":0,"gold_gain":90,"player_choice":"CARD GOLD ","damage_taken":18,"max_hp_gain":0,"max_hp_loss":0,"event_name":"Knowing Skull","floor":22,"potions_obtained":[],"gold_loss":0,"cards_obtained":["Deep Breath"]},{"damage_healed":0,"gold_gain":0,"player_choice":"Upgrade","damage_taken":0,"max_hp_gain":0,"max_hp_loss":0,"event_name":"Designer","floor":23,"gold_loss":40,"cards_upgraded":["MasterKey"]}],"is_beta":false,"boss_relics":[{"not_picked":["Busted Crown","aspiration:FutureDiary","ReplayTheSpireMod:DimensionalGlitch"]}],"items_purged_floors":[],"is_endless":false,"potions_floor_spawned":[2,3,6,14,18,28],"killed_by":"conspire:MimicChest","ascension_level":0}}