{"host":"kn32u0f2pym5bozc","time":1608983327,"event":{"mods":["2.2 Compatiblity","BaseMod","Better Third Choice","Minty Spire (QoL Compilation)","Permanent Neow","Relic Stats","StSLib","The Animator"],"gold_per_floor":[123,143,143,153,153,153,153,188,215,241,241,89,89,144,144,277,277,217,58,58,58,58,58,58,58,58,58,58,58,58,58,58,58,58,58,58,58,58,58,58,58,58,58,12,12,12,12,12,12,12],"floor_reached":51,"playtime":3182,"items_purged":["Shame"],"score":1168,"play_id":"cc8d5c43-90f5-4462-a46f-12468e908563","local_time":"20201226064847","is_ascension_mode":true,"campfire_choices":[{"data":"animator:Mitsurugi","floor":6.0,"key":"SMITH"},{"floor":11.0,"key":"REST"},{"data":"animator:Kaijin","floor":13.0,"key":"SMITH"},{"data":"animator:Berserker","floor":15.0,"key":"SMITH"},{"data":"animator:Guren","floor":24.0,"key":"SMITH"},{"data":"animator:Hitei","floor":28.0,"key":"SMITH"},{"floor":32.0,"key":"REST"},{"floor":41,"key":"REST"},{"data":"animator:Demiurge","floor":45,"key":"SMITH"},{"data":"animator:HiiragiShinya","floor":49,"key":"SMITH"}],"circlet_count":0,"master_deck":["AscendersBane","animator:Strike_OwariNoSeraph","animator:Defend_OwariNoSeraph","animator:Strike","animator:Strike","animator:Defend+1","animator:Defend","animator:Defend","animator:Shinoa","animator:Mikaela","animator:Lelouch","animator:Berserker+1","animator:Mitsurugi+1","animator:GuildGirl","Injury","animator:Mikaela","animator:Kaijin+1","animator:Illya","animator:Mikaela","animator:CrowleyEusford","animator:Guren+1","animator:HiiragiShinya+1","animator:Fredrika","animator:Hitei+1","animator:Shigure","animator:Spearman","animator:Nanami+1","animator:HiiragiShinya","animator:HigakiRinne","animator:Yoichi","Writhe","animator:Demiurge+1","animator:Witch","animator:Shichika+1","animator:Shuna","animator:Azekura","animator:LizardPriest","animator:HinaKagiyama","animator:Curse_Dizziness"],"relics":["animator:LivingPicture","animator:TheMissingPiece","animator:PurgingStone","animator:Buoy","Golden Idol","Darkstone Periapt","Toy Ornithopter","Pocketwatch","Ectoplasm","Happy Flower","Matryoshka","animator:CursedBlade","Eternal Feather","Gambling Chip","Juzu Bracelet","Bag of Preparation"],"acts_visited":["Exordium","TheCity","TheBeyond"],"potions_floor_usage":[33,38,38,40,42],"damage_taken":[{"damage":0.0,"enemies":"Small Slimes","floor":1.0,"turns":4.0},{"damage":1.0,"enemies":"2 Louse","floor":2.0,"turns":3.0},{"damage":0.0,"enemies":"Cultist","floor":4.0,"turns":3.0},{"damage":18.0,"enemies":"Lagavulin","floor":8.0,"turns":5.0},{"damage":8.0,"enemies":"Large Slime","floor":10.0,"turns":6.0},{"damage":18.0,"enemies":"3 Sentries","floor":14.0,"turns":6.0},{"damage":16.0,"enemies":"Hexaghost","floor":16.0,"turns":6.0},{"damage":37.0,"enemies":"2 Thieves","floor":18.0,"turns":4.0},{"damage":10.0,"enemies":"Spheric Guardian","floor":21.0,"turns":4.0},{"damage":1.0,"enemies":"Slavers","floor":23.0,"turns":5.0},{"damage":10.0,"enemies":"Snake Plant","floor":29.0,"turns":3.0},{"damage":0.0,"enemies":"3 Cultists","floor":30.0,"turns":5.0},{"damage":0.0,"enemies":"Sentry and Sphere","floor":31.0,"turns":3.0},{"damage":34,"enemies":"Automaton","floor":33,"turns":7},{"damage":3,"enemies":"3 Darklings","floor":35,"turns":6},{"damage":0,"enemies":"Orb Walker","floor":36,"turns":3},{"damage":3,"enemies":"Transient","floor":38,"turns":5},{"damage":26,"enemies":"Sphere and 2 Shapes","floor":39,"turns":4},{"damage":47,"enemies":"Reptomancer","floor":40,"turns":7},{"damage":44,"enemies":"Nemesis","floor":42,"turns":7},{"damage":5,"enemies":"Maw","floor":47,"turns":5},{"damage":34,"enemies":"Awakened One","floor":50,"turns":12}],"seed_played":"7413588479223781543","potions_obtained":[{"floor":4.0,"key":"DistilledChaos"},{"floor":8.0,"key":"Block Potion"},{"floor":14.0,"key":"LiquidBronze"},{"floor":21.0,"key":"AttackPotion"},{"floor":31.0,"key":"SkillPotion"},{"floor":35,"key":"ColorlessPotion"},{"floor":36,"key":"AttackPotion"},{"floor":39,"key":"FairyPotion"},{"floor":40,"key":"AttackPotion"}],"is_trial":false,"path_per_floor":["M","M","?","M","?","R","?","E","T","M","R","$","R","E","R","B",null,"M","$","?","M","?","E","R","?","T","?","R","M","M","M","R","B",null,"M","M","?","M","M","E","R","E","T","$","R","?","M","?","R","B",null],"character_chosen":"THE_ANIMATOR","items_purchased":["animator:Illya","animator:Mikaela","animator:Fredrika","animator:Hitei","animator:Shuna"],"campfire_rested":3,"item_purchase_floors":[12,12,19,19,44],"current_hp_per_floor":[59,58,63,63,49,49,49,31,31,28,49,49,49,31,31,21,59,22,22,46,37,37,36,36,36,36,36,36,31,31,31,52,23,61,58,58,79,76,50,8,52,13,13,13,34,34,29,35,56,22],"gold":12,"neow_bonus":"RANDOM_COLORLESS_2","is_daily":false,"chose_seed":false,"campfire_upgraded":7,"win_rate":0.0,"timestamp":1608983327,"path_taken":["M","M","?","M","?","R","?","E","T","M","R","$","R","E","R","BOSS","M","$","?","M","?","E","R","?","T","?","R","?","M","M","R","BOSS","M","M","?","M","M","E","R","E","T","$","R","?","M","?","R","BOSS"],"items_purchased_type":["Card","Card","Card","Card","Card"],"build_version":"2020-12-22","purchased_purges":1,"victory":true,"max_hp_per_floor":[66,66,71,71,71,71,71,71,71,71,71,71,71,71,71,72,72,72,72,72,73,73,73,73,73,73,73,73,73,73,73,73,73,73,73,73,79,79,79,79,79,79,79,79,79,79,79,85,85,85],"relic_stats":{"Darkstone Periapt":12,"Happy Flower":[22],"counters":[22,113],"Golden Idol":153,"Gambling Chip":[5],"Eternal Feather":63,"Ectoplasm":685,"Juzu Bracelet":1,"Bag of Preparation":[4],"obtain_stats":[{"animator:Buoy":5,"Darkstone Periapt":8,"Happy Flower":23,"Golden Idol":7,"animator:TheMissingPiece":0,"Eternal Feather":40,"Juzu Bracelet":43,"Bag of Preparation":43,"Matryoshka":26,"animator:CursedBlade":34,"animator:PurgingStone":0,"Gambling Chip":42,"animator:LivingPicture":0,"Ectoplasm":17,"Toy Ornithopter":9,"Pocketwatch":14},{"animator:Buoy":3,"Darkstone Periapt":4,"Happy Flower":10,"Golden Idol":3,"animator:TheMissingPiece":0,"Eternal Feather":19,"Juzu Bracelet":20,"Bag of Preparation":20,"Matryoshka":10,"animator:CursedBlade":14,"animator:PurgingStone":0,"Gambling Chip":20,"animator:LivingPicture":0,"Ectoplasm":7,"Toy Ornithopter":4,"Pocketwatch":6},{"animator:Buoy":10,"Darkstone Periapt":15,"Happy Flower":46,"Golden Idol":10,"animator:TheMissingPiece":0,"Eternal Feather":89,"Juzu Bracelet":96,"Bag of Preparation":96,"Matryoshka":46,"animator:CursedBlade":64,"animator:PurgingStone":0,"Gambling Chip":96,"animator:LivingPicture":0,"Ectoplasm":33,"Toy Ornithopter":15,"Pocketwatch":27}],"Toy Ornithopter":30,"Pocketwatch":[77]},"card_choices":[{"not_picked":["animator:KotoriKanbe","animator:Emilia"],"picked":"animator:Lelouch","floor":0.0},{"not_picked":["animator:FielNirvalen","animator:Ciel"],"picked":"animator:Berserker","floor":1.0},{"not_picked":["animator:Verdia","animator:DolaCouronne"],"picked":"animator:Mitsurugi","floor":2.0},{"not_picked":["animator:CowGirl","animator:YunYun"],"picked":"animator:GuildGirl","floor":4.0},{"not_picked":["animator:Shigure","animator:CrowleyEusford"],"picked":"animator:Mikaela","floor":8.0},{"not_picked":["animator:Vanir","animator:Illya"],"picked":"animator:Kaijin","floor":10.0},{"not_picked":["animator:Vesta","animator:Guy"],"picked":"animator:CrowleyEusford","floor":14.0},{"not_picked":["animator:GoblinSlayer","animator:Hans"],"picked":"animator:Guren","floor":16.0},{"not_picked":["animator:Chung","animator:Gillette+1"],"picked":"animator:HiiragiShinya","floor":18.0},{"not_picked":["animator:CrowleyEusford","animator:HiiragiTenri"],"picked":"animator:Shigure","floor":21.0},{"not_picked":["animator:Verdia","animator:Sebas"],"picked":"animator:Spearman","floor":23.0},{"not_picked":["animator:AcuraAkari","animator:Benimaru"],"picked":"animator:Nanami+1","floor":29.0},{"not_picked":["animator:KrulTepes","animator:Shalltear","animator:Darkness"],"picked":"SKIP","floor":30.0},{"not_picked":["animator:Shigure","animator:Mikaela"],"picked":"animator:HiiragiShinya","floor":31.0},{"not_picked":["animator:Shiro","animator:Saber"],"picked":"animator:HigakiRinne","floor":33},{"not_picked":["animator:DolaRiku","animator:Verdia","animator:GazelDwargon"],"picked":"SKIP","floor":35},{"not_picked":["animator:Priestess","animator:Demiurge"],"picked":"animator:Yoichi","floor":36},{"not_picked":["animator:Mitsurugi","animator:Guy"],"picked":"animator:Demiurge","floor":38},{"not_picked":["animator:GuildGirl","animator:DwarfShaman"],"picked":"animator:Witch","floor":39},{"not_picked":["animator:Priestess","animator:Raven"],"picked":"animator:Shichika+1","floor":40},{"not_picked":["animator:Shion","animator:AcuraAkari","animator:Ara"],"picked":"SKIP","floor":42},{"not_picked":["animator:Demiurge+1","animator:Gillette"],"picked":"animator:LizardPriest","floor":47}],"player_experience":756627,"relics_obtained":[{"floor":8.0,"key":"Darkstone Periapt"},{"floor":9.0,"key":"Toy Ornithopter"},{"floor":14.0,"key":"Pocketwatch"},{"floor":23.0,"key":"Happy Flower"},{"floor":26.0,"key":"Matryoshka"},{"floor":40,"key":"Eternal Feather"},{"floor":42,"key":"Gambling Chip"},{"floor":43,"key":"Juzu Bracelet"},{"floor":43,"key":"Bag of Preparation"}],"event_choices":[{"damage_healed":0.0,"max_hp_gain":5.0,"max_hp_loss":0.0,"gold_gain":0.0,"event_name":"Big Fish","player_choice":"Donut","floor":3.0,"gold_loss":0.0,"damage_taken":0.0},{"damage_healed":0.0,"max_hp_gain":0.0,"max_hp_loss":0.0,"gold_gain":0.0,"event_name":"betterThird:BetterScrap","player_choice":"Relic ","floor":5.0,"gold_loss":0.0,"damage_taken":14.0,"cards_obtained":["Exhume"]},{"damage_healed":0.0,"max_hp_gain":0.0,"max_hp_loss":0.0,"gold_gain":0.0,"event_name":"Golden Idol","player_choice":"Take Wound","floor":7.0,"gold_loss":0.0,"damage_taken":0.0,"relics_obtained":["Golden Idol"],"cards_obtained":["Injury"]},{"damage_healed":24.0,"max_hp_gain":0.0,"max_hp_loss":0.0,"gold_gain":0.0,"event_name":"The Library","player_choice":"Heal","floor":20.0,"gold_loss":0.0,"damage_taken":0.0},{"damage_healed":0.0,"max_hp_gain":0.0,"max_hp_loss":0.0,"gold_gain":0.0,"event_name":"Vampires","player_choice":"Ignored","floor":22.0,"gold_loss":0.0,"damage_taken":0.0},{"damage_healed":0.0,"max_hp_gain":0.0,"max_hp_loss":0.0,"gold_gain":99.0,"event_name":"betterThird:BetterNest","player_choice":"Steal","floor":25.0,"gold_loss":0.0,"damage_taken":0.0},{"damage_healed":0.0,"max_hp_gain":0.0,"max_hp_loss":0.0,"gold_gain":0.0,"event_name":"FaceTrader","player_choice":"Leave","floor":27.0,"gold_loss":0.0,"damage_taken":0.0},{"damage_healed":18,"gold_gain":0,"player_choice":"Writhe","damage_taken":0,"max_hp_gain":0,"max_hp_loss":0,"event_name":"Winding Halls","floor":37,"gold_loss":0,"cards_obtained":["Writhe"]},{"damage_healed":0,"gold_gain":0,"cards_transformed":["animator:Strike"],"player_choice":"Transformed","damage_taken":0,"max_hp_gain":0,"max_hp_loss":0,"event_name":"Transmorgrifier","floor":46,"gold_loss":0,"cards_obtained":["animator:Azekura"]}],"is_beta":false,"boss_relics":[{"not_picked":["SacredBark","Pandora\u0027s Box"],"picked":"Ectoplasm"},{"not_picked":["Coffee Dripper","Runic Dome"],"picked":"animator:CursedBlade"}],"items_purged_floors":[12],"is_endless":false,"potions_floor_spawned":[4,8,14,21,31,35,36,39,40],"ascension_level":12}}