{"host":"rkizb0bayd67deyv","time":1608998654,"event":{"mods":["2.2 Compatiblity","AchievementEnabler","Astrologer","BaseMod","Beaked The Cultist","BetterRewards","CapriCore","Colored Map","Colored Powertips","GifTheSpireLib","Gremlin Mod","KinomotoSakuraMod(ñÿîVñ{?)","Koishi","Mad Scientist","MarisaÅiñ∂âJÅ@ñÇóùçπÅj","Minty Spire (QoL Compilation)","Quick Restart","StSLib","SuperFastMode","The Bladedancer","The Cursed","The Death Knight","The Immortal","The Mystic","The Poker Player","Unknown Chances","YoumuÅiç∞ÈÆódöÎÅj"],"gold_per_floor":[115,133,133,143,89,124,124,124,124,124,138,189,209,222,222,323,323,343,98,98,98,98,129,129,148,224,238,310,341,201,41,41,140,140,159,179,23,23,70,70,97,114,114,114,114,114,114,128,128,128],"floor_reached":51,"playtime":1648,"items_purged":["Gremlin:Strike","Gremlin:Defend","Gremlin:Strike+1"],"score":1299,"play_id":"5c2bfd23-2ad2-4a6c-905a-aeb12987b21a","local_time":"20201227010414","is_ascension_mode":true,"campfire_choices":[{"data":"Gremlin:GremlinArms","floor":7,"key":"SMITH"},{"data":"Gremlin:Pinprick","floor":10,"key":"SMITH"},{"data":"Gremlin:FollowThrough","floor":15,"key":"SMITH"},{"data":"Gremlin:SecondVolley","floor":24,"key":"SMITH"},{"data":"Gremlin:ShankStone","floor":32,"key":"SMITH"},{"data":"Apotheosis","floor":40,"key":"SMITH"},{"data":"Madness","floor":47,"key":"SMITH"},{"data":"Gremlin:Flurry","floor":49,"key":"SMITH"}],"circlet_count":0,"master_deck":["Gremlin:Strike+1","Gremlin:Strike+1","Gremlin:Defend+1","Gremlin:Defend+1","Gremlin:Defend+1","Gremlin:TagTeam","Gremlin:GremlinDance","Gremlin:Glimmer","Gremlin:Pinprick+1","Gremlin:TwistTheKnife","Gremlin:ShowOfHands","Gremlin:GremlinArms+1","Gremlin:FollowThrough+1","Gremlin:SecondVolley+1","Gremlin:TwistTheKnife","Gremlin:TwistTheKnife+1","Gremlin:Revel","Gremlin:ProperTools+1","Gremlin:Glimmer+1","Gremlin:FairyDust+1","Gremlin:ShankStone+1","Gremlin:TargetWeakness","Gremlin:Pinprick","Gremlin:GlitterGuard+1","Apotheosis+1","Thinking Ahead","Gremlin:Revel+1","Madness+1","Madness+1","Gremlin:Flurry+1"],"relics":["Gremlin:GremlinKnob","Gremlin:SupplyScroll","Turnip","Gambling Chip","Calipers","FossilizedHelix","Regal Pillow","Question Card","PreservedInsect","Philosopher\u0027s Stone","Boot","MutagenicStrength","Matryoshka","Blood Vial","Blue Candle","Anchor","Bottled Flame","MealTicket","SlaversCollar","Bag of Preparation","CatCart","CaptainsWheel","Eternal Feather"],"acts_visited":["Exordium","TheCity","TheBeyond"],"potions_floor_usage":[6,16,33,39,50],"damage_taken":[{"damage":0.0,"enemies":"Small Slimes","floor":1.0,"turns":3.0},{"damage":0.0,"enemies":"2 Louse","floor":2.0,"turns":3.0},{"damage":0.0,"enemies":"Cultist","floor":4.0,"turns":4.0},{"damage":8,"enemies":"Gremlin Nob","floor":6,"turns":4},{"damage":0,"enemies":"Exordium Thugs","floor":11,"turns":3},{"damage":0,"enemies":"Lots of Slimes","floor":13,"turns":2},{"damage":0,"enemies":"2 Fungi Beasts","floor":14,"turns":3},{"damage":6,"enemies":"Slime Boss","floor":16,"turns":8},{"damage":12,"enemies":"Shell Parasite","floor":18,"turns":4},{"damage":0,"enemies":"Slavers","floor":23,"turns":4},{"damage":0,"enemies":"Spheric Guardian","floor":25,"turns":1},{"damage":12,"enemies":"Snake Plant","floor":27,"turns":2},{"damage":0,"enemies":"Book of Stabbing","floor":29,"turns":1},{"damage":44,"enemies":"Automaton","floor":33,"turns":7},{"damage":0,"enemies":"3 Darklings","floor":35,"turns":2},{"damage":0,"enemies":"3 Shapes","floor":36,"turns":1},{"damage":0,"enemies":"Orin","floor":39,"turns":6},{"damage":0,"enemies":"Reptomancer","floor":41,"turns":2},{"damage":0,"enemies":"Sphere and 2 Shapes","floor":42,"turns":1},{"damage":0,"enemies":"3 Darklings","floor":48,"turns":1},{"damage":47,"enemies":"Awakened One","floor":50,"turns":6}],"seed_played":"2483178327919786071","potions_obtained":[{"floor":2.0,"key":"LiquidBronze"},{"floor":6,"key":"Energy Potion"},{"floor":11,"key":"BlessingOfTheForge"},{"floor":13,"key":"AttackPotion"},{"floor":27,"key":"DistilledChaos"},{"floor":29,"key":"DeathKnight:RimePotion"},{"floor":35,"key":"LiquidMemories"},{"floor":39,"key":"BlessingOfTheForge"},{"floor":41,"key":"DuplicationPotion"},{"floor":42,"key":"PowerPotion"}],"is_trial":false,"path_per_floor":["M","M","?","M","$","E","R","?","T","R","M","T","M","M","R","B",null,"M","$","?","?","?","E","R","M","T","M","T","E","$","$","R","B",null,"M","M","$","?","?","R","E","M","T","?","R","?","R","M","R","B",null],"character_chosen":"GREMLIN","items_purchased":["Gremlin:SupplyScroll","Gremlin:Glimmer","ColorlessPotion","Gremlin:GremlinArms","Boot","Gremlin:FairyDust","Gremlin:ShankStone","Bag of Preparation"],"campfire_rested":0,"item_purchase_floors":[0,0,0,5,19,30,31,37],"current_hp_per_floor":[20,20,15,15,15,7,7,7,7,7,15,15,7,15,15,15,19,7,7,7,7,7,17,17,17,17,7,7,9,20,20,20,7,17,20,19,20,18,17,17,18,18,18,15,19,14,19,19,19,12],"gold":128,"neow_bonus":"","is_daily":false,"chose_seed":false,"campfire_upgraded":8,"win_rate":0.0,"timestamp":1608998654,"path_taken":["M","M","?","M","$","E","R","?","T","R","?","?","?","M","R","BOSS","M","$","?","?","?","E","R","M","T","M","?","E","?","$","R","BOSS","M","M","$","?","?","R","E","M","T","?","R","?","R","M","R","BOSS"],"items_purchased_type":["Relic","Card","Potion","Card","Relic","Card","Card","Relic"],"build_version":"2020-12-22","purchased_purges":3,"victory":true,"max_hp_per_floor":[20,20,20,20,20,20,20,20,20,20,20,20,20,20,20,20,20,20,20,20,20,20,20,20,20,20,20,20,20,20,20,20,20,20,20,20,20,20,20,20,20,20,20,20,19,19,19,19,19,19],"card_choices":[{"not_picked":["Gremlin:Changeo","Gremlin:Polish"],"picked":"Gremlin:Pinprick","floor":1.0},{"not_picked":["Gremlin:ShankStone","Gremlin:ToeStub"],"picked":"Gremlin:TwistTheKnife","floor":2.0},{"not_picked":["Gremlin:CatScratch","Gremlin:InfiniteBlocks"],"picked":"Gremlin:ShowOfHands","floor":4.0},{"not_picked":["Gremlin:Tricksy","Gremlin:BubbleBarrier","Gremlin:ShankStone"],"picked":"SKIP","floor":6},{"not_picked":["Gremlin:PourSalt","Gremlin:BubbleBarrier","Gremlin:Tricksy"],"picked":"Gremlin:FollowThrough","floor":11},{"not_picked":["Gremlin:Patsy","Gremlin:Fury","Gremlin:Astound","Gremlin:EdibleArmor"],"picked":"SKIP","floor":13},{"not_picked":["Gremlin:FanOfKnives","Gremlin:BubbleBarrier","Gremlin:DaggerDance","Gremlin:Dazzle"],"picked":"SKIP","floor":14},{"not_picked":["Gremlin:Nob","Gremlin:Duplicate","Gremlin:TargetWeakness"],"picked":"Gremlin:SecondVolley","floor":16},{"not_picked":["Gremlin:InfiniteBlocks","Gremlin:Presto","Gremlin:BulkUp"],"picked":"Gremlin:TwistTheKnife","floor":18},{"not_picked":["Gremlin:GremlinToss","Gremlin:GlitterGuard+1","Gremlin:PartyStick"],"picked":"Gremlin:TwistTheKnife+1","floor":23},{"not_picked":["Gremlin:Raid+1","Gremlin:Mockery","Gremlin:CatScratch"],"picked":"Gremlin:Revel","floor":25},{"not_picked":["Gremlin:GremlinOffensive","Gremlin:DaggerDance","Gremlin:Pinprick+1"],"picked":"Gremlin:ProperTools","floor":27},{"not_picked":["Gremlin:ShowOfHands+1","Gremlin:ToeStub","Gremlin:Irritability"],"picked":"Gremlin:Glimmer+1","floor":29},{"not_picked":["Gremlin:CongaLine","Gremlin:SecondVolley","Gremlin:Necromancy"],"picked":"Gremlin:TargetWeakness","floor":33},{"not_picked":["Gremlin:BubbleBarrier+1","Gremlin:RageBreak+1","Gremlin:EdibleArmor"],"picked":"Gremlin:Pinprick","floor":35},{"not_picked":["Gremlin:TwistTheKnife","Gremlin:Tadah","Gremlin:Irritability+1"],"picked":"Gremlin:GlitterGuard+1","floor":36},{"not_picked":["Forethought","Deep Breath","Magnetism"],"picked":"Apotheosis","floor":38},{"not_picked":["Metamorphosis","Deep Breath","Transmutation"],"picked":"Thinking Ahead","floor":38},{"not_picked":["Gremlin:DaggerDance+1","Gremlin:PourSalt","Gremlin:BubbleBarrier+1","Gremlin:Jeer"],"picked":"SKIP","floor":41},{"not_picked":["Gremlin:Patsy","Gremlin:Polish","Gremlin:MakeshiftArmor+1"],"picked":"Gremlin:Revel+1","floor":42},{"not_picked":["Gremlin:ArmsTheft","Gremlin:Whiz","Gremlin:Patsy+1"],"picked":"Gremlin:Flurry","floor":48}],"player_experience":278294,"relics_obtained":[{"floor":6,"key":"Regal Pillow"},{"floor":9,"key":"Question Card"},{"floor":12,"key":"PreservedInsect"},{"floor":23,"key":"Matryoshka"},{"floor":26,"key":"Blood Vial"},{"floor":26,"key":"Blue Candle"},{"floor":28,"key":"Anchor"},{"floor":28,"key":"Bottled Flame"},{"floor":29,"key":"MealTicket"},{"floor":39,"key":"CatCart"},{"floor":41,"key":"CaptainsWheel"},{"floor":43,"key":"Eternal Feather"}],"event_choices":[{"damage_healed":0.0,"max_hp_gain":0.0,"max_hp_loss":0.0,"gold_gain":0.0,"event_name":"Scrap Ooze","player_choice":"Success","floor":3.0,"gold_loss":0.0,"damage_taken":5.0,"relics_obtained":["FossilizedHelix"]},{"damage_healed":0,"gold_gain":0,"player_choice":"Bought 0 Potions","damage_taken":0,"max_hp_gain":0,"max_hp_loss":0,"event_name":"The Woman in Blue","floor":8,"gold_loss":0},{"damage_healed":0,"gold_gain":0,"player_choice":"Simplicity","damage_taken":0,"max_hp_gain":0,"max_hp_loss":0,"event_name":"Back to Basics","floor":20,"gold_loss":0,"cards_upgraded":["Gremlin:Strike","Gremlin:Strike","Gremlin:Strike","Gremlin:Defend","Gremlin:Defend","Gremlin:Defend"]},{"damage_healed":0,"gold_gain":0,"player_choice":"Ignored","damage_taken":0,"max_hp_gain":0,"max_hp_loss":0,"event_name":"Ghosts","floor":21,"gold_loss":0},{"damage_healed":0,"gold_gain":0,"player_choice":"Inject Mutagens","damage_taken":0,"relics_obtained":["MutagenicStrength"],"max_hp_gain":0,"max_hp_loss":0,"event_name":"Drug Dealer","floor":22,"gold_loss":0},{"damage_healed":0,"gold_gain":0,"player_choice":"Memory 3","damage_taken":10,"max_hp_gain":0,"max_hp_loss":0,"event_name":"SensoryStone","floor":38,"gold_loss":0},{"damage_healed":0,"gold_gain":0,"player_choice":"Fight","damage_taken":0,"max_hp_gain":0,"max_hp_loss":0,"event_name":"OrinTheCat","floor":39,"gold_loss":0},{"damage_healed":0,"gold_gain":0,"player_choice":"Embrace Madness","damage_taken":3,"max_hp_gain":0,"max_hp_loss":0,"event_name":"Winding Halls","floor":44,"gold_loss":0,"cards_obtained":["Madness","Madness"]}],"is_beta":false,"boss_relics":[{"not_picked":["Busted Crown","Runic Pyramid"],"picked":"Philosopher\u0027s Stone"},{"not_picked":["SacredBark","Sozu"],"picked":"SlaversCollar"}],"items_purged_floors":[0,19,31],"is_endless":false,"potions_floor_spawned":[2,6,11,13,27,29,35,39,41,42],"ascension_level":6}}