{"host":"cjhtzh7tp54jdfyv","time":1608941196,"event":{"mods":["AchievementEnabler","BaseMod","Colored Map","Colored Powertips","Curses Come First","DeckTracker","Filter the Spire","Minty Spire (QoL Compilation)","RNG Fix","Relic Sorter","Relic Stats","StSLib","The Cursed","The Marked","UnlockEverythingMod","Waifu the Spire","ojb\u0027s Better Paths Mod","ojb\u0027s Info Mod"],"gold_per_floor":[111,128,128,148,168,168,180,214,265,265,265],"floor_reached":10,"playtime":733,"items_purged":[],"score":140,"play_id":"267faf41-1ec6-446d-a8c9-dc93292fa394","local_time":"20201225190636","is_ascension_mode":true,"campfire_choices":[{"data":"theMarked:SoldierOfQuellstein","floor":6,"key":"SMITH"}],"circlet_count":0,"master_deck":["AscendersBane","theMarked:Strike","theMarked:Strike","theMarked:Strike","theMarked:Defend","theMarked:Defend","theMarked:Defend","theMarked:Defend","theMarked:SoldierOfQuellstein+1","theMarked:SwordAndMagic","theMarked:StartUp","theMarked:StartUp","theMarked:StartUp","theMarked:TwofoldDefense","theMarked:Improvise"],"relics":["Empty Cage","Omamori","Akabeko"],"acts_visited":["Exordium"],"potions_floor_usage":[7,8,10],"damage_taken":[{"damage":8,"enemies":"Small Slimes","floor":1,"turns":6},{"damage":1,"enemies":"Cultist","floor":2,"turns":4},{"damage":1,"enemies":"2 Louse","floor":4,"turns":3},{"damage":6,"enemies":"2 Fungi Beasts","floor":5,"turns":4},{"damage":14,"enemies":"Exordium Thugs","floor":7,"turns":4},{"damage":17,"enemies":"Lagavulin","floor":8,"turns":9},{"damage":34,"enemies":"Gremlin Nob","floor":10,"turns":3}],"seed_played":"6882753167013300577","potions_obtained":[{"floor":1,"key":"AttackPotion"},{"floor":2,"key":"BlessingOfTheForge"},{"floor":8,"key":"PowerPotion"}],"is_trial":false,"path_per_floor":["M","M","?","M","M","R","M","E","T","E"],"character_chosen":"THE_DEFAULT","items_purchased":[],"campfire_rested":0,"item_purchase_floors":[],"current_hp_per_floor":[51,50,55,54,48,48,34,17,17,0,0],"gold":265,"neow_bonus":"BOSS_RELIC","is_daily":false,"chose_seed":false,"campfire_upgraded":1,"win_rate":0.0,"timestamp":1608941196,"path_taken":["M","M","?","M","M","R","M","E","T","E"],"items_purchased_type":[],"build_version":"2020-12-22","purchased_purges":0,"victory":false,"max_hp_per_floor":[66,66,71,71,71,71,71,71,71,71,71],"relic_stats":{"counters":[7,33],"obtain_stats":[{"theMarked:ArtifactOfAir":0,"Omamori":8,"Empty Cage":0,"Akabeko":9},{"theMarked:ArtifactOfAir":0,"Omamori":6,"Empty Cage":0,"Akabeko":6},{"theMarked:ArtifactOfAir":0,"Omamori":30,"Empty Cage":0,"Akabeko":30}]},"card_choices":[{"not_picked":["theMarked:WardOff","theMarked:Aftermath"],"picked":"theMarked:SwordAndMagic","floor":1},{"not_picked":["theMarked:ChainLightning","theMarked:BanishingStrike"],"picked":"theMarked:StartUp","floor":2},{"not_picked":["theMarked:RepellingDischarge","theMarked:Parkour"],"picked":"theMarked:StartUp","floor":4},{"not_picked":["theMarked:Frustration","theMarked:ParalyzingBlade"],"picked":"theMarked:StartUp","floor":5},{"not_picked":["theMarked:Electrocute","theMarked:LightningStrikesTwice"],"picked":"theMarked:TwofoldDefense","floor":7},{"not_picked":["theMarked:WardOff","theMarked:BanishingStrike"],"picked":"theMarked:Improvise","floor":8}],"player_experience":4425602,"relics_obtained":[{"floor":8,"key":"Omamori"},{"floor":9,"key":"Akabeko"}],"event_choices":[{"damage_healed":0,"gold_gain":0,"player_choice":"Donut","damage_taken":0,"max_hp_gain":5,"max_hp_loss":0,"event_name":"Big Fish","floor":3,"gold_loss":0}],"is_beta":false,"boss_relics":[],"items_purged_floors":[],"is_endless":false,"potions_floor_spawned":[1,2,8],"killed_by":"Gremlin Nob","ascension_level":20}}