{"host":"acpsw8r33r8788yr","time":1608976747,"event":{"mods":["BaseMod","Better Altar","Better Skull","Better Third Choice","BetterRewards","Colored Map","Downfall","Hermit","Highlight Path","Hubris","Minty Spire (QoL Compilation)","Quick Restart","Replay The Spire","Robot Space Explorer","Shop Mod","StSLib","The Animator","The Bug Knight","The Construct","The Cursed","The Disciple","The Jungle","The Runesmith","The Senshi"],"gold_per_floor":[119,135,146,160,89,89,122,136,162,337,337,337,337,351,351,351,351],"floor_reached":16,"playtime":777,"items_purged":[],"score":102,"play_id":"947378b3-2308-49cc-844b-b0a1bac47ca0","local_time":"20201226015907","is_ascension_mode":false,"campfire_choices":[{"data":"hermit:Snipe","floor":6,"key":"SMITH"},{"data":"hermit:Scavenge","floor":12,"key":"SMITH"},{"data":"hermit:CursedWeapon","floor":15,"key":"SMITH"}],"circlet_count":0,"master_deck":["hermit:Strike_Hermit","hermit:Strike_Hermit","hermit:Defend_Hermit","hermit:Defend_Hermit","hermit:Defend_Hermit","hermit:Snapshot","hermit:Covet","hermit:PistolWhip","hermit:Scavenge+1","hermit:Brawl","hermit:Snipe+1","hermit:BigShot","hermit:Desperado","Doubt","Amnesia","hermit:CursedWeapon+1"],"relics":["hermit:Momento","Letter Opener","Blood Vial"],"acts_visited":["Exordium"],"potions_floor_usage":[7,16],"damage_taken":[{"damage":1,"enemies":"2 Louse","floor":1,"turns":3},{"damage":5,"enemies":"Small Slimes","floor":2,"turns":3},{"damage":0,"enemies":"Cultist","floor":3,"turns":3},{"damage":18,"enemies":"Exordium Thugs","floor":4,"turns":4},{"damage":63,"enemies":"Gremlin Nob","floor":7,"turns":6},{"damage":3,"enemies":"Looter","floor":8,"turns":3},{"damage":11,"enemies":"Blue Slaver","floor":14,"turns":4},{"damage":50,"enemies":"The Guardian","floor":16,"turns":6}],"seed_played":"-4126628746913144141","potions_obtained":[{"floor":1,"key":"FairyPotion"},{"floor":3,"key":"Weak Potion"},{"floor":7,"key":"Dexterity Potion"}],"is_trial":false,"path_per_floor":["M","M","M","M","$","R","E","M","T","?","?","R","?","M","R","B"],"character_chosen":"HERMIT","items_purchased":["hermit:BigShot"],"campfire_rested":0,"item_purchase_floors":[5],"current_hp_per_floor":[67,62,62,44,44,44,6,3,3,3,68,68,68,57,57,9,9],"gold":351,"neow_bonus":"REMOVE_TWO","is_daily":false,"chose_seed":false,"campfire_upgraded":3,"win_rate":0.0,"timestamp":1608976747,"path_taken":["M","M","M","M","$","R","E","M","T","?","?","R","?","?","R","BOSS"],"items_purchased_type":["Card"],"build_version":"2020-12-22","purchased_purges":0,"victory":false,"max_hp_per_floor":[68,68,68,68,68,68,68,68,68,68,68,68,68,68,68,68,68],"card_choices":[{"not_picked":["hermit:CalledShot","hermit:Desperado"],"picked":"hermit:PistolWhip","floor":1},{"not_picked":["hermit:Snipe","hermit:BodyArmor"],"picked":"hermit:Scavenge","floor":2},{"not_picked":["hermit:Shortfuse","hermit:GhostlyPresence"],"picked":"hermit:Brawl","floor":3},{"not_picked":["hermit:GhostlyPresence","hermit:Misfire"],"picked":"hermit:Snipe","floor":4},{"not_picked":["hermit:Malice","hermit:Gambit","hermit:TakeAim"],"picked":"SKIP","floor":7},{"not_picked":["hermit:HighCaliber","hermit:Manifest"],"picked":"hermit:Desperado","floor":8},{"not_picked":["hermit:WideOpen","hermit:HighCaliber"],"picked":"hermit:CursedWeapon","floor":14}],"player_experience":393710,"relics_obtained":[{"floor":7,"key":"Letter Opener"},{"floor":9,"key":"Blood Vial"}],"event_choices":[{"damage_healed":0,"gold_gain":175,"player_choice":"AGREE","damage_taken":162,"max_hp_gain":0,"max_hp_loss":0,"event_name":"betterThird:BetterSerpent","floor":10,"gold_loss":0},{"cards_removed":["hermit:Defend_Hermit"],"damage_healed":0,"gold_gain":0,"player_choice":"Offered Basic","damage_taken":0,"max_hp_gain":0,"max_hp_loss":0,"event_name":"Bonfire Elementals","floor":13,"gold_loss":0}],"is_beta":false,"boss_relics":[],"items_purged_floors":[],"is_endless":false,"potions_floor_spawned":[1,3,7],"killed_by":"The Guardian","ascension_level":0}}