{"host":"gkh5j5k5w4qf7k7n","time":1608987697,"event":{"mods":["2.2 Compatiblity","AchievementEnabler","BaseMod","Colored Map","Colored Powertips","GifTheSpireLib","Keyboard Shortcuts","Minty Spire (QoL Compilation)","Quick Restart","StSLib","SuperFastMode","The Construct","The Dragon Tamer","The Marked","TheBandit","¡¼?Úª?ø«¡½REMEMod"],"gold_per_floor":[117,117,117,133,58,58,91,91,91,104,119,19,94,118,118,242,242,255,33,33,54,54,54,54,54],"floor_reached":23,"playtime":847,"items_purged":["DTMod:Strike","DTMod:Strike","DTMod:Strike"],"score":304,"play_id":"4d0d14e6-be1c-4c7a-ad9b-e8a5a66736fc","local_time":"20201226220137","is_ascension_mode":true,"metric_token":1055,"campfire_choices":[{"data":"DTMod:SwitchingTactic","floor":6.0,"key":"SMITH"},{"data":"DTMod:CrossStep","floor":8.0,"key":"SMITH"},{"data":"DTMod:RunningTactic","floor":15.0,"key":"SMITH"}],"dtmod_dragon_data":[0,55,2,-1,4,0],"circlet_count":0,"master_deck":["DTMod:DoubleHit","DTMod:TargetDefense","DTMod:TargetDefense","DTMod:TargetDefense","DTMod:TargetDefense","DTMod:SwitchingTactic+1","Grand Finale","DTMod:RunningTactic+1","DTMod:CrossStep+1","DTMod:Threaten","DTMod:Cover","Impatience","Decay","DTMod:BalancedStrike+1"],"relics":["DTMod:PactStone","REME_ComplimentaryCards","NeowsBlessing","Golden Idol","MealTicket","Sundial"],"acts_visited":["Exordium","TheCity"],"potions_floor_usage":[23,23],"damage_taken":[{"damage":0.0,"enemies":"Jaw Worm","floor":1.0,"turns":1.0},{"damage":0.0,"enemies":"Small Slimes","floor":4.0,"turns":1.0},{"damage":0.0,"enemies":"Lagavulin","floor":7.0,"turns":2.0},{"damage":0.0,"enemies":"2 Louse","floor":10.0,"turns":3.0},{"damage":0.0,"enemies":"Red Slaver","floor":11.0,"turns":4.0},{"damage":0.0,"enemies":"Large Slime","floor":14.0,"turns":5.0},{"damage":0.0,"enemies":"The Guardian","floor":16.0,"turns":6.0},{"damage":0.0,"enemies":"Shell Parasite","floor":18.0,"turns":4.0},{"damage":0.0,"enemies":"Spheric Guardian","floor":21.0,"turns":2.0},{"damage":42,"enemies":"Slavers","floor":23,"turns":9}],"seed_played":"2235727620529117600","potions_obtained":[{"floor":4.0,"key":"Energy Potion"},{"floor":14.0,"key":"Fruit Juice"}],"is_trial":false,"path_per_floor":["M","?","?","M","$","R","E","R","T","M","M","$","?","M","R","B",null,"M","$","?","M","?","E"],"character_chosen":"THE_DT","items_purchased":["Impatience"],"campfire_rested":0,"item_purchase_floors":[19],"current_hp_per_floor":[45,45,42,42,42,42,42,42,42,42,42,42,31,31,31,31,42,42,42,42,42,42,0,0,0],"gold":54,"neow_bonus":"THREE_ENEMY_KILL","is_daily":false,"chose_seed":false,"campfire_upgraded":3,"win_rate":0.0,"timestamp":1608987697,"path_taken":["M","?","?","M","$","R","E","R","T","M","M","$","?","M","R","BOSS","M","$","?","?","?","E"],"items_purchased_type":["Card"],"build_version":"2020-12-22","purchased_purges":3,"victory":false,"max_hp_per_floor":[45,45,42,42,42,42,42,42,42,42,42,42,42,42,42,42,42,42,42,42,42,42,42,42,42],"card_choices":[{"not_picked":["DTMod:BlazingStrike","DTMod:ComboAttack"],"picked":"DTMod:RunningTactic","floor":1.0},{"not_picked":["DTMod:Punisher","DTMod:MasterPlan"],"picked":"DTMod:CrossStep","floor":4.0},{"not_picked":["DTMod:MagiciansMark","DTMod:MasterPlan","DTMod:Haste"],"picked":"SKIP","floor":7.0},{"not_picked":["DTMod:ComboAttack","DTMod:ForkedFire"],"picked":"DTMod:Threaten","floor":10.0},{"not_picked":["DTMod:BreakAttack","DTMod:QuickFly"],"picked":"DTMod:Cover","floor":11.0},{"not_picked":["DTMod:SneakAttack","DTMod:Threaten","DTMod:BreakAttack"],"picked":"SKIP","floor":14.0},{"not_picked":["DTMod:LastStand+1","DTMod:QuickFly","DTMod:Hide+1"],"picked":"SKIP","floor":18.0},{"not_picked":["DTMod:Shift","DTMod:MasterPlan"],"picked":"DTMod:BalancedStrike+1","floor":21.0}],"player_experience":933615,"relics_obtained":[{"floor":7.0,"key":"MealTicket"},{"floor":9.0,"key":"Sundial"}],"event_choices":[{"cards_removed":["DTMod:Strike"],"damage_healed":0.0,"max_hp_gain":0.0,"max_hp_loss":0.0,"gold_gain":0.0,"event_name":"Living Wall","player_choice":"Forget","floor":2.0,"gold_loss":0.0,"damage_taken":0.0},{"damage_healed":0.0,"max_hp_gain":0.0,"max_hp_loss":3.0,"gold_gain":0.0,"event_name":"Golden Idol","player_choice":"Lose Max HP","floor":3.0,"gold_loss":0.0,"damage_taken":0.0,"relics_obtained":["Golden Idol"]},{"damage_healed":0.0,"max_hp_gain":0.0,"max_hp_loss":0.0,"gold_gain":75.0,"event_name":"World of Goop","player_choice":"Gather Gold","floor":13.0,"gold_loss":0.0,"damage_taken":11.0},{"damage_healed":0.0,"max_hp_gain":0.0,"max_hp_loss":0.0,"gold_gain":0.0,"event_name":"Wheel of Change","player_choice":"Cursed","floor":20.0,"gold_loss":0.0,"damage_taken":0.0,"cards_obtained":["Decay"]},{"damage_healed":0.0,"max_hp_gain":0.0,"max_hp_loss":0.0,"gold_gain":0.0,"event_name":"The Mausoleum","player_choice":"Ignored","floor":22.0,"gold_loss":0.0,"damage_taken":0.0}],"is_beta":false,"boss_relics":[{"not_picked":["Velvet Choker","Snecko Eye","Calling Bell"]}],"items_purged_floors":[5,12,19],"is_endless":false,"potions_floor_spawned":[4,14],"killed_by":"Slavers","ascension_level":3}}