{"host":"yvb207ks1sg3cxef","time":1608989850,"event":{"mods":["2.2 Compatiblity","BaseMod","Bestiary","Colored Powertips","Minty Spire (QoL Compilation)","Permanent Neow","Quick Restart","Relic Stats","StSLib"],"gold_per_floor":[114,130,205,221,233,233,69,100,126,126,138,169,169,183,183,260,260,274,274,300,320,333,333,333,361,437,437,437],"floor_reached":27,"playtime":1159,"items_purged":["Strike_G"],"score":450,"play_id":"b8c8adda-a339-43f2-ac59-a08891bd07f8","local_time":"20201226190730","is_ascension_mode":true,"campfire_choices":[{"data":"Predator","floor":6.0,"key":"SMITH"},{"data":"Noxious Fumes","floor":10.0,"key":"SMITH"},{"floor":13.0,"key":"REST"},{"data":"Prepared","floor":15.0,"key":"SMITH"},{"floor":23,"key":"REST"}],"circlet_count":0,"master_deck":["AscendersBane","Strike_G","Defend_G","Defend_G+1","Defend_G","Defend_G","Survivor+1","Neutralize","Sucker Punch+1","Underhanded Strike+1","Bane+1","Flying Knee","Predator+1","Reflex","Outmaneuver","Noxious Fumes+1","Prepared+1","After Image","Dagger Throw+1","Escape Plan","Tactician","Backflip","Night Terror"],"relics":["Astrolabe","Juzu Bracelet","War Paint","Regal Pillow","SacredBark","Red Mask","Torii","Molten Egg 2"],"acts_visited":["Exordium","TheCity"],"potions_floor_usage":[25,27],"damage_taken":[{"damage":9.0,"enemies":"2 Louse","floor":1.0,"turns":5.0},{"damage":4.0,"enemies":"Small Slimes","floor":2.0,"turns":3.0},{"damage":0.0,"enemies":"Cultist","floor":4.0,"turns":3.0},{"damage":0.0,"enemies":"Looter","floor":5.0,"turns":3.0},{"damage":13.0,"enemies":"Lagavulin","floor":8.0,"turns":6.0},{"damage":6.0,"enemies":"2 Fungi Beasts","floor":11.0,"turns":4.0},{"damage":12.0,"enemies":"3 Sentries","floor":12.0,"turns":5.0},{"damage":18.0,"enemies":"Lots of Slimes","floor":14.0,"turns":5.0},{"damage":13.0,"enemies":"The Guardian","floor":16.0,"turns":9.0},{"damage":4.0,"enemies":"Chosen","floor":18.0,"turns":5.0},{"damage":14.0,"enemies":"Masked Bandits","floor":20.0,"turns":4.0},{"damage":0.0,"enemies":"Spheric Guardian","floor":21.0,"turns":4.0},{"damage":23,"enemies":"Snake Plant","floor":22,"turns":4},{"damage":23,"enemies":"Book of Stabbing","floor":25,"turns":5},{"damage":3,"enemies":"Chosen and Byrds","floor":27,"turns":4}],"seed_played":"-1551343253227107095","potions_obtained":[{"floor":1.0,"key":"CunningPotion"},{"floor":5.0,"key":"ColorlessPotion"},{"floor":8.0,"key":"GhostInAJar"},{"floor":14.0,"key":"SteroidPotion"},{"floor":20.0,"key":"SkillPotion"},{"floor":22,"key":"SkillPotion"}],"is_trial":false,"path_per_floor":["M","M","?","M","M","R","$","E","T","R","M","E","R","M","R","B",null,"M","?","?","M","M","R","?","E","T","M"],"character_chosen":"THE_SILENT","items_purchased":["Noxious Fumes"],"campfire_rested":2,"item_purchase_floors":[7],"current_hp_per_floor":[50,46,35,35,35,35,35,22,22,22,16,4,38,20,20,7,51,47,47,33,33,10,44,26,3,3,0,0],"gold":437,"neow_bonus":"BOSS_RELIC","is_daily":false,"chose_seed":false,"campfire_upgraded":3,"win_rate":0.0,"timestamp":1608989850,"path_taken":["M","M","?","M","M","R","$","E","T","R","M","E","R","M","R","BOSS","M","?","?","M","M","R","?","E","T","M"],"items_purchased_type":["Card"],"build_version":"2020-12-22","purchased_purges":1,"victory":false,"max_hp_per_floor":[66,66,66,66,66,66,66,66,66,66,66,66,66,66,66,66,66,66,66,66,66,66,66,71,71,71,71,71],"relic_stats":{"Regal Pillow":30,"Torii":1,"counters":[15,69],"Astrolabe":["Sucker Punch","Underhanded Strike","Bane"],"Juzu Bracelet":1,"War Paint":["Defend_G","Survivor"],"obtain_stats":[{"Regal Pillow":12,"Torii":25,"Astrolabe":0,"SacredBark":17,"Molten Egg 2":26,"Juzu Bracelet":8,"Red Mask":20,"War Paint":9,"Ring of the Snake":0},{"Regal Pillow":7,"Torii":14,"Astrolabe":0,"SacredBark":9,"Molten Egg 2":14,"Juzu Bracelet":5,"Red Mask":11,"War Paint":5,"Ring of the Snake":0},{"Regal Pillow":29,"Torii":65,"Astrolabe":0,"SacredBark":43,"Molten Egg 2":65,"Juzu Bracelet":20,"Red Mask":52,"War Paint":20,"Ring of the Snake":0}]},"card_choices":[{"not_picked":["Accuracy","Terror"],"picked":"Flying Knee","floor":1.0},{"not_picked":["Well Laid Plans","Poisoned Stab"],"picked":"Predator","floor":2.0},{"not_picked":["Well Laid Plans","Acrobatics"],"picked":"Reflex","floor":4.0},{"not_picked":["Endless Agony","Poisoned Stab"],"picked":"Outmaneuver","floor":5.0},{"not_picked":["Acrobatics","All Out Attack","Infinite Blades"],"picked":"SKIP","floor":8.0},{"not_picked":["Flying Knee","Sucker Punch"],"picked":"Prepared","floor":11.0},{"not_picked":["Glass Knife","All Out Attack","Expertise"],"picked":"SKIP","floor":12.0},{"not_picked":["Acrobatics","Sucker Punch","Finisher"],"picked":"SKIP","floor":14.0},{"not_picked":["Bullet Time","Venomology"],"picked":"After Image","floor":16.0},{"not_picked":["Escape Plan","Distraction"],"picked":"Dagger Throw+1","floor":18.0},{"not_picked":["Dagger Throw","Acrobatics+1"],"picked":"Escape Plan","floor":20.0},{"not_picked":["Endless Agony+1","Outmaneuver"],"picked":"Tactician","floor":21.0},{"not_picked":["Concentrate+1","Quick Slash"],"picked":"Backflip","floor":22},{"not_picked":["Deflect","Riddle With Holes"],"picked":"Night Terror","floor":25}],"player_experience":219468,"relics_obtained":[{"floor":8.0,"key":"Juzu Bracelet"},{"floor":9.0,"key":"War Paint"},{"floor":12.0,"key":"Regal Pillow"},{"floor":20.0,"key":"Red Mask"},{"floor":25,"key":"Torii"},{"floor":26,"key":"Molten Egg 2"}],"event_choices":[{"damage_healed":0.0,"max_hp_gain":0.0,"max_hp_loss":0.0,"gold_gain":75.0,"event_name":"World of Goop","player_choice":"Gather Gold","floor":3.0,"gold_loss":0.0,"damage_taken":11.0},{"cards_removed":["Strike_G"],"damage_healed":0.0,"max_hp_gain":0.0,"max_hp_loss":0.0,"gold_gain":0.0,"event_name":"Purifier","player_choice":"Purged","floor":19.0,"gold_loss":0.0,"damage_taken":0.0},{"damage_healed":0.0,"max_hp_gain":0.0,"max_hp_loss":0.0,"gold_gain":0.0,"event_name":"Masked Bandits","player_choice":"Fought Bandits","floor":20.0,"gold_loss":0.0,"damage_taken":0.0},{"damage_healed":0,"gold_gain":0,"player_choice":"Shed Blood","damage_taken":23,"max_hp_gain":5,"max_hp_loss":0,"event_name":"Forgotten Altar","floor":24,"gold_loss":0}],"is_beta":false,"boss_relics":[{"not_picked":["Pandora\u0027s Box","Cursed Key"],"picked":"SacredBark"}],"items_purged_floors":[7],"is_endless":false,"potions_floor_spawned":[1,5,8,14,16,20,22],"killed_by":"Chosen and Byrds","ascension_level":17}}