{"host":"ci7ivtocgfxh0ueo","time":1608969825,"event":{"mods":["BaseMod","GifTheSpireLib","Minty Spire (QoL Compilation)","StSLib"],"gold_per_floor":[110,128,145,64,214,214,239,239,239,239,269,282,282,297,297,373,373,386,418,418,428,440,440,458,458,485,485,161,180,180,209,209,209,209],"floor_reached":33,"playtime":988,"items_purged":["Doubt"],"score":475,"play_id":"843bef1b-a5f1-4eef-b948-577b1c4913ae","local_time":"20201226160345","is_ascension_mode":true,"campfire_choices":[{"data":"Eviscerate","floor":6,"key":"SMITH"},{"floor":8,"key":"REST"},{"data":"Prepared","floor":13,"key":"SMITH"},{"data":"Neutralize","floor":15,"key":"SMITH"},{"floor":23,"key":"REST"},{"data":"Envenom","floor":25,"key":"SMITH"},{"data":"Dash","floor":30,"key":"SMITH"},{"floor":32,"key":"REST"}],"circlet_count":0,"master_deck":["AscendersBane","Strike_G","Strike_G","Defend_G","Defend_G","Defend_G","Defend_G","Defend_G","Survivor","Neutralize+1","Flying Knee","Eviscerate+1","Poisoned Stab","Dagger Throw","Prepared+1","Footwork+1","Envenom+1","Prepared+1","Corpse Explosion+1","Adrenaline+1","Dash","Heel Hook+1","Dash+1","Bane","Chrysalis","Metamorphosis","Tactician","Heel Hook+1"],"relics":["Ring of the Snake","NeowsBlessing","HornCleat","The Courier","Pen Nib","Astrolabe","Red Mask","CeramicFish"],"acts_visited":["Exordium","TheCity"],"potions_floor_usage":[7,7,12,16,18,22,33,33],"damage_taken":[{"damage":0,"enemies":"Cultist","floor":1,"turns":1},{"damage":0,"enemies":"Jaw Worm","floor":2,"turns":1},{"damage":0,"enemies":"2 Louse","floor":3,"turns":1},{"damage":55,"enemies":"Lagavulin","floor":7,"turns":8},{"damage":4,"enemies":"Gremlin Nob","floor":11,"turns":4},{"damage":0,"enemies":"Looter","floor":12,"turns":1},{"damage":1,"enemies":"Red Slaver","floor":14,"turns":4},{"damage":32,"enemies":"Hexaghost","floor":16,"turns":11},{"damage":0,"enemies":"Chosen","floor":18,"turns":3},{"damage":0,"enemies":"Masked Bandits","floor":19,"turns":2},{"damage":0,"enemies":"2 Thieves","floor":21,"turns":3},{"damage":9,"enemies":"Snake Plant","floor":22,"turns":4},{"damage":0,"enemies":"Chosen and Byrds","floor":24,"turns":4},{"damage":0,"enemies":"Cultist and Chosen","floor":29,"turns":3},{"damage":0,"enemies":"Sentry and Sphere","floor":31,"turns":5},{"damage":78,"enemies":"Collector","floor":33,"turns":9}],"seed_played":"-3800526044441154052","potions_obtained":[{"floor":2,"key":"FearPotion"},{"floor":11,"key":"Fire Potion"},{"floor":12,"key":"CultistPotion"},{"floor":14,"key":"Fire Potion"},{"floor":18,"key":"Swift Potion"},{"floor":19,"key":"Strength Potion"},{"floor":24,"key":"GhostInAJar"}],"is_trial":false,"path_per_floor":["M","M","M","$","?","R","E","R","T","?","E","M","R","M","R","B",null,"M","?","?","M","M","R","M","R","T","?","$","M","R","M","R","B"],"character_chosen":"THE_SILENT","items_purchased":["SteroidPotion","Poisoned Stab","Chrysalis","Metamorphosis"],"campfire_rested":3,"item_purchase_floors":[4,4,28,28],"current_hp_per_floor":[59,59,59,59,59,59,4,23,23,45,41,41,41,40,40,8,52,52,52,34,34,25,46,46,46,46,46,46,46,46,46,67,0,0],"gold":209,"neow_bonus":"THREE_ENEMY_KILL","is_daily":false,"chose_seed":false,"campfire_upgraded":5,"win_rate":0.0,"timestamp":1608969825,"path_taken":["M","?","M","$","?","R","E","R","T","?","E","M","R","M","R","BOSS","M","?","?","M","M","R","M","R","T","?","$","?","R","M","R","BOSS"],"items_purchased_type":["Potion","Card","Card","Card"],"build_version":"2020-12-22","purchased_purges":1,"victory":false,"max_hp_per_floor":[66,66,66,66,66,66,66,66,66,66,66,66,66,66,66,66,66,66,66,71,71,71,71,71,71,71,71,71,71,71,71,71,71,71],"card_choices":[{"not_picked":["Deflect","Skewer","Prepared"],"picked":"SKIP","floor":1},{"not_picked":["Backflip","Tactician"],"picked":"Flying Knee","floor":2},{"not_picked":["Flechettes","Deadly Poison"],"picked":"Eviscerate","floor":3},{"not_picked":["Catalyst","Endless Agony"],"picked":"Dagger Throw","floor":7},{"not_picked":["Eviscerate","Backflip","Slice"],"picked":"SKIP","floor":11},{"not_picked":["Backflip","Outmaneuver"],"picked":"Prepared","floor":12},{"not_picked":["Prepared","Heel Hook"],"picked":"Footwork","floor":14},{"not_picked":["Grand Finale","Malaise"],"picked":"Envenom","floor":16},{"not_picked":["Concentrate","Prepared","Accuracy"],"picked":"SKIP","floor":18},{"not_picked":["Masterful Stab","Finisher"],"picked":"Dash","floor":19},{"not_picked":["Reflex","Bane"],"picked":"Heel Hook+1","floor":21},{"not_picked":["Footwork","Dodge and Roll"],"picked":"Dash","floor":22},{"not_picked":["Flying Knee","Dodge and Roll+1"],"picked":"Bane","floor":24},{"not_picked":["Tools of the Trade","Flechettes"],"picked":"Tactician","floor":29},{"not_picked":["Bouncing Flask","Blade Dance+1"],"picked":"Heel Hook+1","floor":31}],"player_experience":1305846,"relics_obtained":[{"floor":7,"key":"HornCleat"},{"floor":9,"key":"The Courier"},{"floor":11,"key":"Pen Nib"},{"floor":19,"key":"Red Mask"},{"floor":26,"key":"CeramicFish"}],"event_choices":[{"damage_healed":0,"gold_gain":150,"player_choice":"AGREE","damage_taken":0,"max_hp_gain":0,"max_hp_loss":0,"event_name":"Liars Game","floor":5,"gold_loss":0,"cards_obtained":["Doubt"]},{"damage_healed":22,"gold_gain":0,"player_choice":"Banana","damage_taken":0,"max_hp_gain":0,"max_hp_loss":0,"event_name":"Big Fish","floor":10,"gold_loss":0},{"damage_healed":0,"gold_gain":0,"player_choice":"Fought Bandits","damage_taken":0,"max_hp_gain":0,"max_hp_loss":0,"event_name":"Masked Bandits","floor":19,"gold_loss":0},{"damage_healed":0,"gold_gain":0,"player_choice":"Shed Blood","damage_taken":23,"max_hp_gain":5,"max_hp_loss":0,"event_name":"Forgotten Altar","floor":20,"gold_loss":0},{"damage_healed":0,"gold_gain":0,"player_choice":"Upgraded","damage_taken":0,"max_hp_gain":0,"max_hp_loss":0,"event_name":"Upgrade Shrine","floor":27,"gold_loss":0,"cards_upgraded":["Footwork"]}],"is_beta":false,"boss_relics":[{"not_picked":["Ring of the Serpent","WristBlade"],"picked":"Astrolabe"}],"items_purged_floors":[28],"is_endless":false,"potions_floor_spawned":[2,11,12,14,18,19,24],"killed_by":"Collector","ascension_level":17}}