{"host":"03a85bwj0a5skoit","time":1608972540,"event":{"mods":["BaseMod","Block Reminder","Minty Spire (QoL Compilation)","Relic Stats","StSLib"],"gold_per_floor":[114,130,141,153,66,66,66,66,118,133,146,47,7,26,26,100,100,117,117,117],"floor_reached":19,"playtime":748,"items_purged":["Injury"],"score":322,"play_id":"0fa0d31c-ef28-4bcf-aed0-8db1cfb7e7fb","local_time":"20201226191900","is_ascension_mode":true,"campfire_choices":[{"data":"Feel No Pain","floor":6,"key":"SMITH"},{"data":"Heavy Blade","floor":8,"key":"SMITH"},{"data":"Pommel Strike","floor":15,"key":"SMITH"}],"circlet_count":0,"master_deck":["AscendersBane","Strike_R","Strike_R","Strike_R","Strike_R","Defend_R","Defend_R","Defend_R","Defend_R","Bash","Heavy Blade+1","Warcry","Reaper","Ghostly Armor","Feel No Pain+1","Metallicize","Entrench","Shrug It Off","Pommel Strike+1","Dropkick","Reaper","Power Through+1"],"relics":["Cursed Key","Nunchaku","Velvet Choker"],"acts_visited":["Exordium","TheCity"],"potions_floor_usage":[14,16,16],"damage_taken":[{"damage":0,"enemies":"Cultist","floor":1,"turns":3},{"damage":2,"enemies":"Small Slimes","floor":2,"turns":3},{"damage":7,"enemies":"Jaw Worm","floor":3,"turns":2},{"damage":14,"enemies":"3 Louse","floor":4,"turns":4},{"damage":7,"enemies":"2 Fungi Beasts","floor":10,"turns":5},{"damage":11,"enemies":"Large Slime","floor":11,"turns":6},{"damage":3,"enemies":"Looter","floor":13,"turns":4},{"damage":0,"enemies":"Blue Slaver","floor":14,"turns":5},{"damage":39,"enemies":"Slime Boss","floor":16,"turns":14},{"damage":63,"enemies":"3 Byrds","floor":18,"turns":10},{"damage":20,"enemies":"Spheric Guardian","floor":19,"turns":5}],"seed_played":"-6112431576266583571","potions_obtained":[{"floor":1,"key":"DistilledChaos"},{"floor":2,"key":"DuplicationPotion"},{"floor":14,"key":"Strength Potion"}],"is_trial":false,"path_per_floor":["M","M","M","M","$","R","?","R","T","M","M","$","M","M","R","B",null,"M","M"],"character_chosen":"IRONCLAD","items_purchased":["Feel No Pain","Shrug It Off"],"campfire_rested":0,"item_purchase_floors":[5,12],"current_hp_per_floor":[68,66,59,57,57,57,57,57,57,54,49,49,50,53,53,22,62,12,0,0],"gold":117,"neow_bonus":"BOSS_RELIC","is_daily":false,"chose_seed":false,"campfire_upgraded":3,"win_rate":0.0,"timestamp":1608972540,"path_taken":["M","M","?","M","$","R","?","R","T","?","M","$","M","M","R","BOSS","M","M"],"items_purchased_type":["Card","Card"],"build_version":"2020-12-22","purchased_purges":1,"victory":false,"max_hp_per_floor":[75,75,75,75,75,75,75,75,75,75,75,75,75,75,75,75,75,75,75,75],"relic_stats":{"Nunchaku":[8],"counters":[11,61],"Cursed Key":1,"obtain_stats":[{"Nunchaku":9,"Velvet Choker":17,"Cursed Key":0,"Burning Blood":0},{"Nunchaku":4,"Velvet Choker":9,"Cursed Key":0,"Burning Blood":0},{"Nunchaku":12,"Velvet Choker":46,"Cursed Key":0,"Burning Blood":0}]},"card_choices":[{"not_picked":["Thunderclap","Clash"],"picked":"Heavy Blade","floor":1},{"not_picked":["Heavy Blade","Clothesline"],"picked":"Warcry","floor":2},{"not_picked":["Uppercut","Flex"],"picked":"Reaper","floor":3},{"not_picked":["Body Slam","Searing Blow"],"picked":"Ghostly Armor","floor":4},{"not_picked":["Perfected Strike","Seeing Red"],"picked":"Metallicize","floor":10},{"not_picked":["Sword Boomerang","Twin Strike"],"picked":"Entrench","floor":11},{"not_picked":["Cleave","Thunderclap"],"picked":"Pommel Strike","floor":13},{"not_picked":["Heavy Blade","Ghostly Armor"],"picked":"Dropkick","floor":14},{"not_picked":["Brutality","Corruption"],"picked":"Reaper","floor":16},{"not_picked":["Dual Wield","Flex"],"picked":"Power Through+1","floor":18}],"player_experience":2314834,"relics_obtained":[{"floor":9,"key":"Nunchaku"}],"event_choices":[{"cards_removed":["Strike_R"],"damage_healed":0,"gold_gain":0,"player_choice":"Card Removal","damage_taken":0,"max_hp_gain":0,"max_hp_loss":0,"event_name":"Wheel of Change","floor":7,"gold_loss":0}],"is_beta":false,"boss_relics":[{"not_picked":["Empty Cage","SacredBark"],"picked":"Velvet Choker"}],"items_purged_floors":[12],"is_endless":false,"potions_floor_spawned":[1,2,10,11,14],"killed_by":"Spheric Guardian","ascension_level":20}}