{"host":"Squid","time":1608943422,"event":{"mods":["BaseMod","Minty Spire (QoL Compilation)","StSLib"],"gold_per_floor":[112,130,146,156,172,172,184,184,239,269,269,68,68,79,79,184,184,197,213,229,229,229,229],"floor_reached":22,"playtime":1077,"items_purged":["Strike_B"],"score":310,"play_id":"ad0bde2a-727b-4b62-bc87-4116e16396b1","local_time":"20201225194342","is_ascension_mode":true,"campfire_choices":[{"data":"Sweeping Beam","floor":6.0,"key":"SMITH"},{"data":"Lockon","floor":8.0,"key":"SMITH"},{"data":"Creative AI","floor":11.0,"key":"SMITH"},{"data":"Defragment","floor":13.0,"key":"SMITH"},{"floor":15.0,"key":"REST"}],"circlet_count":0,"master_deck":["AscendersBane","Strike_B","Strike_B","Strike_B","Defend_B","Defend_B","Defend_B","Defend_B","Zap","Dualcast","Aggregate","Glacier","Genetic Algorithm","Sweeping Beam+1","Tempest","Lockon+1","Creative AI+1","Defragment+1","Melter","Conserve Battery","Echo Form","Barrage+1","Turbo+1","Ghostly","Ghostly","Ghostly","Ghostly","Ghostly"],"relics":["Cracked Core","Smiling Mask","Juzu Bracelet","Inserter"],"acts_visited":["Exordium","TheCity"],"potions_floor_usage":[20],"damage_taken":[{"damage":7.0,"enemies":"Small Slimes","floor":1.0,"turns":3.0},{"damage":2.0,"enemies":"2 Louse","floor":2.0,"turns":3.0},{"damage":2.0,"enemies":"Jaw Worm","floor":3.0,"turns":3.0},{"damage":7.0,"enemies":"Blue Slaver","floor":4.0,"turns":4.0},{"damage":6.0,"enemies":"2 Fungi Beasts","floor":5.0,"turns":3.0},{"damage":8.0,"enemies":"3 Louse","floor":7.0,"turns":2.0},{"damage":13.0,"enemies":"3 Sentries","floor":10.0,"turns":7.0},{"damage":3.0,"enemies":"Exordium Thugs","floor":14.0,"turns":5.0},{"damage":47.0,"enemies":"Slime Boss","floor":16.0,"turns":8.0},{"damage":3,"enemies":"Spheric Guardian","floor":18,"turns":8},{"damage":4,"enemies":"Shell Parasite","floor":19,"turns":5},{"damage":30,"enemies":"Chosen and Byrds","floor":20,"turns":6},{"damage":28,"enemies":"Snecko","floor":22,"turns":7}],"seed_played":"9025051489914026593","potions_obtained":[{"floor":1.0,"key":"EssenceOfDarkness"},{"floor":3.0,"key":"PowerPotion"},{"floor":5.0,"key":"AttackPotion"},{"floor":14.0,"key":"DuplicationPotion"}],"is_trial":false,"path_per_floor":["M","M","M","M","M","R","M","R","T","E","R","$","R","M","R","B",null,"M","M","M","?","M"],"character_chosen":"DEFECT","items_purchased":["Defragment","Melter"],"campfire_rested":1,"item_purchase_floors":[12,12],"current_hp_per_floor":[68,66,64,57,51,51,43,43,43,30,30,30,30,27,51,4,63,60,56,26,26,0,0],"gold":229,"neow_bonus":"TEN_PERCENT_HP_BONUS","is_daily":false,"chose_seed":false,"campfire_upgraded":4,"win_rate":0.0,"timestamp":1608943422,"path_taken":["M","M","M","M","M","R","M","R","T","E","R","$","R","M","R","BOSS","M","M","M","?","M"],"items_purchased_type":["Card","Card"],"build_version":"2020-12-18","purchased_purges":1,"victory":false,"max_hp_per_floor":[82,82,82,82,82,82,82,82,82,82,82,82,82,82,82,82,82,82,82,82,41,41,41],"card_choices":[{"not_picked":["Barrage","Streamline"],"picked":"Aggregate","floor":1.0},{"not_picked":["Ball Lightning","Leap"],"picked":"Glacier","floor":2.0},{"not_picked":["Stack","Leap"],"picked":"Genetic Algorithm","floor":3.0},{"not_picked":["Barrage","Rebound"],"picked":"Sweeping Beam","floor":4.0},{"not_picked":["Chaos","Go for the Eyes"],"picked":"Tempest","floor":5.0},{"not_picked":["Gash","Beam Cell"],"picked":"Lockon","floor":7.0},{"not_picked":["Chill","Beam Cell"],"picked":"Creative AI","floor":10.0},{"not_picked":["Rip and Tear","Chaos"],"picked":"Conserve Battery","floor":14.0},{"not_picked":["Reboot","Hyperbeam"],"picked":"Echo Form","floor":16.0},{"not_picked":["Hologram","Fusion"],"picked":"Barrage+1","floor":18},{"not_picked":["Capacitor","Stack","Redo"],"picked":"SKIP","floor":19},{"not_picked":["Heatsinks","Ball Lightning+1"],"picked":"Turbo+1","floor":20}],"player_experience":839215,"relics_obtained":[{"floor":9.0,"key":"Smiling Mask"},{"floor":10.0,"key":"Juzu Bracelet"}],"event_choices":[{"damage_healed":0,"gold_gain":0,"player_choice":"Became a Ghost","damage_taken":0,"max_hp_gain":0,"max_hp_loss":41,"event_name":"Ghosts","floor":21,"gold_loss":0,"cards_obtained":["Ghostly","Ghostly","Ghostly","Ghostly","Ghostly"]}],"is_beta":true,"boss_relics":[{"not_picked":["Black Star","Busted Crown"],"picked":"Inserter"}],"items_purged_floors":[12],"is_endless":false,"potions_floor_spawned":[1,3,5,14],"killed_by":"Snecko","ascension_level":10}}