{"host":"5fpb1gzflhq9886n","time":1608941352,"event":{"mods":["AchievementEnabler","BaseMod","Colored Map","Colored Powertips","Minty Spire (QoL Compilation)","Permanent Neow"],"gold_per_floor":[117,131,131,131,158,158,182,234,234,284,284,293,321,345,345,475,475,502,531,446,396,38,83,83,117,117,117,139,139,166,166,166],"floor_reached":31,"playtime":1386,"items_purged":[],"score":305,"play_id":"5925d82a-7c9e-4900-9c23-26ee37069830","local_time":"20201225190912","is_ascension_mode":true,"campfire_choices":[{"floor":6.0,"key":"REST"},{"floor":11.0,"key":"REST"},{"floor":15.0,"key":"REST"},{"floor":24.0,"key":"REST"},{"floor":27.0,"key":"REST"},{"floor":29.0,"key":"REST"}],"circlet_count":0,"master_deck":["Strike_G","Strike_G","Strike_G","Strike_G","Strike_G","Defend_G","Defend_G","Defend_G","Defend_G","Defend_G","Survivor","Neutralize","Sucker Punch","Dagger Spray","Infinite Blades","Backstab","Skewer","Pain","Blade Dance","Deadly Poison","Corpse Explosion","Poisoned Stab","Leg Sweep","Accuracy","Deadly Poison+1","Die Die Die","Dash+1","Blade Dance"],"relics":["SacredBark","Golden Idol","Bag of Preparation","CeramicFish","Du-Vu Doll","Question Card","WarpedTongs","Philosopher\u0027s Stone","Shovel","Torii","Matryoshka","Anchor","Gremlin Horn"],"acts_visited":["Exordium","TheCity"],"potions_floor_usage":[],"damage_taken":[{"damage":10.0,"enemies":"Cultist","floor":1.0,"turns":5.0},{"damage":1.0,"enemies":"2 Louse","floor":2.0,"turns":4.0},{"damage":1.0,"enemies":"Jaw Worm","floor":7.0,"turns":4.0},{"damage":36.0,"enemies":"3 Sentries","floor":8.0,"turns":7.0},{"damage":10.0,"enemies":"Lagavulin","floor":10.0,"turns":6.0},{"damage":0.0,"enemies":"2 Fungi Beasts","floor":13.0,"turns":2.0},{"damage":4.0,"enemies":"Gremlin Gang","floor":14.0,"turns":2.0},{"damage":27.0,"enemies":"Hexaghost","floor":16.0,"turns":11.0},{"damage":10.0,"enemies":"Spheric Guardian","floor":18.0,"turns":3.0},{"damage":6.0,"enemies":"3 Byrds","floor":19.0,"turns":3.0},{"damage":21.0,"enemies":"Slavers","floor":23.0,"turns":2.0},{"damage":32.0,"enemies":"Cultist and Chosen","floor":25.0,"turns":6.0},{"damage":30.0,"enemies":"Shelled Parasite and Fungi","floor":28.0,"turns":3.0},{"damage":14,"enemies":"Snake Plant","floor":30,"turns":4},{"damage":9,"enemies":"Cultist and Chosen","floor":31,"turns":1}],"seed_played":"-6702561988708415415","potions_obtained":[{"floor":2.0,"key":"Strength Potion"},{"floor":8.0,"key":"Fire Potion"},{"floor":14.0,"key":"GamblersBrew"},{"floor":18.0,"key":"Weak Potion"},{"floor":23.0,"key":"FearPotion"}],"is_trial":false,"path_per_floor":["M","M","?","?","T","R","M","E","T","E","R","?","M","M","R","B",null,"M","M","?","?","$","E","R","M","T","R","M","R","M","M"],"character_chosen":"THE_SILENT","items_purchased":["Accuracy","Torii"],"campfire_rested":6,"item_purchase_floors":[22,22],"current_hp_per_floor":[60,59,59,34,34,53,52,16,16,6,25,25,25,21,40,13,65,55,49,49,49,49,28,47,15,15,34,4,23,9,0,0],"gold":166,"neow_bonus":"BOSS_RELIC","is_daily":false,"chose_seed":false,"campfire_upgraded":0,"win_rate":0.0,"timestamp":1608941352,"path_taken":["M","?","?","?","?","R","M","E","T","E","R","?","M","?","R","BOSS","M","M","?","?","$","E","R","M","T","R","M","R","M","?"],"items_purchased_type":["Card","Relic"],"build_version":"2020-12-22","purchased_purges":0,"victory":false,"max_hp_per_floor":[70,70,65,65,65,65,65,65,65,65,65,65,65,65,65,65,65,65,65,65,65,65,65,65,65,65,65,65,65,65,65,65],"card_choices":[{"not_picked":["Setup","Underhanded Strike"],"picked":"Sucker Punch","floor":1.0},{"not_picked":["Cloak And Dagger","Backflip"],"picked":"Dagger Spray","floor":2.0},{"not_picked":["Bane","Prepared"],"picked":"Infinite Blades","floor":7.0},{"not_picked":["Prepared","Acrobatics"],"picked":"Backstab","floor":8.0},{"not_picked":["Storm of Steel","Masterful Stab"],"picked":"Skewer","floor":10.0},{"not_picked":["Deflect","Deadly Poison","Sucker Punch"],"picked":"Blade Dance","floor":13.0},{"not_picked":["Bane","Outmaneuver","Reflex"],"picked":"Deadly Poison","floor":14.0},{"not_picked":["Unload","Wraith Form v2","Burst"],"picked":"Corpse Explosion","floor":16.0},{"not_picked":["Prepared","Cloak And Dagger","Bane+1"],"picked":"Poisoned Stab","floor":18.0},{"not_picked":["Backflip","Setup+1","Deflect"],"picked":"Leg Sweep","floor":19.0},{"not_picked":["Poisoned Stab","After Image","Slice+1"],"picked":"Deadly Poison+1","floor":23.0},{"not_picked":["Quick Slash","Flechettes+1","Outmaneuver+1"],"picked":"Die Die Die","floor":25.0},{"not_picked":["Dagger Throw","Tactician+1","Prepared+1"],"picked":"Dash+1","floor":28.0},{"not_picked":["Cloak And Dagger","Deadly Poison","Deflect"],"picked":"Blade Dance","floor":30}],"player_experience":632308,"relics_obtained":[{"floor":8.0,"key":"CeramicFish"},{"floor":9.0,"key":"Du-Vu Doll"},{"floor":10.0,"key":"Question Card"},{"floor":23.0,"key":"Matryoshka"},{"floor":26.0,"key":"Anchor"},{"floor":26.0,"key":"Gremlin Horn"}],"event_choices":[{"damage_healed":0.0,"max_hp_gain":0.0,"max_hp_loss":5.0,"gold_gain":0.0,"event_name":"Golden Idol","player_choice":"Lose Max HP","floor":3.0,"gold_loss":0.0,"damage_taken":0.0,"relics_obtained":["Golden Idol"]},{"damage_healed":0.0,"max_hp_gain":0.0,"max_hp_loss":0.0,"gold_gain":0.0,"event_name":"Scrap Ooze","player_choice":"Success","floor":4.0,"gold_loss":0.0,"damage_taken":25.0,"relics_obtained":["Bag of Preparation"]},{"damage_healed":0.0,"max_hp_gain":0.0,"max_hp_loss":0.0,"gold_gain":0.0,"event_name":"Accursed Blacksmith","player_choice":"Rummage","floor":12.0,"gold_loss":0.0,"damage_taken":0.0,"relics_obtained":["WarpedTongs"],"cards_obtained":["Pain"]},{"damage_healed":0.0,"max_hp_gain":0.0,"max_hp_loss":0.0,"gold_gain":0.0,"event_name":"Addict","player_choice":"Obtained Relic","floor":20.0,"gold_loss":85.0,"damage_taken":0.0,"relics_obtained":["Shovel"]},{"damage_healed":0.0,"max_hp_gain":0.0,"max_hp_loss":0.0,"gold_gain":0.0,"event_name":"The Joust","player_choice":"Bet on Owner","floor":21.0,"gold_loss":50.0,"damage_taken":0.0}],"is_beta":false,"boss_relics":[{"not_picked":["SlaversCollar","Black Star"],"picked":"Philosopher\u0027s Stone"}],"items_purged_floors":[],"is_endless":false,"potions_floor_spawned":[2,8,14,18,23,25],"killed_by":"Cultist and Chosen","ascension_level":3}}