{"host":"xkmvu47k9fdstweo","time":1608981023,"event":{"mods":["BaseMod","Colored Map","Conspire","Hubris","Minty Spire (QoL Compilation)","Quick Restart","Railgun Mod","Shop Mod","StSLib","The Alterego","The Servant 0.9.4","The Wild Card","TheBandit","WarShipGirlsR/??è≠èóR mod","vexMod"],"gold_per_floor":[114,80,98,117,117,148,165,200,200,234,234,247,247,247,247,352,402,413,424,227,239,259,259,287,287,287],"floor_reached":25,"playtime":755,"items_purged":[],"score":255,"play_id":"283d88b0-4089-4caa-83fb-4989936e3fec","local_time":"20201226061022","is_ascension_mode":true,"campfire_choices":[{"floor":11,"key":"REST"},{"data":"TheRailgun:Judgement_Officer","floor":15,"key":"SMITH"},{"floor":23,"key":"REST"}],"circlet_count":0,"master_deck":["TheRailgun:Strike","TheRailgun:Strike+1","TheRailgun:Strike","TheRailgun:Strike","TheRailgun:Defend","TheRailgun:Defend","TheRailgun:Defend","TheRailgun:Defend","TheRailgun:Discharge","TheRailgun:Static","TheRailgun:Zip","TheRailgun:Pull","TheRailgun:Iron_Dust_Sword","TheRailgun:Railgun","TheRailgun:Stun_Shock","TheRailgun:Judgement_Officer+1","TheRailgun:Biribiri","TheRailgun:Lightning_Speed","TheRailgun:Crack","TheRailgun:Mental_Out","TheRailgun:Magnetic_Flight+1","TheRailgun:Thunderjolt","TheRailgun:Heroinism+1","TheRailgun:Iron_Dust_Sword+1","Apotheosis","TheRailgun:Aerial_Shot","TheRailgun:Magnetic_Movement+1"],"relics":["TheRailgun:CoinRelic","NeowsBlessing","Tiny Chest","Letter Opener","InkBottle","Frozen Egg 2","hubris:TenFootPole","Tiny House","vexMod:FocusSash"],"acts_visited":["Exordium","TheCity"],"potions_floor_usage":[8,16,16,21,24,24,25],"damage_taken":[{"damage":0,"enemies":"Cultist","floor":1,"turns":1},{"damage":0,"enemies":"Small Slimes","floor":3,"turns":1},{"damage":0,"enemies":"2 Louse","floor":4,"turns":1},{"damage":14,"enemies":"Lagavulin","floor":6,"turns":5},{"damage":2,"enemies":"Blue Slaver","floor":7,"turns":4},{"damage":10,"enemies":"3 Sentries","floor":8,"turns":5},{"damage":14,"enemies":"Gremlin Nob","floor":10,"turns":3},{"damage":0,"enemies":"Large Slime","floor":12,"turns":3},{"damage":14,"enemies":"Hexaghost","floor":16,"turns":7},{"damage":9,"enemies":"Shell Parasite","floor":18,"turns":5},{"damage":32,"enemies":"2 Thieves","floor":19,"turns":5},{"damage":15,"enemies":"3 Cultists","floor":21,"turns":5},{"damage":5,"enemies":"Snecko","floor":22,"turns":3},{"damage":17,"enemies":"Book of Stabbing","floor":24,"turns":5},{"damage":19,"enemies":"Snake Plant","floor":25,"turns":5}],"seed_played":"3524146402398833435","potions_obtained":[{"floor":7,"key":"Energy Potion"},{"floor":8,"key":"LiquidBronze"},{"floor":10,"key":"Weak Potion"},{"floor":16,"key":"Fire Potion"},{"floor":17,"key":"DuplicationPotion"},{"floor":18,"key":"DuplicationPotion"},{"floor":21,"key":"Swift Potion"}],"is_trial":false,"path_per_floor":["M","$","M","M","?","E","M","E","T","E","R","M","?","?","R","B",null,"M","M","$","M","M","R","E","M"],"character_chosen":"THE_DEFAULT","items_purchased":["TheRailgun:Iron_Dust_Sword","Apotheosis"],"campfire_rested":2,"item_purchase_floors":[2,20],"current_hp_per_floor":[70,70,70,70,45,31,29,19,19,5,26,26,26,49,49,35,75,66,34,34,19,14,36,19,0,0],"gold":287,"neow_bonus":"THREE_ENEMY_KILL","is_daily":false,"chose_seed":false,"campfire_upgraded":1,"win_rate":0.0,"timestamp":1608981022,"path_taken":["M","$","M","?","?","E","M","E","T","E","R","M","?","?","R","BOSS","M","M","$","M","M","R","E","M"],"items_purchased_type":["Card","Card"],"build_version":"2020-12-22","purchased_purges":0,"victory":false,"max_hp_per_floor":[70,70,70,70,70,70,70,70,70,70,70,70,70,70,70,70,75,75,75,75,75,75,75,75,75,75],"card_choices":[{"not_picked":["TheRailgun:Gekota_Phone","TheRailgun:Thundershock"],"picked":"TheRailgun:Pull","floor":1},{"not_picked":["TheRailgun:Electrical_Fire","TheRailgun:Positive_Field"],"picked":"TheRailgun:Railgun","floor":3},{"not_picked":["TheRailgun:Gekotamania","TheRailgun:Mental_Out"],"picked":"TheRailgun:Stun_Shock","floor":4},{"not_picked":["TheRailgun:Electrical_Fire","TheRailgun:Coin_Flip"],"picked":"TheRailgun:Judgement_Officer","floor":6},{"not_picked":["TheRailgun:Push","TheRailgun:Recharge"],"picked":"TheRailgun:Biribiri","floor":7},{"not_picked":["TheRailgun:Railgun","TheRailgun:Iron_Dust_Sword"],"picked":"TheRailgun:Lightning_Speed","floor":8},{"not_picked":["TheRailgun:Push","TheRailgun:Recharge"],"picked":"TheRailgun:Crack","floor":10},{"not_picked":["TheRailgun:Iron_Dust_Vial","TheRailgun:Thunderbolt"],"picked":"TheRailgun:Mental_Out","floor":12},{"not_picked":["TheRailgun:Railgun","TheRailgun:Thundervolt"],"picked":"TheRailgun:Magnetic_Flight+1","floor":16},{"not_picked":["TheRailgun:Taser+1","TheRailgun:Lightningbolt"],"picked":"TheRailgun:Thunderjolt","floor":17},{"not_picked":["TheRailgun:Magnetic_Movement+1","TheRailgun:Crackle"],"picked":"TheRailgun:Heroinism+1","floor":18},{"not_picked":["TheRailgun:Scatter_Railgun+1","TheRailgun:Zip"],"picked":"TheRailgun:Iron_Dust_Sword+1","floor":19},{"not_picked":["TheRailgun:Oneesama+1","TheRailgun:Teleporter"],"picked":"TheRailgun:Aerial_Shot","floor":21},{"not_picked":["TheRailgun:Static","TheRailgun:Oneesama+1"],"picked":"TheRailgun:Magnetic_Movement+1","floor":22},{"not_picked":["TheRailgun:Crackle","TheRailgun:Thunder","TheRailgun:Push"],"picked":"SKIP","floor":24}],"player_experience":334869,"relics_obtained":[{"floor":6,"key":"Letter Opener"},{"floor":8,"key":"InkBottle"},{"floor":9,"key":"Frozen Egg 2"},{"floor":10,"key":"hubris:TenFootPole"},{"floor":24,"key":"vexMod:FocusSash"}],"event_choices":[{"damage_healed":0,"gold_gain":0,"player_choice":"Success","damage_taken":25,"relics_obtained":["Tiny Chest"],"max_hp_gain":0,"max_hp_loss":0,"event_name":"Scrap Ooze","floor":5,"gold_loss":0},{"damage_healed":0,"gold_gain":0,"player_choice":"Disagree","damage_taken":0,"max_hp_gain":0,"max_hp_loss":0,"event_name":"conspire:LoneGhost","floor":13,"gold_loss":0},{"damage_healed":23,"gold_gain":0,"player_choice":"Banana","damage_taken":0,"max_hp_gain":0,"max_hp_loss":0,"event_name":"Big Fish","floor":14,"gold_loss":0}],"is_beta":false,"boss_relics":[{"not_picked":["Velvet Choker","Runic Dome"],"picked":"Tiny House"}],"items_purged_floors":[],"is_endless":false,"potions_floor_spawned":[7,8,10,16,18,21],"killed_by":"Snake Plant","ascension_level":1}}