{"host":"ivx814w8r949vc3j","time":1608991101,"event":{"mods":["AchievementEnabler","Act Like it!","BaseMod","Bestiary","Colored Powertips","GifTheSpireLib","Marisa????????","Minty Spire (QoL Compilation)","StSLib","UnlockEverythingMod"],"gold_per_floor":[117,183,133,146,43,71,71,82,82,96,115,29,54,65,65,167,167,177,196,41,53,68,95,95,10,10,10,10,10,10,10,10,112,162,176,188,7,353,353,353,366,366,390,400,426,6,52,64,64,64],"floor_reached":51,"playtime":2441,"items_purged":["Strike_MRS","Defend_MRS","Parasite"],"score":805,"play_id":"d4e17953-84bb-4804-92a4-244c7470fc06","local_time":"20201226145821","is_ascension_mode":false,"campfire_choices":[{"data":"MillisecondPulsars","floor":7.0,"key":"SMITH"},{"data":"MachineGunSpark","floor":15.0,"key":"SMITH"},{"data":"RefractionSpark","floor":24.0,"key":"SMITH"},{"data":"OortCloud","floor":28.0,"key":"SMITH"},{"data":"RefractionSpark","floor":32,"key":"SMITH"},{"data":"OortCloud","floor":40,"key":"SMITH"},{"data":"MaximisePower","floor":49,"key":"SMITH"}],"circlet_count":0,"master_deck":["Strike_MRS","Strike_MRS+1","Defend_MRS+1","MasterSpark","UpSweep","GrandCross+1","OortCloud+1","MillisecondPulsars+1","RefractionSpark+1","ChargeUpSpray","MachineGunSpark+1","UltimateShortwave","RefractionSpark+1","AlicesGift","MaximisePower+1","AsteroidBelt","OortCloud+1","MachineGunSpark+1","RefractionSpark+1"],"relics":["MiniHakkero","SproutingBranch","Ginger","Gremlin Horn","Pen Nib","Sozu","Art of War","Bag of Marbles","Regal Pillow","Tiny House","Old Coin","Centennial Puzzle","Nunchaku","Whetstone","Bag of Preparation","CatCart"],"acts_visited":["Exordium","TheCity","TheBeyond"],"potions_floor_usage":[33,47],"damage_taken":[{"damage":0.0,"enemies":"Cultist","floor":1.0,"turns":3.0},{"damage":5.0,"enemies":"Small Slimes","floor":4.0,"turns":3.0},{"damage":15.0,"enemies":"Lagavulin","floor":6.0,"turns":6.0},{"damage":0.0,"enemies":"2 Louse","floor":8.0,"turns":4.0},{"damage":17.0,"enemies":"Exordium Thugs","floor":10.0,"turns":5.0},{"damage":18.0,"enemies":"3 Louse","floor":11.0,"turns":3.0},{"damage":8.0,"enemies":"Gremlin Nob","floor":13.0,"turns":3.0},{"damage":13.0,"enemies":"Blue Slaver","floor":14.0,"turns":4.0},{"damage":0.0,"enemies":"Slime Boss","floor":16.0,"turns":5.0},{"damage":8.0,"enemies":"Shell Parasite","floor":18.0,"turns":4.0},{"damage":4.0,"enemies":"Chosen","floor":19.0,"turns":3.0},{"damage":7.0,"enemies":"Centurion and Healer","floor":21.0,"turns":4.0},{"damage":11.0,"enemies":"Sentry and Sphere","floor":22.0,"turns":4.0},{"damage":22.0,"enemies":"Book of Stabbing","floor":23.0,"turns":4.0},{"damage":37,"enemies":"Automaton","floor":33,"turns":7},{"damage":11,"enemies":"3 Darklings","floor":35,"turns":4},{"damage":7,"enemies":"3 Shapes","floor":36,"turns":3},{"damage":13,"enemies":"2 Orb Walkers","floor":38,"turns":3},{"damage":2,"enemies":"Writhing Mass","floor":41,"turns":4},{"damage":21,"enemies":"3 Darklings","floor":44,"turns":2},{"damage":2,"enemies":"Nemesis","floor":45,"turns":3},{"damage":20,"enemies":"Orin","floor":47,"turns":8},{"damage":9,"enemies":"Transient","floor":48,"turns":5},{"damage":49,"enemies":"Awakened One","floor":50,"turns":8}],"seed_played":"290838894709223429","potions_obtained":[{"floor":4.0,"key":"Dexterity Potion"},{"floor":6.0,"key":"SteroidPotion"},{"floor":14.0,"key":"PowerPotion"}],"is_trial":false,"path_per_floor":["M","?","?","M","$","E","R","M","T","M","M","?","E","M","R","B",null,"M","M","$","M","M","E","R","?","T","?","R","?","?","$","R","B",null,"M","M","$","?","?","R","M","?","T","M","E","$","?","M","R","B",null],"character_chosen":"MARISA","items_purchased":["FairyPotion","RefractionSpark","OortCloud","Whetstone","Bag of Preparation"],"campfire_rested":0,"item_purchase_floors":[5,20,37,46,46],"current_hp_per_floor":[75,75,75,70,70,55,55,67,67,64,55,55,56,55,55,69,75,71,75,75,71,64,54,54,54,54,54,54,54,54,54,54,32,80,76,77,77,71,71,71,80,76,76,55,62,62,55,61,61,27],"gold":64,"neow_bonus":"REMOVE_CARD","is_daily":false,"chose_seed":false,"campfire_upgraded":7,"win_rate":0.0,"timestamp":1608991101,"path_taken":["M","?","?","M","$","E","R","M","T","M","M","?","E","M","R","BOSS","M","?","$","M","M","E","R","?","T","?","R","?","?","?","R","BOSS","M","M","$","?","?","R","M","?","T","M","E","$","?","M","R","BOSS"],"items_purchased_type":["Potion","Card","Card","Relic","Relic"],"build_version":"2020-12-22","purchased_purges":3,"victory":true,"max_hp_per_floor":[75,75,75,75,75,75,75,75,75,75,75,75,75,75,75,75,75,75,75,75,75,75,75,75,75,75,75,75,75,75,75,75,75,80,80,80,80,80,80,80,80,76,76,76,76,73,73,73,73,73],"card_choices":[{"not_picked":["WitchLeyline","IllusionStar"],"picked":"GrandCross","floor":1.0},{"not_picked":["MagicChant","DarkMatter"],"picked":"OortCloud","floor":4.0},{"not_picked":["ChargeUpSpray","UnstableBomb"],"picked":"MillisecondPulsars","floor":6.0},{"not_picked":["WitchLeyline","WitchOfGreed","GrandCross"],"picked":"SKIP","floor":8.0},{"not_picked":["DoubleSpark","SporeBomb"],"picked":"RefractionSpark","floor":10.0},{"not_picked":["DoubleSpark","LuminesStrike"],"picked":"ChargeUpSpray","floor":11.0},{"not_picked":["GrandCross","OneTimeOff"],"picked":"MachineGunSpark","floor":13.0},{"not_picked":["OpenUniverse","StarlightTyphoon","GalacticHalo"],"picked":"SKIP","floor":14.0},{"not_picked":["SuperNova","MillisecondPulsars"],"picked":"UltimateShortwave","floor":16.0},{"not_picked":["LuminesStrike","UnstableBomb","DoubleSpark+1"],"picked":"SKIP","floor":18.0},{"not_picked":["Acceleration","LuminesStrike+1","Occultation"],"picked":"SKIP","floor":19.0},{"not_picked":["SporeBomb","MillisecondPulsars","IllusionStar"],"picked":"SKIP","floor":21.0},{"not_picked":["WitchLeyline+1","OrrerysSun","ShootingEcho+1"],"picked":"SKIP","floor":22.0},{"not_picked":["DragonMeteor","WitchLeyline"],"picked":"AlicesGift","floor":23.0},{"not_picked":["MillisecondPulsars","SatelliteIllusion"],"picked":"MaximisePower","floor":33},{"not_picked":["DragonMeteor+1","DoubleSpark"],"picked":"AsteroidBelt","floor":34},{"not_picked":["LuminesStrike","ShootingEcho","DoubleSpark+1"],"picked":"SKIP","floor":35},{"not_picked":["Acceleration","ManaConvection","MysteriousBeam"],"picked":"SKIP","floor":36},{"not_picked":["IllusionStar","AlicesGift+1"],"picked":"MachineGunSpark+1","floor":38},{"not_picked":["AsteroidBelt","TreasureHunter"],"picked":"RefractionSpark+1","floor":41},{"not_picked":["Acceleration","DarkSpark+1","LuminesStrike"],"picked":"SKIP","floor":44},{"not_picked":["NonDirectionalLaser+1","GalacticHalo","UltimateShortwave"],"picked":"SKIP","floor":45},{"not_picked":["ShootingEcho","MagicChant+1","NonDirectionalLaser"],"picked":"SKIP","floor":48}],"player_experience":153975,"relics_obtained":[{"floor":6.0,"key":"SproutingBranch"},{"floor":9.0,"key":"Ginger"},{"floor":13.0,"key":"Pen Nib"},{"floor":23.0,"key":"Art of War"},{"floor":38,"key":"Old Coin"},{"floor":43,"key":"Centennial Puzzle"},{"floor":45,"key":"Nunchaku"},{"floor":47,"key":"CatCart"}],"event_choices":[{"damage_healed":0.0,"max_hp_gain":0.0,"max_hp_loss":0.0,"gold_gain":66.0,"event_name":"Golden Wing","player_choice":"Gained Gold","floor":2.0,"gold_loss":0.0,"damage_taken":0.0},{"cards_removed":["Defend_MRS"],"damage_healed":0.0,"max_hp_gain":0.0,"max_hp_loss":0.0,"gold_gain":0.0,"event_name":"The Cleric","player_choice":"Card Removal","floor":3.0,"gold_loss":50.0,"damage_taken":0.0},{"damage_healed":0.0,"max_hp_gain":0.0,"max_hp_loss":0.0,"gold_gain":0.0,"event_name":"WeMeetAgain","player_choice":"Paid Gold","floor":12.0,"gold_loss":86.0,"damage_taken":0.0,"relics_obtained":["Gremlin Horn"]},{"damage_healed":0.0,"max_hp_gain":0.0,"max_hp_loss":0.0,"gold_gain":0.0,"event_name":"Addict","player_choice":"Obtained Relic","floor":25.0,"gold_loss":85.0,"damage_taken":0.0,"relics_obtained":["Bag of Marbles"]},{"damage_healed":0.0,"max_hp_gain":0.0,"max_hp_loss":0.0,"gold_gain":0.0,"event_name":"The Mausoleum","player_choice":"Opened","floor":27.0,"gold_loss":0.0,"damage_taken":0.0,"relics_obtained":["Regal Pillow"]},{"cards_removed":["Defend_MRS"],"damage_healed":0,"gold_gain":0,"player_choice":"Elegance","damage_taken":0,"max_hp_gain":0,"max_hp_loss":0,"event_name":"Back to Basics","floor":29,"gold_loss":0},{"damage_healed":0,"gold_gain":0,"player_choice":"Ignored","damage_taken":0,"max_hp_gain":0,"max_hp_loss":0,"event_name":"Vampires","floor":30,"gold_loss":0},{"damage_healed":0,"gold_gain":0,"player_choice":"Fight","damage_taken":0,"max_hp_gain":0,"max_hp_loss":0,"event_name":"Mysterious Sphere","floor":38,"gold_loss":0},{"damage_healed":0,"gold_gain":0,"player_choice":"Memory 1","damage_taken":0,"max_hp_gain":0,"max_hp_loss":0,"event_name":"SensoryStone","floor":39,"gold_loss":0},{"damage_healed":0,"gold_gain":0,"player_choice":"Max HP","damage_taken":0,"max_hp_gain":0,"max_hp_loss":4,"event_name":"Winding Halls","floor":42,"gold_loss":0},{"damage_healed":0,"gold_gain":0,"player_choice":"Fight","damage_taken":0,"max_hp_gain":0,"max_hp_loss":0,"event_name":"OrinTheCat","floor":47,"gold_loss":0}],"is_beta":false,"boss_relics":[{"not_picked":["Busted Crown","Cursed Key"],"picked":"Sozu"},{"not_picked":["Runic Pyramid","Velvet Choker"],"picked":"Tiny House"}],"items_purged_floors":[20,37,46],"is_endless":false,"potions_floor_spawned":[4,6,14,16,22,23,41,44,47],"ascension_level":0}}