{"host":"6pgtslebjnyv5xmi","time":1608972180,"event":{"mods":["AchievementEnabler","BaseMod","Colored Map","Minty Spire (QoL Compilation)","Rare Cards Sparkle","StSLib","SuperFastMode","Td1madao Mod","everything is the same but u backflip on backflip"],"gold_per_floor":[114,130,149,163,163,163,182,195,222,222,222,236,236,277,277,405,405,424,424,394,413,425,425,442,55,55,74,84,94,94,112,112,209,209,226,226,226,242,162,187,200,200,200,227,127,147,147,157,157,157,157],"floor_reached":50,"playtime":1871,"items_purged":["Defend_R","Bash","Body Slam"],"score":610,"play_id":"285744c4-d369-4007-81de-08ef89a167a9","local_time":"20201226174300","is_ascension_mode":false,"campfire_choices":[{"data":"Searing Blow","floor":6.0,"key":"SMITH"},{"data":"Searing Blow+1","floor":10.0,"key":"SMITH"},{"data":"Searing Blow+2","floor":13.0,"key":"SMITH"},{"data":"Searing Blow+3","floor":15.0,"key":"SMITH"},{"data":"Searing Blow+4","floor":23.0,"key":"SMITH"},{"data":"Searing Blow+5","floor":30.0,"key":"SMITH"},{"data":"Searing Blow+6","floor":32.0,"key":"SMITH"},{"data":"Searing Blow+7","floor":42.0,"key":"SMITH"},{"floor":49,"key":"REST"}],"circlet_count":0,"master_deck":["Feed","Searing Blow+8","Ghostly Armor+1","Headbutt","Armaments","Thunderclap+1","Double Tap","Spot Weakness","Shockwave","Immolate","Reckless Charge","Battle Trance","Dual Wield+1","Armaments+1"],"relics":["Burning Blood","Bloody Idol","Lantern","Toy Ornithopter","Empty Cage","Unceasing Top","The Courier","Pandora\u0027s Box","Boot","Molten Egg 2","Red Skull"],"acts_visited":["Exordium","TheCity","TheBeyond"],"potions_floor_usage":[48,50,50,50],"damage_taken":[{"damage":1.0,"enemies":"Cultist","floor":1.0,"turns":3.0},{"damage":8.0,"enemies":"Small Slimes","floor":2.0,"turns":3.0},{"damage":0.0,"enemies":"2 Louse","floor":3.0,"turns":3.0},{"damage":5.0,"enemies":"Looter","floor":4.0,"turns":3.0},{"damage":15.0,"enemies":"2 Fungi Beasts","floor":7.0,"turns":5.0},{"damage":26.0,"enemies":"Gremlin Gang","floor":8.0,"turns":3.0},{"damage":0.0,"enemies":"Looter","floor":12.0,"turns":3.0},{"damage":0.0,"enemies":"Lagavulin","floor":14.0,"turns":5.0},{"damage":13.0,"enemies":"Slime Boss","floor":16.0,"turns":8.0},{"damage":0.0,"enemies":"Chosen","floor":18.0,"turns":4.0},{"damage":10.0,"enemies":"Shell Parasite","floor":21.0,"turns":3.0},{"damage":36.0,"enemies":"3 Cultists","floor":22.0,"turns":6.0},{"damage":13.0,"enemies":"Centurion and Healer","floor":24.0,"turns":7.0},{"damage":37.0,"enemies":"Snecko","floor":27.0,"turns":5.0},{"damage":50.0,"enemies":"3 Cultists","floor":28.0,"turns":6.0},{"damage":9.0,"enemies":"Snake Plant","floor":29.0,"turns":3.0},{"damage":12.0,"enemies":"Centurion and Healer","floor":31.0,"turns":3.0},{"damage":30.0,"enemies":"Champ","floor":33.0,"turns":4.0},{"damage":7.0,"enemies":"3 Darklings","floor":35.0,"turns":3.0},{"damage":7.0,"enemies":"3 Shapes","floor":38.0,"turns":3.0},{"damage":25.0,"enemies":"Giant Head","floor":40.0,"turns":6.0},{"damage":78.0,"enemies":"Writhing Mass","floor":41.0,"turns":6.0},{"damage":0,"enemies":"Nemesis","floor":44,"turns":3},{"damage":10,"enemies":"3 Darklings","floor":46,"turns":3},{"damage":18,"enemies":"Maw","floor":48,"turns":5},{"damage":93,"enemies":"Awakened One","floor":50,"turns":8}],"seed_played":"-5196082003463710536","potions_obtained":[{"floor":1.0,"key":"Energy Potion"},{"floor":3.0,"key":"AttackPotion"},{"floor":7.0,"key":"DuplicationPotion"},{"floor":14.0,"key":"BloodPotion"},{"floor":20.0,"key":"BlessingOfTheForge"},{"floor":20.0,"key":"Fruit Juice"},{"floor":24.0,"key":"DuplicationPotion"},{"floor":28.0,"key":"BlessingOfTheForge"},{"floor":31.0,"key":"FearPotion"},{"floor":38.0,"key":"Dexterity Potion"},{"floor":44,"key":"EssenceOfSteel"},{"floor":46,"key":"Weak Potion"},{"floor":48,"key":"Explosive Potion"}],"is_trial":false,"path_per_floor":["M","M","M","M","?","R","M","M","T","R","?","M","R","E","R","B",null,"M","?","?","M","M","R","M","$","T","M","M","M","R","M","R","B",null,"M","?","?","M","$","E","M","R","T","E","$","M","?","M","R","B"],"character_chosen":"IRONCLAD","items_purchased":["Unceasing Top"],"campfire_rested":1,"item_purchase_floors":[25],"current_hp_per_floor":[83,84,89,92,69,69,63,46,46,46,26,32,32,41,41,39,101,101,101,106,106,81,81,83,83,83,57,45,47,47,51,51,47,110,110,110,110,113,113,99,32,32,32,43,43,44,44,42,74,0,0],"gold":157,"neow_bonus":"ONE_RANDOM_RARE_CARD","is_daily":false,"chose_seed":false,"campfire_upgraded":8,"win_rate":0.0,"timestamp":1608972180,"path_taken":["M","M","M","?","?","R","M","M","T","R","?","M","R","E","R","BOSS","M","?","?","M","M","R","M","$","T","M","?","M","R","M","R","BOSS","M","?","?","M","$","E","M","R","T","E","$","M","?","M","R","BOSS"],"items_purchased_type":["Relic"],"build_version":"2020-12-22","purchased_purges":3,"victory":false,"max_hp_per_floor":[83,86,89,92,92,92,95,98,98,98,98,98,98,101,101,101,101,101,101,106,106,106,106,110,110,110,110,110,110,110,110,110,110,110,110,110,110,113,113,113,113,113,113,113,113,113,107,107,107,107,107],"card_choices":[{"not_picked":["Carnage","Sword Boomerang"],"picked":"Searing Blow","floor":1.0},{"not_picked":["Disarm","Anger"],"picked":"Ghostly Armor","floor":2.0},{"not_picked":["Havoc","Heavy Blade","Pommel Strike"],"picked":"SKIP","floor":3.0},{"not_picked":["Flex","Pommel Strike","Hemokinesis"],"picked":"SKIP","floor":4.0},{"not_picked":["Havoc","Searing Blow"],"picked":"Headbutt","floor":7.0},{"not_picked":["Wild Strike","Cleave","Brutality"],"picked":"SKIP","floor":8.0},{"not_picked":["Wild Strike","Pommel Strike"],"picked":"Armaments","floor":12.0},{"not_picked":["Fire Breathing","Infernal Blade","Rampage"],"picked":"SKIP","floor":14.0},{"not_picked":["Headbutt","Carnage+1"],"picked":"Thunderclap+1","floor":18.0},{"not_picked":["Clash+1","Iron Wave","Infernal Blade+1"],"picked":"SKIP","floor":21.0},{"not_picked":["Perfected Strike","Clash","Flex"],"picked":"SKIP","floor":22.0},{"not_picked":["Flex","Rage+1","Hemokinesis"],"picked":"SKIP","floor":24.0},{"not_picked":["Evolve","Havoc","Bloodletting+1"],"picked":"SKIP","floor":27.0},{"not_picked":["Shrug It Off","Corruption","Wild Strike"],"picked":"SKIP","floor":28.0},{"not_picked":["Twin Strike+1","Hemokinesis+1","Cleave+1"],"picked":"SKIP","floor":29.0},{"not_picked":["Pommel Strike","Pummel","Infernal Blade"],"picked":"SKIP","floor":31.0},{"not_picked":["Fiend Fire","Barricade"],"picked":"Double Tap","floor":33.0},{"not_picked":["Sword Boomerang","Dropkick","Carnage"],"picked":"SKIP","floor":35.0},{"not_picked":["Clothesline+1","Anger+1"],"picked":"Dual Wield+1","floor":38.0},{"not_picked":["Clash+1","Wild Strike+1","Sword Boomerang+1"],"picked":"SKIP","floor":40.0},{"not_picked":["Flame Barrier+1","Sentinel+1","Pommel Strike+1"],"picked":"SKIP","floor":41.0},{"not_picked":["Intimidate","Berserk","Flex"],"picked":"SKIP","floor":44},{"not_picked":["Thunderclap+1","Carnage+1","Cleave+1"],"picked":"SKIP","floor":46},{"not_picked":["Clash+1","Shrug It Off"],"picked":"Armaments+1","floor":48}],"player_experience":474692,"relics_obtained":[{"floor":9.0,"key":"Lantern"},{"floor":14.0,"key":"Toy Ornithopter"},{"floor":26.0,"key":"The Courier"},{"floor":40.0,"key":"Boot"},{"floor":43.0,"key":"Molten Egg 2"},{"floor":44,"key":"Red Skull"}],"event_choices":[{"damage_healed":0.0,"max_hp_gain":0.0,"max_hp_loss":0.0,"gold_gain":0.0,"event_name":"Golden Idol","player_choice":"Take Damage","floor":5.0,"gold_loss":0.0,"damage_taken":23.0,"relics_obtained":["Golden Idol"]},{"damage_healed":0.0,"max_hp_gain":0.0,"max_hp_loss":0.0,"gold_gain":0.0,"event_name":"Shining Light","player_choice":"Entered Light","floor":11.0,"gold_loss":0.0,"damage_taken":20.0,"cards_upgraded":["Strike_R","Ghostly Armor"]},{"damage_healed":0.0,"max_hp_gain":0.0,"max_hp_loss":0.0,"gold_gain":0.0,"event_name":"Forgotten Altar","player_choice":"Gave Idol","floor":19.0,"relics_lost":["Golden Idol"],"gold_loss":0.0,"damage_taken":0.0,"relics_obtained":["Bloody Idol"]},{"damage_healed":0.0,"max_hp_gain":0.0,"max_hp_loss":0.0,"gold_gain":0.0,"event_name":"The Woman in Blue","player_choice":"Bought 2 Potions","floor":20.0,"gold_loss":0.0,"damage_taken":0.0},{"damage_healed":0.0,"max_hp_gain":0.0,"max_hp_loss":0.0,"gold_gain":0.0,"event_name":"Mysterious Sphere","player_choice":"Ignored","floor":36.0,"gold_loss":0.0,"damage_taken":0.0},{"damage_healed":0.0,"max_hp_gain":0.0,"max_hp_loss":0.0,"gold_gain":0.0,"event_name":"SensoryStone","player_choice":"Memory 1","floor":37.0,"gold_loss":0.0,"damage_taken":0.0},{"damage_healed":0,"gold_gain":0,"player_choice":"Max HP","damage_taken":0,"max_hp_gain":0,"max_hp_loss":6,"event_name":"Winding Halls","floor":47,"gold_loss":0}],"is_beta":false,"boss_relics":[{"not_picked":["Velvet Choker","Fusion Hammer"],"picked":"Empty Cage"},{"not_picked":["SlaversCollar","Astrolabe"],"picked":"Pandora\u0027s Box"}],"items_purged_floors":[25,39,45],"is_endless":false,"potions_floor_spawned":[1,3,7,14,24,28,31,38,44,46,48],"killed_by":"Awakened One","ascension_level":0}}