{"host":"6xsbn6ynqlzwllfm","time":1608995108,"event":{"mods":["2.2 Compatiblity","BaseMod","Bestiary","Colored Map","Colored Powertips","Curses Come First","Downfall","Highlight Path","Keyboard Shortcuts","Minty Spire (QoL Compilation)","Quick Restart","Relic Stats","Slay the Relics Exporter","StSLib","SuperFastMode"],"gold_per_floor":[114,129,147,162,180,180,207,207,286,286,313,331,351,181,181,255,255,271,286,286,286],"floor_reached":20,"playtime":596,"items_purged":["Strike_R"],"score":372,"play_id":"c488ac02-78a7-45fe-9e80-948fb7666159","local_time":"20201226100508","is_ascension_mode":true,"campfire_choices":[{"data":"Spot Weakness","floor":6,"key":"SMITH"},{"data":"Inflame","floor":8,"key":"SMITH"},{"data":"Sword Boomerang","floor":10,"key":"SMITH"},{"floor":15,"key":"DIG"}],"circlet_count":0,"master_deck":["AscendersBane","Strike_R","Defend_R","Defend_R","Defend_R","Defend_R","Bash","Sword Boomerang+1","Spot Weakness+1","Twin Strike","Inflame+1","Sword Boomerang","Thunderclap","Flame Barrier","Limit Break","Metallicize","Iron Wave","Reaper","Seeing Red+1","Perfected Strike+1","Evolve+1","Dark Embrace"],"relics":["Burning Blood","The Courier","InkBottle","Shovel","Odd Mushroom","Blood Vial","Astrolabe"],"acts_visited":["Exordium","TheCity"],"potions_floor_usage":[7,11,13,16,16],"damage_taken":[{"damage":14,"enemies":"Small Slimes","floor":1,"turns":4},{"damage":1,"enemies":"Cultist","floor":2,"turns":3},{"damage":9,"enemies":"Jaw Worm","floor":3,"turns":4},{"damage":21,"enemies":"Blue Slaver","floor":4,"turns":3},{"damage":13,"enemies":"3 Louse","floor":5,"turns":3},{"damage":8,"enemies":"Gremlin Nob","floor":7,"turns":3},{"damage":15,"enemies":"3 Sentries","floor":11,"turns":5},{"damage":22,"enemies":"Lots of Slimes","floor":12,"turns":3},{"damage":1,"enemies":"The Mushroom Lair","floor":13,"turns":4},{"damage":18,"enemies":"The Guardian","floor":16,"turns":7},{"damage":51,"enemies":"3 Byrds","floor":18,"turns":5},{"damage":14,"enemies":"Chosen","floor":19,"turns":5},{"damage":37,"enemies":"Shelled Parasite and Fungi","floor":20,"turns":5}],"seed_played":"4532604695959909095","potions_obtained":[{"floor":4,"key":"FearPotion"},{"floor":7,"key":"SteroidPotion"},{"floor":11,"key":"Swift Potion"},{"floor":12,"key":"LiquidMemories"},{"floor":13,"key":"BlessingOfTheForge"},{"floor":19,"key":"SteroidPotion"}],"is_trial":false,"path_per_floor":["M","M","M","M","M","R","E","R","T","R","E","M","?","$","R","B",null,"M","M","M"],"character_chosen":"IRONCLAD","items_purchased":["Metallicize","Iron Wave"],"campfire_rested":0,"item_purchase_floors":[14,14],"current_hp_per_floor":[67,72,69,54,47,47,45,45,45,45,36,20,25,25,25,15,65,37,35,0,0],"gold":286,"neow_bonus":"TEN_PERCENT_HP_BONUS","is_daily":false,"chose_seed":false,"campfire_upgraded":3,"win_rate":0.0,"timestamp":1608995108,"path_taken":["M","M","M","M","M","R","E","R","T","R","E","M","?","$","R","BOSS","M","M","M"],"items_purchased_type":["Card","Card"],"build_version":"2020-12-22","purchased_purges":1,"victory":false,"max_hp_per_floor":[82,82,82,82,82,82,82,82,82,82,82,82,82,82,82,82,82,82,82,82,82],"relic_stats":{"Blood Vial":8,"Shovel":1,"counters":[13,54],"Astrolabe":["Seeing Red","Perfected Strike","Evolve"],"obtain_stats":[{"Blood Vial":15,"Shovel":11,"Astrolabe":17,"The Courier":7,"Odd Mushroom":13,"Burning Blood":0,"InkBottle":9},{"Blood Vial":9,"Shovel":7,"Astrolabe":10,"The Courier":6,"Odd Mushroom":9,"Burning Blood":0,"InkBottle":6},{"Blood Vial":32,"Shovel":25,"Astrolabe":39,"The Courier":20,"Odd Mushroom":32,"Burning Blood":0,"InkBottle":20}],"Burning Blood":72,"InkBottle":[8]},"card_choices":[{"not_picked":["Wild Strike","Havoc"],"picked":"Sword Boomerang","floor":1},{"not_picked":["Pummel","Body Slam"],"picked":"Spot Weakness","floor":2},{"not_picked":["Warcry","Carnage"],"picked":"Twin Strike","floor":3},{"not_picked":["Perfected Strike","Hemokinesis"],"picked":"Inflame","floor":4},{"not_picked":["Entrench","Flex"],"picked":"Sword Boomerang","floor":5},{"not_picked":["Combust","Spot Weakness"],"picked":"Thunderclap","floor":11},{"not_picked":["Armaments","Flex"],"picked":"Flame Barrier","floor":12},{"not_picked":["Spot Weakness","Pommel Strike"],"picked":"Limit Break","floor":13},{"not_picked":["Double Tap","Corruption"],"picked":"Reaper","floor":16},{"not_picked":["Clothesline","Second Wind"],"picked":"Dark Embrace","floor":19}],"player_experience":1262811,"relics_obtained":[{"floor":7,"key":"The Courier"},{"floor":9,"key":"InkBottle"},{"floor":11,"key":"Shovel"},{"floor":13,"key":"Odd Mushroom"},{"floor":15,"key":"Blood Vial"}],"event_choices":[{"damage_healed":0,"gold_gain":0,"player_choice":"Fought Mushrooms","damage_taken":0,"max_hp_gain":0,"max_hp_loss":0,"event_name":"Mushrooms","floor":13,"gold_loss":0}],"is_beta":false,"boss_relics":[{"not_picked":["Black Blood","Tiny House"],"picked":"Astrolabe"}],"items_purged_floors":[14],"is_endless":false,"potions_floor_spawned":[4,7,11,12,13,19],"killed_by":"Shelled Parasite and Fungi","ascension_level":20}}