{"host":"April","time":1608963199,"event":{"mods":["BaseMod","Minty Spire (QoL Compilation)"],"gold_per_floor":[119,119,72,98,98,127,145,177,229,249,264,284,300,328,328,432,432,445,445,544,559,578,603,603,629,656,211,538,538,538,34,34,143,143,170,197,53,53,80,80,109,109,133,142,156,197,0,22,22,22],"floor_reached":51,"playtime":5404,"items_purged":[],"score":839,"play_id":"d271779d-938f-44a7-8623-70dd3a0bb605","local_time":"20201225221319","is_ascension_mode":true,"campfire_choices":[{"data":"Zap","floor":15.0,"key":"SMITH"},{"data":"Rainbow","floor":24.0,"key":"SMITH"},{"data":"Capacitor","floor":29.0,"key":"SMITH"},{"data":"Chrysalis","floor":32,"key":"SMITH"},{"data":"Blind","floor":40,"key":"SMITH"},{"data":"Defragment","floor":49,"key":"SMITH"}],"circlet_count":0,"master_deck":["Strike_B+1","Strike_B+1","Strike_B+1","Strike_B+1","Defend_B+1","Defend_B+1","Defend_B+1","Defend_B+1","Zap+1","Dualcast","Doubt","Sunder","Cold Snap","Barrage","Blizzard","Melter","Cold Snap","Tempest","Conserve Battery","Capacitor+1","Rainbow+1","Coolheaded+1","Chaos+1","Chill","Reinforced Body","Secret Technique","White Noise","Compile Driver+1","Chrysalis+1","All For One+1","Darkness+1","Blind+1","Master of Strategy","Dark Shackles","Skim","Biased Cognition","Chaos+1","Defragment+1"],"relics":["Cracked Core","FossilizedHelix","Akabeko","Orichalcum","Nunchaku","Kunai","Bronze Scales","Strawberry","Snecko Eye","Blue Candle","Molten Egg 2","Boot","Eternal Feather","Old Coin","CeramicFish","Toolbox","Inserter","Centennial Puzzle","Regal Pillow","Lantern","Red Mask"],"acts_visited":["Exordium","TheCity","TheBeyond"],"potions_floor_usage":[33,45,46,50,50,50],"damage_taken":[{"damage":0.0,"enemies":"Jaw Worm","floor":1.0,"turns":2.0},{"damage":6.0,"enemies":"3 Sentries","floor":6.0,"turns":6.0},{"damage":0.0,"enemies":"Cultist","floor":7.0,"turns":3.0},{"damage":0.0,"enemies":"Gremlin Nob","floor":8.0,"turns":3.0},{"damage":0.0,"enemies":"Small Slimes","floor":10.0,"turns":2.0},{"damage":0.0,"enemies":"Looter","floor":11.0,"turns":2.0},{"damage":0.0,"enemies":"Exordium Wildlife","floor":12.0,"turns":1.0},{"damage":0.0,"enemies":"Exordium Thugs","floor":13.0,"turns":3.0},{"damage":1.0,"enemies":"3 Sentries","floor":14.0,"turns":5.0},{"damage":26.0,"enemies":"Hexaghost","floor":16.0,"turns":9.0},{"damage":0.0,"enemies":"3 Byrds","floor":18.0,"turns":2.0},{"damage":2.0,"enemies":"Shell Parasite","floor":21.0,"turns":4.0},{"damage":0.0,"enemies":"Sentry and Sphere","floor":22.0,"turns":3.0},{"damage":3.0,"enemies":"Book of Stabbing","floor":23.0,"turns":5.0},{"damage":2.0,"enemies":"Slavers","floor":25.0,"turns":5.0},{"damage":10.0,"enemies":"Gremlin Leader","floor":28.0,"turns":6.0},{"damage":26,"enemies":"Automaton","floor":33,"turns":11},{"damage":21,"enemies":"3 Darklings","floor":35,"turns":6},{"damage":0,"enemies":"Orb Walker","floor":39,"turns":3},{"damage":1,"enemies":"Spire Growth","floor":41,"turns":4},{"damage":0,"enemies":"Maw","floor":45,"turns":5},{"damage":15,"enemies":"Nemesis","floor":46,"turns":7},{"damage":0,"enemies":"Transient","floor":48,"turns":5},{"damage":21,"enemies":"Donu and Deca","floor":50,"turns":9}],"seed_played":"454704407764560161","potions_obtained":[{"floor":2.0,"key":"SneckoOil"},{"floor":2.0,"key":"SneckoOil"},{"floor":2.0,"key":"Fire Potion"},{"floor":7.0,"key":"CultistPotion"},{"floor":8.0,"key":"PotionOfCapacity"},{"floor":10.0,"key":"PowerPotion"},{"floor":11.0,"key":"Strength Potion"},{"floor":16.0,"key":"GamblersBrew"},{"floor":22.0,"key":"EssenceOfSteel"},{"floor":25.0,"key":"LiquidMemories"},{"floor":33,"key":"AttackPotion"},{"floor":45,"key":"SneckoOil"},{"floor":48,"key":"SneckoOil"}],"is_trial":false,"path_per_floor":["M","?","$","T","?","E","M","E","T","M","M","M","M","E","R","B",null,"M","?","?","M","M","E","R","E","T","$","E","R","?","$","R","B",null,"M","?","$","?","M","R","M","$","T","?","M","E","?","M","R","B",null],"character_chosen":"DEFECT","items_purchased":["Cold Snap","Eternal Feather","Secret Technique","CeramicFish","Toolbox","Compile Driver+1","Chrysalis","Centennial Puzzle"],"campfire_rested":0,"item_purchase_floors":[3,27,27,31,31,31,31,37],"current_hp_per_floor":[75,75,75,75,63,57,57,57,57,57,57,57,57,63,63,37,82,82,82,82,80,80,77,77,75,75,75,65,80,80,80,82,56,82,61,51,51,92,92,92,91,91,91,91,91,76,76,76,92,71],"gold":22,"neow_bonus":"ONE_RARE_RELIC","is_daily":false,"chose_seed":false,"campfire_upgraded":6,"win_rate":0.0,"timestamp":1608963199,"path_taken":["M","?","$","?","?","E","M","E","T","M","M","M","M","E","R","BOSS","M","?","?","M","M","E","R","E","T","$","E","R","?","$","R","BOSS","M","?","$","?","?","R","M","$","T","?","?","E","?","M","R","BOSS"],"items_purchased_type":["Card","Relic","Card","Relic","Relic","Card","Card","Relic"],"build_version":"2020-12-18","purchased_purges":0,"victory":true,"max_hp_per_floor":[75,75,75,75,75,75,75,75,75,75,75,75,75,82,82,82,82,82,82,82,82,82,82,82,82,82,82,82,82,82,82,82,82,82,82,82,82,92,92,92,92,92,92,92,92,92,92,92,92,92],"card_choices":[{"not_picked":["Streamline","Reinforced Body"],"picked":"Sunder","floor":1.0},{"not_picked":["Steam Power","Gash"],"picked":"Barrage","floor":6.0},{"not_picked":["Gash","Chaos"],"picked":"Blizzard","floor":7.0},{"not_picked":["Barrage","Streamline"],"picked":"Amplify","floor":8.0},{"not_picked":["Leap","Tempest"],"picked":"Melter","floor":10.0},{"not_picked":["Hologram","Aggregate"],"picked":"Cold Snap","floor":11.0},{"not_picked":["Lockon","Sweeping Beam"],"picked":"Tempest","floor":12.0},{"not_picked":["Turbo","Rebound"],"picked":"Conserve Battery","floor":13.0},{"not_picked":["Coolheaded","Hello World"],"picked":"Capacitor","floor":14.0},{"not_picked":["Reboot","Seek"],"picked":"Rainbow","floor":16.0},{"not_picked":["Stack","Gash","Steam+1"],"picked":"SKIP","floor":18.0},{"not_picked":["Turbo+1","Hologram"],"picked":"Coolheaded+1","floor":21.0},{"not_picked":["Leap+1","Double Energy"],"picked":"Chaos+1","floor":22.0},{"not_picked":["Steam","Amplify"],"picked":"Chill","floor":23.0},{"not_picked":["Coolheaded+1","Gash+1"],"picked":"Reinforced Body","floor":25.0},{"not_picked":["Streamline+1","Stack"],"picked":"White Noise","floor":28.0},{"not_picked":["Fission","Reboot"],"picked":"All For One+1","floor":33},{"not_picked":["Ball Lightning+1","Leap+1"],"picked":"Darkness+1","floor":35},{"not_picked":["Flash of Steel+1","Mind Blast+1"],"picked":"Blind","floor":36},{"not_picked":["Transmutation","Mind Blast+1"],"picked":"Master of Strategy","floor":36},{"not_picked":["Panacea","Deep Breath"],"picked":"Dark Shackles","floor":36},{"not_picked":["FTL+1","Conserve Battery"],"picked":"Genetic Algorithm+1","floor":39},{"not_picked":["Rip and Tear+1","Steam Power"],"picked":"Skim","floor":41},{"not_picked":["Reprogram+1","Sweeping Beam+1","Go for the Eyes+1"],"picked":"SKIP","floor":45},{"not_picked":["Leap+1","Beam Cell+1"],"picked":"Chaos+1","floor":46},{"not_picked":["Conserve Battery+1","Reboot"],"picked":"Defragment","floor":48}],"player_experience":2539236,"relics_obtained":[{"floor":4.0,"key":"Akabeko"},{"floor":6.0,"key":"Nunchaku"},{"floor":8.0,"key":"Kunai"},{"floor":9.0,"key":"Bronze Scales"},{"floor":14.0,"key":"Strawberry"},{"floor":23.0,"key":"Blue Candle"},{"floor":25.0,"key":"Molten Egg 2"},{"floor":26.0,"key":"Boot"},{"floor":28.0,"key":"Old Coin"},{"floor":43,"key":"Regal Pillow"},{"floor":46,"key":"Lantern"}],"event_choices":[{"damage_healed":0.0,"max_hp_gain":0.0,"max_hp_loss":0.0,"gold_gain":0.0,"event_name":"Lab","player_choice":"Got Potions","floor":2.0,"gold_loss":0.0,"damage_taken":0.0},{"damage_healed":0.0,"max_hp_gain":0.0,"max_hp_loss":0.0,"gold_gain":0.0,"event_name":"Scrap Ooze","player_choice":"Success","floor":5.0,"gold_loss":0.0,"damage_taken":12.0,"relics_obtained":["Orichalcum"]},{"damage_healed":0.0,"max_hp_gain":0.0,"max_hp_loss":0.0,"gold_gain":0.0,"event_name":"Back to Basics","player_choice":"Simplicity","floor":19.0,"gold_loss":0.0,"damage_taken":0.0,"cards_upgraded":["Strike_B","Strike_B","Strike_B","Strike_B","Defend_B","Defend_B","Defend_B","Defend_B"]},{"damage_healed":0.0,"max_hp_gain":0.0,"max_hp_loss":0.0,"gold_gain":99.0,"event_name":"Nest","player_choice":"Stole From Cult","floor":20.0,"gold_loss":0.0,"damage_taken":0.0},{"damage_healed":0.0,"max_hp_gain":0.0,"max_hp_loss":0.0,"gold_gain":0.0,"event_name":"Vampires","player_choice":"Ignored","floor":30.0,"gold_loss":0.0,"damage_taken":0.0},{"damage_healed":0,"gold_gain":0,"player_choice":"Memory 3","damage_taken":10,"max_hp_gain":0,"max_hp_loss":0,"event_name":"SensoryStone","floor":36,"gold_loss":0},{"cards_removed":["Amplify"],"damage_healed":31,"gold_gain":0,"player_choice":"Offered Rare","damage_taken":0,"max_hp_gain":10,"max_hp_loss":0,"event_name":"Bonfire Elementals","floor":38,"gold_loss":0},{"damage_healed":0,"gold_gain":0,"cards_transformed":["Genetic Algorithm"],"player_choice":"Transformed","damage_taken":0,"max_hp_gain":0,"max_hp_loss":0,"event_name":"Transmorgrifier","floor":44,"gold_loss":0,"cards_obtained":["Biased Cognition"]},{"damage_healed":0,"gold_gain":0,"player_choice":"Paid","damage_taken":0,"relics_obtained":["Red Mask"],"max_hp_gain":0,"max_hp_loss":0,"event_name":"Tomb of Lord Red Mask","floor":47,"gold_loss":197}],"is_beta":true,"boss_relics":[{"not_picked":["Busted Crown","SacredBark"],"picked":"Snecko Eye"},{"not_picked":["Fusion Hammer","Runic Pyramid"],"picked":"Inserter"}],"items_purged_floors":[],"is_endless":false,"potions_floor_spawned":[7,8,10,11,13,16,22,25,28,33,35,45,48],"ascension_level":1}}