{"host":"q0yztes6vyjz67b3","time":1608964095,"event":{"mods":["BaseMod","Better Altar","Better Match","Better Note","Better Sensory Stone","Better Skull","Better Third Choice","Energized Spire","Minty Spire (QoL Compilation)","Replay The Spire","StSLib","The Gatherer"],"gold_per_floor":[113,130,144,161,174,208,224,224,224,253,253,281,301,314,314,417,417,429,120,120,109,120,219,236,236,236,236,236,27,27,60,60,158,158,172,188,12,12,26,26,39,39,39,55,73,73,98,111,111,111],"floor_reached":51,"playtime":2026,"items_purged":["Strike_R","Carnage+1"],"score":873,"play_id":"37613728-c7c4-48b3-83f9-eac2ed78012d","local_time":"20201225222815","is_ascension_mode":false,"campfire_choices":[{"data":"Carnage","floor":8,"key":"SMITH"},{"data":"Rage","floor":11,"key":"SMITH"},{"floor":15,"key":"DIG"},{"floor":25,"key":"REST"},{"floor":27,"key":"DIG"},{"data":"Decay","floor":32,"key":"PURGE"},{"floor":40,"key":"DIG"},{"floor":42,"key":"REST"},{"floor":46,"key":"REST"},{"floor":49,"key":"DIG"}],"circlet_count":0,"master_deck":["Strike_R+1","Strike_R","Strike_R","Defend_R","Defend_R","Defend_R","Defend_R","Bash","Rage+1","Body Slam+1","Ghostly Armor","Barricade+1","Juggernaut","Battle Trance+1","Ghostly Armor+1","Juggernaut","Shrug It Off+1","Shrug It Off+1"],"relics":["energizedSpire:RedRose","Singing Bowl","Replay:Bottled Steam","Replay:Multitool","Onion Ring","Replay:Wax Seal","energizedSpire:MagnifyingGlass","Art of War","Gremlin Food","Self Forming Clay","Dream Catcher","BargainBundle","Toxic Egg 2","Busted Crown","Toy Ornithopter","Pear","Pondfish Scales","Kunai"],"acts_visited":["Exordium","TheCity","TheBeyond"],"potions_floor_usage":[6,10,16,16,18,31,33,35,41,44,50,50,50],"damage_taken":[{"damage":4,"enemies":"Cultist","floor":1,"turns":3},{"damage":1,"enemies":"Small Slimes","floor":2,"turns":3},{"damage":4,"enemies":"2 Louse","floor":3,"turns":3},{"damage":1,"enemies":"Blue Slaver","floor":4,"turns":3},{"damage":2,"enemies":"Looter","floor":5,"turns":2},{"damage":29,"enemies":"Gremlin Nob","floor":6,"turns":4},{"damage":12,"enemies":"Exordium Thugs","floor":7,"turns":5},{"damage":12,"enemies":"Lagavulin","floor":10,"turns":5},{"damage":6,"enemies":"Gremlin Nob","floor":12,"turns":3},{"damage":14,"enemies":"Exordium Wildlife","floor":13,"turns":4},{"damage":15,"enemies":"3 Louse","floor":14,"turns":3},{"damage":2,"enemies":"Slime Boss","floor":16,"turns":8},{"damage":2,"enemies":"Shell Parasite","floor":18,"turns":4},{"damage":17,"enemies":"2 Thieves","floor":21,"turns":4},{"damage":10,"enemies":"Centurion and Healer","floor":22,"turns":5},{"damage":4,"enemies":"Snecko","floor":24,"turns":5},{"damage":33,"enemies":"Gremlin Leader","floor":31,"turns":6},{"damage":64,"enemies":"Automaton","floor":33,"turns":12},{"damage":20,"enemies":"3 Shapes","floor":35,"turns":4},{"damage":9,"enemies":"Orb Walker","floor":36,"turns":3},{"damage":0,"enemies":"Writhing Mass","floor":39,"turns":8},{"damage":23,"enemies":"Sphere and 2 Shapes","floor":41,"turns":5},{"damage":12,"enemies":"Spire Growth","floor":44,"turns":4},{"damage":0,"enemies":"Writhing Mass","floor":45,"turns":7},{"damage":0,"enemies":"R_Hoarder","floor":47,"turns":7},{"damage":0,"enemies":"4 Shapes","floor":48,"turns":12},{"damage":0,"enemies":"Donu and Deca","floor":50,"turns":10}],"seed_played":"8965430156013220806","potions_obtained":[{"floor":1,"key":"Regen Potion"},{"floor":2,"key":"Ancient Potion"},{"floor":4,"key":"BloodPotion"},{"floor":7,"key":"Strength Potion"},{"floor":12,"key":"DuplicationPotion"},{"floor":18,"key":"Fruit Juice"},{"floor":21,"key":"Elixir"},{"floor":33,"key":"CultistPotion"},{"floor":39,"key":"Adrenaline Potion"},{"floor":45,"key":"Toxic Potion"},{"floor":48,"key":"Dexterity Potion"}],"is_trial":false,"path_per_floor":["M","M","M","M","M","E","M","R","T","E","R","E","M","M","R","B",null,"M","$","?","M","M","R","M","R","T","R","?","$","?","E","R","B",null,"M","M","$","?","M","R","M","R","T","M","M","R","E","M","R","B",null],"character_chosen":"IRONCLAD","items_purchased":["Art of War","Gremlin Food","BargainBundle","BloodPotion","Death Potion","Battle Trance","Shrug It Off+1","Weak Potion"],"campfire_rested":3,"item_purchase_floors":[19,19,29,29,29,29,37,37],"current_hp_per_floor":[76,75,71,70,68,57,47,47,47,49,49,43,31,18,18,16,90,95,95,95,80,72,72,70,100,100,100,100,100,100,87,87,23,103,85,78,78,78,80,80,64,99,109,104,106,129,129,131,131,131],"gold":111,"neow_bonus":"BOSS_RELIC","is_daily":false,"chose_seed":false,"campfire_upgraded":2,"win_rate":0.0,"timestamp":1608964095,"path_taken":["M","M","M","M","M","E","M","R","T","E","R","E","M","M","R","BOSS","M","$","?","M","M","R","M","R","T","R","?","$","?","E","R","BOSS","M","M","$","?","M","R","M","R","T","M","M","R","E","M","R","BOSS"],"items_purchased_type":["Relic","Relic","Relic","Potion","Potion","Card","Card","Potion"],"build_version":"2020-12-22","purchased_purges":2,"victory":true,"max_hp_per_floor":[80,80,80,80,80,82,84,84,84,86,86,86,88,90,90,90,90,97,97,97,99,101,101,103,103,103,103,103,103,103,103,103,103,103,105,107,107,107,109,109,111,113,123,125,127,129,129,131,131,131],"card_choices":[{"not_picked":["ReplayReversal","Twin Strike"],"picked":"Rage","floor":1},{"not_picked":["Disarm","Heavy Blade"],"picked":"Body Slam","floor":2},{"not_picked":["Clash","Warcry","Seeing Red"],"picked":"SKIP","floor":3},{"not_picked":["Body Slam","Pommel Strike"],"picked":"Ghostly Armor","floor":4},{"not_picked":["True Grit","Searing Blow"],"picked":"Carnage","floor":5},{"not_picked":["Wild Strike","ReplayTheSpireMod:Limb From Limb","Fire Breathing"],"picked":"Singing Bowl","floor":6},{"not_picked":["Rupture","Headbutt","ReplayTheSpireMod:LeadingStrike"],"picked":"Singing Bowl","floor":7},{"not_picked":["ReplayTheSpireMod:Strike From Hell","Thunderclap","Clash"],"picked":"Singing Bowl","floor":10},{"not_picked":["Whirlwind","True Grit"],"picked":"Barricade","floor":12},{"not_picked":["Dark Embrace","Disarm","Sentinel"],"picked":"Singing Bowl","floor":13},{"not_picked":["Twin Strike","Havoc","Heavy Blade"],"picked":"Singing Bowl","floor":14},{"not_picked":["Reaper","Double Tap"],"picked":"Juggernaut","floor":16},{"not_picked":["Run Through","True Grit","Clothesline"],"picked":"Singing Bowl","floor":18},{"not_picked":["ReplayTheSpireMod:Corrosion Curse","Thunderclap","Intimidate"],"picked":"Singing Bowl","floor":21},{"not_picked":["Massacre","Thunderclap+1","Run Through+1"],"picked":"Singing Bowl","floor":22},{"not_picked":["Wild Strike+1","Warcry","Sever Soul"],"picked":"Singing Bowl","floor":24},{"not_picked":["Burning Pact+1","Thunderclap+1"],"picked":"Ghostly Armor+1","floor":31},{"not_picked":["Impervious+1","Immolate"],"picked":"Juggernaut","floor":33},{"not_picked":["Pummel"],"picked":"Singing Bowl","floor":35},{"not_picked":["True Grit+1"],"picked":"Singing Bowl","floor":36},{"not_picked":["Headbutt"],"picked":"Singing Bowl","floor":39},{"not_picked":["Headbutt"],"picked":"Singing Bowl","floor":41},{"not_picked":["Perfected Strike"],"picked":"Singing Bowl","floor":42},{"not_picked":["Burning Pact+1"],"picked":"Singing Bowl","floor":44},{"not_picked":["Run Through"],"picked":"Singing Bowl","floor":45},{"not_picked":["Fire Breathing"],"picked":"Singing Bowl","floor":46},{"not_picked":[],"picked":"Shrug It Off+1","floor":47},{"not_picked":["Reckless Charge"],"picked":"Singing Bowl","floor":48}],"player_experience":518794,"relics_obtained":[{"floor":6,"key":"Singing Bowl"},{"floor":9,"key":"Replay:Bottled Steam"},{"floor":10,"key":"Replay:Multitool"},{"floor":12,"key":"Onion Ring"},{"floor":15,"key":"Replay:Wax Seal"},{"floor":26,"key":"Self Forming Clay"},{"floor":27,"key":"Dream Catcher"},{"floor":31,"key":"Toxic Egg 2"},{"floor":40,"key":"Toy Ornithopter"},{"floor":43,"key":"Pear"},{"floor":47,"key":"Pondfish Scales"},{"floor":49,"key":"Kunai"}],"event_choices":[{"cards_removed":["Strike_R"],"damage_healed":0,"gold_gain":0,"player_choice":"Purged","damage_taken":0,"max_hp_gain":0,"max_hp_loss":0,"event_name":"Purifier","floor":20,"gold_loss":0},{"damage_healed":0,"gold_gain":99,"player_choice":"Steal","damage_taken":0,"max_hp_gain":0,"max_hp_loss":0,"event_name":"betterThird:BetterNest","floor":23,"gold_loss":0},{"damage_healed":0,"gold_gain":0,"player_choice":"Forge","damage_taken":0,"max_hp_gain":0,"max_hp_loss":0,"event_name":"Accursed Blacksmith","floor":28,"gold_loss":0,"cards_upgraded":["Barricade"]},{"damage_healed":0,"gold_gain":0,"player_choice":"Cursed","damage_taken":0,"max_hp_gain":0,"max_hp_loss":0,"event_name":"Wheel of Change","floor":30,"gold_loss":0,"cards_obtained":["Decay"]}],"is_beta":false,"boss_relics":[{"not_picked":["Replay:Wanted Poster","energizedSpire:CursedPentagram"],"picked":"energizedSpire:MagnifyingGlass"},{"not_picked":["Snecko Heart","Electric Blood"],"picked":"Busted Crown"}],"items_purged_floors":[29,37],"is_endless":false,"potions_floor_spawned":[1,2,4,7,12,13,18,21,33,39,45,48],"ascension_level":0}}