{"host":"26mrfot5w7uj2ebc","time":1608980504,"event":{"mods":["AchievementEnabler","BaseMod","Colored Map","Minty Spire (QoL Compilation)"],"gold_per_floor":[119,137,154,170,170,191,206,225,225,400,400,435,435,435,435,435,435],"floor_reached":16,"playtime":419,"items_purged":[],"score":104,"play_id":"44850830-c60a-4f87-b311-0cb39adb2db4","local_time":"20201226200144","is_ascension_mode":false,"campfire_choices":[{"floor":11,"key":"REST"},{"floor":15,"key":"REST"}],"circlet_count":0,"master_deck":["Strike_B","Strike_B","Strike_B","Strike_B","Defend_B","Defend_B","Zap","Dualcast","Cold Snap","Barrage","Sweeping Beam","Beam Cell","Conserve Battery","Biased Cognition","Injury","BootSequence","Turbo","Barrage","Doubt","Stack","Compile Driver"],"relics":["Cracked Core","Golden Idol","Shovel","Dream Catcher"],"acts_visited":["Exordium"],"potions_floor_usage":[12,16],"damage_taken":[{"damage":0,"enemies":"Cultist","floor":1,"turns":3},{"damage":8,"enemies":"Small Slimes","floor":2,"turns":3},{"damage":0,"enemies":"2 Louse","floor":3,"turns":2},{"damage":29,"enemies":"Exordium Thugs","floor":4,"turns":3},{"damage":6,"enemies":"2 Fungi Beasts","floor":6,"turns":2},{"damage":3,"enemies":"Looter","floor":7,"turns":3},{"damage":13,"enemies":"Red Slaver","floor":8,"turns":4},{"damage":24,"enemies":"Gremlin Nob","floor":12,"turns":4},{"damage":28,"enemies":"Slime Boss","floor":16,"turns":8}],"seed_played":"2115889151214051620","potions_obtained":[{"floor":6,"key":"SkillPotion"},{"floor":12,"key":"DistilledChaos"}],"is_trial":false,"path_per_floor":["M","M","M","M","?","M","M","M","T","?","R","E","?","?","R","B"],"character_chosen":"DEFECT","items_purchased":[],"campfire_rested":2,"item_purchase_floors":[],"current_hp_per_floor":[68,60,60,31,31,25,22,9,9,9,29,5,5,5,25,0,0],"gold":435,"neow_bonus":"TRANSFORM_TWO_CARDS","is_daily":false,"chose_seed":false,"campfire_upgraded":0,"win_rate":0.0,"timestamp":1608980504,"path_taken":["M","M","M","M","?","M","M","M","T","?","R","E","?","?","R","BOSS"],"items_purchased_type":[],"build_version":"2020-12-22","purchased_purges":0,"victory":false,"max_hp_per_floor":[68,68,68,68,68,68,68,68,68,68,68,68,68,68,68,68,68],"card_choices":[{"not_picked":["Redo","Rebound"],"picked":"Sweeping Beam","floor":1},{"not_picked":["Streamline","Reinforced Body"],"picked":"Beam Cell","floor":2},{"not_picked":["FTL","Go for the Eyes"],"picked":"Conserve Battery","floor":3},{"not_picked":["Ball Lightning","Cold Snap"],"picked":"Biased Cognition","floor":4},{"not_picked":["Go for the Eyes","Barrage"],"picked":"BootSequence","floor":6},{"not_picked":["Barrage","Undo"],"picked":"Turbo","floor":7},{"not_picked":["Sweeping Beam","Rebound"],"picked":"Barrage","floor":8},{"not_picked":["Steam","Glacier"],"picked":"Stack","floor":12},{"not_picked":["Rebound","Steam"],"picked":"Compile Driver","floor":15}],"player_experience":209157,"relics_obtained":[{"floor":9,"key":"Shovel"},{"floor":12,"key":"Dream Catcher"}],"event_choices":[{"damage_healed":0,"gold_gain":0,"player_choice":"Take Wound","damage_taken":0,"relics_obtained":["Golden Idol"],"max_hp_gain":0,"max_hp_loss":0,"event_name":"Golden Idol","floor":5,"gold_loss":0,"cards_obtained":["Injury"]},{"damage_healed":0,"gold_gain":175,"player_choice":"AGREE","damage_taken":0,"max_hp_gain":0,"max_hp_loss":0,"event_name":"Liars Game","floor":10,"gold_loss":0,"cards_obtained":["Doubt"]},{"damage_healed":0,"gold_gain":0,"player_choice":"Fled","damage_taken":0,"max_hp_gain":0,"max_hp_loss":0,"event_name":"Scrap Ooze","floor":13,"gold_loss":0},{"damage_healed":0,"gold_gain":0,"player_choice":"Ignored","damage_taken":0,"max_hp_gain":0,"max_hp_loss":0,"event_name":"Golden Wing","floor":14,"gold_loss":0}],"is_beta":false,"boss_relics":[],"items_purged_floors":[],"is_endless":false,"potions_floor_spawned":[6,12],"killed_by":"Slime Boss","ascension_level":0}}