{"host":"6ko66ogg91i6g7xq","time":1608960878,"event":{"mods":["AchievementEnabler","Act Like it!","BaseMod","Colored Map","Colored Powertips","Downfall","Hermit","Minty Spire (QoL Compilation)","Quick Restart","Relic Stats","StSLib","The Jungle","everything is the same but u backflip on backflip"],"gold_per_floor":[112,387,401,119,137,137,137,137,217,249,261,261,280,280,280,382,382,382,382],"floor_reached":18,"playtime":482,"items_purged":["Regret"],"score":187,"play_id":"0e6a041f-2fd6-4443-900f-6bdc98990c4b","local_time":"20201226003438","is_ascension_mode":true,"campfire_choices":[{"floor":6,"key":"RECALL"},{"data":"Crippling Poison","floor":8,"key":"SMITH"},{"floor":12,"key":"REST"},{"floor":15,"key":"REST"}],"circlet_count":0,"master_deck":["Strike_G","Strike_G","Strike_G","Strike_G","Strike_G","Defend_G","Defend_G","Defend_G","Defend_G","Defend_G","Survivor","Neutralize","Crippling Poison+1","Deadly Poison","Catalyst","Envenom","Leg Sweep","Glass Knife"],"relics":["Ring of the Snake","NeowsBlessing","Tiny Chest","Potion Belt","HoveringKite"],"acts_visited":["Exordium","TheCity"],"potions_floor_usage":[14],"damage_taken":[{"damage":0,"enemies":"Small Slimes","floor":1,"turns":1},{"damage":0,"enemies":"Cultist","floor":3,"turns":1},{"damage":0,"enemies":"Jaw Worm","floor":5,"turns":1},{"damage":42,"enemies":"3 Sentries","floor":10,"turns":15},{"damage":4,"enemies":"2 Fungi Beasts","floor":11,"turns":4},{"damage":3,"enemies":"Looter","floor":13,"turns":3},{"damage":21,"enemies":"Gremlin Nob","floor":14,"turns":4},{"damage":3,"enemies":"The Guardian","floor":16,"turns":9},{"damage":0,"enemies":"3 Byrds","floor":18,"turns":1}],"seed_played":"-5036646847903117370","potions_obtained":[{"floor":1,"key":"SmokeBomb"},{"floor":16,"key":"PowerPotion"}],"is_trial":false,"path_per_floor":["M","?","M","$","M","R","?","R","T","E","M","R","M","E","R","B",null,"M"],"character_chosen":"THE_SILENT","items_purchased":["Deadly Poison","Tiny Chest"],"campfire_rested":2,"item_purchase_floors":[4,4],"current_hp_per_floor":[70,70,70,70,70,70,70,70,70,28,24,45,42,21,42,39,70,70,70],"gold":382,"neow_bonus":"THREE_ENEMY_KILL","is_daily":false,"chose_seed":false,"campfire_upgraded":1,"win_rate":0.0,"timestamp":1608960878,"path_taken":["M","?","M","?","?","R","?","R","T","E","M","R","M","E","R","BOSS","M"],"items_purchased_type":["Card","Relic"],"build_version":"2020-12-22","purchased_purges":1,"victory":false,"max_hp_per_floor":[70,70,70,70,70,70,70,70,70,70,70,70,70,70,70,70,70,70,70],"relic_stats":{"counters":[9,39],"HoveringKite":[0],"Tiny Chest":0,"obtain_stats":[{"Potion Belt":10,"NeowsBlessing":0,"HoveringKite":17,"Tiny Chest":4,"Ring of the Snake":0},{"Potion Belt":4,"NeowsBlessing":0,"HoveringKite":8,"Tiny Chest":2,"Ring of the Snake":0},{"Potion Belt":18,"NeowsBlessing":0,"HoveringKite":38,"Tiny Chest":2,"Ring of the Snake":0}],"Ring of the Snake":[18]},"card_choices":[{"not_picked":["Escape Plan","Underhanded Strike"],"picked":"Crippling Poison","floor":1},{"not_picked":["Acrobatics","Flying Knee","Flechettes"],"picked":"SKIP","floor":3},{"not_picked":["Flechettes","Bane","Quick Slash"],"picked":"SKIP","floor":5},{"not_picked":["Quick Slash","Riddle With Holes"],"picked":"Catalyst","floor":10},{"not_picked":["Skewer","Dagger Throw"],"picked":"Envenom","floor":11},{"not_picked":["Flying Knee","Blade Dance"],"picked":"Leg Sweep","floor":13},{"not_picked":["Night Terror","Adrenaline"],"picked":"Glass Knife","floor":16}],"player_experience":246813,"relics_obtained":[{"floor":10,"key":"Potion Belt"}],"event_choices":[{"damage_healed":0,"gold_gain":275,"player_choice":"Desecrate","damage_taken":0,"max_hp_gain":0,"max_hp_loss":0,"event_name":"Golden Shrine","floor":2,"gold_loss":0,"cards_obtained":["Regret"]},{"damage_healed":0,"gold_gain":0,"player_choice":"Leave","damage_taken":0,"max_hp_gain":0,"max_hp_loss":0,"event_name":"The Cleric","floor":7,"gold_loss":0}],"is_beta":false,"boss_relics":[{"not_picked":["Philosopher\u0027s Stone","Coffee Dripper"],"picked":"HoveringKite"}],"items_purged_floors":[4],"is_endless":false,"potions_floor_spawned":[1,14,16],"killed_by":"3 Byrds","ascension_level":2}}