{"host":"3y2rtlgteqp2nuo3","time":1608980529,"event":{"mods":["2.2 Compatiblity","AchievementEnabler","BaseMod","Colored Map","DeckTracker","Highlight Path","Keyboard Shortcuts","Minty Spire (QoL Compilation)","Permanent Neow","Quick Restart","StSLib","SuperFastMode","everything is the same but u backflip on backflip"],"gold_per_floor":[213,227,39,214,229,229,6,18,18,86,96,125,137,163,163,262,262,276,176,91,108,126,126,157,157,183,183,193,223,236,335,335,434,434,451,465,465,484,484,484,513,513,513,525,525],"floor_reached":44,"playtime":1170,"items_purged":["Doubt","Strike_B"],"score":611,"play_id":"95da6399-9234-4850-9e8c-b5752e32f84d","local_time":"20201226200209","is_ascension_mode":true,"campfire_choices":[{"data":"Defragment","floor":6.0,"key":"SMITH"},{"data":"Zap","floor":15.0,"key":"SMITH"},{"data":"Dualcast","floor":23.0,"key":"SMITH"},{"data":"Turbo","floor":25.0,"key":"SMITH"},{"floor":27.0,"key":"REST"},{"floor":32.0,"key":"REST"},{"floor":40.0,"key":"REST"},{"floor":42,"key":"REST"}],"circlet_count":0,"master_deck":["Strike_B","Strike_B","Strike_B","Defend_B","Defend_B","Defend_B","Defend_B","Zap+1","Dualcast+1","Ball Lightning","Coolheaded","Defragment+1","Auto Shields","Turbo+1","Sweeping Beam","Lockon","Compile Driver","Rebound","Core Surge","Hologram+1","Genetic Algorithm+1","Coolheaded+1","Go for the Eyes+1","Electrodynamics","Lockon+1"],"relics":["Cracked Core","ClockworkSouvenir","DataDisk","Omamori","White Beast Statue","Sundial","Torii","SlaversCollar","Bag of Marbles","Strawberry","Art of War","Shuriken","Nuclear Battery","Pear","MawBank"],"acts_visited":["Exordium","TheCity","TheBeyond"],"potions_floor_usage":[41,41,41,44],"damage_taken":[{"damage":0.0,"enemies":"2 Louse","floor":1.0,"turns":2.0},{"damage":4.0,"enemies":"Jaw Worm","floor":2.0,"turns":3.0},{"damage":0.0,"enemies":"Cultist","floor":5.0,"turns":3.0},{"damage":0.0,"enemies":"Looter","floor":8.0,"turns":2.0},{"damage":0.0,"enemies":"Large Slime","floor":11.0,"turns":3.0},{"damage":5.0,"enemies":"3 Sentries","floor":12.0,"turns":5.0},{"damage":16.0,"enemies":"Gremlin Gang","floor":13.0,"turns":3.0},{"damage":17.0,"enemies":"Lagavulin","floor":14.0,"turns":3.0},{"damage":16.0,"enemies":"Slime Boss","floor":16.0,"turns":7.0},{"damage":6.0,"enemies":"Spheric Guardian","floor":18.0,"turns":3.0},{"damage":4.0,"enemies":"3 Byrds","floor":21.0,"turns":3.0},{"damage":3.0,"enemies":"Centurion and Healer","floor":22.0,"turns":6.0},{"damage":37.0,"enemies":"Book of Stabbing","floor":24.0,"turns":5.0},{"damage":24.0,"enemies":"Cultist and Chosen","floor":28.0,"turns":4.0},{"damage":30.0,"enemies":"Gremlin Leader","floor":29.0,"turns":6.0},{"damage":9.0,"enemies":"Snake Plant","floor":30.0,"turns":4.0},{"damage":33.0,"enemies":"Champ","floor":33.0,"turns":11.0},{"damage":10.0,"enemies":"3 Darklings","floor":35.0,"turns":4.0},{"damage":8.0,"enemies":"Orb Walker","floor":36.0,"turns":3.0},{"damage":32.0,"enemies":"Maw","floor":38.0,"turns":8.0},{"damage":49,"enemies":"Giant Head","floor":41,"turns":8},{"damage":48,"enemies":"Nemesis","floor":44,"turns":5}],"seed_played":"-2527728640508058446","potions_obtained":[{"floor":2.0,"key":"Strength Potion"},{"floor":5.0,"key":"Regen Potion"},{"floor":11.0,"key":"Energy Potion"},{"floor":12.0,"key":"FearPotion"},{"floor":13.0,"key":"Block Potion"},{"floor":14.0,"key":"FairyPotion"},{"floor":16.0,"key":"LiquidBronze"},{"floor":21.0,"key":"SkillPotion"},{"floor":22.0,"key":"FocusPotion"},{"floor":24.0,"key":"SteroidPotion"},{"floor":28.0,"key":"Fire Potion"},{"floor":29.0,"key":"Dexterity Potion"},{"floor":30.0,"key":"Energy Potion"},{"floor":35.0,"key":"Fire Potion"},{"floor":36.0,"key":"DuplicationPotion"},{"floor":38.0,"key":"Dexterity Potion"},{"floor":41,"key":"Explosive Potion"}],"is_trial":false,"path_per_floor":["M","M","$","?","M","R","$","M","T","T","M","E","M","E","R","B",null,"M","$","?","M","M","R","E","R","T","R","M","E","M","?","R","B",null,"M","M","?","M","?","R","E","R","T","E"],"character_chosen":"DEFECT","items_purchased":["ClockworkSouvenir","Defragment","DataDisk"],"campfire_rested":4,"item_purchase_floors":[3,3,7],"current_hp_per_floor":[75,71,71,71,71,71,71,71,71,71,71,75,59,42,42,26,75,69,69,69,65,62,62,32,32,32,56,32,2,24,24,48,15,82,72,64,64,32,32,56,17,44,44,0,0],"gold":525,"neow_bonus":"HUNDRED_GOLD","is_daily":false,"chose_seed":false,"campfire_upgraded":4,"win_rate":0.0,"timestamp":1608980529,"path_taken":["M","M","$","?","M","R","$","M","T","?","M","E","M","E","R","BOSS","M","$","?","M","M","R","E","R","T","R","M","E","M","?","R","BOSS","M","M","?","M","?","R","E","R","T","E"],"items_purchased_type":["Relic","Card","Relic"],"build_version":"2020-12-22","purchased_purges":2,"victory":false,"max_hp_per_floor":[75,75,75,75,75,75,75,75,75,75,75,75,75,75,75,75,75,75,75,75,75,75,75,82,82,82,82,82,82,82,82,82,82,82,82,82,82,82,82,82,92,92,92,92,92],"card_choices":[{"not_picked":["White Noise","Beam Cell"],"picked":"Ball Lightning","floor":1.0},{"not_picked":["Gash","Go for the Eyes"],"picked":"Coolheaded","floor":2.0},{"not_picked":["Heatsinks","Beam Cell"],"picked":"Auto Shields","floor":5.0},{"not_picked":["Doom and Gloom","Beam Cell"],"picked":"Turbo","floor":8.0},{"not_picked":["Go for the Eyes","Rebound"],"picked":"Sweeping Beam","floor":11.0},{"not_picked":["Capacitor","White Noise"],"picked":"Lockon","floor":12.0},{"not_picked":["Ball Lightning","Sweeping Beam"],"picked":"Compile Driver","floor":13.0},{"not_picked":["Ball Lightning","Steam Power"],"picked":"Rebound","floor":14.0},{"not_picked":["Rainbow","Buffer"],"picked":"Core Surge","floor":16.0},{"not_picked":["Compile Driver","Cold Snap"],"picked":"Hologram","floor":18.0},{"not_picked":["Darkness","Barrage","Rebound"],"picked":"SKIP","floor":21.0},{"not_picked":["Hyperbeam","Aggregate","Hello World"],"picked":"SKIP","floor":22.0},{"not_picked":["Meteor Strike","Force Field+1","Sweeping Beam+1"],"picked":"SKIP","floor":24.0},{"not_picked":["Turbo+1","Gash"],"picked":"Genetic Algorithm+1","floor":28.0},{"not_picked":["Tempest+1","Stack+1"],"picked":"Coolheaded+1","floor":29.0},{"not_picked":["Compile Driver","Streamline+1"],"picked":"Go for the Eyes+1","floor":30.0},{"not_picked":["Hyperbeam","Multi-Cast"],"picked":"Electrodynamics","floor":33.0},{"not_picked":["Sweeping Beam+1","Rebound+1","Force Field"],"picked":"SKIP","floor":35.0},{"not_picked":["Sweeping Beam+1","Rebound+1","Force Field"],"picked":"SKIP","floor":35.0},{"not_picked":["Loop+1","Redo+1","Rebound"],"picked":"SKIP","floor":36.0},{"not_picked":["Loop+1","Redo+1","Rebound"],"picked":"SKIP","floor":36.0},{"not_picked":["Steam","Rip and Tear+1","Force Field+1"],"picked":"SKIP","floor":38.0},{"not_picked":["Hyperbeam","Ball Lightning"],"picked":"Lockon+1","floor":41}],"player_experience":645382,"relics_obtained":[{"floor":9.0,"key":"Omamori"},{"floor":10.0,"key":"White Beast Statue"},{"floor":12.0,"key":"Sundial"},{"floor":14.0,"key":"Torii"},{"floor":24.0,"key":"Strawberry"},{"floor":26.0,"key":"Art of War"},{"floor":29.0,"key":"Shuriken"},{"floor":41,"key":"Pear"},{"floor":43,"key":"MawBank"}],"event_choices":[{"damage_healed":0.0,"max_hp_gain":0.0,"max_hp_loss":0.0,"gold_gain":175.0,"event_name":"Liars Game","player_choice":"AGREE","floor":4.0,"gold_loss":0.0,"damage_taken":0.0,"cards_obtained":["Doubt"]},{"damage_healed":0.0,"max_hp_gain":0.0,"max_hp_loss":0.0,"gold_gain":0.0,"event_name":"Addict","player_choice":"Obtained Relic","floor":20.0,"gold_loss":85.0,"damage_taken":0.0,"relics_obtained":["Bag of Marbles"]},{"damage_healed":0.0,"max_hp_gain":0.0,"max_hp_loss":0.0,"gold_gain":99.0,"event_name":"Nest","player_choice":"Stole From Cult","floor":31.0,"gold_loss":0.0,"damage_taken":0.0},{"damage_healed":0.0,"max_hp_gain":0.0,"max_hp_loss":0.0,"gold_gain":0.0,"event_name":"Tomb of Lord Red Mask","player_choice":"Ignored","floor":37.0,"gold_loss":0.0,"damage_taken":0.0},{"damage_healed":0.0,"max_hp_gain":0.0,"max_hp_loss":0.0,"gold_gain":0.0,"event_name":"Upgrade Shrine","player_choice":"Upgraded","floor":39.0,"gold_loss":0.0,"damage_taken":0.0,"cards_upgraded":["Hologram"]}],"is_beta":false,"boss_relics":[{"not_picked":["Sozu","Inserter"],"picked":"SlaversCollar"},{"not_picked":["Tiny House","Velvet Choker"],"picked":"Nuclear Battery"}],"items_purged_floors":[7,19],"is_endless":false,"potions_floor_spawned":[2,5,11,12,13,14,16,18,21,22,24,28,29,30,33,35,36,38,41],"killed_by":"Nemesis","ascension_level":3}}