{"host":"thn8o1tmql8xszd5","time":1608951840,"event":{"mods":["AchievementEnabler","Act Like it!","BaseMod","Block Reminder","Colored Map","DeckTracker","Gensokyo","Highlight Path","Minty Spire (QoL Compilation)","Permanent Neow","Quick Restart","Relic Stats","Robot Space Explorer","StSLib","The Animator","The Blue Laboratory"],"gold_per_floor":[115,6,6,6,6,6,40,59,59,78,113,130,55,55,55,55,55],"floor_reached":16,"playtime":1107,"items_purged":["RobotSpaceExplorer:Strike"],"score":134,"play_id":"d020b5f2-332f-481f-a5ea-d599063baca0","local_time":"20201225220400","is_ascension_mode":true,"campfire_choices":[{"data":"RobotSpaceExplorer:BigMissile","floor":6,"key":"SMITH"},{"floor":15,"key":"REST"}],"circlet_count":0,"master_deck":["RobotSpaceExplorer:Strike","RobotSpaceExplorer:Strike","RobotSpaceExplorer:Strike","RobotSpaceExplorer:Defend","RobotSpaceExplorer:Defend","RobotSpaceExplorer:Defend","RobotSpaceExplorer:Defend","RobotSpaceExplorer:Scan","RobotSpaceExplorer:MiniLasers+1","RobotSpaceExplorer:BigMissile+1","RobotSpaceExplorer:MiniDrones","RobotSpaceExplorer:SurgingStrike+1","RobotSpaceExplorer:Blaster","RobotSpaceExplorer:SurgingShield","RobotSpaceExplorer:RigExplosive","Pain"],"relics":["RobotSpaceExplorer:RoboCore","Gensokyo:OccultBall","Centennial Puzzle","Bottled Lightning","Art of War","Unceasing Top","Gensokyo:LunaticRedEyes"],"acts_visited":["Exordium"],"potions_floor_usage":[11],"damage_taken":[{"damage":4,"enemies":"Gensokyo:Gryphon","floor":1,"turns":3},{"damage":34,"enemies":"Gensokyo:Aya","floor":7,"turns":8},{"damage":4,"enemies":"Gensokyo:2_Kodama","floor":8,"turns":2},{"damage":0,"enemies":"Gensokyo:Python","floor":10,"turns":2},{"damage":6,"enemies":"Gensokyo:Cirno","floor":11,"turns":9},{"damage":1,"enemies":"Gensokyo:VengefulSpirit","floor":12,"turns":2},{"damage":30,"enemies":"Gensokyo:Yukari","floor":16,"turns":6}],"seed_played":"5800118347720169400","potions_obtained":[{"floor":8,"key":"RobotSpaceExplorer:RecyclePotion"},{"floor":10,"key":"SpeedPotion"}],"is_trial":false,"path_per_floor":["M","COS","?","?","?","R","E","M","T","M","E","M","$","?","R","B"],"character_chosen":"RobotSpaceExplorer","items_purchased":[],"campfire_rested":1,"item_purchase_floors":[],"current_hp_per_floor":[64,64,64,64,64,64,30,26,26,26,20,19,19,19,41,11,11],"gold":55,"neow_bonus":"UPGRADE_CARD","is_daily":false,"chose_seed":false,"campfire_upgraded":1,"win_rate":0.0,"timestamp":1608951840,"path_taken":["M","COS","?","?","?","R","E","M","T","M","E","?","?","?","R","BOSS"],"items_purchased_type":[],"build_version":"2020-12-22","purchased_purges":1,"victory":false,"max_hp_per_floor":[75,75,75,75,75,75,75,75,75,75,75,75,75,75,75,75,75],"relic_stats":{"Centennial Puzzle":[12],"counters":[7,32],"Art of War":[0],"obtain_stats":[{"Centennial Puzzle":7,"RobotSpaceExplorer:RoboCore":0,"Gensokyo:OccultBall":5,"Art of War":11,"Bottled Lightning":9,"Unceasing Top":12,"Gensokyo:LunaticRedEyes":14},{"Centennial Puzzle":2,"RobotSpaceExplorer:RoboCore":0,"Gensokyo:OccultBall":1,"Art of War":5,"Bottled Lightning":3,"Unceasing Top":6,"Gensokyo:LunaticRedEyes":6},{"Centennial Puzzle":11,"RobotSpaceExplorer:RoboCore":0,"Gensokyo:OccultBall":3,"Art of War":24,"Bottled Lightning":13,"Unceasing Top":25,"Gensokyo:LunaticRedEyes":26}],"Unceasing Top":[0]},"card_choices":[{"not_picked":["RobotSpaceExplorer:SlimeMissile","RobotSpaceExplorer:PowerCollector"],"picked":"RobotSpaceExplorer:BigMissile","floor":1},{"not_picked":["RobotSpaceExplorer:PowerCollector","RobotSpaceExplorer:MakeshiftVolley"],"picked":"RobotSpaceExplorer:TurboDodge","floor":4},{"not_picked":["RobotSpaceExplorer:GlueSpray","RobotSpaceExplorer:Ammunition"],"picked":"RobotSpaceExplorer:MiniDrones","floor":4},{"not_picked":["RobotSpaceExplorer:PowerGlove+1","RobotSpaceExplorer:BigMissile+1"],"picked":"RobotSpaceExplorer:SurgingStrike+1","floor":7},{"not_picked":["RobotSpaceExplorer:SwiftStep","RobotSpaceExplorer:MetalStrike"],"picked":"RobotSpaceExplorer:Blaster","floor":7},{"not_picked":["RobotSpaceExplorer:MetalStrike","RobotSpaceExplorer:MiniDrones"],"picked":"RobotSpaceExplorer:SurgingShield","floor":8},{"not_picked":["RobotSpaceExplorer:MetalStrike","RobotSpaceExplorer:ShovelStrike","RobotSpaceExplorer:GlueSpray"],"picked":"SKIP","floor":10},{"not_picked":["RobotSpaceExplorer:Accelerator","RobotSpaceExplorer:SurgingShield","RobotSpaceExplorer:ExhaustFan"],"picked":"SKIP","floor":11},{"not_picked":["RobotSpaceExplorer:ScrapShield","RobotSpaceExplorer:PlasmaMissile"],"picked":"RobotSpaceExplorer:RigExplosive","floor":12}],"player_experience":705781,"relics_obtained":[{"floor":7,"key":"Centennial Puzzle"},{"floor":8,"key":"Gensokyo:OccultBall"},{"floor":9,"key":"Bottled Lightning"},{"floor":11,"key":"Art of War"}],"event_choices":[],"is_beta":false,"boss_relics":[],"items_purged_floors":[13],"is_endless":false,"potions_floor_spawned":[8,10],"killed_by":"Gensokyo:Yukari","ascension_level":6}}