{"host":"63yhhrjweyj22b0v","time":1608970822,"event":{"mods":["BaseMod","Minty Spire (QoL Compilation)","Quick Restart"],"gold_per_floor":[118,131,34,109,209,242,242,257,257,271,298,298,20,31,31,131,131,151,161,14,14,14,14,32,32,32,46,58,58,70,70,70,173,173,189,202,202,48,48,48],"floor_reached":39,"playtime":1038,"items_purged":["Strike_P"],"score":441,"play_id":"ec286531-431c-422a-8b05-206ed015e21d","local_time":"20201226022022","is_ascension_mode":false,"campfire_choices":[{"data":"Eruption","floor":7,"key":"SMITH"},{"data":"Prostrate","floor":12,"key":"SMITH"},{"data":"Alpha","floor":15,"key":"SMITH"},{"floor":23,"key":"REST"},{"data":"Vault","floor":25,"key":"SMITH"},{"floor":32,"key":"REST"}],"circlet_count":0,"master_deck":["Strike_P+1","Strike_P+1","Strike_P+1","Defend_P+1","Defend_P+1","Defend_P+1","Defend_P+1","Eruption+1","Vigilance","EmptyFist","Prostrate","Crescendo","EmptyFist","PathToVictory","BowlingBash+1","SignatureMove+1","Prostrate+1","Alpha+1","Halt","Halt","Vault+1","EmptyFist+1","Alpha+1","MasterReality","Madness","Madness"],"relics":["HolyWater","NeowsBlessing","Bird Faced Urn","Bottled Flame","Mummified Hand","Busted Crown","Omamori","Meat on the Bone","Whetstone"],"acts_visited":["Exordium","TheCity","TheBeyond"],"potions_floor_usage":[16,16,18,27,27,28,30,33,33],"damage_taken":[{"damage":0,"enemies":"Jaw Worm","floor":1,"turns":1},{"damage":0,"enemies":"Small Slimes","floor":2,"turns":1},{"damage":0,"enemies":"3 Sentries","floor":6,"turns":1},{"damage":0,"enemies":"Cultist","floor":8,"turns":2},{"damage":0,"enemies":"Exordium Wildlife","floor":10,"turns":1},{"damage":0,"enemies":"Gremlin Nob","floor":11,"turns":2},{"damage":0,"enemies":"Blue Slaver","floor":14,"turns":2},{"damage":37,"enemies":"The Guardian","floor":16,"turns":7},{"damage":18,"enemies":"2 Thieves","floor":18,"turns":4},{"damage":15,"enemies":"Spheric Guardian","floor":19,"turns":4},{"damage":0,"enemies":"Snecko","floor":24,"turns":3},{"damage":2,"enemies":"Cultist and Chosen","floor":27,"turns":4},{"damage":0,"enemies":"Snake Plant","floor":28,"turns":2},{"damage":13,"enemies":"3 Cultists","floor":30,"turns":4},{"damage":59,"enemies":"Collector","floor":33,"turns":6},{"damage":29,"enemies":"3 Shapes","floor":35,"turns":5},{"damage":13,"enemies":"3 Darklings","floor":36,"turns":5},{"damage":44,"enemies":"Sphere and 2 Shapes","floor":39,"turns":3}],"seed_played":"-7506722757494816316","potions_obtained":[{"floor":2,"key":"Ambrosia"},{"floor":10,"key":"Fire Potion"},{"floor":14,"key":"BlessingOfTheForge"},{"floor":18,"key":"EntropicBrew"},{"floor":19,"key":"LiquidMemories"},{"floor":22,"key":"StancePotion"},{"floor":22,"key":"GamblersBrew"},{"floor":30,"key":"LiquidBronze"}],"is_trial":false,"path_per_floor":["M","M","$","?","?","E","R","M","T","M","E","R","$","M","R","B",null,"M","M","$","?","?","R","M","R","T","M","M","?","M","?","R","B",null,"M","M","?","$","M"],"character_chosen":"WATCHER","items_purchased":["Crescendo","EmptyFist","Alpha","Halt","Omamori","Whetstone"],"campfire_rested":2,"item_purchase_floors":[3,3,13,13,20,38],"current_hp_per_floor":[72,72,72,61,61,61,61,61,61,61,61,61,61,61,61,26,72,56,43,43,43,43,64,64,64,64,64,64,64,51,51,72,27,72,47,46,37,37,0,0],"gold":48,"neow_bonus":"THREE_ENEMY_KILL","is_daily":false,"chose_seed":false,"campfire_upgraded":4,"win_rate":0.0,"timestamp":1608970822,"path_taken":["M","M","$","?","?","E","R","M","T","?","E","R","$","M","R","BOSS","M","M","$","?","?","R","M","R","T","?","M","?","?","?","R","BOSS","M","M","?","$","M"],"items_purchased_type":["Card","Card","Card","Card","Relic","Relic"],"build_version":"2020-12-22","purchased_purges":1,"victory":false,"max_hp_per_floor":[72,72,72,72,72,72,72,72,72,72,72,72,72,72,72,72,72,72,72,72,72,72,72,72,72,72,72,72,72,72,72,72,72,72,72,72,72,72,72,72],"card_choices":[{"not_picked":["FollowUp","Collect"],"picked":"EmptyFist","floor":1},{"not_picked":["BattleHymn","EmptyFist"],"picked":"Prostrate","floor":2},{"not_picked":["ReachHeaven","Pray"],"picked":"PathToVictory","floor":6},{"not_picked":["CarveReality","ReachHeaven"],"picked":"BowlingBash","floor":8},{"not_picked":["Adaptation","Wallop"],"picked":"SignatureMove","floor":10},{"not_picked":["Crescendo","EmptyFist"],"picked":"Prostrate","floor":11},{"not_picked":["FlurryOfBlows","ClearTheMind"],"picked":"Halt","floor":14},{"not_picked":["Omniscience","LessonLearned"],"picked":"Vault","floor":16},{"not_picked":["ForeignInfluence"],"picked":"SKIP","floor":18},{"not_picked":["CutThroughFate+1"],"picked":"SKIP","floor":19},{"not_picked":["Evaluate"],"picked":"SKIP","floor":24},{"not_picked":["ThirdEye"],"picked":"SKIP","floor":27},{"not_picked":[],"picked":"EmptyFist+1","floor":28},{"not_picked":["FlyingSleeves"],"picked":"SKIP","floor":30},{"not_picked":[],"picked":"MasterReality","floor":33},{"not_picked":["FollowUp"],"picked":"SKIP","floor":35},{"not_picked":["ForeignInfluence"],"picked":"SKIP","floor":36}],"player_experience":642279,"relics_obtained":[{"floor":6,"key":"Bird Faced Urn"},{"floor":9,"key":"Bottled Flame"},{"floor":11,"key":"Mummified Hand"},{"floor":26,"key":"Meat on the Bone"}],"event_choices":[{"damage_healed":0,"gold_gain":75,"player_choice":"Gather Gold","damage_taken":11,"max_hp_gain":0,"max_hp_loss":0,"event_name":"World of Goop","floor":4,"gold_loss":0},{"damage_healed":0,"gold_gain":100,"player_choice":"Pray","damage_taken":0,"max_hp_gain":0,"max_hp_loss":0,"event_name":"Golden Shrine","floor":5,"gold_loss":0},{"damage_healed":0,"gold_gain":0,"player_choice":"Simplicity","damage_taken":0,"max_hp_gain":0,"max_hp_loss":0,"event_name":"Back to Basics","floor":21,"gold_loss":0,"cards_upgraded":["Strike_P","Strike_P","Strike_P","Defend_P","Defend_P","Defend_P","Defend_P"]},{"damage_healed":0,"gold_gain":0,"player_choice":"Got Potions","damage_taken":0,"max_hp_gain":0,"max_hp_loss":0,"event_name":"Lab","floor":22,"gold_loss":0},{"damage_healed":0,"gold_gain":0,"player_choice":"Copied","damage_taken":0,"max_hp_gain":0,"max_hp_loss":0,"event_name":"Duplicator","floor":29,"gold_loss":0,"cards_obtained":["Alpha"]},{"damage_healed":0,"gold_gain":0,"player_choice":"Embrace Madness","damage_taken":9,"max_hp_gain":0,"max_hp_loss":0,"event_name":"Winding Halls","floor":37,"gold_loss":0,"cards_obtained":["Madness","Madness"]}],"is_beta":false,"boss_relics":[{"not_picked":["Black Star","Velvet Choker"],"picked":"Busted Crown"},{"not_picked":["Runic Pyramid","Calling Bell"],"picked":"HolyWater"}],"items_purged_floors":[13],"is_endless":false,"potions_floor_spawned":[2,10,14,18,19,24,30],"killed_by":"Sphere and 2 Shapes","ascension_level":0}}