{"host":"f5n4tidiz2n5sooh","time":1608972094,"event":{"mods":["BaseMod","Bestiary","Colored Map","Minty Spire (QoL Compilation)","Relic Stats","StSLib"],"gold_per_floor":[111,261,336,336,352,393,393,426,452,452,16,16,40,64,64,158,158,172,172,172],"floor_reached":19,"playtime":582,"items_purged":["Doubt"],"score":400,"play_id":"713fa4d2-f022-4adf-85c1-77014bf99cd6","local_time":"20201226024134","is_ascension_mode":true,"campfire_choices":[{"data":"Eviscerate","floor":7,"key":"SMITH"},{"data":"Bouncing Flask","floor":12,"key":"SMITH"},{"floor":15,"key":"REST"}],"circlet_count":0,"master_deck":["AscendersBane","Strike_G","Strike_G","Strike_G","Strike_G","Strike_G","Defend_G","Defend_G","Defend_G","Defend_G","Defend_G","Survivor","Neutralize","Eviscerate+1","Bouncing Flask+1","Acrobatics","Noxious Fumes","After Image","Tools of the Trade","Backflip"],"relics":["Ring of the Snake","NeowsBlessing","Golden Idol","Juzu Bracelet","Potion Belt","Ancient Tea Set","Bag of Preparation","HornCleat","SlaversCollar"],"acts_visited":["Exordium","TheCity"],"potions_floor_usage":[8,16,19],"damage_taken":[{"damage":0,"enemies":"Small Slimes","floor":1,"turns":1},{"damage":0,"enemies":"2 Louse","floor":5,"turns":1},{"damage":0,"enemies":"3 Sentries","floor":6,"turns":2},{"damage":47,"enemies":"Gremlin Nob","floor":8,"turns":5},{"damage":0,"enemies":"Cultist","floor":13,"turns":2},{"damage":12,"enemies":"Exordium Wildlife","floor":14,"turns":4},{"damage":13,"enemies":"Hexaghost","floor":16,"turns":9},{"damage":7,"enemies":"Spheric Guardian","floor":18,"turns":4},{"damage":51,"enemies":"Masked Bandits","floor":19,"turns":4}],"seed_played":"5952630936122483613","potions_obtained":[{"floor":1,"key":"FairyPotion"},{"floor":6,"key":"Weak Potion"},{"floor":14,"key":"FearPotion"},{"floor":18,"key":"LiquidMemories"}],"is_trial":false,"path_per_floor":["M","?","?","?","M","E","R","E","T","T","$","R","M","M","R","B",null,"M","?"],"character_chosen":"THE_SILENT","items_purchased":["Noxious Fumes","HornCleat"],"campfire_rested":1,"item_purchase_floors":[11,11],"current_hp_per_floor":[59,59,48,48,48,48,48,1,1,1,1,1,1,18,36,23,51,44,0,0],"gold":172,"neow_bonus":"THREE_ENEMY_KILL","is_daily":false,"chose_seed":false,"campfire_upgraded":2,"win_rate":0.0,"timestamp":1608972094,"path_taken":["M","?","?","?","M","E","R","E","T","?","$","R","M","M","R","BOSS","M","?"],"items_purchased_type":["Card","Relic"],"build_version":"2020-12-22","purchased_purges":1,"victory":false,"max_hp_per_floor":[66,66,66,60,60,60,60,60,60,60,60,60,60,60,60,60,60,60,60,60],"relic_stats":{"counters":[9,32],"Golden Idol":58,"Juzu Bracelet":0,"Bag of Preparation":[10],"obtain_stats":[{"Potion Belt":8,"SlaversCollar":17,"HornCleat":11,"NeowsBlessing":0,"Golden Idol":4,"Juzu Bracelet":6,"Bag of Preparation":10,"Ancient Tea Set":9,"Ring of the Snake":0},{"Potion Belt":4,"SlaversCollar":7,"HornCleat":4,"NeowsBlessing":0,"Golden Idol":1,"Juzu Bracelet":3,"Bag of Preparation":4,"Ancient Tea Set":4,"Ring of the Snake":0},{"Potion Belt":9,"SlaversCollar":24,"HornCleat":9,"NeowsBlessing":0,"Golden Idol":1,"Juzu Bracelet":4,"Bag of Preparation":9,"Ancient Tea Set":9,"Ring of the Snake":0}],"Ring of the Snake":[18]},"card_choices":[{"not_picked":["Tactician","Outmaneuver","Reflex"],"picked":"SKIP","floor":1},{"not_picked":["Poisoned Stab","Dagger Spray"],"picked":"Eviscerate","floor":5},{"not_picked":["PiercingWail","All Out Attack"],"picked":"Bouncing Flask","floor":6},{"not_picked":["Dagger Spray","Underhanded Strike"],"picked":"Acrobatics","floor":8},{"not_picked":["Infinite Blades","Finisher"],"picked":"After Image","floor":13},{"not_picked":["Sucker Punch","Masterful Stab","Deadly Poison"],"picked":"SKIP","floor":14},{"not_picked":["Grand Finale","Unload"],"picked":"Tools of the Trade","floor":16},{"not_picked":["Accuracy","Dodge and Roll"],"picked":"Backflip","floor":18}],"player_experience":1936461,"relics_obtained":[{"floor":6,"key":"Juzu Bracelet"},{"floor":8,"key":"Potion Belt"},{"floor":9,"key":"Ancient Tea Set"},{"floor":10,"key":"Bag of Preparation"}],"event_choices":[{"damage_healed":0,"gold_gain":150,"player_choice":"AGREE","damage_taken":0,"max_hp_gain":0,"max_hp_loss":0,"event_name":"Liars Game","floor":2,"gold_loss":0,"cards_obtained":["Doubt"]},{"damage_healed":0,"gold_gain":75,"player_choice":"Gather Gold","damage_taken":11,"max_hp_gain":0,"max_hp_loss":0,"event_name":"World of Goop","floor":3,"gold_loss":0},{"damage_healed":0,"gold_gain":0,"player_choice":"Lose Max HP","damage_taken":0,"relics_obtained":["Golden Idol"],"max_hp_gain":0,"max_hp_loss":6,"event_name":"Golden Idol","floor":4,"gold_loss":0},{"damage_healed":0,"gold_gain":0,"player_choice":"Fought Bandits","damage_taken":0,"max_hp_gain":0,"max_hp_loss":0,"event_name":"Masked Bandits","floor":19,"gold_loss":0}],"is_beta":false,"boss_relics":[{"not_picked":["Ring of the Serpent","Sozu"],"picked":"SlaversCollar"}],"items_purged_floors":[11],"is_endless":false,"potions_floor_spawned":[1,6,14,18],"killed_by":"Masked Bandits","ascension_level":20}}