{"host":"ayh4nqhr0ddw4ozv","time":1608972799,"event":{"mods":["BaseMod","Minty Spire (QoL Compilation)","Relic Stats","Robot Space Explorer","StSLib"],"gold_per_floor":[109,20,40,55,69,104,104,121,121,121,196,215,232,232,232,336,336,356,376,395,310,310,310,310],"floor_reached":23,"playtime":990,"items_purged":[],"score":244,"play_id":"1d77a7bb-21c8-41e7-8ae1-463ea41a7649","local_time":"20201226005319","is_ascension_mode":true,"campfire_choices":[{"data":"RobotSpaceExplorer:HighVoltage","floor":7,"key":"SMITH"},{"data":"RobotSpaceExplorer:FreezingShield","floor":10,"key":"SMITH"},{"data":"RobotSpaceExplorer:ToxicBomb","floor":15,"key":"SMITH"}],"circlet_count":0,"master_deck":["RobotSpaceExplorer:Strike","RobotSpaceExplorer:Strike","RobotSpaceExplorer:Strike","RobotSpaceExplorer:Defend","RobotSpaceExplorer:Defend+1","RobotSpaceExplorer:Defend","RobotSpaceExplorer:Scan","RobotSpaceExplorer:MiniLasers","RobotSpaceExplorer:HighVoltage+1","RobotSpaceExplorer:FreezingShield+1","RobotSpaceExplorer:Smokescreen+1","RobotSpaceExplorer:ToxicBomb+1","RobotSpaceExplorer:Comet","RobotSpaceExplorer:Comet","RobotSpaceExplorer:SurgingStrike+1","RitualDagger"],"relics":["RobotSpaceExplorer:TurboCore","Toy Ornithopter","White Beast Statue","War Paint"],"acts_visited":["Exordium","TheCity"],"potions_floor_usage":[6,6,16,16,16,23,23],"damage_taken":[{"damage":0,"enemies":"Small Slimes","floor":1,"turns":1},{"damage":0,"enemies":"2 Louse","floor":3,"turns":1},{"damage":6,"enemies":"Jaw Worm","floor":4,"turns":4},{"damage":8,"enemies":"Large Slime","floor":5,"turns":9},{"damage":19,"enemies":"Gremlin Nob","floor":6,"turns":4},{"damage":0,"enemies":"Lots of Slimes","floor":8,"turns":1},{"damage":0,"enemies":"2 Fungi Beasts","floor":12,"turns":1},{"damage":1,"enemies":"Blue Slaver","floor":13,"turns":4},{"damage":28,"enemies":"Hexaghost","floor":16,"turns":10},{"damage":10,"enemies":"2 Thieves","floor":18,"turns":3},{"damage":0,"enemies":"Chosen","floor":19,"turns":4},{"damage":2,"enemies":"3 Cultists","floor":20,"turns":3},{"damage":54,"enemies":"Book of Stabbing","floor":23,"turns":6}],"seed_played":"-3615242087208970769","potions_obtained":[{"floor":5,"key":"ColorlessPotion"},{"floor":6,"key":"ColorlessPotion"},{"floor":12,"key":"EntropicBrew"},{"floor":13,"key":"Dexterity Potion"},{"floor":16,"key":"Fire Potion"},{"floor":18,"key":"Block Potion"}],"is_trial":false,"path_per_floor":["M","$","M","M","M","E","R","M","T","R","?","M","M","?","R","B",null,"M","M","M","?","?","E"],"character_chosen":"RobotSpaceExplorer","items_purchased":["Explosive Potion","RobotSpaceExplorer:FreezingShield"],"campfire_rested":0,"item_purchase_floors":[2,2],"current_hp_per_floor":[75,75,75,69,61,42,42,42,42,42,31,31,30,23,23,10,59,49,49,47,47,41,0,0],"gold":310,"neow_bonus":"ONE_RANDOM_RARE_CARD","is_daily":false,"chose_seed":false,"campfire_upgraded":3,"win_rate":0.0,"timestamp":1608972799,"path_taken":["M","$","M","M","M","E","R","M","T","R","?","M","M","?","R","BOSS","M","M","M","?","?","E"],"items_purchased_type":["Potion","Card"],"build_version":"2020-12-22","purchased_purges":0,"victory":false,"max_hp_per_floor":[75,75,75,75,75,75,75,75,75,75,75,75,75,75,75,75,75,75,75,75,75,75,75,75],"relic_stats":{"counters":[13,51],"War Paint":["RobotSpaceExplorer:Defend","RobotSpaceExplorer:Smokescreen"],"obtain_stats":[{"RobotSpaceExplorer:RoboCore":0,"War Paint":21,"Toy Ornithopter":6,"White Beast Statue":9,"RobotSpaceExplorer:TurboCore":17},{"RobotSpaceExplorer:RoboCore":0,"War Paint":12,"Toy Ornithopter":5,"White Beast Statue":6,"RobotSpaceExplorer:TurboCore":9},{"RobotSpaceExplorer:RoboCore":0,"War Paint":45,"Toy Ornithopter":19,"White Beast Statue":20,"RobotSpaceExplorer:TurboCore":35}],"Toy Ornithopter":25},"card_choices":[{"not_picked":["RobotSpaceExplorer:ShockKick","RobotSpaceExplorer:Counterblock","RobotSpaceExplorer:MiniBoosters"],"picked":"SKIP","floor":1},{"not_picked":["RobotSpaceExplorer:FreezeRay","RobotSpaceExplorer:MetalStrike","RobotSpaceExplorer:ShockKick"],"picked":"SKIP","floor":3},{"not_picked":["RobotSpaceExplorer:SwiftStep","RobotSpaceExplorer:MiniDrones","RobotSpaceExplorer:GlueShot"],"picked":"SKIP","floor":4},{"not_picked":["RobotSpaceExplorer:FreezeRay","RobotSpaceExplorer:DoubleFind"],"picked":"RobotSpaceExplorer:Smokescreen","floor":5},{"not_picked":["RobotSpaceExplorer:ImprovisedAttack","RobotSpaceExplorer:FrostMissile"],"picked":"RobotSpaceExplorer:Wormhole","floor":6},{"not_picked":["RobotSpaceExplorer:GlueShot","RobotSpaceExplorer:Ammunition","RobotSpaceExplorer:MetalStrike"],"picked":"SKIP","floor":8},{"not_picked":["RobotSpaceExplorer:SwiftStep","RobotSpaceExplorer:ShovelStrike"],"picked":"RobotSpaceExplorer:ToxicBomb","floor":12},{"not_picked":["RobotSpaceExplorer:Calculate","RobotSpaceExplorer:ImprovisedAttack"],"picked":"RobotSpaceExplorer:Comet","floor":13},{"not_picked":["RobotSpaceExplorer:BlastShield","RobotSpaceExplorer:Wormhole"],"picked":"RobotSpaceExplorer:Comet","floor":16},{"not_picked":["RobotSpaceExplorer:SwiftStep","RobotSpaceExplorer:StunGrenade+1"],"picked":"RobotSpaceExplorer:SurgingStrike+1","floor":18},{"not_picked":["RobotSpaceExplorer:SwiftStep+1","RobotSpaceExplorer:FreezingShield","RobotSpaceExplorer:Probe+1"],"picked":"SKIP","floor":19},{"not_picked":["RobotSpaceExplorer:StunGrenade","RobotSpaceExplorer:ScrapShield","RobotSpaceExplorer:MetalStrike"],"picked":"SKIP","floor":20}],"player_experience":229104,"relics_obtained":[{"floor":6,"key":"Toy Ornithopter"},{"floor":9,"key":"White Beast Statue"}],"event_choices":[{"damage_healed":0,"gold_gain":75,"player_choice":"Gather Gold","damage_taken":11,"max_hp_gain":0,"max_hp_loss":0,"event_name":"World of Goop","floor":11,"gold_loss":0},{"cards_removed":["RobotSpaceExplorer:Defend"],"damage_healed":0,"gold_gain":0,"player_choice":"Card Removal","damage_taken":7,"max_hp_gain":0,"max_hp_loss":0,"event_name":"Golden Wing","floor":14,"gold_loss":0},{"damage_healed":0,"gold_gain":0,"player_choice":"Obtained Relic","damage_taken":0,"relics_obtained":["War Paint"],"max_hp_gain":0,"max_hp_loss":0,"event_name":"Addict","floor":21,"gold_loss":85},{"damage_healed":0,"gold_gain":0,"player_choice":"Joined the Cult","damage_taken":6,"max_hp_gain":0,"max_hp_loss":0,"event_name":"Nest","floor":22,"gold_loss":0,"cards_obtained":["RitualDagger"]}],"is_beta":false,"boss_relics":[{"not_picked":["RobotSpaceExplorer:SearchSpecs","SlaversCollar"],"picked":"RobotSpaceExplorer:TurboCore"}],"items_purged_floors":[],"is_endless":false,"potions_floor_spawned":[5,6,12,13,16,18,19,20],"killed_by":"Book of Stabbing","ascension_level":5}}