{"host":"6pgtslebjnyv5xmi","time":1608969295,"event":{"mods":["AchievementEnabler","BaseMod","Colored Map","Minty Spire (QoL Compilation)","Rare Cards Sparkle","StSLib","SuperFastMode","Td1madao Mod","everything is the same but u backflip on backflip"],"gold_per_floor":[114,39,39,54,54,54,78,78,78,92,116,116,136,149,149,149,149],"floor_reached":16,"playtime":359,"items_purged":["Strike_R"],"score":94,"play_id":"adecb77f-d44a-4acc-ba63-314055db5a38","local_time":"20201226165455","is_ascension_mode":false,"campfire_choices":[{"data":"Whirlwind","floor":6,"key":"SMITH"},{"data":"Reaper","floor":12,"key":"SMITH"},{"data":"Dropkick","floor":15,"key":"SMITH"}],"circlet_count":0,"master_deck":["Strike_R","Strike_R","Strike_R","Defend_R","Defend_R","Defend_R","Defend_R","Bash","Reaper+1","Whirlwind+1","Thunderclap","Dropkick+1"],"relics":["Burning Blood","Golden Idol","Ornamental Fan"],"acts_visited":["Exordium"],"potions_floor_usage":[16],"damage_taken":[{"damage":1,"enemies":"Cultist","floor":1,"turns":3},{"damage":0,"enemies":"Small Slimes","floor":4,"turns":2},{"damage":0,"enemies":"2 Louse","floor":7,"turns":1},{"damage":0,"enemies":"Exordium Wildlife","floor":10,"turns":2},{"damage":0,"enemies":"Gremlin Gang","floor":11,"turns":1},{"damage":10,"enemies":"Looter","floor":13,"turns":3},{"damage":33,"enemies":"Large Slime","floor":14,"turns":4},{"damage":75,"enemies":"The Guardian","floor":16,"turns":8}],"seed_played":"87189119848177863","potions_obtained":[{"floor":7,"key":"Block Potion"},{"floor":13,"key":"LiquidMemories"}],"is_trial":false,"path_per_floor":["M","$","?","M","?","R","M","$","T","M","M","R","M","M","R","B"],"character_chosen":"IRONCLAD","items_purchased":[],"campfire_rested":0,"item_purchase_floors":[],"current_hp_per_floor":[61,61,54,60,40,40,46,46,46,60,66,66,62,42,42,0,0],"gold":149,"neow_bonus":"THREE_RARE_CARDS","is_daily":false,"chose_seed":false,"campfire_upgraded":3,"win_rate":0.0,"timestamp":1608969295,"path_taken":["M","?","?","M","?","R","M","$","T","M","?","R","M","M","R","BOSS"],"items_purchased_type":[],"build_version":"2020-12-22","purchased_purges":1,"victory":false,"max_hp_per_floor":[80,80,80,80,80,80,80,80,80,80,80,80,80,80,80,80,80],"card_choices":[{"not_picked":["Immolate","Offering"],"picked":"Reaper","floor":0},{"not_picked":["Iron Wave","Body Slam"],"picked":"Whirlwind","floor":1},{"not_picked":["Flex","True Grit","Clothesline"],"picked":"SKIP","floor":4},{"not_picked":["Anger","Body Slam","Dark Embrace"],"picked":"SKIP","floor":7},{"not_picked":["Inflame","Sever Soul"],"picked":"Thunderclap","floor":10},{"not_picked":["Wild Strike","Dual Wield"],"picked":"Dropkick","floor":11},{"not_picked":["Sentinel","Anger","Limit Break"],"picked":"SKIP","floor":13},{"not_picked":["Body Slam","Pommel Strike","Wild Strike"],"picked":"SKIP","floor":14}],"player_experience":473409,"relics_obtained":[{"floor":9,"key":"Ornamental Fan"}],"event_choices":[{"cards_removed":["Strike_R"],"damage_healed":0,"gold_gain":0,"player_choice":"Card Removal","damage_taken":7,"max_hp_gain":0,"max_hp_loss":0,"event_name":"Golden Wing","floor":3,"gold_loss":0},{"damage_healed":0,"gold_gain":0,"player_choice":"Take Damage","damage_taken":20,"relics_obtained":["Golden Idol"],"max_hp_gain":0,"max_hp_loss":0,"event_name":"Golden Idol","floor":5,"gold_loss":0}],"is_beta":false,"boss_relics":[],"items_purged_floors":[2],"is_endless":false,"potions_floor_spawned":[7,13],"killed_by":"The Guardian","ascension_level":0}}