{"host":"m0l7iybr7y7a2mwh","time":1608959315,"event":{"mods":["AchievementEnabler","AlwaysNeverKeys","BaseMod","Block Reminder","Colored Map","Colored Powertips","Highlight Path","Minty Spire (QoL Compilation)","Permanent Neow","Quick Restart","StSLib"],"gold_per_floor":[109,129,204,216,229,259,259,274,274,165,183,196,214,34,34,131,131,142,142,242,43,59,89,101,101,101,132,132,132],"floor_reached":28,"playtime":1092,"items_purged":["Pain","Decay","Strike_B"],"score":328,"play_id":"f8f19a24-a915-4c3f-8f33-6c4fc72b5587","local_time":"20201226160835","is_ascension_mode":true,"campfire_choices":[{"floor":15.0,"key":"REST"}],"circlet_count":0,"master_deck":["Defend_B","Defend_B","Zap","Dualcast","Blizzard","Electrodynamics","Rebound","Streamline","Buffer","Ball Lightning","Defragment","Storm","Capacitor","Self Repair","Buffer","Melter+1","Tempest+1","Compile Driver+1","Gash+1","Self Repair","Storm","Creative AI","Darkness"],"relics":["Cracked Core","Torii","WarpedTongs","Singing Bowl","Astrolabe","Kunai","StoneCalendar","Cables","Juzu Bracelet"],"acts_visited":["Exordium","TheCity"],"potions_floor_usage":[28],"damage_taken":[{"damage":1.0,"enemies":"Cultist","floor":1.0,"turns":4.0},{"damage":9.0,"enemies":"2 Louse","floor":2.0,"turns":3.0},{"damage":10.0,"enemies":"Small Slimes","floor":4.0,"turns":4.0},{"damage":8.0,"enemies":"Exordium Thugs","floor":5.0,"turns":3.0},{"damage":14.0,"enemies":"3 Sentries","floor":6.0,"turns":4.0},{"damage":2.0,"enemies":"3 Louse","floor":8.0,"turns":2.0},{"damage":7.0,"enemies":"Looter","floor":11.0,"turns":3.0},{"damage":1.0,"enemies":"Blue Slaver","floor":12.0,"turns":3.0},{"damage":2.0,"enemies":"Large Slime","floor":13.0,"turns":5.0},{"damage":0.0,"enemies":"Slime Boss","floor":16.0,"turns":6.0},{"damage":30.0,"enemies":"2 Thieves","floor":18.0,"turns":3.0},{"damage":1.0,"enemies":"Shell Parasite","floor":22.0,"turns":5.0},{"damage":45.0,"enemies":"Book of Stabbing","floor":23.0,"turns":5.0},{"damage":10.0,"enemies":"Cultist and Chosen","floor":24.0,"turns":5.0},{"damage":27,"enemies":"Gremlin Leader","floor":27,"turns":6},{"damage":36,"enemies":"3 Cultists","floor":28,"turns":4}],"seed_played":"-7618112828986445974","potions_obtained":[{"floor":1.0,"key":"Energy Potion"},{"floor":6.0,"key":"EssenceOfSteel"},{"floor":12.0,"key":"EssenceOfSteel"},{"floor":13.0,"key":"PotionOfCapacity"},{"floor":22.0,"key":"Ancient Potion"},{"floor":23.0,"key":"Weak Potion"},{"floor":24.0,"key":"FocusPotion"},{"floor":27,"key":"Block Potion"}],"is_trial":false,"path_per_floor":["M","M","?","M","M","E","?","M","T","$","M","M","M","$","R","B",null,"M","?","?","$","M","E","M","?","T","E","M"],"character_chosen":"DEFECT","items_purchased":["Defragment","Self Repair","Self Repair"],"campfire_rested":1,"item_purchase_floors":[10,14,21],"current_hp_per_floor":[74,65,54,44,36,22,22,20,20,20,13,14,12,12,35,45,77,54,54,54,54,67,32,41,41,41,31,0,0],"gold":132,"neow_bonus":"TRANSFORM_TWO_CARDS","is_daily":false,"chose_seed":false,"campfire_upgraded":0,"win_rate":0.0,"timestamp":1608959315,"path_taken":["M","?","?","M","M","E","?","?","T","$","M","M","?","$","R","BOSS","M","?","?","$","?","E","M","?","T","E","M"],"items_purchased_type":["Card","Card","Card"],"build_version":"2020-12-22","purchased_purges":3,"victory":false,"max_hp_per_floor":[75,75,75,75,75,75,75,75,75,75,75,77,77,77,77,77,77,77,77,77,77,77,77,79,79,79,79,79,79],"card_choices":[{"not_picked":["Beam Cell","Barrage"],"picked":"Rebound","floor":1.0},{"not_picked":["Sweeping Beam","Compile Driver","Go for the Eyes"],"picked":"SKIP","floor":2.0},{"not_picked":["Undo","Hologram","Steam Power"],"picked":"SKIP","floor":4.0},{"not_picked":["Barrage","Double Energy"],"picked":"Streamline","floor":5.0},{"not_picked":["Rip and Tear","Double Energy"],"picked":"Buffer","floor":6.0},{"not_picked":["Rip and Tear","Undo"],"picked":"Ball Lightning","floor":8.0},{"not_picked":["Reinforced Body","Ball Lightning"],"picked":"Storm","floor":11.0},{"not_picked":["Conserve Battery","Chaos","Skim"],"picked":"Singing Bowl","floor":12.0},{"not_picked":["Hologram","Auto Shields"],"picked":"Capacitor","floor":13.0},{"not_picked":["Rainbow","Core Surge"],"picked":"Buffer","floor":16.0},{"not_picked":["Turbo","Coolheaded"],"picked":"Gash+1","floor":18.0},{"not_picked":["Redo+1","Leap+1"],"picked":"Storm","floor":22.0},{"not_picked":["Go for the Eyes+1","Steam Power+1"],"picked":"Creative AI","floor":23.0},{"not_picked":["Force Field","Conserve Battery","Scrape"],"picked":"Singing Bowl","floor":24.0},{"not_picked":["Rip and Tear","Rebound+1"],"picked":"Darkness","floor":27}],"player_experience":101733,"relics_obtained":[{"floor":6.0,"key":"Torii"},{"floor":9.0,"key":"Singing Bowl"},{"floor":23.0,"key":"Kunai"},{"floor":26.0,"key":"Cables"},{"floor":27,"key":"Juzu Bracelet"}],"event_choices":[{"damage_healed":0.0,"max_hp_gain":0.0,"max_hp_loss":0.0,"gold_gain":75.0,"event_name":"World of Goop","player_choice":"Gather Gold","floor":3.0,"gold_loss":0.0,"damage_taken":11.0},{"damage_healed":0.0,"max_hp_gain":0.0,"max_hp_loss":0.0,"gold_gain":0.0,"event_name":"Accursed Blacksmith","player_choice":"Rummage","floor":7.0,"gold_loss":0.0,"damage_taken":0.0,"relics_obtained":["WarpedTongs"],"cards_obtained":["Pain"]},{"damage_healed":0.0,"max_hp_gain":0.0,"max_hp_loss":0.0,"gold_gain":100.0,"event_name":"Golden Shrine","player_choice":"Pray","floor":20.0,"gold_loss":0.0,"damage_taken":0.0},{"damage_healed":0.0,"max_hp_gain":0.0,"max_hp_loss":0.0,"gold_gain":0.0,"event_name":"WeMeetAgain","player_choice":"Gave Potion","floor":25.0,"gold_loss":0.0,"damage_taken":0.0,"relics_obtained":["StoneCalendar"]}],"is_beta":false,"boss_relics":[{"not_picked":["Velvet Choker","Tiny House"],"picked":"Astrolabe"}],"items_purged_floors":[10,14,21],"is_endless":false,"potions_floor_spawned":[1,6,12,13,16,22,23,24,27],"killed_by":"3 Cultists","ascension_level":1}}