{"host":"uednfislz2ckn57r","time":1608947836,"event":{"mods":["Act Like it!","BaseMod","ChefMod","Colored Powertips","Elementarium","Hallownest","Menagerie","Minty Spire (QoL Compilation)","Quick Restart","StSLib","The Jungle","Wandering Minibosses"],"gold_per_floor":[115,0,0,0,21,55,55,90,172,213,231,270,8,28,28,117,117,138,158,158,177,177,177,195,226,263,275,311,361,473,500,512,617,629,655,685,572,144,163,163,202,202,202,241,262,298,118,137,137,137,137,137,137,12,53,53],"floor_reached":57,"playtime":4457,"items_purged":["Strike_B","Strike_B","Strike_B"],"score":2755,"play_id":"9f817c74-b49f-4a50-81a7-661453520159","local_time":"20201225195716","is_ascension_mode":true,"campfire_choices":[{"data":"Defragment","floor":7.0,"key":"SMITH"},{"data":"Go for the Eyes","floor":15.0,"key":"SMITH"},{"floor":23.0,"key":"REST"},{"floor":27.0,"key":"REST"},{"floor":32.0,"key":"REST"},{"floor":40.0,"key":"RECALL"},{"floor":42.0,"key":"REST"},{"floor":49.0,"key":"REST"},{"floor":53.0,"key":"REST"}],"circlet_count":0,"master_deck":["AscendersBane","Strike_B","Defend_B","Defend_B","Defend_B","Defend_B","Zap","Dualcast","Defragment+1","Doom and Gloom","Cold Snap","Barrage","Go for the Eyes+1","Electrodynamics+1","Coolheaded+1","Heatsinks","Fission+1","Compile Driver+1","Self Repair","Genetic Algorithm+1","Hologram+1","Stack+1","Leap+1","Defragment","Capacitor","Creative AI","Fusion+1","Reinforced Body+1","Barrage+1","Defragment+1","Loop","Compile Driver","Rainbow+1","Darkness+1"],"relics":["Cracked Core","NeowsBlessing","Golden Idol","Boot","Toxic Egg 2","HornCleat","Centennial Puzzle","ClockworkSouvenir","Fusion Hammer","Happy Flower","MawBank","Anchor","Toy Ornithopter","Sozu","Hallownest:SoulVesselRelic","Dead Branch","InkBottle","Potion Belt","DataDisk","Hallownest:StagBellRelic1","Blood Vial"],"acts_visited":["Menagerie:Menagerie","Menagerie:Menagerie","Hallownest:KingdomsEdge","TheEnding"],"potions_floor_usage":[56],"damage_taken":[{"damage":0.0,"enemies":"Menagerie:MonstrousExperiment","floor":1.0,"turns":1.0},{"damage":0.0,"enemies":"Menagerie:StygianBoar","floor":5.0,"turns":1.0},{"damage":0.0,"enemies":"Menagerie:VoidReaper","floor":6.0,"turns":1.0},{"damage":4.0,"enemies":"Menagerie:Hydra","floor":8.0,"turns":4.0},{"damage":10.0,"enemies":"Menagerie:MaskedSummoner","floor":10.0,"turns":6.0},{"damage":0.0,"enemies":"Menagerie:WhisperingWraith","floor":11.0,"turns":3.0},{"damage":6.0,"enemies":"Menagerie:MOSSY_WILDLIFE","floor":12.0,"turns":3.0},{"damage":6.0,"enemies":"Menagerie:KEEPER_AND_YOUNG_SUNEATER","floor":14.0,"turns":5.0},{"damage":22.0,"enemies":"Menagerie:Chimera","floor":16.0,"turns":10.0},{"damage":7.0,"enemies":"theJungle:5_Spyders","floor":18.0,"turns":5.0},{"damage":14.0,"enemies":"theJungle:MUSHROOMGANG","floor":19.0,"turns":2.0},{"damage":10.0,"enemies":"theJungle:Lyon","floor":21.0,"turns":4.0},{"damage":12.0,"enemies":"theJungle:2_Snecko_Cultists","floor":24.0,"turns":4.0},{"damage":10.0,"enemies":"theJungle:MamaSnecko","floor":25.0,"turns":6.0},{"damage":0.0,"enemies":"theJungle:Snecko_Cultist_And_Trap","floor":28.0,"turns":4.0},{"damage":4.0,"enemies":"theJungle:2_Phrogs","floor":29.0,"turns":7.0},{"damage":18.0,"enemies":"theJungle:SlimyTreeVines","floor":31.0,"turns":9.0},{"damage":37.0,"enemies":"theJungle:FunGuy","floor":33.0,"turns":12.0},{"damage":3.0,"enemies":"Hallownest:Shield_Heavy","floor":35.0,"turns":5.0},{"damage":9.0,"enemies":"Hallownest:2_Littles","floor":36.0,"turns":4.0},{"damage":5.0,"enemies":"Hallownest:Shield_Sturdy","floor":39.0,"turns":5.0},{"damage":0.0,"enemies":"Hallownest:eliteCollector","floor":41.0,"turns":6.0},{"damage":21.0,"enemies":"Hallownest:StalkingDevout","floor":44.0,"turns":4.0},{"damage":2.0,"enemies":"Hallownest:monsterPrimalAspid","floor":45.0,"turns":7.0},{"damage":19.0,"enemies":"Hallownest:eliteHiveKnight","floor":46.0,"turns":8.0},{"damage":6.0,"enemies":"Hallownest:Xero_Hu_Marmu","floor":48.0,"turns":5.0},{"damage":7.0,"enemies":"Hallownest:BossGreyPrinceZote","floor":50.0,"turns":9.0},{"damage":2.0,"enemies":"Hallownest:BossHollowKnight","floor":51.0,"turns":10.0},{"damage":55.0,"enemies":"Shield and Spear","floor":55.0,"turns":6.0},{"damage":22,"enemies":"The Heart","floor":56,"turns":12}],"seed_played":"-8355887948743346087","potions_obtained":[{"floor":6.0,"key":"FocusPotion"},{"floor":10.0,"key":"SteroidPotion"},{"floor":11.0,"key":"AttackPotion"},{"floor":19.0,"key":"SkillPotion"},{"floor":21.0,"key":"Fire Potion"},{"floor":25.0,"key":"ColorlessPotion"},{"floor":29.0,"key":"Dexterity Potion"}],"is_trial":false,"path_per_floor":["M","$","?","?","M","E","R","E","T","E","M","?","$","M","R","B",null,"M","M","?","M","T","R","M","E","T","R","M","E","?","M","R","B",null,"M","M","?","$","M","R","E","R","T","E","M","E","?","M","R","B","B",null,"R","$","E","B",null],"character_chosen":"DEFECT","items_purchased":["Doom and Gloom","ClockworkSouvenir","Dead Branch","Compile Driver","Rainbow+1"],"campfire_rested":6,"item_purchase_floors":[2,13,38,54,54],"current_hp_per_floor":[64,64,64,64,64,64,64,60,60,50,50,44,44,38,38,16,52,45,31,31,28,28,47,42,39,39,58,64,64,58,53,64,39,58,62,60,60,60,62,62,64,64,64,50,55,43,43,44,63,63,64,64,64,64,16,1],"gold":53,"neow_bonus":"THREE_ENEMY_KILL","is_daily":false,"chose_seed":false,"campfire_upgraded":2,"win_rate":0.0,"timestamp":1608947836,"path_taken":["M","$","?","?","M","E","R","E","T","E","M","?","$","?","R","BOSS","M","M","?","?","?","R","M","E","T","R","M","E","?","M","R","BOSS","M","M","?","$","M","R","E","R","T","E","M","E","?","M","R","BOSS","BOSS","R","$","E","BOSS"],"items_purchased_type":["Card","Relic","Relic","Card","Card"],"build_version":"2020-12-22","purchased_purges":3,"victory":true,"max_hp_per_floor":[71,71,71,64,64,64,64,64,64,64,64,64,64,64,64,64,64,64,64,64,64,64,64,64,64,64,64,64,64,64,64,64,64,64,64,64,64,64,64,64,64,64,64,64,64,64,64,64,64,64,64,64,64,64,64,64],"card_choices":[{"not_picked":["Leap","Compile Driver"],"picked":"Defragment","floor":1.0},{"not_picked":["Barrage","Undo"],"picked":"Cold Snap","floor":5.0},{"not_picked":["Melter","Chaos"],"picked":"Barrage","floor":6.0},{"not_picked":["Machine Learning","Turbo+1"],"picked":"Go for the Eyes","floor":8.0},{"not_picked":["Hologram+1","Rebound"],"picked":"Electrodynamics","floor":10.0},{"not_picked":["Gash","Beam Cell"],"picked":"Coolheaded+1","floor":11.0},{"not_picked":["Cold Snap","Storm"],"picked":"Heatsinks","floor":14.0},{"not_picked":["Amplify+1","Buffer"],"picked":"Fission+1","floor":16.0},{"not_picked":["Heatsinks","Streamline+1"],"picked":"Compile Driver+1","floor":18.0},{"not_picked":["Barrage","Double Energy+1"],"picked":"Self Repair","floor":19.0},{"not_picked":["Fusion+1","Compile Driver"],"picked":"Genetic Algorithm+1","floor":21.0},{"not_picked":["Heatsinks","Rebound"],"picked":"Hologram+1","floor":24.0},{"not_picked":["Beam Cell+1","Buffer"],"picked":"Stack+1","floor":25.0},{"not_picked":["Gash+1","Beam Cell"],"picked":"Leap+1","floor":28.0},{"not_picked":["Redo+1","Compile Driver"],"picked":"Defragment","floor":29.0},{"not_picked":["Force Field+1","Sunder+1"],"picked":"Capacitor","floor":31.0},{"not_picked":["Multi-Cast+1","Core Surge"],"picked":"Creative AI","floor":33.0},{"not_picked":["Beam Cell","Redo+1"],"picked":"Fusion+1","floor":35.0},{"not_picked":["Leap+1","Gash","Aggregate+1"],"picked":"SKIP","floor":36.0},{"not_picked":["BootSequence+1","Gash","Leap+1"],"picked":"SKIP","floor":39.0},{"not_picked":["BootSequence+1","Static Discharge+1","Leap+1"],"picked":"SKIP","floor":41.0},{"not_picked":["Chill+1","Melter"],"picked":"Reinforced Body+1","floor":44.0},{"not_picked":["Lockon","Go for the Eyes"],"picked":"Barrage+1","floor":45.0},{"not_picked":["Recycle+1","Gash"],"picked":"Defragment+1","floor":46.0},{"not_picked":["Streamline","Capacitor"],"picked":"Loop","floor":48.0},{"not_picked":["Hologram+1","Steam+1"],"picked":"Darkness+1","floor":55.0}],"player_experience":1731858,"relics_obtained":[{"floor":6.0,"key":"Boot"},{"floor":8.0,"key":"Toxic Egg 2"},{"floor":9.0,"key":"HornCleat"},{"floor":10.0,"key":"Centennial Puzzle"},{"floor":22.0,"key":"Happy Flower"},{"floor":25.0,"key":"MawBank"},{"floor":26.0,"key":"Anchor"},{"floor":29.0,"key":"Toy Ornithopter"},{"floor":41.0,"key":"InkBottle"},{"floor":44.0,"key":"Potion Belt"},{"floor":46.0,"key":"DataDisk"},{"floor":55.0,"key":"Blood Vial"}],"event_choices":[{"damage_healed":0.0,"max_hp_gain":0.0,"max_hp_loss":0.0,"gold_gain":0.0,"event_name":"Menagerie:SpiderNest","player_choice":"Ignored","floor":3.0,"gold_loss":0.0,"damage_taken":0.0},{"damage_healed":0.0,"max_hp_gain":0.0,"max_hp_loss":7.0,"gold_gain":0.0,"event_name":"Golden Idol","player_choice":"Lose Max HP","floor":4.0,"gold_loss":0.0,"damage_taken":0.0,"relics_obtained":["Golden Idol"]},{"damage_healed":0.0,"max_hp_gain":0.0,"max_hp_loss":0.0,"gold_gain":0.0,"event_name":"Menagerie:MossyPath","player_choice":"Detour","floor":12.0,"gold_loss":0.0,"damage_taken":0.0},{"damage_healed":0.0,"max_hp_gain":0.0,"max_hp_loss":0.0,"gold_gain":0.0,"event_name":"Upgrade Shrine","player_choice":"Upgraded","floor":20.0,"gold_loss":0.0,"damage_taken":0.0,"cards_upgraded":["Electrodynamics"]}],"is_beta":false,"boss_relics":[{"not_picked":["Busted Crown","SacredBark"],"picked":"Fusion Hammer"},{"not_picked":["Calling Bell","Runic Pyramid"],"picked":"Sozu"}],"items_purged_floors":[2,13,38],"is_endless":false,"potions_floor_spawned":[6,10,11,14,19,21,25,29,39,41,44,46,55],"ascension_level":20}}