{"host":"26mrfot5w7uj2ebc","time":1608986750,"event":{"mods":["AchievementEnabler","BaseMod","Colored Map","Minty Spire (QoL Compilation)"],"gold_per_floor":[118,118,0,20,95,130,130,147,173,173,173,173,193,193,193,295,295,310,328,345,365,384,384,483,483,483,502,502,528,528,543,543,641,641,652,35,50,69,80,80,91,107,187,187,187,0,0,32,32,32,32],"floor_reached":50,"playtime":1833,"items_purged":["Regret"],"score":528,"play_id":"8c9e1466-f28b-4836-9584-6fd6ae2aaf54","local_time":"20201226214550","is_ascension_mode":false,"campfire_choices":[{"data":"Noxious Fumes","floor":7,"key":"SMITH"},{"floor":10,"key":"RECALL"},{"floor":12,"key":"REST"},{"floor":15,"key":"REST"},{"floor":23,"key":"REST"},{"floor":25,"key":"REST"},{"data":"After Image","floor":28,"key":"SMITH"},{"floor":32,"key":"REST"},{"floor":40,"key":"REST"},{"floor":44,"key":"REST"},{"floor":49,"key":"REST"}],"circlet_count":0,"master_deck":["Survivor","Neutralize+1","Accuracy","Noxious Fumes+1","Backstab","Sucker Punch","Dagger Spray","Distraction","After Image+1","Infinite Blades","Accuracy","Distraction+1","Dagger Spray","Footwork","Parasite","Bullet Time","Shame","Bouncing Flask","Adrenaline","Die Die Die","Catalyst","Envenom","Skewer","Wraith Form v2","Adrenaline","Doppelganger","Night Terror","Bouncing Flask","Crippling Poison","Outmaneuver+1","Cloak And Dagger","Poisoned Stab+1","Finisher+1","Parasite","After Image","Well Laid Plans","Doubt","PiercingWail"],"relics":["Ring of the Snake","NeowsBlessing","Snake Skull","Shuriken","Boot","Cursed Key","Blue Candle","Juzu Bracelet","Pandora\u0027s Box","Blood Vial","Molten Egg 2","Sling","Pear","Red Mask","Art of War"],"acts_visited":["Exordium","TheCity","TheBeyond"],"potions_floor_usage":[14,16,20,30,38,48,50],"damage_taken":[{"damage":0,"enemies":"Cultist","floor":1,"turns":1},{"damage":0,"enemies":"Jaw Worm","floor":4,"turns":1},{"damage":0,"enemies":"Gremlin Nob","floor":6,"turns":1},{"damage":8,"enemies":"Small Slimes","floor":8,"turns":4},{"damage":9,"enemies":"Exordium Thugs","floor":13,"turns":3},{"damage":0,"enemies":"Gremlin Gang","floor":14,"turns":1},{"damage":26,"enemies":"Slime Boss","floor":16,"turns":6},{"damage":1,"enemies":"3 Byrds","floor":18,"turns":4},{"damage":3,"enemies":"Chosen","floor":19,"turns":5},{"damage":11,"enemies":"Snake Plant","floor":20,"turns":4},{"damage":26,"enemies":"Centurion and Healer","floor":21,"turns":5},{"damage":8,"enemies":"Snecko","floor":22,"turns":6},{"damage":12,"enemies":"Cultist and Chosen","floor":27,"turns":6},{"damage":0,"enemies":"3 Cultists","floor":30,"turns":1},{"damage":17,"enemies":"Centurion and Healer","floor":31,"turns":8},{"damage":36,"enemies":"Automaton","floor":33,"turns":10},{"damage":13,"enemies":"Orb Walker","floor":35,"turns":3},{"damage":20,"enemies":"3 Shapes","floor":37,"turns":3},{"damage":0,"enemies":"Sphere and 2 Shapes","floor":38,"turns":3},{"damage":9,"enemies":"Transient","floor":39,"turns":5},{"damage":8,"enemies":"Writhing Mass","floor":41,"turns":5},{"damage":17,"enemies":"Jaw Worm Horde","floor":42,"turns":3},{"damage":46,"enemies":"Reptomancer","floor":48,"turns":4},{"damage":51,"enemies":"Time Eater","floor":50,"turns":6}],"seed_played":"7760503071529588877","potions_obtained":[{"floor":4,"key":"SmokeBomb"},{"floor":6,"key":"SmokeBomb"},{"floor":19,"key":"FearPotion"},{"floor":27,"key":"SpeedPotion"},{"floor":33,"key":"DuplicationPotion"},{"floor":39,"key":"Strength Potion"},{"floor":48,"key":"SkillPotion"}],"is_trial":false,"path_per_floor":["M","?","$","M","?","E","R","M","T","R","?","R","M","M","R","B",null,"M","M","M","M","M","R","?","R","T","M","R","T","M","M","R","B",null,"M","$","M","M","M","R","M","M","T","R","?","?","$","E","R","B"],"character_chosen":"THE_SILENT","items_purchased":["Noxious Fumes","PowerPotion","Blood Vial","Molten Egg 2","Sling"],"campfire_rested":8,"item_purchase_floors":[3,3,36,36,36],"current_hp_per_floor":[70,70,70,70,59,59,59,51,51,51,37,58,49,49,70,44,70,69,66,55,29,21,42,42,63,63,51,51,51,51,34,55,19,70,57,57,39,41,34,55,49,34,34,55,65,65,65,21,45,0,0],"gold":32,"neow_bonus":"THREE_ENEMY_KILL","is_daily":false,"chose_seed":false,"campfire_upgraded":2,"win_rate":0.0,"timestamp":1608986750,"path_taken":["M","?","$","M","?","E","R","M","T","R","?","R","?","M","R","BOSS","M","?","M","?","M","R","?","R","T","M","R","?","M","M","R","BOSS","M","$","M","M","M","R","M","M","T","R","?","?","$","E","R","BOSS"],"items_purchased_type":["Card","Potion","Relic","Relic","Relic"],"build_version":"2020-12-22","purchased_purges":1,"victory":false,"max_hp_per_floor":[70,70,70,70,70,70,70,70,70,70,70,70,70,70,70,70,70,70,70,70,70,70,70,70,70,70,70,70,70,70,70,70,70,70,70,70,70,70,70,70,70,70,70,70,80,80,80,80,80,80,80],"card_choices":[{"not_picked":["Underhanded Strike","Footwork"],"picked":"Accuracy","floor":1},{"not_picked":["Endless Agony","Dagger Throw"],"picked":"Backstab","floor":4},{"not_picked":["Setup","Deflect"],"picked":"Sucker Punch","floor":6},{"not_picked":["Dodge and Roll","Flying Knee"],"picked":"Dagger Spray","floor":8},{"not_picked":["Deadly Poison","Quick Slash"],"picked":"Distraction","floor":13},{"not_picked":["Tools of the Trade","Bullet Time"],"picked":"After Image","floor":16},{"not_picked":["Reflex","Prepared"],"picked":"Infinite Blades","floor":18},{"not_picked":["Dash","Setup"],"picked":"Accuracy","floor":19},{"not_picked":["Quick Slash","Footwork+1"],"picked":"Distraction+1","floor":20},{"not_picked":["Prepared","Skewer+1"],"picked":"Dagger Spray","floor":21},{"not_picked":["Acrobatics","Cloak And Dagger"],"picked":"Footwork","floor":22},{"not_picked":["Underhanded Strike+1","Bane+1"],"picked":"Bullet Time","floor":27},{"not_picked":["Backstab","Blade Dance+1"],"picked":"Bouncing Flask","floor":31},{"not_picked":["Tools of the Trade","Grand Finale"],"picked":"Adrenaline","floor":33},{"not_picked":["Bane","Heel Hook+1"],"picked":"Outmaneuver+1","floor":35},{"not_picked":["Prepared+1","Underhanded Strike+1"],"picked":"Cloak And Dagger","floor":37},{"not_picked":["Flying Knee+1","Underhanded Strike+1"],"picked":"Poisoned Stab+1","floor":38},{"not_picked":["Flechettes+1","Deflect+1"],"picked":"Finisher+1","floor":39},{"not_picked":["Deadly Poison+1","Bane+1"],"picked":"After Image","floor":41},{"not_picked":["Slice+1","Deflect"],"picked":"Well Laid Plans","floor":42},{"not_picked":["Reflex+1","Tactician"],"picked":"PiercingWail","floor":48}],"player_experience":213444,"relics_obtained":[{"floor":6,"key":"Shuriken"},{"floor":9,"key":"Boot"},{"floor":26,"key":"Blue Candle"},{"floor":29,"key":"Juzu Bracelet"},{"floor":48,"key":"Art of War"}],"event_choices":[{"damage_healed":0,"gold_gain":0,"player_choice":"Box","damage_taken":0,"relics_obtained":["Snake Skull"],"max_hp_gain":0,"max_hp_loss":0,"event_name":"Big Fish","floor":2,"gold_loss":0,"cards_obtained":["Regret"]},{"damage_healed":0,"gold_gain":75,"player_choice":"Gather Gold","damage_taken":11,"max_hp_gain":0,"max_hp_loss":0,"event_name":"World of Goop","floor":5,"gold_loss":0},{"damage_healed":0,"gold_gain":0,"player_choice":"Entered Light","damage_taken":14,"max_hp_gain":0,"max_hp_loss":0,"event_name":"Shining Light","floor":11,"gold_loss":0,"cards_upgraded":["Defend_G","Neutralize"]},{"damage_healed":0,"gold_gain":99,"player_choice":"Stole From Cult","damage_taken":0,"max_hp_gain":0,"max_hp_loss":0,"event_name":"Nest","floor":24,"gold_loss":0},{"damage_healed":0,"gold_gain":0,"player_choice":"Gave Potion","damage_taken":0,"relics_obtained":["Pear"],"max_hp_gain":0,"max_hp_loss":0,"event_name":"WeMeetAgain","floor":45,"gold_loss":0},{"damage_healed":0,"gold_gain":0,"player_choice":"Paid","damage_taken":0,"relics_obtained":["Red Mask"],"max_hp_gain":0,"max_hp_loss":0,"event_name":"Tomb of Lord Red Mask","floor":46,"gold_loss":187}],"is_beta":false,"boss_relics":[{"not_picked":["Tiny House","Snecko Eye"],"picked":"Cursed Key"},{"not_picked":["SlaversCollar","Runic Dome"],"picked":"Pandora\u0027s Box"}],"items_purged_floors":[36],"is_endless":false,"potions_floor_spawned":[4,6,8,14,19,27,33,39,48],"killed_by":"Time Eater","ascension_level":0}}