{"host":"7l2t4psy44vpcd9q","time":1608984806,"event":{"mods":["AchievementEnabler","BaseMod","DeckTracker","Minty Spire (QoL Compilation)","SuperFastMode"],"gold_per_floor":[18,36,52,72,72,97,97,97,97,97,117,117,137,150,150,221,271,291,302,302,302,302],"floor_reached":21,"playtime":904,"items_purged":[],"score":366,"play_id":"0b49e7d7-0930-40b9-b81e-8968fbeb78a9","local_time":"20201226211326","is_ascension_mode":true,"campfire_choices":[{"floor":7,"key":"REST"},{"data":"Dagger Spray","floor":10,"key":"SMITH"},{"floor":15,"key":"REST"}],"circlet_count":0,"master_deck":["AscendersBane","Strike_G","Strike_G","Strike_G","Strike_G+1","Strike_G","Defend_G","Defend_G","Defend_G","Defend_G","Defend_G","Survivor","Neutralize","Predator+1","Backflip","Dagger Spray+1","Dagger Spray","Deadly Poison","Underhanded Strike","Well Laid Plans","Corpse Explosion","Acrobatics","Flying Knee","Leg Sweep"],"relics":["Ring of the Snake","Calipers","Orichalcum","HornCleat","Tiny House","MutagenicStrength"],"acts_visited":["Exordium","TheCity"],"potions_floor_usage":[16,16,18],"damage_taken":[{"damage":0,"enemies":"2 Louse","floor":1,"turns":4},{"damage":1,"enemies":"Small Slimes","floor":2,"turns":3},{"damage":4,"enemies":"Jaw Worm","floor":3,"turns":4},{"damage":13,"enemies":"Blue Slaver","floor":4,"turns":5},{"damage":27,"enemies":"Gremlin Nob","floor":6,"turns":4},{"damage":1,"enemies":"Looter","floor":11,"turns":3},{"damage":6,"enemies":"Large Slime","floor":13,"turns":5},{"damage":0,"enemies":"Blue Slaver","floor":14,"turns":4},{"damage":43,"enemies":"Slime Boss","floor":16,"turns":9},{"damage":17,"enemies":"Shell Parasite","floor":18,"turns":8},{"damage":34,"enemies":"Chosen","floor":19,"turns":6},{"damage":0,"enemies":"Sentry and Sphere","floor":21,"turns":3}],"seed_played":"-7450478447489802406","potions_obtained":[{"floor":1,"key":"Explosive Potion"},{"floor":4,"key":"LiquidBronze"},{"floor":6,"key":"AttackPotion"},{"floor":16,"key":"Weak Potion"},{"floor":17,"key":"Ancient Potion"}],"is_trial":false,"path_per_floor":["M","M","M","M","?","E","R","?","T","R","M","?","M","M","R","B",null,"M","M","?","M"],"character_chosen":"THE_SILENT","items_purchased":[],"campfire_rested":2,"item_purchase_floors":[],"current_hp_per_floor":[59,58,54,41,41,14,33,33,33,33,32,32,26,26,45,2,55,38,4,4,4,4],"gold":302,"neow_bonus":"ONE_RARE_RELIC","is_daily":false,"chose_seed":false,"campfire_upgraded":1,"win_rate":0.0,"timestamp":1608984806,"path_taken":["M","M","M","M","?","E","R","?","T","R","M","?","M","M","R","BOSS","M","M","?","M"],"items_purchased_type":[],"build_version":"2020-12-22","purchased_purges":0,"victory":false,"max_hp_per_floor":[66,66,66,66,66,66,66,66,66,66,66,66,66,66,66,66,71,71,71,71,71,71],"card_choices":[{"not_picked":["Infinite Blades","Cloak And Dagger"],"picked":"Predator","floor":1},{"not_picked":["Eviscerate","Heel Hook"],"picked":"Backflip","floor":2},{"not_picked":["Deflect","Predator"],"picked":"Dagger Spray","floor":3},{"not_picked":["Tactician","Quick Slash"],"picked":"Dagger Spray","floor":4},{"not_picked":["Choke","Riddle With Holes"],"picked":"Deadly Poison","floor":6},{"not_picked":["Expertise","Dodge and Roll","Wraith Form v2"],"picked":"SKIP","floor":11},{"not_picked":["Distraction","Riddle With Holes"],"picked":"Underhanded Strike","floor":13},{"not_picked":["Escape Plan","Bane"],"picked":"Well Laid Plans","floor":14},{"not_picked":["Die Die Die","Phantasmal Killer"],"picked":"Corpse Explosion","floor":16},{"not_picked":["Quick Slash","Skewer"],"picked":"Acrobatics","floor":17},{"not_picked":["Riddle With Holes","Eviscerate"],"picked":"Flying Knee","floor":18},{"not_picked":["Outmaneuver","Skewer"],"picked":"Leg Sweep","floor":19}],"player_experience":1142341,"relics_obtained":[{"floor":6,"key":"Orichalcum"},{"floor":9,"key":"HornCleat"}],"event_choices":[{"damage_healed":0,"gold_gain":0,"player_choice":"Grow","damage_taken":0,"max_hp_gain":0,"max_hp_loss":0,"event_name":"Living Wall","floor":5,"gold_loss":0,"cards_upgraded":["Predator"]},{"damage_healed":0,"gold_gain":0,"player_choice":"Fled","damage_taken":0,"max_hp_gain":0,"max_hp_loss":0,"event_name":"Scrap Ooze","floor":8,"gold_loss":0},{"damage_healed":0,"gold_gain":0,"player_choice":"Ignored","damage_taken":0,"max_hp_gain":0,"max_hp_loss":0,"event_name":"Shining Light","floor":12,"gold_loss":0},{"damage_healed":0,"gold_gain":0,"player_choice":"Inject Mutagens","damage_taken":0,"relics_obtained":["MutagenicStrength"],"max_hp_gain":0,"max_hp_loss":0,"event_name":"Drug Dealer","floor":20,"gold_loss":0}],"is_beta":false,"boss_relics":[{"not_picked":["Runic Dome","HoveringKite"],"picked":"Tiny House"}],"items_purged_floors":[],"is_endless":false,"potions_floor_spawned":[1,4,6,16],"killed_by":"Sentry and Sphere","ascension_level":20}}