{"host":"mniz8q056kux99zk","time":1608996064,"event":{"mods":["BaseMod","CapriCore","Highlight Path","Hubris","Infinite Spire","Minty Spire (QoL Compilation)","StSLib"],"gold_per_floor":[160,4,4,4,4,17,48,68,68,103,118,118,118,153,153,153,153],"floor_reached":16,"playtime":653,"items_purged":[],"score":124,"play_id":"6ea55fbe-ec71-4fca-9ee3-dd2f81dc5886","local_time":"20201226102104","is_ascension_mode":true,"campfire_choices":[{"floor":13,"key":"RECALL"},{"floor":15,"key":"REST"}],"circlet_count":0,"master_deck":["Strike_G+1","Strike_G","Strike_G+1","Strike_G","Strike_G","Defend_G","Defend_G","Defend_G","Defend_G","Defend_G","Survivor","Neutralize+1","Accuracy+1","Leg Sweep","Corpse Explosion","Cloak And Dagger","Blur","Underhanded Strike","Leg Sweep","Blade Dance"],"relics":["Tiny House","Whetstone","infinitespire:Cubic Diamond","InkBottle","Ninja Scroll","Smiling Mask","Sundial"],"acts_visited":["Exordium"],"potions_floor_usage":[10,11],"damage_taken":[{"damage":0,"enemies":"Jaw Worm","floor":1,"turns":4},{"damage":7,"enemies":"Small Slimes","floor":6,"turns":4},{"damage":29,"enemies":"Lagavulin","floor":7,"turns":12},{"damage":0,"enemies":"2 Louse","floor":8,"turns":1},{"damage":6,"enemies":"3 Sentries","floor":10,"turns":7},{"damage":0,"enemies":"Blue Slaver","floor":11,"turns":1},{"damage":39,"enemies":"Gremlin Nob","floor":14,"turns":6},{"damage":40,"enemies":"Slime Boss","floor":16,"turns":8}],"seed_played":"-2406986030446270616","potions_obtained":[{"floor":0,"key":"SmokeBomb"},{"floor":6,"key":"Weak Potion"},{"floor":10,"key":"Block Potion"}],"is_trial":false,"path_per_floor":["M","$","?","?","?","M","E","M","T","E","M","?","R","E","R","B"],"character_chosen":"THE_SILENT","items_purchased":["Whetstone"],"campfire_rested":1,"item_purchase_floors":[2],"current_hp_per_floor":[75,75,75,72,72,65,36,36,36,30,30,55,55,16,38,0,0],"gold":153,"neow_bonus":"BOSS_RELIC","is_daily":false,"chose_seed":false,"campfire_upgraded":0,"win_rate":0.0,"timestamp":1608996064,"path_taken":["M","$","?","?","?","M","E","?","T","E","M","?","R","E","R","BOSS"],"items_purchased_type":["Relic"],"build_version":"2020-12-22","purchased_purges":0,"victory":false,"max_hp_per_floor":[75,75,75,75,75,75,75,75,75,75,75,75,75,75,75,75,75],"card_choices":[{"not_picked":["Poisoned Stab","Dodge and Roll"],"picked":"Accuracy","floor":0},{"not_picked":["Caltrops","Dodge and Roll"],"picked":"Leg Sweep","floor":1},{"not_picked":["Backflip","Expertise"],"picked":"Corpse Explosion","floor":6},{"not_picked":["hubris:Counter","Outmaneuver"],"picked":"Cloak And Dagger","floor":7},{"not_picked":["Expertise","Poisoned Stab"],"picked":"Blur","floor":8},{"not_picked":["Expertise","Dash"],"picked":"Underhanded Strike","floor":10},{"not_picked":["Deadly Poison","PiercingWail"],"picked":"Leg Sweep","floor":11},{"not_picked":["Deadly Poison","Dodge and Roll"],"picked":"Blade Dance","floor":14}],"player_experience":98755,"relics_obtained":[{"floor":7,"key":"Ninja Scroll"},{"floor":10,"key":"Smiling Mask"},{"floor":14,"key":"Sundial"}],"event_choices":[{"damage_healed":0,"gold_gain":0,"player_choice":"Success","damage_taken":3,"relics_obtained":["InkBottle"],"max_hp_gain":0,"max_hp_loss":0,"event_name":"Scrap Ooze","floor":4,"gold_loss":0},{"damage_healed":0,"gold_gain":0,"player_choice":"Grow","damage_taken":0,"max_hp_gain":0,"max_hp_loss":0,"event_name":"Living Wall","floor":5,"gold_loss":0,"cards_upgraded":["Accuracy"]},{"damage_healed":25,"gold_gain":0,"player_choice":"Banana","damage_taken":0,"max_hp_gain":0,"max_hp_loss":0,"event_name":"Big Fish","floor":12,"gold_loss":0}],"is_beta":false,"boss_relics":[],"items_purged_floors":[],"is_endless":false,"potions_floor_spawned":[6,10],"killed_by":"Slime Boss","ascension_level":1}}