{"host":"nmyw38vkdf8owddb","time":1608976224,"event":{"mods":["BaseMod","Bestiary","Colored Map","Colored Powertips","DeckTracker","Minty Spire (QoL Compilation)","Shade Mod","StSLib","The Caster","The Marked","Waifu the Spire","Žc—¯”V•¨"],"gold_per_floor":[114,125,135,110,110,122,122,122,145,122,122,197,224,243,243,344,344,357,370,382,400,12,12,23,37,61,61,61],"floor_reached":27,"playtime":1515,"items_purged":["theMarked:Strike"],"score":217,"play_id":"6d10fad2-2f45-4286-94ef-89487bd8b857","local_time":"20201226185024","is_ascension_mode":false,"campfire_choices":[{"data":"theMarked:MysticalArsenal","floor":7,"key":"SMITH"},{"data":"theMarked:Parkour","floor":11,"key":"SMITH"},{"floor":15,"key":"REST"},{"floor":23,"key":"REST"}],"circlet_count":0,"master_deck":["theMarked:Strike","theMarked:Strike","theMarked:Strike","theMarked:Defend","theMarked:Defend","theMarked:Defend","theMarked:Defend","theMarked:SoldierOfQuellstein","theMarked:StartUp","theMarked:ChainLightning","theMarked:Parkour+1","theMarked:HeightenedSenses","theMarked:MysticalArsenal+1","theMarked:TwofoldDefense","theMarked:ResourceFulStrike","theMarked:Overcharge","theMarked:TakeOffHeels","theMarked:StartUp+1","theMarked:Parkour","Apotheosis","theMarked:SummonStrength"],"relics":["theMarked:ArtifactOfAir","NeowsBlessing","Bag of Marbles","Oddly Smooth Stone","Smiling Mask","theMarked:Eyepatch","Boot"],"acts_visited":["Exordium","TheCity"],"potions_floor_usage":[16,20,21,25,25,27,27,27,27,27],"damage_taken":[{"damage":0,"enemies":"Small Slimes","floor":1,"turns":1},{"damage":0,"enemies":"Jaw Worm","floor":2,"turns":1},{"damage":0,"enemies":"2 Louse","floor":3,"turns":1},{"damage":5,"enemies":"Blue Slaver","floor":6,"turns":4},{"damage":24,"enemies":"Gremlin Nob","floor":13,"turns":5},{"damage":15,"enemies":"Gremlin Gang","floor":14,"turns":6},{"damage":21,"enemies":"Slime Boss","floor":16,"turns":10},{"damage":20,"enemies":"Shell Parasite","floor":18,"turns":7},{"damage":30,"enemies":"3 Byrds","floor":19,"turns":4},{"damage":7,"enemies":"Snake Plant","floor":20,"turns":3},{"damage":12,"enemies":"Centurion and Healer","floor":21,"turns":4},{"damage":15,"enemies":"Chosen and Byrds","floor":24,"turns":5},{"damage":3,"enemies":"3 Cultists","floor":25,"turns":4},{"damage":8,"enemies":"Slavers","floor":27,"turns":3}],"seed_played":"-1829091743417343114","potions_obtained":[{"floor":2,"key":"Energy Potion"},{"floor":3,"key":"SteroidPotion"},{"floor":14,"key":"Dexterity Potion"},{"floor":19,"key":"Weak Potion"},{"floor":20,"key":"SteroidPotion"},{"floor":21,"key":"EntropicBrew"},{"floor":25,"key":"theMarked:ChargePotion"}],"is_trial":false,"path_per_floor":["M","M","M","$","?","M","R","?","T","$","R","?","E","M","R","B",null,"M","M","M","M","$","R","M","M","T","E"],"character_chosen":"THE_DEFAULT","items_purchased":["theMarked:HeightenedSenses","theMarked:TwofoldDefense","Apotheosis","theMarked:SummonStrength"],"campfire_rested":2,"item_purchase_floors":[4,10,22,22],"current_hp_per_floor":[70,70,70,70,63,58,58,58,58,58,58,47,23,8,29,8,70,50,20,13,1,1,22,7,4,4,0,0],"gold":61,"neow_bonus":"THREE_ENEMY_KILL","is_daily":false,"chose_seed":false,"campfire_upgraded":2,"win_rate":0.0,"timestamp":1608976224,"path_taken":["M","M","M","$","?","M","R","?","T","?","R","?","E","?","R","BOSS","M","M","M","?","$","R","M","M","T","E"],"items_purchased_type":["Card","Card","Card","Card"],"build_version":"2020-12-22","purchased_purges":1,"victory":false,"max_hp_per_floor":[70,70,70,70,70,70,70,70,70,70,70,70,70,70,70,70,70,70,70,70,70,70,70,70,70,70,70,70],"card_choices":[{"not_picked":["theMarked:WastefulAttack","theMarked:Overcharge"],"picked":"theMarked:StartUp","floor":1},{"not_picked":["theMarked:WastefulAttack","theMarked:ContemptForTheProud"],"picked":"theMarked:ChainLightning","floor":2},{"not_picked":["theMarked:EmpowerWeapon","theMarked:RepellingDischarge"],"picked":"theMarked:Parkour","floor":3},{"not_picked":["theMarked:SwordAndMagic","theMarked:GodGivenPower"],"picked":"theMarked:MysticalArsenal","floor":6},{"not_picked":["theMarked:Electrocute","theMarked:MaelstromOfLightning"],"picked":"theMarked:ResourceFulStrike","floor":13},{"not_picked":["theMarked:ParalyzingBlade","theMarked:EnhancedHearing"],"picked":"theMarked:Overcharge","floor":14},{"not_picked":["theMarked:Challenge","theMarked:MuscleMemory"],"picked":"theMarked:TakeOffHeels","floor":16},{"not_picked":["theMarked:LightningStrikesTwice+1","theMarked:Electrocute","theMarked:SelfDefenseTraining"],"picked":"SKIP","floor":18},{"not_picked":["theMarked:EmpowerWeapon","theMarked:Parkour"],"picked":"theMarked:StartUp+1","floor":19},{"not_picked":["theMarked:TakeCover+1","theMarked:EmpowerWeapon"],"picked":"theMarked:Parkour","floor":20},{"not_picked":["theMarked:Aftermath","theMarked:Static","theMarked:BanishingStrike"],"picked":"SKIP","floor":21},{"not_picked":["theMarked:ReduceFriction","theMarked:Electrify","theMarked:StartUp"],"picked":"SKIP","floor":24},{"not_picked":["theMarked:ChainLightning","theMarked:Static","theMarked:StartUp"],"picked":"SKIP","floor":25}],"player_experience":323312,"relics_obtained":[{"floor":9,"key":"Oddly Smooth Stone"},{"floor":13,"key":"Smiling Mask"},{"floor":26,"key":"Boot"}],"event_choices":[{"cards_removed":["theMarked:Strike"],"damage_healed":0,"gold_gain":0,"player_choice":"Card Removal","damage_taken":7,"max_hp_gain":0,"max_hp_loss":0,"event_name":"Golden Wing","floor":5,"gold_loss":0},{"damage_healed":0,"gold_gain":0,"player_choice":"Searched \u00271\u0027 times","damage_taken":0,"relics_obtained":["Bag of Marbles"],"max_hp_gain":0,"max_hp_loss":0,"event_name":"Dead Adventurer","floor":8,"gold_loss":0},{"damage_healed":0,"gold_gain":75,"player_choice":"Gather Gold","damage_taken":11,"max_hp_gain":0,"max_hp_loss":0,"event_name":"World of Goop","floor":12,"gold_loss":0}],"is_beta":false,"boss_relics":[{"not_picked":["Coffee Dripper","theMarked:BronzeBlade"],"picked":"theMarked:Eyepatch"}],"items_purged_floors":[22],"is_endless":false,"potions_floor_spawned":[2,3,14,19,20,21,25],"killed_by":"Slavers","ascension_level":0}}