{"host":"bbld1ic1uj90ldt9","time":1608979050,"event":{"mods":["2.2 Compatiblity","AchievementEnabler","Act Like it!","BaseMod","Better Third Choice","Conspire","Downfall","Emptier Cage","Gensokyo","Hallownest","Hermit","Highlight Path","Hubris","Marisa????????","Minty Spire (QoL Compilation)","Random Character Button","Replay The Spire","StSLib","The Animator","The Bug Knight","The Cursed","The Disciple","The Hierophant","The Jungle","The Runesmith","The Servant 0.9.4"],"gold_per_floor":[114,96,110,53,53,79,93,127,127,159,175,175,193,193,193,298,298,265,265,152,165,165,196,208,208,208,239,239,255,269,289,289,394,394,412,424,224,287,287,287,352,352,352,424,80,113,155,155,155,204],"floor_reached":51,"playtime":5107,"items_purged":["TheCursedMod:Strike_TheCursed","TheCursedMod:Strike_TheCursed"],"score":1130,"play_id":"ce7d7593-2509-475a-8f10-318360baadfe","local_time":"20201226113730","is_ascension_mode":true,"campfire_choices":[{"floor":12,"key":"REST"},{"floor":25,"key":"REST"},{"floor":28,"key":"REST"},{"floor":32,"key":"REST"},{"floor":40,"key":"REST"},{"floor":42,"key":"REST"},{"floor":49,"key":"REST"}],"circlet_count":0,"master_deck":["TheCursedMod:Strike_TheCursed","TheCursedMod:Strike_TheCursed","TheCursedMod:Defend_TheCursed","TheCursedMod:Defend_TheCursed","TheCursedMod:Defend_TheCursed","TheCursedMod:Defend_TheCursed","TheCursedMod:CursedWand","TheCursedMod:CleanUpWorkshop","TheCursedMod:Dregs","TheCursedMod:StingEye","TheCursedMod:Hemoplague","TheCursedMod:Hemoplague","TheCursedMod:Hemoplague","TheCursedMod:SoulReap","TheCursedMod:WearCloak","TheCursedMod:SaltUponWound","TheCursedMod:CursedAmulet","TheCursedMod:SpitefulPray","TheCursedMod:WearCloak","TheCursedMod:VitalStrike","TheCursedMod:AntiAging","TheCursedMod:Obscuration+1","TheCursedMod:StingEye","TheCursedMod:SpitefulPray","TheCursedMod:Obscuration","TheCursedMod:Stretching+1","TheCursedMod:SmokeScreen+1","TheCursedMod:FleshFromBone+1","TheCursedMod:VoidForm","TheCursedMod:CursedBoomerang+1","conspire:SpireCoStock+1","conspire:SpireCoStock+1","conspire:SpireCoStock+1","conspire:SpireCoStock+1","TheCursedMod:SoulReap+1","TheCursedMod:SaltUponWound+1","TheCursedMod:Torture+1","Parasite","ReplayTheSpireMod:Splinters","TheCursedMod:FleshFromBone+1"],"relics":["TheCursedMod:BlackMagic101","Gambling Chip","HollowMod:LifeEnderRelic","conspire:DecoderRing","ReplayTheSpireMod:Shallot","conspire:SeveredTorchhead","Oddly Smooth Stone","hubris:Icosahedron","Ancient Tea Set","Toxic Egg 2","Letter Opener","Busted Crown","StrikeDummy","HornCleat","ReplayTheSpireMod:CursedCoin","ReplayTheSpireMod:TigerMarble","Replay:Ringing Soul","conspire:Boomerang","Eternal Feather","Kunai"],"acts_visited":["Gensokyo:Gensokyo","TheCity","Gensokyo:Gensokyoest"],"potions_floor_usage":[10,18,23,24,24,31,33,35,50,50],"damage_taken":[{"damage":2,"enemies":"Gensokyo:Python","floor":1,"turns":4},{"damage":1,"enemies":"Gensokyo:Gryphon","floor":3,"turns":4},{"damage":24,"enemies":"Gensokyo:Cirno","floor":6,"turns":8},{"damage":9,"enemies":"Gensokyo:3_Fairies","floor":7,"turns":5},{"damage":10,"enemies":"Gensokyo:Aya","floor":8,"turns":4},{"damage":19,"enemies":"Gensokyo:Cirno","floor":10,"turns":9},{"damage":0,"enemies":"Gensokyo:VengefulSpirit","floor":11,"turns":5},{"damage":4,"enemies":"Gensokyo:3_Kodama","floor":13,"turns":6},{"damage":0,"enemies":"Gensokyo:Yukari","floor":16,"turns":7},{"damage":17,"enemies":"2 Thieves","floor":18,"turns":5},{"damage":0,"enemies":"Spheric Guardian","floor":21,"turns":3},{"damage":35,"enemies":"conspire:SneckoGhost","floor":23,"turns":7},{"damage":8,"enemies":"Snecko","floor":24,"turns":5},{"damage":34,"enemies":"conspire:Head Lice","floor":27,"turns":6},{"damage":15,"enemies":"Shelled Parasite and Fungi","floor":29,"turns":5},{"damage":0,"enemies":"Centurion and Healer","floor":30,"turns":6},{"damage":16,"enemies":"conspire:HollyBat","floor":31,"turns":8},{"damage":33,"enemies":"Automaton","floor":33,"turns":10},{"damage":19,"enemies":"Gensokyo:3_Boulders","floor":35,"turns":7},{"damage":6,"enemies":"Gensokyo:3_Bats","floor":36,"turns":6},{"damage":31,"enemies":"Gensokyo:SeedOfUnknown","floor":38,"turns":6},{"damage":32,"enemies":"Gensokyo:Doremy","floor":41,"turns":7},{"damage":15,"enemies":"Gensokyo:Sharpion","floor":44,"turns":6},{"damage":16,"enemies":"conspire:MimicChest","floor":47,"turns":6},{"damage":16,"enemies":"Gensokyo:Yuyuko","floor":50,"turns":7}],"seed_played":"3869487179281092435","potions_obtained":[{"floor":1,"key":"ColorlessPotion"},{"floor":3,"key":"champ:CounterPotion"},{"floor":7,"key":"Block Potion"},{"floor":16,"key":"SpeedPotion"},{"floor":21,"key":"LifebloodPotion"},{"floor":23,"key":"Reflective Coating"},{"floor":27,"key":"Adrenaline Potion"},{"floor":33,"key":"Block Potion"},{"floor":35,"key":"Elixir"},{"floor":36,"key":"Milkshake"},{"floor":41,"key":"Milkshake"},{"floor":47,"key":"Adrenaline Potion"}],"is_trial":false,"path_per_floor":["M","?","M","$","?","E","M","E","T","E","M","R","M","?","R","B",null,"M","?","$","M","?","E","M","R","T","E","R","M","M","M","R","B",null,"M","M","?","M","?","R","E","R","T","M","$","?","?","T","R","B",null],"character_chosen":"THE_CURSED","items_purchased":["TheCursedMod:Hemoplague","TheCursedMod:StingEye","ReplayTheSpireMod:CursedCoin","ReplayTheSpireMod:TigerMarble","Replay:Ringing Soul"],"campfire_rested":7,"item_purchase_floors":[4,20,45,45,45],"current_hp_per_floor":[73,82,81,81,81,62,58,48,48,33,38,62,63,63,82,82,82,65,65,65,67,67,37,29,54,54,24,49,34,39,24,49,19,69,53,56,56,27,30,57,35,63,63,62,62,65,64,64,103,103],"gold":204,"neow_bonus":"TEN_PERCENT_HP_BONUS","is_daily":false,"chose_seed":false,"campfire_upgraded":0,"win_rate":0.0,"timestamp":1608979050,"path_taken":["M","?","M","$","?","E","?","E","T","E","M","R","M","?","R","BOSS","M","?","?","?","?","E","M","R","T","E","R","M","M","M","R","BOSS","M","M","?","M","?","R","E","R","T","M","$","?","?","?","R","BOSS"],"items_purchased_type":["Card","Card","Relic","Relic","Relic"],"build_version":"2020-12-22","purchased_purges":2,"victory":true,"max_hp_per_floor":[82,82,82,82,82,82,82,82,82,82,82,82,82,82,82,82,82,82,82,82,84,84,86,86,86,86,86,86,86,86,86,86,86,86,86,88,88,90,93,93,95,95,95,97,97,100,103,103,103,105],"card_choices":[{"not_picked":["TheCursedMod:VitalStrike","TheCursedMod:Torture"],"picked":"TheCursedMod:StingEye","floor":1},{"not_picked":["TheCursedMod:SmokeScreen","TheCursedMod:CircleOfFlame"],"picked":"TheCursedMod:Hemoplague","floor":3},{"not_picked":["TheCursedMod:RavingStaff","TheCursedMod:SmokeScreen"],"picked":"TheCursedMod:SoulReap","floor":5},{"not_picked":["TheCursedMod:RapidMovement","TheCursedMod:StingEye"],"picked":"TheCursedMod:WearCloak","floor":5},{"not_picked":["TheCursedMod:VitalStrike","TheCursedMod:SoulReap"],"picked":"TheCursedMod:SaltUponWound","floor":6},{"not_picked":["TheCursedMod:StingEye","TheCursedMod:SpitefulStrike"],"picked":"TheCursedMod:CursedAmulet","floor":7},{"not_picked":["TheCursedMod:Mangle","TheCursedMod:TroublousMinions"],"picked":"TheCursedMod:SpitefulPray","floor":8},{"not_picked":["TheCursedMod:TacticalStrike","TheCursedMod:CursedBlade"],"picked":"TheCursedMod:WearCloak","floor":10},{"not_picked":["TheCursedMod:Obscuration","TheCursedMod:CursedStaff"],"picked":"TheCursedMod:SaltUponWound","floor":11},{"not_picked":["TheCursedMod:CircleOfFocus","TheCursedMod:TacticalStrike"],"picked":"TheCursedMod:VitalStrike","floor":13},{"not_picked":["TheCursedMod:OutForBlood","TheCursedMod:CircleOfAbyss"],"picked":"TheCursedMod:AntiAging","floor":16},{"not_picked":["TheCursedMod:SpitefulStrike","TheCursedMod:CursedBlade+1"],"picked":"TheCursedMod:Obscuration+1","floor":18},{"not_picked":["TheCursedMod:CircleOfBlood","TheCursedMod:ManaBullet","TheCursedMod:CursedRelics"],"picked":"SKIP","floor":21},{"not_picked":["TheCursedMod:EmpowerCircles","TheCursedMod:Wield"],"picked":"TheCursedMod:SpitefulPray","floor":23},{"not_picked":["TheCursedMod:TacticalStrike+1","TheCursedMod:SpitefulStrike"],"picked":"TheCursedMod:Obscuration","floor":24},{"not_picked":["TheCursedMod:AbyssShockwave","TheCursedMod:SpitefulPray+1"],"picked":"TheCursedMod:Stretching+1","floor":27},{"not_picked":["TheCursedMod:RavingStaff","TheCursedMod:SpitefulStrike"],"picked":"TheCursedMod:SmokeScreen+1","floor":29},{"not_picked":["TheCursedMod:Wield","TheCursedMod:RapidMovement+1"],"picked":"TheCursedMod:FleshFromBone+1","floor":30},{"not_picked":["TheCursedMod:EmpowerCircles","TheCursedMod:CursedMace","TheCursedMod:CircleOfBlood+1"],"picked":"SKIP","floor":31},{"not_picked":["TheCursedMod:ParallelWorld+1","TheCursedMod:DemonSword"],"picked":"TheCursedMod:VoidForm","floor":33},{"not_picked":["TheCursedMod:Wield"],"picked":"SKIP","floor":35},{"not_picked":[],"picked":"TheCursedMod:CursedBoomerang+1","floor":36},{"not_picked":[],"picked":"TheCursedMod:SoulReap+1","floor":38},{"not_picked":[],"picked":"TheCursedMod:SaltUponWound+1","floor":41},{"not_picked":[],"picked":"TheCursedMod:Torture+1","floor":44},{"not_picked":[],"picked":"TheCursedMod:FleshFromBone+1","floor":47}],"player_experience":2164205,"relics_obtained":[{"floor":6,"key":"Gambling Chip"},{"floor":8,"key":"HollowMod:LifeEnderRelic"},{"floor":9,"key":"conspire:DecoderRing"},{"floor":10,"key":"ReplayTheSpireMod:Shallot"},{"floor":19,"key":"Oddly Smooth Stone"},{"floor":23,"key":"Ancient Tea Set"},{"floor":26,"key":"Toxic Egg 2"},{"floor":27,"key":"Letter Opener"},{"floor":41,"key":"StrikeDummy"},{"floor":43,"key":"HornCleat"},{"floor":46,"key":"conspire:Boomerang"},{"floor":47,"key":"Eternal Feather"},{"floor":48,"key":"Kunai"}],"event_choices":[{"damage_healed":0,"gold_gain":0,"player_choice":"Relic","damage_taken":0,"max_hp_gain":0,"max_hp_loss":0,"event_name":"Wheel of Change","floor":19,"gold_loss":0},{"damage_healed":0,"gold_gain":0,"player_choice":"Invest 4","damage_taken":0,"max_hp_gain":0,"max_hp_loss":0,"event_name":"conspire:Investor","floor":37,"gold_loss":0}],"is_beta":false,"boss_relics":[{"not_picked":["Painkiller Herb","conspire:RoyalGoblet"],"picked":"conspire:SeveredTorchhead"},{"not_picked":["hubris:TerracottaHorce","SlaversCollar"],"picked":"Busted Crown"}],"items_purged_floors":[20,45],"is_endless":false,"potions_floor_spawned":[1,3,7,16,21,23,27,33,35,36,41,47],"ascension_level":8}}