{"host":"qhhcmep1unj6mpf7","time":1608960260,"event":{"mods":["2.2 Compatiblity","AchievementEnabler","BaseMod","Colored Map","DeckTracker","Highlight Path","Keyboard Shortcuts","Minty Spire (QoL Compilation)","Permanent Neow","Quick Restart","Random Character Button","StSLib","SuperFastMode","everything is the same but u backflip on backflip"],"gold_per_floor":[110,110,125,24,24,24,24,39,66,66,83,110,135,153,153,249,249,266,14,113,113,113,113,113,113],"floor_reached":24,"playtime":1018,"items_purged":["Strike_B","Defend_B"],"score":315,"play_id":"8bd8f072-f446-4208-a414-f0d946d81fd9","local_time":"20201226142420","is_ascension_mode":true,"campfire_choices":[{"data":"Coolheaded","floor":6.0,"key":"SMITH"},{"floor":10.0,"key":"REST"},{"floor":15.0,"key":"REST"},{"data":"Coolheaded","floor":23.0,"key":"SMITH"}],"circlet_count":0,"master_deck":["Strike_B","Defend_B+1","Defend_B","Defend_B","Zap+1","Dualcast","Recycle","Beam Cell","Sweeping Beam+1","Coolheaded+1","Double Energy","Coolheaded+1","Consume","Seek","Meteor Strike"],"relics":["Cracked Core","Dream Catcher","Odd Mushroom","Thread and Needle","Nuclear Battery","Lantern"],"acts_visited":["Exordium","TheCity"],"potions_floor_usage":[],"damage_taken":[{"damage":6.0,"enemies":"Small Slimes","floor":1.0,"turns":4.0},{"damage":8.0,"enemies":"2 Louse","floor":3.0,"turns":4.0},{"damage":0.0,"enemies":"Cultist","floor":8.0,"turns":3.0},{"damage":0.0,"enemies":"Looter","floor":11.0,"turns":3.0},{"damage":23.0,"enemies":"The Mushroom Lair","floor":12.0,"turns":5.0},{"damage":0.0,"enemies":"Gremlin Nob","floor":13.0,"turns":4.0},{"damage":0.0,"enemies":"Exordium Wildlife","floor":14.0,"turns":3.0},{"damage":53.0,"enemies":"The Guardian","floor":16.0,"turns":18.0},{"damage":3.0,"enemies":"Spheric Guardian","floor":18.0,"turns":7.0},{"damage":59,"enemies":"Gremlin Leader","floor":24,"turns":7}],"seed_played":"-7272999004236683333","potions_obtained":[{"floor":1.0,"key":"Regen Potion"},{"floor":11.0,"key":"FocusPotion"},{"floor":12.0,"key":"FocusPotion"},{"floor":14.0,"key":"Fire Potion"},{"floor":18.0,"key":"Strength Potion"}],"is_trial":false,"path_per_floor":["M","$","M","$","?","R","?","M","T","R","M","?","E","M","R","B",null,"M","$","?","?","$","R","E"],"character_chosen":"DEFECT","items_purchased":["Coolheaded","Lantern"],"campfire_rested":2,"item_purchase_floors":[4,19],"current_hp_per_floor":[44,44,36,36,21,21,21,21,21,43,43,20,20,20,42,4,57,54,54,54,54,54,54,0,0],"gold":113,"neow_bonus":"TRANSFORM_TWO_CARDS","is_daily":false,"chose_seed":false,"campfire_upgraded":2,"win_rate":0.0,"timestamp":1608960260,"path_taken":["M","$","M","$","?","R","?","M","T","R","?","?","E","M","R","BOSS","M","$","?","?","$","R","E"],"items_purchased_type":["Card","Relic"],"build_version":"2020-12-22","purchased_purges":2,"victory":false,"max_hp_per_floor":[75,75,75,75,75,75,75,75,75,75,75,75,75,75,75,75,75,75,75,75,75,75,75,75,75],"card_choices":[{"not_picked":["Rip and Tear","Go for the Eyes","Sunder"],"picked":"SKIP","floor":1.0},{"not_picked":["Stack","Steam"],"picked":"Sweeping Beam","floor":3.0},{"not_picked":["Leap","Reprogram"],"picked":"Double Energy","floor":8.0},{"not_picked":["Chill","Steam"],"picked":"Coolheaded","floor":10.0},{"not_picked":["Steam","Go for the Eyes","Gash"],"picked":"SKIP","floor":11.0},{"not_picked":["Doom and Gloom","Auto Shields"],"picked":"Consume","floor":13.0},{"not_picked":["Ball Lightning","Sweeping Beam","Rebound"],"picked":"SKIP","floor":14.0},{"not_picked":["Fusion","Turbo"],"picked":"Seek","floor":15.0},{"not_picked":["Amplify","Buffer"],"picked":"Meteor Strike","floor":16.0},{"not_picked":["Beam Cell","Conserve Battery+1","Redo+1"],"picked":"SKIP","floor":18.0}],"player_experience":310446,"relics_obtained":[{"floor":9.0,"key":"Dream Catcher"},{"floor":12.0,"key":"Odd Mushroom"},{"floor":13.0,"key":"Thread and Needle"}],"event_choices":[{"damage_healed":0.0,"max_hp_gain":0.0,"max_hp_loss":0.0,"gold_gain":0.0,"event_name":"Shining Light","player_choice":"Entered Light","floor":5.0,"gold_loss":0.0,"damage_taken":15.0,"cards_upgraded":["Sweeping Beam","Defend_B"]},{"damage_healed":0.0,"max_hp_gain":0.0,"max_hp_loss":0.0,"gold_gain":0.0,"event_name":"Upgrade Shrine","player_choice":"Upgraded","floor":7.0,"gold_loss":0.0,"damage_taken":0.0,"cards_upgraded":["Zap"]},{"damage_healed":0.0,"max_hp_gain":0.0,"max_hp_loss":0.0,"gold_gain":0.0,"event_name":"Mushrooms","player_choice":"Fought Mushrooms","floor":12.0,"gold_loss":0.0,"damage_taken":0.0},{"damage_healed":0.0,"max_hp_gain":0.0,"max_hp_loss":0.0,"gold_gain":99.0,"event_name":"Nest","player_choice":"Stole From Cult","floor":20.0,"gold_loss":0.0,"damage_taken":0.0}],"is_beta":false,"boss_relics":[{"not_picked":["Inserter","Tiny House"],"picked":"Nuclear Battery"}],"items_purged_floors":[4,19],"is_endless":false,"potions_floor_spawned":[1,11,12,14,18],"killed_by":"Gremlin Leader","ascension_level":9}}