{"host":"6vv0uythevi5qk1w","time":1608972995,"event":{"mods":["Act Like it!","BaseMod","Downfall","Gensokyo","Minty Spire (QoL Compilation)","Remilia£®¿Ÿ√◊¿Ú—«£©","Replay The Spire","StSLib"],"gold_per_floor":[112,112,124,143,11,40,40,302,384,384,550,550,576,576,576,679,679,699,699,699,717,115,115,329,329,329,339,339,371,371,84,84,84,84],"floor_reached":33,"playtime":2001,"items_purged":["CommonCold"],"score":426,"play_id":"dae8ddc0-3d01-4bac-aea7-680b4092e744","local_time":"20201226165635","is_ascension_mode":true,"campfire_choices":[{"data":"Dualcast","floor":7.0,"key":"SMITH"},{"floor":15.0,"key":"REST"},{"data":"Bandage Up","floor":23,"key":"SMITH"},{"data":"ReplayTheSpireMod:Omega Cannon","floor":30,"key":"SMITH"}],"circlet_count":0,"master_deck":["Strike_B","Strike_B","Defend_B","Defend_B","Defend_B","Defend_B","Zap","Dualcast+1","Barrage","Cold Snap","Time Bomb","Creative AI+1","White Noise","Bandage Up+1","Replay:SS_hec_2+1","ReplayUltimateDefense+1","ReplayTheSpireMod:Omega Cannon+1","ReplayTheSpireMod:GoodbyeWorld+1","Skim+1","Biased Cognition+1","Shockwave+1","ReplayUltimateDefense+1","Crystallizer+1"],"relics":["Cracked Core","NeowsBlessing","StoneCalendar","Frozen Egg 2","Gensokyo:LunaticRedEyes","Gensokyo:OccultBall","Replay:Antivirus Software","Unceasing Top","Runic Dome","Ring of Panic","ReplayTheSpireMod:Ring of Addiction","Chameleon Ring","Potion Belt","Gensokyo:RedStar","Medical Kit","Runic Capacitor","ReplayTheSpireMod:ShopPack","Replay:Baseball","Kunai","Quantum Egg"],"acts_visited":["Exordium","Gensokyo:Gensokyo"],"potions_floor_usage":[21,24,27,29,33],"damage_taken":[{"damage":0.0,"enemies":"Gensokyo:Python","floor":1.0,"turns":1.0},{"damage":0.0,"enemies":"Gensokyo:2_Kodama","floor":3.0,"turns":1.0},{"damage":0.0,"enemies":"Gensokyo:Gryphon","floor":4.0,"turns":1.0},{"damage":9.0,"enemies":"Gensokyo:Mamizou","floor":6.0,"turns":9.0},{"damage":2.0,"enemies":"Gensokyo:5_Fairies","floor":8.0,"turns":5.0},{"damage":3.0,"enemies":"Gensokyo:Gryphon_and_Rabbit","floor":11.0,"turns":5.0},{"damage":20.0,"enemies":"Gensokyo:Cirno","floor":13.0,"turns":7.0},{"damage":10,"enemies":"Gensokyo:Yukari","floor":16,"turns":9},{"damage":3,"enemies":"Gensokyo:CosmicMonolith","floor":18,"turns":3},{"damage":17,"enemies":"Gensokyo:3_Dogs","floor":21,"turns":4},{"damage":20,"enemies":"Gensokyo:Slime_Group","floor":24,"turns":6},{"damage":3,"enemies":"Gensokyo:Monolith_and_Dog","floor":27,"turns":7},{"damage":0,"enemies":"Gensokyo:Reisen","floor":29,"turns":6},{"damage":40,"enemies":"Gensokyo:Eternal_Rivals","floor":33,"turns":6}],"seed_played":"974028273527200400","potions_obtained":[{"floor":3.0,"key":"EntropicBrew"},{"floor":8.0,"key":"FearPotion"},{"floor":16,"key":"FocusPotion"},{"floor":19,"key":"SkillPotion"},{"floor":19,"key":"Doom Potion"},{"floor":19,"key":"Explosive Potion"},{"floor":24,"key":"LifebloodPotion"},{"floor":27,"key":"champ:CounterPotion"},{"floor":29,"key":"SkillPotion"}],"is_trial":false,"path_per_floor":["M","$","M","M","COS","E","R","M","T","?","M","?","E","?","R","B",null,"M","?","?","M","COS","R","M","?","T","M","?","E","R","$","R","B"],"character_chosen":"DEFECT","items_purchased":["ReplayUltimateDefense+1","Crystallizer+1"],"campfire_rested":1,"item_purchase_floors":[31,31],"current_hp_per_floor":[68,68,68,68,68,59,59,57,57,57,54,54,34,4,26,16,60,57,57,57,40,40,40,26,26,26,29,29,35,35,35,57,0,0],"gold":84,"neow_bonus":"THREE_ENEMY_KILL","is_daily":false,"chose_seed":false,"campfire_upgraded":3,"win_rate":0.0,"timestamp":1608972995,"path_taken":["M","$","M","M","COS","E","R","M","T","?","M","?","E","?","R","BOSS","M","?","?","M","COS","R","?","?","T","M","?","E","R","$","R","BOSS"],"items_purchased_type":["Card","Card"],"build_version":"2020-12-22","purchased_purges":1,"victory":false,"max_hp_per_floor":[75,75,75,75,75,75,75,75,75,75,75,75,75,75,75,75,75,75,75,75,75,75,75,75,75,75,75,75,75,75,75,75,37,37],"card_choices":[{"not_picked":["ReplayTheSpireMod:System Scan","Sweeping Beam"],"picked":"Barrage","floor":1.0},{"not_picked":["Sweeping Beam","Doom and Gloom"],"picked":"Cold Snap","floor":3.0},{"not_picked":["Rebound","Scrape","Redo"],"picked":"SKIP","floor":4.0},{"not_picked":["ReplaySort","Sweeping Beam"],"picked":"Skim","floor":6.0},{"not_picked":["Steam Power","Gash"],"picked":"Time Bomb","floor":8.0},{"not_picked":["Redo","Streamline","Steam"],"picked":"SKIP","floor":11.0},{"not_picked":["Sweeping Beam","FTL","ReplayTheSpireMod:Repulse"],"picked":"SKIP","floor":13.0},{"not_picked":["Mirror Shield","Amplify"],"picked":"Creative AI+1","floor":16},{"not_picked":["Melter","Ball Lightning+1","Leap"],"picked":"SKIP","floor":18},{"not_picked":["Loop+1","ReplayTheSpireMod:System Scan"],"picked":"White Noise","floor":21},{"not_picked":["expansioncontent:AwakenDeath","Replay:Sssssssssstrike"],"picked":"Bandage Up","floor":22},{"not_picked":["expansioncontent:HyperBeam","Replay:SS_forest_5"],"picked":"Replay:SS_hec_2","floor":22},{"not_picked":["ReplayTheSpireMod:Necrogeddon","Midas Touch"],"picked":"ReplayUltimateDefense","floor":22},{"not_picked":["Sunder","Rebound"],"picked":"ReplayTheSpireMod:Omega Cannon","floor":24},{"not_picked":["Cold Snap+1","Rebound+1"],"picked":"ReplayTheSpireMod:GoodbyeWorld+1","floor":24},{"not_picked":["Echo Form","Rainbow"],"picked":"Biased Cognition","floor":27},{"not_picked":["Stack","Go for the Eyes","Streamline"],"picked":"SKIP","floor":27},{"not_picked":["Stack","Go for the Eyes","Streamline"],"picked":"SKIP","floor":27},{"not_picked":["Barrage","Compile Driver","Sweeping Beam"],"picked":"SKIP","floor":29}],"player_experience":413175,"relics_obtained":[{"floor":6.0,"key":"StoneCalendar"},{"floor":9.0,"key":"Frozen Egg 2"},{"floor":13.0,"key":"Replay:Antivirus Software"},{"floor":16,"key":"Gensokyo:OccultBall"},{"floor":19,"key":"Ring of Panic"},{"floor":19,"key":"ReplayTheSpireMod:Ring of Addiction"},{"floor":19,"key":"Chameleon Ring"},{"floor":19,"key":"Potion Belt"},{"floor":27,"key":"Gensokyo:OccultBall"},{"floor":29,"key":"Quantum Egg"}],"event_choices":[],"is_beta":false,"boss_relics":[{"not_picked":["Tiny House","FrozenCore"],"picked":"Runic Dome"}],"items_purged_floors":[31],"is_endless":false,"potions_floor_spawned":[3,8,16,24,27,29],"killed_by":"Gensokyo:Eternal_Rivals","ascension_level":8}}