{"host":"no0bdlpxzp7bzzks","time":1608966477,"event":{"mods":["BaseMod","Better Match","Block Reminder","Colored Map","Curses Come First","DeckTracker","Filter the Spire","Highlight Path","Key Reminder","Minty Spire (QoL Compilation)","Permanent Neow","Relic Sorter","Relic Stats","StSLib","The Construct"],"gold_per_floor":[359,375,385,73,23,58,58,69,69,69,95,95,107,107,107,107,107],"floor_reached":16,"playtime":1309,"items_purged":[],"score":116,"play_id":"61b187a3-53da-473a-83b5-80872cc8fd79","local_time":"20201226010757","is_ascension_mode":true,"campfire_choices":[{"floor":10,"key":"REST"},{"floor":12,"key":"RECALL"},{"data":"construct:Hazardproof","floor":15,"key":"SMITH"}],"circlet_count":0,"master_deck":["construct:Strike_Gold","construct:Strike_Gold","construct:Strike_Gold","construct:Strike_Gold","construct:Strike_Gold","construct:Defend_Gold","construct:Defend_Gold","construct:Defend_Gold","construct:Defend_Gold","construct:AttackMode","construct:DefenseMode","construct:Autoturret","construct:HardReboot","construct:Backup","construct:Hazardproof+1","construct:Boost","construct:LaserCore"],"relics":["construct:Cogwheel","Oddly Smooth Stone","Happy Flower","White Beast Statue","Ginger","Thread and Needle","keyreminder:keyreminder"],"acts_visited":["Exordium"],"potions_floor_usage":[8,11,13,16],"damage_taken":[{"damage":6,"enemies":"Cultist","floor":1,"turns":3},{"damage":0,"enemies":"Small Slimes","floor":2,"turns":4},{"damage":1,"enemies":"Jaw Worm","floor":3,"turns":4},{"damage":68,"enemies":"Gremlin Nob","floor":6,"turns":5},{"damage":0,"enemies":"Red Slaver","floor":8,"turns":6},{"damage":15,"enemies":"3 Sentries","floor":11,"turns":8},{"damage":1,"enemies":"Lots of Slimes","floor":13,"turns":4},{"damage":10,"enemies":"Hexaghost","floor":16,"turns":11}],"seed_played":"-1364617710859280386","potions_obtained":[{"floor":6,"key":"LiquidMemories"},{"floor":8,"key":"ColorlessPotion"},{"floor":11,"key":"Block Potion"},{"floor":13,"key":"Explosive Potion"}],"is_trial":false,"path_per_floor":["M","M","M","$","?","E","$","M","T","R","E","R","M","$","R","B"],"character_chosen":"THE_CONSTRUCT_MOD","items_purchased":["Oddly Smooth Stone","Happy Flower"],"campfire_rested":1,"item_purchase_floors":[4,4],"current_hp_per_floor":[71,71,70,70,70,2,2,2,2,25,10,10,9,9,9,0,0],"gold":107,"neow_bonus":"TWO_FIFTY_GOLD","is_daily":false,"chose_seed":false,"campfire_upgraded":1,"win_rate":0.0,"timestamp":1608966477,"path_taken":["M","M","M","?","?","E","$","M","T","R","E","R","?","?","R","BOSS"],"items_purchased_type":["Relic","Relic"],"build_version":"2020-12-22","purchased_purges":0,"victory":false,"max_hp_per_floor":[77,77,77,77,77,77,77,77,77,77,77,77,77,77,77,77,77],"relic_stats":{"Happy Flower":[11],"counters":[8,45],"Ginger":[2],"obtain_stats":[{"keyreminder:keyreminder":11,"Happy Flower":4,"construct:Cogwheel":0,"Oddly Smooth Stone":4,"Thread and Needle":11,"Ginger":9,"White Beast Statue":6},{"keyreminder:keyreminder":6,"Happy Flower":3,"construct:Cogwheel":0,"Oddly Smooth Stone":3,"Thread and Needle":6,"Ginger":5,"White Beast Statue":4},{"keyreminder:keyreminder":30,"Happy Flower":11,"construct:Cogwheel":0,"Oddly Smooth Stone":11,"Thread and Needle":30,"Ginger":22,"White Beast Statue":16}]},"card_choices":[{"not_picked":["construct:Accumulate","construct:ClusterMines"],"picked":"construct:Autoturret","floor":1},{"not_picked":["construct:FocusedBeam","construct:SuppressiveFire"],"picked":"construct:HardReboot","floor":2},{"not_picked":["construct:Impenetrable","construct:LaserCore"],"picked":"construct:Backup","floor":3},{"not_picked":["construct:Anticipate","construct:SyphonStrike"],"picked":"construct:Hazardproof","floor":6},{"not_picked":["construct:SaveState","construct:ShiftStrike","construct:SyphonStrike"],"picked":"SKIP","floor":8},{"not_picked":["construct:ModeShift","construct:Analyze"],"picked":"construct:Boost","floor":11},{"not_picked":["construct:ForceCore","construct:Boost"],"picked":"construct:LaserCore","floor":13}],"player_experience":107003,"relics_obtained":[{"floor":6,"key":"White Beast Statue"},{"floor":9,"key":"Ginger"},{"floor":11,"key":"Thread and Needle"}],"event_choices":[{"cards_removed":["construct:Defend_Gold"],"damage_healed":0,"gold_gain":0,"player_choice":"Card Removal","damage_taken":0,"max_hp_gain":0,"max_hp_loss":0,"event_name":"The Cleric","floor":5,"gold_loss":50}],"is_beta":false,"boss_relics":[],"items_purged_floors":[],"is_endless":false,"potions_floor_spawned":[6,8,11,13],"killed_by":"Hexaghost","ascension_level":1}}