{"host":"dvpvhz1t6etneyb3","time":1608959714,"event":{"mods":["AchievementEnabler","BaseMod","Colored Map","Highlight Path","Minty Spire (QoL Compilation)","Permanent Neow","Quick Restart"],"gold_per_floor":[115,126,141,141,66,66,98,168,221,252,252,11,42,60,60,137,137,137,27,27,27,27,27,27,27,27,27,27,27,27,27,27,27,27,27,0,0,0,0,0,0,0,0,0,0,0,0,0,0,0,0],"floor_reached":52,"playtime":10648,"items_purged":["Strike_G"],"score":1990,"play_id":"5844698d-caa3-4db2-9f4c-a222f50a47af","local_time":"20201226001514","is_ascension_mode":true,"campfire_choices":[{"data":"Predator","floor":6.0,"key":"SMITH"},{"floor":11.0,"key":"REST"},{"floor":15.0,"key":"REST"},{"data":"Cloak And Dagger","floor":25.0,"key":"SMITH"},{"data":"Footwork","floor":28.0,"key":"SMITH"},{"data":"Finisher","floor":32.0,"key":"SMITH"},{"data":"Cloak And Dagger","floor":44.0,"key":"SMITH"},{"data":"A Thousand Cuts","floor":46.0,"key":"SMITH"},{"data":"Footwork","floor":49,"key":"SMITH"}],"circlet_count":0,"master_deck":["AscendersBane","Strike_G","Strike_G","Strike_G","Defend_G","Defend_G","Survivor","Neutralize+1","Sucker Punch","Predator+1","Footwork+1","Endless Agony","Dodge and Roll","Cloak And Dagger+1","Dodge and Roll","After Image","Cloak And Dagger+1","Bullet Time","Dodge and Roll","Well Laid Plans+1","Finisher+1","Footwork+1","Backflip","Adrenaline","Infinite Blades+1","Acrobatics+1","Predator","A Thousand Cuts+1"],"relics":["Ring of the Snake","Anchor","White Beast Statue","Art of War","Bronze Scales","ClockworkSouvenir","Kunai","Ectoplasm","MawBank","Pantograph","InkBottle","Philosopher\u0027s Stone","Red Mask","HornCleat","Paper Crane","Dream Catcher","Happy Flower"],"acts_visited":["Exordium","TheCity","TheBeyond"],"potions_floor_usage":[50],"damage_taken":[{"damage":1.0,"enemies":"Small Slimes","floor":1.0,"turns":4.0},{"damage":3.0,"enemies":"Jaw Worm","floor":2.0,"turns":7.0},{"damage":1.0,"enemies":"Cultist","floor":3.0,"turns":3.0},{"damage":35.0,"enemies":"Lagavulin","floor":7.0,"turns":8.0},{"damage":24.0,"enemies":"Gremlin Nob","floor":10.0,"turns":4.0},{"damage":10.0,"enemies":"Lagavulin","floor":13.0,"turns":7.0},{"damage":0.0,"enemies":"Looter","floor":14.0,"turns":2.0},{"damage":25.0,"enemies":"Slime Boss","floor":16.0,"turns":12.0},{"damage":0.0,"enemies":"Spheric Guardian","floor":18.0,"turns":6.0},{"damage":0.0,"enemies":"3 Byrds","floor":20.0,"turns":3.0},{"damage":1.0,"enemies":"Centurion and Healer","floor":22.0,"turns":9.0},{"damage":12.0,"enemies":"Slavers","floor":23.0,"turns":8.0},{"damage":3.0,"enemies":"Shelled Parasite and Fungi","floor":27.0,"turns":7.0},{"damage":4.0,"enemies":"Gremlin Leader","floor":29.0,"turns":12.0},{"damage":0.0,"enemies":"Chosen and Byrds","floor":30.0,"turns":2.0},{"damage":0.0,"enemies":"Snecko","floor":31.0,"turns":6.0},{"damage":6.0,"enemies":"Collector","floor":33.0,"turns":17.0},{"damage":0.0,"enemies":"3 Shapes","floor":35.0,"turns":5.0},{"damage":1.0,"enemies":"Nemesis","floor":40.0,"turns":9.0},{"damage":0.0,"enemies":"3 Darklings","floor":41.0,"turns":6.0},{"damage":0.0,"enemies":"Reptomancer","floor":42.0,"turns":10.0},{"damage":0.0,"enemies":"Maw","floor":45.0,"turns":6.0},{"damage":0.0,"enemies":"Transient","floor":47.0,"turns":6.0},{"damage":0,"enemies":"Spire Growth","floor":48,"turns":3},{"damage":15,"enemies":"Time Eater","floor":50,"turns":14},{"damage":0,"enemies":"Awakened One","floor":51,"turns":11}],"seed_played":"6883716990788309332","potions_obtained":[{"floor":3.0,"key":"Regen Potion"},{"floor":10.0,"key":"Strength Potion"},{"floor":13.0,"key":"FearPotion"},{"floor":14.0,"key":"Swift Potion"},{"floor":16.0,"key":"GhostInAJar"},{"floor":22.0,"key":"AttackPotion"},{"floor":23.0,"key":"PowerPotion"},{"floor":27.0,"key":"DistilledChaos"},{"floor":29.0,"key":"DistilledChaos"},{"floor":30.0,"key":"Poison Potion"},{"floor":31.0,"key":"FearPotion"},{"floor":45.0,"key":"DuplicationPotion"}],"is_trial":false,"path_per_floor":["M","M","M","?","?","R","E","T","T","E","R","$","E","M","R","B",null,"M","?","M","$","M","E","?","R","T","M","R","E","M","M","R","B",null,"M","?","?","?","T","E","M","E","T","R","M","R","M","M","R","B","B",null],"character_chosen":"THE_SILENT","items_purchased":["ClockworkSouvenir"],"campfire_rested":2,"item_purchase_floors":[12],"current_hp_per_floor":[64,61,60,60,60,60,25,25,25,13,34,34,24,24,45,20,59,59,59,59,59,58,46,46,46,46,43,43,39,39,39,39,58,69,69,69,69,68,68,67,67,67,67,67,67,67,67,67,67,53,68],"gold":0,"neow_bonus":"TEN_PERCENT_HP_BONUS","is_daily":false,"chose_seed":false,"campfire_upgraded":7,"win_rate":0.0,"timestamp":1608959714,"path_taken":["M","M","M","?","?","R","E","?","T","E","R","?","E","?","R","BOSS","M","?","M","$","?","E","?","R","T","?","R","E","M","M","R","BOSS","M","?","?","?","?","E","M","E","T","R","M","R","M","M","R","BOSS","BOSS"],"items_purchased_type":["Relic"],"build_version":"2020-12-22","purchased_purges":1,"victory":true,"max_hp_per_floor":[72,72,72,72,72,72,72,72,72,72,72,72,72,72,72,72,72,72,72,72,72,72,72,72,72,72,72,72,72,72,72,72,72,72,72,72,72,68,68,68,68,68,68,68,68,68,68,68,68,68,68],"card_choices":[{"not_picked":["PiercingWail","Deflect"],"picked":"Sucker Punch","floor":1.0},{"not_picked":["Dagger Spray","Flechettes"],"picked":"Predator","floor":2.0},{"not_picked":["Infinite Blades","Acrobatics"],"picked":"Footwork","floor":3.0},{"not_picked":["Quick Slash","Night Terror"],"picked":"Endless Agony","floor":7.0},{"not_picked":["Unload","Blur"],"picked":"Dodge and Roll","floor":10.0},{"not_picked":["Finisher","Prepared"],"picked":"Cloak And Dagger","floor":13.0},{"not_picked":["Bane","Reflex"],"picked":"Dodge and Roll","floor":14.0},{"not_picked":["Night Terror","Tools of the Trade"],"picked":"After Image","floor":16.0},{"not_picked":["Dodge and Roll","Dagger Spray","Dagger Throw"],"picked":"SKIP","floor":18.0},{"not_picked":["Eviscerate","Predator+1"],"picked":"Cloak And Dagger","floor":20.0},{"not_picked":["Quick Slash","Prepared","Flying Knee"],"picked":"SKIP","floor":22.0},{"not_picked":["Deadly Poison","Blur"],"picked":"Bullet Time","floor":23.0},{"not_picked":["Flying Knee","Flechettes+1"],"picked":"Well Laid Plans+1","floor":27.0},{"not_picked":["Leg Sweep","Wraith Form v2"],"picked":"Finisher","floor":29.0},{"not_picked":["Dodge and Roll","Deadly Poison"],"picked":"Footwork","floor":30.0},{"not_picked":["Quick Slash","Poisoned Stab"],"picked":"Backflip","floor":31.0},{"not_picked":["Venomology","Unload"],"picked":"Adrenaline","floor":33.0},{"not_picked":["Deflect","Quick Slash+1"],"picked":"Infinite Blades+1","floor":35.0},{"not_picked":["Blade Dance+1","Prepared"],"picked":"Acrobatics+1","floor":40.0},{"not_picked":["Dash+1","Prepared+1","Deflect"],"picked":"SKIP","floor":41.0},{"not_picked":["Prepared","Blur"],"picked":"Predator","floor":42.0},{"not_picked":["Quick Slash","Poisoned Stab"],"picked":"A Thousand Cuts","floor":45.0},{"not_picked":["Masterful Stab+1","Slice","Underhanded Strike"],"picked":"SKIP","floor":47.0},{"not_picked":["Quick Slash","Concentrate","Flying Knee+1"],"picked":"SKIP","floor":48},{"not_picked":["Quick Slash","Concentrate","Flying Knee+1"],"picked":"SKIP","floor":48}],"player_experience":1974827,"relics_obtained":[{"floor":7.0,"key":"Anchor"},{"floor":8.0,"key":"White Beast Statue"},{"floor":9.0,"key":"Art of War"},{"floor":10.0,"key":"Bronze Scales"},{"floor":13.0,"key":"Kunai"},{"floor":23.0,"key":"MawBank"},{"floor":26.0,"key":"Pantograph"},{"floor":29.0,"key":"InkBottle"},{"floor":39.0,"key":"HornCleat"},{"floor":40.0,"key":"Paper Crane"},{"floor":42.0,"key":"Dream Catcher"},{"floor":43.0,"key":"Happy Flower"}],"event_choices":[{"damage_healed":0.0,"max_hp_gain":0.0,"max_hp_loss":0.0,"gold_gain":0.0,"event_name":"Liars Game","player_choice":"Ignored","floor":4.0,"gold_loss":0.0,"damage_taken":0.0},{"cards_removed":["Strike_G"],"damage_healed":0.0,"max_hp_gain":0.0,"max_hp_loss":0.0,"gold_gain":0.0,"event_name":"The Cleric","player_choice":"Card Removal","floor":5.0,"gold_loss":75.0,"damage_taken":0.0},{"cards_removed":["Defend_G"],"damage_healed":0.0,"max_hp_gain":0.0,"max_hp_loss":0.0,"gold_gain":0.0,"event_name":"Designer","player_choice":"Upgrade and Remove","floor":19.0,"gold_loss":110.0,"damage_taken":0.0,"cards_upgraded":["Neutralize"]},{"damage_healed":0.0,"max_hp_gain":0.0,"max_hp_loss":0.0,"gold_gain":0.0,"cards_transformed":["Defend_G"],"event_name":"Transmorgrifier","player_choice":"Transformed","floor":24.0,"gold_loss":0.0,"damage_taken":0.0,"cards_obtained":["Dodge and Roll"]},{"damage_healed":0.0,"max_hp_gain":0.0,"max_hp_loss":0.0,"gold_gain":0.0,"event_name":"Tomb of Lord Red Mask","player_choice":"Paid","floor":36.0,"gold_loss":27.0,"damage_taken":0.0,"relics_obtained":["Red Mask"]},{"cards_removed":["Defend_G"],"damage_healed":0.0,"max_hp_gain":0.0,"max_hp_loss":0.0,"gold_gain":0.0,"event_name":"Falling","player_choice":"Removed Skill","floor":37.0,"gold_loss":0.0,"damage_taken":0.0},{"damage_healed":0.0,"max_hp_gain":0.0,"max_hp_loss":4.0,"gold_gain":0.0,"event_name":"Winding Halls","player_choice":"Max HP","floor":38.0,"gold_loss":0.0,"damage_taken":0.0}],"is_beta":false,"boss_relics":[{"not_picked":["Fusion Hammer","Runic Dome"],"picked":"Ectoplasm"},{"not_picked":["Coffee Dripper","Pandora\u0027s Box"],"picked":"Philosopher\u0027s Stone"}],"items_purged_floors":[12],"is_endless":false,"potions_floor_spawned":[3,10,13,14,16,18,20,22,23,27,29,30,31,33,35,40,41,42,45,47,48],"ascension_level":20}}