{"host":"uflv0e3ja7hvnij7","time":1608950418,"event":{"mods":["Aspiration","BaseMod","Better Altar","Better Match","Better Note","Better Sensory Stone","Better Skull","Better Third Choice","Hubris","Infinite Spire","Minty Spire (QoL Compilation)","Permanent Neow","Replay The Spire","Shop Mod","StSLib"],"gold_per_floor":[109,119,138,155,155,155,184,184,184,184,184,68,83,96,96,114,114,219,219,231,231,251,251,124,124,24,52,52,52,71,71,71],"floor_reached":31,"playtime":1415,"items_purged":["Defend_P","Defend_P","Defend_P"],"score":293,"play_id":"c07293c9-6191-4ede-be23-77fed5efa03a","local_time":"20201225214018","is_ascension_mode":true,"campfire_choices":[{"data":"Eruption","floor":6,"key":"SMITH"},{"floor":8,"key":"REST"},{"data":"ClearTheMind","floor":15,"key":"SMITH"},{"data":"TalkToTheHand","floor":25,"key":"SMITH"}],"circlet_count":0,"master_deck":["Strike_P","Strike_P","Strike_P","Defend_P","Vigilance","FearNoEvil+1","MentalFortress+1","TalkToTheHand+1","hubris:DuctTapeCard","ClearTheMind+1","FlurryOfBlows","MentalFortress","FlurryOfBlows","CutThroughFate","EmptyBody+1","DeusExMachina+1","Crescendo"],"relics":["PureWater","hubris:DuctTape","Gambling Chip","SlaversCollar","Guide Book","TeardropLocket","Replay:Rubber Ducky"],"acts_visited":["Exordium","TheCity"],"potions_floor_usage":[7,18,18,22],"damage_taken":[{"damage":0,"enemies":"Cultist","floor":1,"turns":2},{"damage":7,"enemies":"Small Slimes","floor":2,"turns":3},{"damage":0,"enemies":"Jaw Worm","floor":3,"turns":3},{"damage":9,"enemies":"2 Fungi Beasts","floor":4,"turns":4},{"damage":20,"enemies":"Gremlin Nob","floor":7,"turns":4},{"damage":0,"enemies":"Exordium Wildlife","floor":13,"turns":3},{"damage":7,"enemies":"Lots of Slimes","floor":14,"turns":2},{"damage":0,"enemies":"2 Fungi Beasts","floor":16,"turns":3},{"damage":14,"enemies":"Slime Boss","floor":18,"turns":7},{"damage":0,"enemies":"Spheric Guardian","floor":20,"turns":1},{"damage":0,"enemies":"3 Byrds","floor":22,"turns":3},{"damage":40,"enemies":"Gremlin Leader","floor":27,"turns":4},{"damage":21,"enemies":"Snake Plant","floor":30,"turns":4},{"damage":19,"enemies":"Sentry and Sphere","floor":31,"turns":3}],"seed_played":"-7672967209245901993","potions_obtained":[{"floor":3,"key":"BottledMiracle"},{"floor":4,"key":"Energy Potion"},{"floor":13,"key":"DistilledChaos"},{"floor":14,"key":"Explosive Potion"},{"floor":27,"key":"SpeedPotion"},{"floor":30,"key":"Elixir"}],"is_trial":false,"path_per_floor":["M","M","M","M","?","R","E","R","T","PTL","PTL","$","M","M","R","M","R","B",null,"M","?","M","AVR","$","R","$","E","T","$","M","M"],"character_chosen":"WATCHER","items_purchased":["FlurryOfBlows","MentalFortress","Crescendo"],"campfire_rested":1,"item_purchase_floors":[12,12,24],"current_hp_per_floor":[72,65,65,56,56,56,36,57,57,57,57,57,57,50,50,50,71,57,72,72,72,72,72,72,72,72,32,32,32,11,0,0],"gold":71,"neow_bonus":"TRANSFORM_CARD","is_daily":false,"chose_seed":false,"campfire_upgraded":3,"win_rate":0.0,"timestamp":1608950418,"path_taken":["M","M","M","?","?","R","E","R","T","PTL","PTL","$","M","M","R","M","R","BOSS","M","?","M","AVR","?","R","$","E","T","?","?","M"],"items_purchased_type":["Card","Card","Card"],"build_version":"2020-12-22","purchased_purges":3,"victory":false,"max_hp_per_floor":[72,72,72,72,72,72,72,72,72,72,72,72,72,72,72,72,72,72,72,72,72,72,72,72,72,72,72,72,72,72,72,72],"card_choices":[{"not_picked":["Replay:AtTheReady","Prostrate","Replay:Vibes"],"picked":"SKIP","floor":1},{"not_picked":["JustLucky","EmptyBody"],"picked":"FearNoEvil","floor":2},{"not_picked":["Replay:AtTheReady","FlyingSleeves"],"picked":"MentalFortress","floor":3},{"not_picked":["Protect","Replay:Vibes"],"picked":"TalkToTheHand","floor":4},{"not_picked":["Vengeance","Tantrum"],"picked":"ClearTheMind","floor":7},{"not_picked":["Replay:Hum","ThirdEye"],"picked":"FlurryOfBlows","floor":13},{"not_picked":["LikeWater","Replay:AtTheReady"],"picked":"CutThroughFate","floor":14},{"not_picked":["BattleHymn","FlyingSleeves"],"picked":"EmptyBody","floor":16},{"not_picked":["Replay:LoomingThreat","Ragnarok"],"picked":"DeusExMachina","floor":18},{"not_picked":["Nirvana","Pray","CrushJoints"],"picked":"SKIP","floor":20},{"not_picked":["Collect+1","Prostrate","Sanctity"],"picked":"SKIP","floor":22},{"not_picked":["Meditate+1","Nirvana","FearNoEvil"],"picked":"SKIP","floor":27},{"not_picked":["Nirvana","CrushJoints","SashWhip"],"picked":"SKIP","floor":30}],"player_experience":398506,"relics_obtained":[{"floor":7,"key":"hubris:DuctTape"},{"floor":9,"key":"Gambling Chip"},{"floor":27,"key":"TeardropLocket"},{"floor":28,"key":"Replay:Rubber Ducky"}],"event_choices":[],"is_beta":false,"boss_relics":[{"not_picked":["Black Star","Kintsugi"],"picked":"SlaversCollar"}],"items_purged_floors":[23,24,26],"is_endless":false,"potions_floor_spawned":[3,4,13,14,16,27,30],"killed_by":"Sentry and Sphere","ascension_level":3}}