{"host":"cyh4fejqtcjbfr7k","time":1608941255,"event":{"mods":["2.2 Compatiblity","AchievementEnabler","BaseMod","Colored Map","Colored Powertips","DeckTracker","Downfall","Googly Eyes","Hubris","Infinite Spire","Minty Spire (QoL Compilation)","Replay The Spire","Shop Mod","StSLib","SuperFastMode","Unceasing Turn Reminder"],"gold_per_floor":[217,217,217,217,230,230,258,258,258,287,302,302,302,316,316,414,414,433,450,510,523,533,533,533,533,533],"floor_reached":25,"playtime":966,"items_purged":[],"score":253,"play_id":"a0617068-fac2-4b8c-81b4-47deb68fd41b","local_time":"20201225170735","is_ascension_mode":true,"campfire_choices":[{"floor":6,"key":"REST"},{"floor":8,"key":"REST"},{"floor":12,"key":"REST"},{"floor":23,"key":"REST"}],"circlet_count":0,"master_deck":["Strike_G","Strike_G","Strike_G","Strike_G","Strike_G","Defend_G","Defend_G","Defend_G","Defend_G","Defend_G","Survivor","Neutralize","Noxious Fumes+1","Infinite Blades","Dodge and Roll","Catalyst","Catalyst","Poisoned Stab+1","Die Die Die","Bouncing Flask","Noxious Fumes","Poisoned Stab"],"relics":["Ring of the Snake","Snake Skull","The Courier","Eternal Feather","ReplayTheSpireMod:Ninjato","Orichalcum","SlaversCollar","hubris:TinFlute","hubris:CrystalStatue"],"acts_visited":["Exordium","TheCity"],"potions_floor_usage":[18,21,22,22],"damage_taken":[{"damage":7,"enemies":"Jaw Worm","floor":1,"turns":5},{"damage":6,"enemies":"infinitespire:Voidling","floor":5,"turns":5},{"damage":40,"enemies":"3 Sentries","floor":7,"turns":7},{"damage":8,"enemies":"Replay:BlueRogue","floor":10,"turns":7},{"damage":0,"enemies":"Cultist","floor":11,"turns":4},{"damage":0,"enemies":"Red Slaver","floor":14,"turns":3},{"damage":45,"enemies":"Fading Forest","floor":16,"turns":11},{"damage":11,"enemies":"Shell Parasite","floor":18,"turns":5},{"damage":10,"enemies":"Spheric Guardian","floor":19,"turns":5},{"damage":22,"enemies":"Cultist and Chosen","floor":21,"turns":6},{"damage":22,"enemies":"Shelled Parasite and Fungi","floor":22,"turns":4},{"damage":39,"enemies":"Centurion and Healer","floor":25,"turns":4}],"seed_played":"-8518687514215490749","potions_obtained":[{"floor":10,"key":"SpeedPotion"},{"floor":11,"key":"LifebloodPotion"},{"floor":16,"key":"Cursed Concoction"},{"floor":19,"key":"Poison Potion"},{"floor":20,"key":"Doom Potion"},{"floor":21,"key":"Energy Potion"}],"is_trial":false,"path_per_floor":["M","?","?","$","M","R","E","R","T","E","M","R","T","M","R_BF","B",null,"M","M","?","M","M","R","T","M"],"character_chosen":"THE_SILENT","items_purchased":["Snake Skull"],"campfire_rested":4,"item_purchase_floors":[4],"current_hp_per_floor":[63,63,63,53,52,70,30,51,51,43,43,70,70,70,70,25,70,59,49,49,27,5,38,38,0,0],"gold":533,"neow_bonus":"HUNDRED_GOLD","is_daily":false,"chose_seed":false,"campfire_upgraded":0,"win_rate":0.0,"timestamp":1608941255,"path_taken":["M","?","?","?","?","R","E","R","T","E","M","R","?","M","R_BF","BOSS","M","M","?","M","M","R","?","?"],"items_purchased_type":["Relic"],"build_version":"2020-12-22","purchased_purges":0,"victory":false,"max_hp_per_floor":[70,70,70,70,70,70,70,70,70,70,70,70,70,70,70,70,70,70,70,70,70,70,70,70,70,70],"card_choices":[{"not_picked":["Endless Agony","Draining Mist"],"picked":"Noxious Fumes","floor":1},{"not_picked":["Slice","Underhanded Strike"],"picked":"Infinite Blades","floor":5},{"not_picked":["Well Laid Plans","Acrobatics"],"picked":"Dodge and Roll","floor":7},{"not_picked":["Underhanded Strike","Leg Sweep"],"picked":"Catalyst","floor":10},{"not_picked":["Underhanded Strike","Calculated Gamble"],"picked":"Catalyst","floor":11},{"not_picked":["Expertise","Infinite Blades"],"picked":"Poisoned Stab","floor":14},{"not_picked":["Atom Bomb","Poison Darts"],"picked":"Die Die Die","floor":16},{"not_picked":["Dagger Throw","Cloak And Dagger","hubris:SlightOfHand+1"],"picked":"SKIP","floor":18},{"not_picked":["hubris:SlightOfHand","Dagger Throw","Well Laid Plans+1"],"picked":"SKIP","floor":19},{"not_picked":["Poisoned Stab+1","Flying Knee+1"],"picked":"Bouncing Flask","floor":20},{"not_picked":["Dagger Throw","Dagger Spray"],"picked":"Noxious Fumes","floor":21},{"not_picked":["Deflect","Accuracy+1"],"picked":"Poisoned Stab","floor":22}],"player_experience":613098,"relics_obtained":[{"floor":7,"key":"The Courier"},{"floor":9,"key":"Eternal Feather"},{"floor":10,"key":"ReplayTheSpireMod:Ninjato"},{"floor":13,"key":"Orichalcum"},{"floor":20,"key":"hubris:TinFlute"},{"floor":24,"key":"hubris:CrystalStatue"}],"event_choices":[],"is_beta":false,"boss_relics":[{"not_picked":["Replay:Wanted Poster","Replay:Bronze Core"],"picked":"SlaversCollar"}],"items_purged_floors":[],"is_endless":false,"potions_floor_spawned":[10,11,16,19,21],"killed_by":"Centurion and Healer","ascension_level":4}}