{"host":"hz94vu9lk5pvuib2","time":1608950610,"event":{"mods":["BaseMod","Colored Map","Minty Spire (QoL Compilation)","Waifu the Spire"],"gold_per_floor":[117,137,148,4,22,48,48,48,73,73,107,122,139,155,155,256,256,181,181,181,181,32,32,32,32],"floor_reached":24,"playtime":1836,"items_purged":["Regret"],"score":212,"play_id":"ddf33dc5-9c3b-43c9-b63b-5e55716c87d6","local_time":"20201226114330","is_ascension_mode":false,"campfire_choices":[{"data":"DevaForm","floor":7,"key":"SMITH"},{"floor":10,"key":"REST"},{"floor":15,"key":"REST"}],"circlet_count":0,"master_deck":["Strike_P","Strike_P","Strike_P","Defend_P","Defend_P","Defend_P","Defend_P","Eruption","Vigilance","Sadistic Nature","Halt","Perseverance","Consecrate","Tantrum","ClearTheMind","DevaForm+1","Conclude","Wish","Evaluate","ForeignInfluence","Halt","Vault","BattleHymn","FollowUp+1"],"relics":["PureWater","Regal Pillow","Ancient Tea Set","Omamori","Ectoplasm","Nunchaku"],"acts_visited":["Exordium","TheCity"],"potions_floor_usage":[11,16,16,23,23],"damage_taken":[{"damage":0,"enemies":"Small Slimes","floor":1,"turns":2},{"damage":1,"enemies":"Cultist","floor":2,"turns":4},{"damage":5,"enemies":"Jaw Worm","floor":3,"turns":5},{"damage":10,"enemies":"Lots of Slimes","floor":5,"turns":3},{"damage":4,"enemies":"3 Sentries","floor":6,"turns":4},{"damage":31,"enemies":"Lagavulin","floor":11,"turns":3},{"damage":7,"enemies":"Exordium Wildlife","floor":12,"turns":4},{"damage":10,"enemies":"Looter","floor":13,"turns":4},{"damage":0,"enemies":"Large Slime","floor":14,"turns":3},{"damage":29,"enemies":"Hexaghost","floor":16,"turns":8},{"damage":21,"enemies":"2 Thieves","floor":18,"turns":5},{"damage":17,"enemies":"Shell Parasite","floor":19,"turns":5},{"damage":26,"enemies":"Snake Plant","floor":21,"turns":7},{"damage":0,"enemies":"Chosen and Byrds","floor":23,"turns":5},{"damage":23,"enemies":"Sentry and Sphere","floor":24,"turns":4}],"seed_played":"6101671171906661333","potions_obtained":[{"floor":1,"key":"FearPotion"},{"floor":2,"key":"EssenceOfSteel"},{"floor":14,"key":"AttackPotion"},{"floor":16,"key":"Regen Potion"},{"floor":19,"key":"Swift Potion"},{"floor":21,"key":"Explosive Potion"}],"is_trial":false,"path_per_floor":["M","M","M","$","M","E","R","?","T","R","E","M","M","M","R","B",null,"M","M","?","M","$","M","M"],"character_chosen":"WATCHER","items_purchased":["Tantrum","Nunchaku"],"campfire_rested":2,"item_purchase_floors":[4,22],"current_hp_per_floor":[72,71,66,66,56,52,52,52,52,72,41,34,24,24,60,31,72,51,34,34,8,8,22,0,0],"gold":32,"neow_bonus":"RANDOM_COLORLESS_2","is_daily":false,"chose_seed":false,"campfire_upgraded":1,"win_rate":0.0,"timestamp":1608950610,"path_taken":["M","M","M","$","M","E","R","?","T","R","E","M","?","M","R","BOSS","M","M","?","M","$","?","M"],"items_purchased_type":["Card","Relic"],"build_version":"2020-12-22","purchased_purges":1,"victory":false,"max_hp_per_floor":[72,72,72,72,72,72,72,72,72,72,72,72,72,72,72,72,72,72,72,72,72,72,72,72,72],"card_choices":[{"not_picked":["Violence","Secret Technique"],"picked":"Sadistic Nature","floor":0},{"not_picked":["Wallop","PathToVictory"],"picked":"Halt","floor":1},{"not_picked":["WheelKick","Halt"],"picked":"Perseverance","floor":2},{"not_picked":["Vengeance","PathToVictory"],"picked":"Consecrate","floor":3},{"not_picked":["SashWhip","Vengeance"],"picked":"ClearTheMind","floor":5},{"not_picked":["Brilliance","Evaluate"],"picked":"DevaForm","floor":6},{"not_picked":["FearNoEvil","Halt"],"picked":"Wish","floor":11},{"not_picked":["EmptyBody","JustLucky"],"picked":"Evaluate","floor":12},{"not_picked":["ClearTheMind","CutThroughFate"],"picked":"ForeignInfluence","floor":13},{"not_picked":["BowlingBash","Tantrum"],"picked":"Halt","floor":14},{"not_picked":["Devotion","Brilliance"],"picked":"Vault","floor":16},{"not_picked":["Collect","EmptyFist","PathToVictory"],"picked":"SKIP","floor":18},{"not_picked":["TalkToTheHand","FollowUp"],"picked":"BattleHymn","floor":19},{"not_picked":["Study","WheelKick","BowlingBash"],"picked":"SKIP","floor":21},{"not_picked":["FlyingSleeves","Fasting2"],"picked":"FollowUp+1","floor":23}],"player_experience":206366,"relics_obtained":[{"floor":6,"key":"Regal Pillow"},{"floor":9,"key":"Ancient Tea Set"},{"floor":11,"key":"Omamori"}],"event_choices":[{"damage_healed":0,"gold_gain":0,"cards_transformed":["Strike_P"],"player_choice":"Transformed","damage_taken":0,"max_hp_gain":0,"max_hp_loss":0,"event_name":"Transmorgrifier","floor":8,"gold_loss":0,"cards_obtained":["Conclude"]},{"damage_healed":0,"gold_gain":0,"player_choice":"Ignored","damage_taken":0,"max_hp_gain":0,"max_hp_loss":0,"event_name":"NoteForYourself","floor":20,"gold_loss":0}],"is_beta":false,"boss_relics":[{"not_picked":["Philosopher\u0027s Stone","Tiny House"],"picked":"Ectoplasm"}],"items_purged_floors":[4],"is_endless":false,"potions_floor_spawned":[1,2,14,16,19,21],"killed_by":"Sentry and Sphere","ascension_level":0}}