{"host":"7rmsgc3rayi00cdt","time":1608987241,"event":{"mods":["BaseMod","Minty Spire (QoL Compilation)"],"gold_per_floor":[366,516,230,230,243,243,201,219,219,52,79,79,79,110,110,188,188,201,201,217,227,245,245,245,255,281,316,316,334,351,364,364,364,364],"floor_reached":33,"playtime":1482,"items_purged":[],"score":499,"play_id":"6bce1792-c495-4db6-b8d1-6287ffe667e0","local_time":"20201226125401","is_ascension_mode":true,"campfire_choices":[{"data":"Blade Dance","floor":6,"key":"SMITH"},{"floor":13,"key":"REST"},{"floor":15,"key":"REST"},{"floor":23,"key":"REST"},{"floor":24,"key":"REST"},{"floor":28,"key":"REST"},{"floor":32,"key":"REST"}],"circlet_count":0,"master_deck":["AscendersBane","Strike_G","Strike_G","Strike_G","Strike_G","Defend_G","Defend_G","Defend_G","Defend_G","Defend_G","Survivor","Neutralize","Blade Dance+1","PiercingWail","Noxious Fumes","Prepared","Blade Dance","Finisher","Endless Agony","Acrobatics","Unload","Heel Hook","Cloak And Dagger","Adrenaline","Dagger Throw"],"relics":["Ring of the Snake","White Beast Statue","TungstenRod","Boot","WingedGreaves","Lizard Tail","HoveringKite","Blood Vial","PreservedInsect"],"acts_visited":["Exordium","TheCity"],"potions_floor_usage":[11,14,16,21,22,25,27,27,30,30,33],"damage_taken":[{"damage":0,"enemies":"2 Louse","floor":1,"turns":3},{"damage":0,"enemies":"Jaw Worm","floor":5,"turns":3},{"damage":0,"enemies":"Cultist","floor":8,"turns":4},{"damage":14,"enemies":"3 Sentries","floor":11,"turns":7},{"damage":11,"enemies":"Lagavulin","floor":14,"turns":5},{"damage":15,"enemies":"Hexaghost","floor":16,"turns":11},{"damage":0,"enemies":"3 Byrds","floor":18,"turns":4},{"damage":0,"enemies":"Chosen","floor":20,"turns":3},{"damage":2,"enemies":"Snake Plant","floor":21,"turns":5},{"damage":32,"enemies":"Cultist and Chosen","floor":22,"turns":7},{"damage":20,"enemies":"3 Cultists","floor":25,"turns":6},{"damage":49,"enemies":"Gremlin Leader","floor":27,"turns":9},{"damage":14,"enemies":"Chosen and Byrds","floor":29,"turns":6},{"damage":24,"enemies":"Centurion and Healer","floor":30,"turns":5},{"damage":15,"enemies":"Snake Plant","floor":31,"turns":3},{"damage":45,"enemies":"Champ","floor":33,"turns":9}],"seed_played":"-3284588642262977811","potions_obtained":[{"floor":5,"key":"EssenceOfSteel"},{"floor":8,"key":"Explosive Potion"},{"floor":11,"key":"DistilledChaos"},{"floor":14,"key":"Block Potion"},{"floor":16,"key":"SmokeBomb"},{"floor":18,"key":"AttackPotion"},{"floor":21,"key":"PowerPotion"},{"floor":22,"key":"Regen Potion"},{"floor":25,"key":"Regen Potion"},{"floor":27,"key":"PowerPotion"},{"floor":29,"key":"SpeedPotion"},{"floor":30,"key":"Fire Potion"},{"floor":31,"key":"Ancient Potion"}],"is_trial":false,"path_per_floor":["M","?","$","?","M","R","$","M","T","$","E","?","R","E","R","B",null,"M","?","M","M","M","R","R","M","T","E","R","M","M","M","R","B"],"character_chosen":"THE_SILENT","items_purchased":["White Beast Statue","Noxious Fumes","Boot"],"campfire_rested":6,"item_purchase_floors":[3,7,10],"current_hp_per_floor":[44,44,44,44,44,44,44,44,44,44,30,24,43,32,51,36,59,59,42,42,40,8,29,50,45,45,13,34,22,35,22,43,0,0],"gold":364,"neow_bonus":"TWO_FIFTY_GOLD","is_daily":false,"chose_seed":false,"campfire_upgraded":1,"win_rate":0.0,"timestamp":1608987241,"path_taken":["M","?","$","?","M","R","?","?","T","$","E","?","R","E","R","BOSS","M","?","M","M","M","R","R","M","T","E","R","M","M","M","R","BOSS"],"items_purchased_type":["Relic","Card","Relic"],"build_version":"2020-12-22","purchased_purges":0,"victory":false,"max_hp_per_floor":[66,66,66,66,66,66,66,66,66,66,66,66,66,66,66,66,66,66,71,71,71,71,71,71,71,71,71,71,71,71,71,71,71,71],"card_choices":[{"not_picked":["PiercingWail","Quick Slash"],"picked":"Blade Dance","floor":1},{"not_picked":["Predator","Quick Slash"],"picked":"PiercingWail","floor":5},{"not_picked":["Finisher","Predator"],"picked":"Prepared","floor":8},{"not_picked":["Sucker Punch","Calculated Gamble"],"picked":"Blade Dance","floor":11},{"not_picked":["Blur","Outmaneuver"],"picked":"Finisher","floor":14},{"not_picked":["Deadly Poison","Quick Slash"],"picked":"Endless Agony","floor":18},{"not_picked":["All Out Attack","Blur"],"picked":"Acrobatics","floor":20},{"not_picked":["Riddle With Holes","Cloak And Dagger"],"picked":"Unload","floor":21},{"not_picked":["Poisoned Stab","Dodge and Roll"],"picked":"Heel Hook","floor":22},{"not_picked":["Dodge and Roll","Sucker Punch"],"picked":"Cloak And Dagger","floor":25},{"not_picked":["Grand Finale","PiercingWail"],"picked":"Adrenaline","floor":27},{"not_picked":["Endless Agony","Deadly Poison"],"picked":"Dagger Throw","floor":29},{"not_picked":["Reflex","Catalyst","Poisoned Stab"],"picked":"SKIP","floor":30},{"not_picked":["Bane","Outmaneuver+1","Accuracy"],"picked":"SKIP","floor":31}],"player_experience":721633,"relics_obtained":[{"floor":9,"key":"TungstenRod"},{"floor":11,"key":"WingedGreaves"},{"floor":14,"key":"Lizard Tail"},{"floor":26,"key":"Blood Vial"},{"floor":27,"key":"PreservedInsect"}],"event_choices":[{"damage_healed":0,"gold_gain":150,"player_choice":"AGREE","damage_taken":0,"max_hp_gain":0,"max_hp_loss":0,"event_name":"Liars Game","floor":2,"gold_loss":0,"cards_obtained":["Doubt"]},{"cards_removed":["Doubt"],"damage_healed":0,"gold_gain":0,"player_choice":"Forget","damage_taken":0,"max_hp_gain":0,"max_hp_loss":0,"event_name":"Living Wall","floor":4,"gold_loss":0},{"cards_removed":["Strike_G"],"damage_healed":0,"gold_gain":0,"player_choice":"Card Removal","damage_taken":7,"max_hp_gain":0,"max_hp_loss":0,"event_name":"Golden Wing","floor":12,"gold_loss":0},{"damage_healed":0,"gold_gain":0,"player_choice":"Shed Blood","damage_taken":23,"max_hp_gain":5,"max_hp_loss":0,"event_name":"Forgotten Altar","floor":19,"gold_loss":0}],"is_beta":false,"boss_relics":[{"not_picked":["Velvet Choker","Fusion Hammer"],"picked":"HoveringKite"}],"items_purged_floors":[],"is_endless":false,"potions_floor_spawned":[5,8,11,14,16,18,20,21,22,25,27,29,30,31],"killed_by":"Champ","ascension_level":16}}