{"host":"uyrebrj0204enqpc","time":1608994788,"event":{"mods":["Act Like it!","Bard","BaseMod","Block Reminder","Challenge The Spire","Colored Map","Colored Powertips","DeckTracker","Downfall","GifTheSpireLib","HexUI Lib","Highlight Path","Hubris","Minty Spire (QoL Compilation)","Pale of the Ancients","Quick Restart","Random Character Button","Relic Sorter","Relic Stats","Replay The Spire","Shop Mod","StSLib","The Blue Laboratory","The Bug Knight","The Cursed","The Marked","Wandering Minibosses"],"gold_per_floor":[119,119,119,133,151,181,181,213,213,213,230,240,255,286,286,389,389,406,257,257,274,293,328,157,189,242,242,270,283,312,330,330,428,428,446,457,457,457,457,457,486,502,502,532,550,571,571,589,589,589,609,632,632,632,632,653,653,366,366,366],"floor_reached":61,"playtime":6637,"items_purged":["TheCursedMod:Strike_TheCursed","TheCursedMod:Defend_TheCursed"],"score":1764,"play_id":"888e5562-a389-4d1f-a2cd-2c00a9998934","local_time":"20201226095948","is_ascension_mode":true,"campfire_choices":[{"data":"TheCursedMod:FleshFromBone","floor":7.0,"key":"SMITH"},{"data":"TheCursedMod:CleanUpWorkshop","floor":10.0,"key":"SMITH"},{"floor":15.0,"key":"REST"},{"data":"RitualDagger","floor":32.0,"key":"SMITH"},{"data":"Replay:SS_hec_2","floor":40.0,"key":"SMITH"},{"floor":47.0,"key":"RECALL"},{"data":"TheCursedMod:Strike_TheCursed","floor":49.0,"key":"PURGE"},{"data":"TheCursedMod:SpitefulPlan","floor":55.0,"key":"SMITH"},{"data":"TheCursedMod:VoidForm","floor":57.0,"key":"SMITH"}],"circlet_count":0,"master_deck":["TheCursedMod:Defend_TheCursed","TheCursedMod:CursedWand","TheCursedMod:CleanUpWorkshop+1","TheCursedMod:Dregs","TheCursedMod:CursedShiv","TheCursedMod:SoulCrush","TheCursedMod:FleshFromBone+1","TheCursedMod:CursedBoomerang+1","TheCursedMod:Grudge","TheCursedMod:ManaCirculation","TheCursedMod:CursedSpellbook","TheCursedMod:ReleasedKnowledge","TheCursedMod:FleshFromBone","TheCursedMod:VoidForm+1","TheCursedMod:HellfireBreathing","RitualDagger+1","wanderingMiniBosses:FinaleOfPromise","TheCursedMod:CircleOfBlood","TheCursedMod:CircleOfAbyss","TheCursedMod:ReleasedKnowledge","TheCursedMod:RapidMovement","TheCursedMod:ReleasedStrength","TheCursedMod:NeowsMight","TheCursedMod:CursedRelics","TheCursedMod:SpitefulPlan+1","Replay:SS_hec_2+1","Writhe","TheCursedMod:Neurasthenia","TheCursedMod:CursedAmulet","TheCursedMod:RapidMovement+1"],"relics":["TheCursedMod:BlackMagic101","Strange Spoon","paleoftheancients:Timepiece","Ring of Panic","ReplayTheSpireMod:Ring of Exchange","Replay:Wax Seal","HollowMod:QueensCombRelic","Replay:Drink Me","wanderingMiniBosses:Blackblade","Art of War","ReplayTheSpireMod:Shallot","Blue Doll","Ornamental Fan","Bottled Lightning","paleoftheancients:KeyRelic","Coffee Dripper","Gremlin Horn","Shuriken","paleoftheancients:SoulOfTheHexaghost","Gambling Chip","MerchantsRug"],"acts_visited":["Exordium","TheCity","TheBeyond","TheBeyond"],"potions_floor_usage":[],"damage_taken":[{"damage":2.0,"enemies":"Jaw Worm","floor":1.0,"turns":4.0},{"damage":4.0,"enemies":"Small Slimes","floor":4.0,"turns":3.0},{"damage":0.0,"enemies":"Cultist","floor":5.0,"turns":3.0},{"damage":5.0,"enemies":"3 Sentries","floor":6.0,"turns":8.0},{"damage":18.0,"enemies":"Gremlin Nob","floor":8.0,"turns":4.0},{"damage":20.0,"enemies":"Large Slime","floor":11.0,"turns":6.0},{"damage":18.0,"enemies":"Blue Slaver","floor":12.0,"turns":7.0},{"damage":14.0,"enemies":"Red Slaver","floor":13.0,"turns":6.0},{"damage":9.0,"enemies":"Lagavulin","floor":14.0,"turns":7.0},{"damage":11.0,"enemies":"Hexaghost","floor":16.0,"turns":14.0},{"damage":6.0,"enemies":"Shell Parasite","floor":18.0,"turns":3.0},{"damage":0.0,"enemies":"Chosen","floor":21.0,"turns":5.0},{"damage":22.0,"enemies":"Shelled Parasite and Fungi","floor":22.0,"turns":6.0},{"damage":0.0,"enemies":"Book of Stabbing","floor":23.0,"turns":4.0},{"damage":34.0,"enemies":"Gremlin Leader","floor":25.0,"turns":6.0},{"damage":0.0,"enemies":"Slavers","floor":28.0,"turns":4.0},{"damage":0.0,"enemies":"3 Cultists","floor":29.0,"turns":4.0},{"damage":0.0,"enemies":"Gremlin Leader","floor":30.0,"turns":4.0},{"damage":0.0,"enemies":"Chosen and Byrds","floor":31.0,"turns":2.0},{"damage":0.0,"enemies":"Champ","floor":33.0,"turns":4.0},{"damage":0.0,"enemies":"3 Darklings","floor":35.0,"turns":2.0},{"damage":1.0,"enemies":"3 Shapes","floor":36.0,"turns":6.0},{"damage":0.0,"enemies":"Giant Head","floor":41.0,"turns":4.0},{"damage":0.0,"enemies":"Spire Growth","floor":42.0,"turns":7.0},{"damage":0.0,"enemies":"R_Hoarder","floor":44.0,"turns":5.0},{"damage":0.0,"enemies":"Writhing Mass","floor":45.0,"turns":4.0},{"damage":0.0,"enemies":"Maw","floor":46.0,"turns":4.0},{"damage":0.0,"enemies":"4 Shapes","floor":48.0,"turns":4.0},{"damage":10.0,"enemies":"Awakened One","floor":50.0,"turns":7.0},{"damage":5.0,"enemies":"Awakened One","floor":51.0,"turns":4.0},{"damage":29.0,"enemies":"Awakened One","floor":52.0,"turns":10.0},{"damage":15.0,"enemies":"Awakened One","floor":56.0,"turns":6.0},{"damage":0,"enemies":"paleoftheancients:N","floor":60,"turns":6}],"seed_played":"-6967045338111750235","potions_obtained":[{"floor":4.0,"key":"blueLaboratory:FruitPreserves"},{"floor":12.0,"key":"blueLaboratory:PyrophylliteBrew"},{"floor":14.0,"key":"SpeedPotion"},{"floor":16.0,"key":"champ:CounterPotion"},{"floor":23.0,"key":"blueLaboratory:PhilterOfMotion"},{"floor":28.0,"key":"PowerPotion"},{"floor":30.0,"key":"PowerPotion"},{"floor":31.0,"key":"EssenceOfSteel"},{"floor":33.0,"key":"ColorlessPotion"},{"floor":36.0,"key":"blueLaboratory:Moonshine"},{"floor":44.0,"key":"SteroidPotion"},{"floor":46.0,"key":"DistilledChaos"},{"floor":51.0,"key":"SpeedPotion"},{"floor":56.0,"key":"BlessingOfTheForge"}],"is_trial":false,"path_per_floor":["M","?","?","M","M","E","R","E","T","R","M","M","M","E","R","B",null,"M","$","?","M","M","E","$","E","T","?","E","M","E","M","R","B",null,"M","M","?","?","?","R","E","M","T","E","M","M","R","M","R_BF","B","M","M","?","T","R","M","R","$","?","B",null],"character_chosen":"THE_CURSED","items_purchased":["TheCursedMod:HellfireBreathing","TheCursedMod:CircleOfAbyss","Gambling Chip","MerchantsRug"],"campfire_rested":1,"item_purchase_floors":[19,24,58,58],"current_hp_per_floor":[80,80,80,76,76,71,71,53,53,53,34,24,14,21,37,38,41,35,35,29,41,19,37,37,7,7,3,27,41,41,41,41,41,41,41,40,35,41,41,41,41,41,41,41,41,41,41,41,41,41,39,12,15,15,15,18,18,18,18,44],"gold":366,"neow_bonus":"TEN_PERCENT_HP_BONUS","is_daily":false,"chose_seed":false,"campfire_upgraded":6,"win_rate":0.0,"timestamp":1608994788,"path_taken":["M","?","?","M","M","E","R","E","T","R","?","M","M","E","R","BOSS","M","$","?","M","M","E","$","E","T","?","E","?","E","M","R","BOSS","M","M","?","?","?","R","E","M","T","E","?","M","R","M","R_BF","BOSS","M","M","?","T","R","M","R","$","?","BOSS"],"items_purchased_type":["Card","Card","Relic","Relic"],"build_version":"2020-12-22","purchased_purges":2,"victory":true,"max_hp_per_floor":[82,82,82,82,82,82,82,82,54,54,54,54,54,54,54,54,41,41,41,41,41,41,41,41,41,41,41,41,41,41,41,41,41,41,41,41,41,41,41,41,41,41,41,41,41,41,41,41,41,41,41,41,44,44,44,44,44,44,44,44],"relic_stats":{"Strange Spoon":[47],"Gremlin Horn":[35,31],"counters":[33,172],"Ornamental Fan":[128],"Shuriken":[7],"Gambling Chip":[5],"Art of War":[10],"obtain_stats":[{"ReplayTheSpireMod:Ring of Exchange":2,"Gremlin Horn":50,"CeramicFish":41,"Blue Doll":26,"Dream Catcher":6,"Gambling Chip":58,"Ring of Panic":2,"Replay:Wax Seal":8,"Replay:Drink Me":17,"Gremlin Food":14,"TheCursedMod:BlackMagic101":0,"HollowMod:QueensCombRelic":9,"MerchantsRug":58,"paleoftheancients:KeyRelic":50,"paleoftheancients:SoulOfTheHexaghost":56,"Orichalcum":30,"paleoftheancients:Timepiece":50,"Strange Spoon":34,"wanderingMiniBosses:Blackblade":22,"ReplayTheSpireMod:Shallot":25,"Ornamental Fan":28,"Shuriken":54,"Art of War":23,"Coffee Dripper":50,"Bottled Lightning":44},{"ReplayTheSpireMod:Ring of Exchange":1,"Gremlin Horn":29,"CeramicFish":23,"Blue Doll":15,"Dream Catcher":4,"Gambling Chip":32,"Ring of Panic":1,"Replay:Wax Seal":5,"Replay:Drink Me":10,"Gremlin Food":9,"TheCursedMod:BlackMagic101":0,"HollowMod:QueensCombRelic":5,"MerchantsRug":32,"paleoftheancients:KeyRelic":29,"paleoftheancients:SoulOfTheHexaghost":32,"Orichalcum":18,"paleoftheancients:Timepiece":29,"Strange Spoon":20,"wanderingMiniBosses:Blackblade":13,"ReplayTheSpireMod:Shallot":15,"Ornamental Fan":16,"Shuriken":31,"Art of War":14,"Coffee Dripper":29,"Bottled Lightning":25},{"ReplayTheSpireMod:Ring of Exchange":4,"Gremlin Horn":146,"CeramicFish":116,"Blue Doll":86,"Dream Catcher":18,"Gambling Chip":166,"Ring of Panic":4,"Replay:Wax Seal":22,"Replay:Drink Me":62,"Gremlin Food":48,"TheCursedMod:BlackMagic101":0,"HollowMod:QueensCombRelic":22,"MerchantsRug":166,"paleoftheancients:KeyRelic":146,"paleoftheancients:SoulOfTheHexaghost":166,"Orichalcum":98,"paleoftheancients:Timepiece":146,"Strange Spoon":104,"wanderingMiniBosses:Blackblade":76,"ReplayTheSpireMod:Shallot":86,"Ornamental Fan":90,"Shuriken":160,"Art of War":80,"Coffee Dripper":146,"Bottled Lightning":127}]},"card_choices":[{"not_picked":["TheCursedMod:CursedMace","TheCursedMod:RapidMovement"],"picked":"TheCursedMod:CursedShiv","floor":1.0},{"not_picked":["TheCursedMod:CursedAmulet","TheCursedMod:Stretching"],"picked":"TheCursedMod:FleshFromBone","floor":4.0},{"not_picked":["TheCursedMod:PrepareRite","TheCursedMod:EmpowerCircles","TheCursedMod:SurpriseAttack"],"picked":"SKIP","floor":5.0},{"not_picked":["TheCursedMod:HellsGateOpen","TheCursedMod:CursedMace"],"picked":"TheCursedMod:CursedBoomerang","floor":6.0},{"not_picked":["TheCursedMod:PrepareRite","TheCursedMod:CursedBlade"],"picked":"TheCursedMod:Grudge","floor":8.0},{"not_picked":["TheCursedMod:SoulCrush","TheCursedMod:ReleasedStrength"],"picked":"TheCursedMod:ManaCirculation","floor":11.0},{"not_picked":["TheCursedMod:CircleOfBlood","TheCursedMod:CircleOfFocus"],"picked":"TheCursedMod:CursedSpellbook","floor":12.0},{"not_picked":["TheCursedMod:SurpriseAttack","TheCursedMod:RapidMovement","TheCursedMod:VitalStrike"],"picked":"SKIP","floor":13.0},{"not_picked":["TheCursedMod:SoulCrush","TheCursedMod:Mangle"],"picked":"TheCursedMod:ReleasedKnowledge","floor":14.0},{"not_picked":["TheCursedMod:Wield","TheCursedMod:PrepareRite"],"picked":"TheCursedMod:FleshFromBone","floor":15.0},{"not_picked":["TheCursedMod:DarkBarrier","TheCursedMod:AntiAging"],"picked":"TheCursedMod:VoidForm","floor":16.0},{"not_picked":["TheCursedMod:CursedMace+1","TheCursedMod:CircleOfAmplification","TheCursedMod:FleshFromBone"],"picked":"SKIP","floor":18.0},{"not_picked":["TheCursedMod:FuryStrike+1","TheCursedMod:StingEye","TheCursedMod:RapidMovement"],"picked":"SKIP","floor":21.0},{"not_picked":[],"picked":"wanderingMiniBosses:FinaleOfPromise","floor":22.0},{"not_picked":["TheCursedMod:SpitefulStrike+1","TheCursedMod:Stretching+1"],"picked":"TheCursedMod:CircleOfBlood","floor":22.0},{"not_picked":["TheCursedMod:SoulCrush+1","TheCursedMod:CursedStaff","TheCursedMod:AbyssShockwave"],"picked":"SKIP","floor":23.0},{"not_picked":["TheCursedMod:VitalStrike","TheCursedMod:RavingStaff+1"],"picked":"TheCursedMod:ReleasedKnowledge","floor":25.0},{"not_picked":["TheCursedMod:CursedAmulet+1","TheCursedMod:CursedMace+1"],"picked":"TheCursedMod:RapidMovement","floor":28.0},{"not_picked":["TheCursedMod:Mangle","TheCursedMod:CursedShiv"],"picked":"TheCursedMod:ReleasedStrength","floor":29.0},{"not_picked":["TheCursedMod:CircleOfFlame","TheCursedMod:CircleOfCorruption"],"picked":"TheCursedMod:NeowsMight","floor":30.0},{"not_picked":["TheCursedMod:Wield","TheCursedMod:CursedShiv","TheCursedMod:Evocation"],"picked":"SKIP","floor":31.0},{"not_picked":["TheCursedMod:ShockAndAwe","TheCursedMod:DarkBarrier"],"picked":"TheCursedMod:CursedRelics","floor":33.0},{"not_picked":["TheCursedMod:VitalStrike+1","TheCursedMod:CircleOfFocus"],"picked":"TheCursedMod:SpitefulPlan","floor":35.0},{"not_picked":["TheCursedMod:VitalStrike","TheCursedMod:SpitefulStrike+1","TheCursedMod:SurpriseAttack+1"],"picked":"SKIP","floor":36.0},{"not_picked":["expansioncontent:GoopSpray","expansioncontent:StudyTheSpire"],"picked":"Replay:SS_hec_2","floor":37.0},{"not_picked":["TheCursedMod:SpitefulStrike+1","TheCursedMod:SpreadPlague","TheCursedMod:CursedMace+1"],"picked":"SKIP","floor":41.0},{"not_picked":["TheCursedMod:Stigma+1","TheCursedMod:SpitefulStrike","TheCursedMod:AshesToAshes"],"picked":"SKIP","floor":42.0},{"not_picked":["TheCursedMod:CursedShiv+1","TheCursedMod:CircleOfBlood","TheCursedMod:AbyssShockwave+1"],"picked":"SKIP","floor":44.0},{"not_picked":["TheCursedMod:SmokeScreen+1","TheCursedMod:SpitefulStrike","TheCursedMod:TroublousMinions"],"picked":"SKIP","floor":45.0},{"not_picked":["TheCursedMod:WearCloak","TheCursedMod:SurpriseAttack+1"],"picked":"TheCursedMod:Neurasthenia","floor":46.0},{"not_picked":["TheCursedMod:Obscuration","TheCursedMod:Stigma","TheCursedMod:OutForBlood"],"picked":"SKIP","floor":48.0},{"not_picked":["TheCursedMod:CircleOfFlame+1","TheCursedMod:EmpowerCircles","TheCursedMod:CursedMace+1"],"picked":"SKIP","floor":51.0},{"not_picked":["TheCursedMod:ReleasedStrength","TheCursedMod:CircleOfFlame+1"],"picked":"TheCursedMod:CursedAmulet","floor":52.0},{"not_picked":["TheCursedMod:PrepareRite","TheCursedMod:CircleOfFlame+1"],"picked":"TheCursedMod:RapidMovement+1","floor":56.0}],"player_experience":926509,"relics_obtained":[{"floor":2.0,"key":"Ring of Panic"},{"floor":2.0,"key":"ReplayTheSpireMod:Ring of Exchange"},{"floor":6.0,"key":"Dream Catcher"},{"floor":8.0,"key":"Replay:Wax Seal"},{"floor":9.0,"key":"HollowMod:QueensCombRelic"},{"floor":14.0,"key":"Gremlin Food"},{"floor":22.0,"key":"wanderingMiniBosses:Blackblade"},{"floor":23.0,"key":"Art of War"},{"floor":25.0,"key":"ReplayTheSpireMod:Shallot"},{"floor":26.0,"key":"Blue Doll"},{"floor":28.0,"key":"Ornamental Fan"},{"floor":30.0,"key":"Orichalcum"},{"floor":41.0,"key":"CeramicFish"},{"floor":44.0,"key":"Bottled Lightning"},{"floor":54.0,"key":"Shuriken"},{"floor":56.0,"key":"paleoftheancients:SoulOfTheHexaghost"}],"event_choices":[{"damage_healed":0.0,"max_hp_gain":0.0,"max_hp_loss":0.0,"gold_gain":0.0,"cards_transformed":["TheCursedMod:Defend_TheCursed"],"event_name":"Transmorgrifier","player_choice":"Transformed","floor":3.0,"gold_loss":0.0,"damage_taken":0.0,"cards_obtained":["TheCursedMod:SoulCrush"]},{"damage_healed":0.0,"max_hp_gain":0.0,"max_hp_loss":0.0,"gold_gain":0.0,"event_name":"Nest","player_choice":"Joined the Cult","floor":20.0,"gold_loss":0.0,"damage_taken":6.0,"cards_obtained":["RitualDagger"]},{"damage_healed":0.0,"max_hp_gain":0.0,"max_hp_loss":0.0,"gold_gain":0.0,"event_name":"Wheel of Change","player_choice":"Damaged","floor":27.0,"gold_loss":0.0,"damage_taken":4.0},{"damage_healed":0.0,"max_hp_gain":0.0,"max_hp_loss":0.0,"gold_gain":0.0,"event_name":"SensoryStone","player_choice":"Memory 2","floor":37.0,"gold_loss":0.0,"damage_taken":5.0},{"damage_healed":10.0,"max_hp_gain":0.0,"max_hp_loss":0.0,"gold_gain":0.0,"event_name":"Winding Halls","player_choice":"Writhe","floor":38.0,"gold_loss":0.0,"damage_taken":0.0,"cards_obtained":["Writhe"]},{"damage_healed":0.0,"max_hp_gain":0.0,"max_hp_loss":0.0,"gold_gain":0.0,"event_name":"Fountain of Cleansing","player_choice":"Ignored","floor":39.0,"gold_loss":0.0,"damage_taken":0.0}],"is_beta":false,"boss_relics":[{"not_picked":["Runic Pyramid","Astrolabe"],"picked":"Replay:Drink Me"},{"not_picked":["Velvet Choker","Toolbox"],"picked":"Strange Spoon"}],"items_purged_floors":[19,24],"is_endless":false,"potions_floor_spawned":[4,12,14,16,23,28,30,31,33,36,44,46,48,51,56],"ascension_level":2}}