{"host":"u0f5uy314yz7olfc","time":1608977300,"event":{"mods":["AchievementEnabler","Aspiration","BaseMod","Better Altar","Better Match","Better Note","Better Sensory Stone","Better Skull","Better Third Choice","BetterRewards","Block Reminder","Colored Map","Colored Powertips","DeckTracker","Dota2Spire","Emptier Cage","Gold Saver","Highlight Path","Hubris","Infinite Spire","Marked Mod","Mimic Mod","Minty Spire (QoL Compilation)","Permanent Neow","Quick Restart","Rare Cards Sparkle","Relic Sorter","Shop Mod","StSLib","The Bladedancer","The Blue Laboratory","Watcher Patcher"],"gold_per_floor":[115,128,128,138,35,35,35,51,51,28,41,41,41],"floor_reached":12,"playtime":473,"items_purged":[],"score":70,"play_id":"a6c1d337-9044-4a91-b002-2560c20c679a","local_time":"20201226170820","is_ascension_mode":false,"campfire_choices":[{"floor":6,"key":"REST"}],"circlet_count":0,"master_deck":["Strike_B","Strike_B","Strike_B","Strike_B","Defend_B","Defend_B","Defend_B","Defend_B","Zap","Dualcast","Static Discharge","Fasting2","Capacitor","Sunder","Loop+1","Sweeping Beam","Turbo+1","Chaos","hubris:Ukulele","Ball Lightning","Self Repair","Evaluate","FTL"],"relics":["Cracked Core","aspiration:MysteriousAuxiliaryCore"],"acts_visited":["Exordium"],"potions_floor_usage":[4,12],"damage_taken":[{"damage":0,"enemies":"Small Slimes","floor":1,"turns":4},{"damage":6,"enemies":"Jaw Worm","floor":2,"turns":4},{"damage":10,"enemies":"Cultist","floor":4,"turns":4},{"damage":33,"enemies":"Exordium Thugs","floor":8,"turns":4},{"damage":12,"enemies":"3 Louse","floor":11,"turns":3},{"damage":0,"enemies":"Gremlin Nob","floor":12,"turns":2}],"seed_played":"-3989493787836189043","potions_obtained":[{"floor":1,"key":"SkillPotion"},{"floor":11,"key":"FocusPotion"}],"is_trial":false,"path_per_floor":["M","M","?","M","$","R","?","M","T","$","M","E"],"character_chosen":"DEFECT","items_purchased":["aspiration:MysteriousAuxiliaryCore","Static Discharge","Fasting2","Capacitor","Sunder","Loop","hubris:Ukulele","Ball Lightning","Evaluate"],"campfire_rested":1,"item_purchase_floors":[0,0,0,0,0,0,5,5,10],"current_hp_per_floor":[40,34,34,24,24,46,46,13,13,13,1,1,1],"gold":41,"neow_bonus":"","is_daily":false,"chose_seed":false,"campfire_upgraded":0,"win_rate":0.0,"timestamp":1608977300,"path_taken":["M","M","?","M","$","R","?","M","T","$","?","E"],"items_purchased_type":["Relic","Card","Card","Card","Card","Card","Card","Card","Card"],"build_version":"2020-12-22","purchased_purges":0,"victory":false,"max_hp_per_floor":[75,75,75,75,75,75,75,75,75,75,75,75,75],"card_choices":[{"not_picked":["Lockon","Ball Lightning"],"picked":"Sweeping Beam","floor":1},{"not_picked":["Crescendo","Conserve Battery"],"picked":"Turbo","floor":2},{"not_picked":["Go for the Eyes","Auto Shields"],"picked":"Chaos","floor":4},{"not_picked":["Capacitor","Rebound"],"picked":"Self Repair","floor":8},{"not_picked":["JustLucky","Streamline"],"picked":"FTL","floor":11}],"player_experience":315437,"relics_obtained":[],"event_choices":[{"damage_healed":0,"gold_gain":0,"player_choice":"Upgraded","damage_taken":0,"max_hp_gain":0,"max_hp_loss":0,"event_name":"Upgrade Shrine","floor":7,"gold_loss":0,"cards_upgraded":["Turbo"]}],"is_beta":false,"boss_relics":[],"items_purged_floors":[],"is_endless":false,"potions_floor_spawned":[1,11],"killed_by":"Gremlin Nob","ascension_level":0}}