{"host":"uwh382mre4waz4ff","time":1608965338,"event":{"mods":["AchievementEnabler","BaseMod","Better Note","Better Third Choice","BetterRewards","HololiveMod","Minty Spire (QoL Compilation)","Quick Restart","Shop Mod","StSLib"],"gold_per_floor":[110,121,121,141,141,141,171,181,181,196,196,207,207,218,218,317,317,328,86,106,126,126,126,139,151,151,166,166,180,192,36,36,139,139,150,60,60,79,79,79,96,113,113,130,130,130,160,178,178,178,178],"floor_reached":50,"playtime":4399,"items_purged":["Defend_R","Defend_R","Strike_R","Defend_R"],"score":506,"play_id":"d1e53787-aa4d-4bcb-9c4c-6535dbc42b87","local_time":"20201226144858","is_ascension_mode":false,"campfire_choices":[{"data":"Bash","floor":6.0,"key":"SMITH"},{"data":"Rage","floor":11.0,"key":"SMITH"},{"data":"Dropkick","floor":13.0,"key":"SMITH"},{"floor":15.0,"key":"RECALL"},{"data":"Flash of Steel","floor":28.0,"key":"SMITH"},{"data":"Finesse","floor":32.0,"key":"SMITH"},{"data":"Strike_R","floor":40.0,"key":"SMITH"},{"floor":49,"key":"REST"}],"circlet_count":0,"master_deck":["Strike_R","Strike_R","Strike_R","Strike_R+1","Bash+1","Dropkick+1","Rage+1","Flash of Steel+1","Feed+1","Parasite","Dropkick"],"relics":["Black Blood","Pocketwatch","Bird Faced Urn","Gambling Chip","Lizard Tail","Membership Card","Runic Dome","Magic Flower","Spirit Poop","Kunai"],"acts_visited":["Exordium","TheCity","TheBeyond"],"potions_floor_usage":[48],"damage_taken":[{"damage":1.0,"enemies":"Cultist","floor":1.0,"turns":3.0},{"damage":2.0,"enemies":"2 Louse","floor":2.0,"turns":2.0},{"damage":0.0,"enemies":"Small Slimes","floor":4.0,"turns":3.0},{"damage":26.0,"enemies":"Gremlin Nob","floor":7.0,"turns":4.0},{"damage":0.0,"enemies":"Exordium Wildlife","floor":8.0,"turns":3.0},{"damage":6.0,"enemies":"Red Slaver","floor":10.0,"turns":3.0},{"damage":0.0,"enemies":"Exordium Thugs","floor":12.0,"turns":4.0},{"damage":0.0,"enemies":"2 Fungi Beasts","floor":14.0,"turns":3.0},{"damage":21.0,"enemies":"The Guardian","floor":16.0,"turns":10.0},{"damage":11.0,"enemies":"Shell Parasite","floor":18.0,"turns":5.0},{"damage":16.0,"enemies":"2 Thieves","floor":20.0,"turns":4.0},{"damage":4.0,"enemies":"Snake Plant","floor":21.0,"turns":3.0},{"damage":5.0,"enemies":"Snecko","floor":24.0,"turns":4.0},{"damage":11.0,"enemies":"Shelled Parasite and Fungi","floor":25.0,"turns":4.0},{"damage":1.0,"enemies":"Snake Plant","floor":27.0,"turns":4.0},{"damage":12.0,"enemies":"3 Cultists","floor":29.0,"turns":5.0},{"damage":12.0,"enemies":"Centurion and Healer","floor":30.0,"turns":5.0},{"damage":47.0,"enemies":"Collector","floor":33.0,"turns":9.0},{"damage":12.0,"enemies":"3 Shapes","floor":35.0,"turns":4.0},{"damage":0.0,"enemies":"Orb Walker","floor":38.0,"turns":2.0},{"damage":7.0,"enemies":"Writhing Mass","floor":41.0,"turns":6.0},{"damage":45.0,"enemies":"Maw","floor":42.0,"turns":8.0},{"damage":43.0,"enemies":"Sphere and 2 Shapes","floor":44.0,"turns":7.0},{"damage":116.0,"enemies":"Nemesis","floor":47.0,"turns":11.0},{"damage":12,"enemies":"Writhing Mass","floor":48,"turns":7},{"damage":70,"enemies":"Time Eater","floor":50,"turns":7}],"seed_played":"1355227997966435434","potions_obtained":[{"floor":1.0,"key":"Fire Potion"},{"floor":4.0,"key":"SmokeBomb"},{"floor":5.0,"key":"HeartOfIron"},{"floor":5.0,"key":"SneckoOil"},{"floor":7.0,"key":"DistilledChaos"},{"floor":12.0,"key":"Swift Potion"},{"floor":14.0,"key":"HeartOfIron"},{"floor":18.0,"key":"SkillPotion"},{"floor":24.0,"key":"Swift Potion"},{"floor":33.0,"key":"ColorlessPotion"},{"floor":38.0,"key":"Dexterity Potion"},{"floor":41.0,"key":"DistilledChaos"},{"floor":47.0,"key":"Block Potion"}],"is_trial":false,"path_per_floor":["M","M","?","M","?","R","E","M","T","M","R","M","R","M","R","B",null,"M","$","M","M","?","?","M","M","T","M","R","M","M","$","R","B",null,"M","?","$","M","?","R","M","M","T","M","?","?","E","M","R","B"],"character_chosen":"IRONCLAD","items_purchased":["Dropkick","Finesse","Flash of Steel","Membership Card"],"campfire_rested":1,"item_purchase_floors":[0,0,19,31],"current_hp_per_floor":[49,53,53,59,59,59,39,45,45,45,45,51,51,57,57,42,80,80,80,76,80,80,80,80,80,80,80,80,80,80,80,80,45,80,83,83,83,87,87,87,91,62,62,43,43,43,19,31,61,0,0],"gold":178,"neow_bonus":"","is_daily":false,"chose_seed":false,"campfire_upgraded":6,"win_rate":0.0,"timestamp":1608965338,"path_taken":["M","?","?","M","?","R","E","M","T","M","R","M","R","M","R","BOSS","M","$","M","M","?","?","M","M","T","?","R","M","M","$","R","BOSS","M","?","?","?","?","R","M","M","T","M","?","?","E","M","R","BOSS"],"items_purchased_type":["Card","Card","Card","Relic"],"build_version":"2020-12-22","purchased_purges":4,"victory":false,"max_hp_per_floor":[80,80,80,80,80,80,80,80,80,80,80,80,80,80,80,80,80,80,80,80,80,80,80,80,80,80,80,80,80,80,80,80,80,80,83,83,83,87,87,87,91,95,95,99,99,96,96,100,100,100,100],"card_choices":[{"not_picked":["Battle Trance","Anger","Flex"],"picked":"SKIP","floor":1.0},{"not_picked":["Intimidate","Perfected Strike"],"picked":"Rage","floor":2.0},{"not_picked":["Anger","Cleave","Clash"],"picked":"SKIP","floor":4.0},{"not_picked":["Dark Embrace","Armaments","Disarm"],"picked":"SKIP","floor":7.0},{"not_picked":["Burning Pact","Wild Strike","Rampage"],"picked":"SKIP","floor":8.0},{"not_picked":["Armaments","Iron Wave","Headbutt"],"picked":"SKIP","floor":10.0},{"not_picked":["Flex","Immolate","Perfected Strike"],"picked":"SKIP","floor":12.0},{"not_picked":["Wild Strike","Flex","Anger"],"picked":"SKIP","floor":14.0},{"not_picked":["Perfected Strike","Warcry","Flex"],"picked":"SKIP","floor":18.0},{"not_picked":["Thunderclap+1","Wild Strike","Sword Boomerang"],"picked":"SKIP","floor":20.0},{"not_picked":["Cleave","Flex","Intimidate+1"],"picked":"SKIP","floor":21.0},{"not_picked":["Anger+1","True Grit","Iron Wave"],"picked":"SKIP","floor":24.0},{"not_picked":["Fire Breathing","Shrug It Off+1","Iron Wave"],"picked":"SKIP","floor":25.0},{"not_picked":["Bloodletting+1","Reaper","Burning Pact"],"picked":"SKIP","floor":27.0},{"not_picked":["Warcry","Rupture","Shrug It Off"],"picked":"SKIP","floor":29.0},{"not_picked":["Clash","Iron Wave+1","True Grit+1"],"picked":"SKIP","floor":30.0},{"not_picked":["Juggernaut","Reaper"],"picked":"Feed","floor":33.0},{"not_picked":["Clash+1","Combust","Rupture+1"],"picked":"SKIP","floor":35.0},{"not_picked":["Anger","Hemokinesis+1","Warcry"],"picked":"SKIP","floor":38.0},{"not_picked":["Dark Embrace","True Grit+1","Havoc"],"picked":"SKIP","floor":41.0},{"not_picked":["Cleave","Fiend Fire","Flex+1"],"picked":"SKIP","floor":42.0},{"not_picked":["Sever Soul","Havoc","Headbutt"],"picked":"SKIP","floor":44.0},{"not_picked":["Body Slam+1","Searing Blow","Entrench"],"picked":"SKIP","floor":47.0},{"not_picked":["Perfected Strike+1","Sentinel"],"picked":"Dropkick","floor":48}],"player_experience":224355,"relics_obtained":[{"floor":7.0,"key":"Bird Faced Urn"},{"floor":9.0,"key":"Gambling Chip"},{"floor":43.0,"key":"Magic Flower"},{"floor":47.0,"key":"Kunai"}],"event_choices":[{"damage_healed":0.0,"max_hp_gain":0.0,"max_hp_loss":0.0,"gold_gain":0.0,"event_name":"betterThird:BetterSerpent","player_choice":"Ignored","floor":3.0,"gold_loss":0.0,"damage_taken":121.0},{"damage_healed":0.0,"max_hp_gain":0.0,"max_hp_loss":0.0,"gold_gain":0.0,"event_name":"Lab","player_choice":"Got Potions","floor":5.0,"gold_loss":0.0,"damage_taken":0.0},{"damage_healed":0.0,"max_hp_gain":0.0,"max_hp_loss":0.0,"gold_gain":0.0,"event_name":"WeMeetAgain","player_choice":"Gave Potion","floor":22.0,"gold_loss":0.0,"damage_taken":0.0,"relics_obtained":["Lizard Tail"]},{"cards_removed":["Defend_R"],"damage_healed":0.0,"max_hp_gain":0.0,"max_hp_loss":0.0,"gold_gain":0.0,"event_name":"betterNote:BetterNote","player_choice":"Give","floor":23.0,"gold_loss":0.0,"damage_taken":0.0,"cards_obtained":["Defend_R"]},{"cards_removed":["Defend_R"],"damage_healed":0.0,"max_hp_gain":0.0,"max_hp_loss":0.0,"gold_gain":0.0,"event_name":"Designer","player_choice":"Upgrade and Remove","floor":36.0,"gold_loss":90.0,"damage_taken":0.0,"cards_upgraded":["Feed"]},{"cards_removed":["Finesse"],"damage_healed":0.0,"max_hp_gain":0.0,"max_hp_loss":0.0,"gold_gain":0.0,"event_name":"Falling","player_choice":"Removed Skill","floor":39.0,"gold_loss":0.0,"damage_taken":0.0},{"damage_healed":0.0,"max_hp_gain":0.0,"max_hp_loss":0.0,"gold_gain":0.0,"event_name":"Mysterious Sphere","player_choice":"Ignored","floor":45.0,"gold_loss":0.0,"damage_taken":0.0},{"cards_removed":["Parasite"],"damage_healed":0.0,"max_hp_gain":0.0,"max_hp_loss":0.0,"gold_gain":0.0,"event_name":"Bonfire Elementals","player_choice":"Offered Curse","floor":46.0,"gold_loss":0.0,"damage_taken":0.0,"relics_obtained":["Spirit Poop"]}],"is_beta":false,"boss_relics":[{"not_picked":["Busted Crown","Hololive_TopUpMoneyS"],"picked":"Black Blood"},{"not_picked":["Black Star","Snecko Eye"],"picked":"Runic Dome"}],"items_purged_floors":[0,0,0,19],"is_endless":false,"potions_floor_spawned":[1,4,7,12,14,18,21,24,33,38,41,47],"killed_by":"Time Eater","ascension_level":0}}