{"host":"49c2zf0lajbcs427","time":1608957434,"event":{"mods":["AchievementEnabler","BaseMod","Colored Map","Colored Powertips","Highlight Path","Key Reminder","Minty Spire (QoL Compilation)","Relic Stats","StSLib"],"gold_per_floor":[111,111,111,125,142,142,176,186,210,210,11,11,22,54,54,154,154,169,169,169,169,198,198,233,243,243,278,278,278,288,308,308,406,406,423,86,103,451,72,72,72,104,104,104,120,130,130,159,159,159,159,159,1,27,27],"floor_reached":56,"playtime":3183,"items_purged":["Perfected Strike"],"score":1424,"play_id":"9296f834-7663-4e4a-9a05-80d8fd4e8855","local_time":"20201226173714","is_ascension_mode":true,"campfire_choices":[{"data":"Bash","floor":6,"key":"SMITH"},{"floor":10,"key":"REST"},{"data":"Feed","floor":12,"key":"SMITH"},{"data":"Fiend Fire","floor":15,"key":"SMITH"},{"data":"Immolate","floor":23,"key":"SMITH"},{"data":"Flame Barrier","floor":28,"key":"SMITH"},{"data":"Heavy Blade","floor":32,"key":"SMITH"},{"data":"Demon Form","floor":40,"key":"SMITH"},{"data":"Demon Form","floor":44,"key":"SMITH"},{"data":"Pummel","floor":47,"key":"SMITH"},{"floor":49,"key":"RECALL"},{"data":"Rupture","floor":52,"key":"SMITH"}],"circlet_count":0,"master_deck":["Bash+1","Clothesline","Shrug It Off","Headbutt","Fiend Fire+1","Iron Wave","Feed+1","Flame Barrier+1","Immolate+1","Heavy Blade+1","Burning Pact+1","Heavy Blade","Rampage","Brutality","Bloodletting","Rupture+1","Twin Strike","Pummel","Demon Form+1","Pummel","Offering","Demon Form+1","Pummel+1","Hemokinesis","Offering","Clothesline+1","Armaments+1","Limit Break","Brutality+1"],"relics":["Runic Cube","Red Skull","Bronze Scales","Anchor","Snecko Eye","Akabeko","MutagenicStrength","Red Mask","Centennial Puzzle","InkBottle","Omamori","Pandora\u0027s Box","DollysMirror","Potion Belt","Old Coin","Orrery","FossilizedHelix","Frozen Egg 2","Blood Vial"],"acts_visited":["Exordium","TheCity","TheBeyond","TheEnding"],"potions_floor_usage":[13,14,16,33,33,39,55,55,55,55],"damage_taken":[{"damage":0,"enemies":"Small Slimes","floor":1,"turns":3},{"damage":2,"enemies":"Cultist","floor":4,"turns":4},{"damage":1,"enemies":"Jaw Worm","floor":5,"turns":5},{"damage":57,"enemies":"Lagavulin","floor":7,"turns":10},{"damage":7,"enemies":"Exordium Wildlife","floor":8,"turns":3},{"damage":3,"enemies":"Blue Slaver","floor":13,"turns":4},{"damage":6,"enemies":"Gremlin Nob","floor":14,"turns":4},{"damage":17,"enemies":"Hexaghost","floor":16,"turns":9},{"damage":2,"enemies":"Shell Parasite","floor":18,"turns":3},{"damage":0,"enemies":"Masked Bandits","floor":22,"turns":2},{"damage":8,"enemies":"Slavers","floor":24,"turns":4},{"damage":0,"enemies":"Chosen","floor":25,"turns":4},{"damage":0,"enemies":"Book of Stabbing","floor":27,"turns":4},{"damage":0,"enemies":"Snake Plant","floor":30,"turns":2},{"damage":0,"enemies":"Cultist and Chosen","floor":31,"turns":2},{"damage":38,"enemies":"Champ","floor":33,"turns":7},{"damage":6,"enemies":"3 Darklings","floor":35,"turns":4},{"damage":0,"enemies":"3 Shapes","floor":37,"turns":1},{"damage":2,"enemies":"2 Orb Walkers","floor":38,"turns":2},{"damage":14,"enemies":"Giant Head","floor":42,"turns":5},{"damage":23,"enemies":"Spire Growth","floor":45,"turns":3},{"damage":8,"enemies":"3 Darklings","floor":46,"turns":4},{"damage":24,"enemies":"Reptomancer","floor":48,"turns":5},{"damage":16,"enemies":"Time Eater","floor":50,"turns":3},{"damage":24,"enemies":"Shield and Spear","floor":54,"turns":4},{"damage":104,"enemies":"The Heart","floor":55,"turns":6}],"seed_played":"334454674560968069","potions_obtained":[{"floor":5,"key":"GamblersBrew"},{"floor":8,"key":"BlessingOfTheForge"},{"floor":13,"key":"Fruit Juice"},{"floor":16,"key":"FairyPotion"},{"floor":22,"key":"AttackPotion"},{"floor":24,"key":"LiquidMemories"},{"floor":33,"key":"Block Potion"},{"floor":37,"key":"SkillPotion"},{"floor":45,"key":"SkillPotion"}],"is_trial":false,"path_per_floor":["M","?","$","M","M","R","E","M","T","R","$","R","M","E","R","B",null,"M","?","?","?","?","R","E","M","T","E","R","?","M","M","R","B",null,"M","$","M","?","$","R","?","E","T","R","M","M","R","E","R","B",null,"R","$","E","B",null],"character_chosen":"IRONCLAD","items_purchased":["Feed","Strength Potion","DollysMirror","Pummel","Potion Belt","Orrery","Fruit Juice","Strength Potion","Limit Break"],"campfire_rested":1,"item_purchase_floors":[11,11,36,36,36,39,39,39,53],"current_hp_per_floor":[80,80,80,78,77,77,20,13,13,37,37,37,43,41,41,28,97,99,99,99,79,83,83,75,79,79,83,83,83,83,87,87,49,122,120,120,124,126,131,131,131,121,121,121,98,94,94,74,74,58,151,151,151,127,29],"gold":27,"neow_bonus":"BOSS_RELIC","is_daily":false,"chose_seed":false,"campfire_upgraded":10,"win_rate":0.0,"timestamp":1608957434,"path_taken":["M","?","?","M","M","R","E","M","T","R","$","R","?","E","R","BOSS","M","?","?","?","?","R","E","?","T","E","R","?","?","M","R","BOSS","M","$","M","?","$","R","?","E","T","R","?","M","R","E","R","BOSS","R","$","E","BOSS"],"items_purchased_type":["Card","Potion","Relic","Card","Relic","Relic","Potion","Potion","Card"],"build_version":"2020-12-22","purchased_purges":1,"victory":true,"max_hp_per_floor":[80,80,80,80,80,80,80,80,80,80,80,80,89,93,93,97,97,101,101,101,106,110,110,110,114,114,118,118,118,118,122,122,122,122,126,126,130,134,139,139,139,143,143,143,143,147,147,151,151,151,151,151,151,151,155],"relic_stats":{"Blood Vial":2,"Centennial Puzzle":[30],"counters":[26,107],"Bronze Scales":[246],"Snecko Eye":[148,166,127,149],"Pandora\u0027s Box":["Bloodletting","Rupture","Twin Strike","Pummel","Perfected Strike","Demon Form","Pummel","Offering"],"obtain_stats":[{"Potion Belt":36,"Omamori":27,"Frozen Egg 2":48,"Burning Blood":0,"Akabeko":19,"Old Coin":38,"keyreminder:keyreminder":7,"Blood Vial":54,"Anchor":14,"Centennial Puzzle":24,"DollysMirror":36,"Bronze Scales":9,"MutagenicStrength":20,"Snecko Eye":17,"Orrery":39,"Pandora\u0027s Box":34,"Red Mask":22,"Red Skull":7,"InkBottle":26,"FossilizedHelix":42,"Runic Cube":0},{"Potion Belt":17,"Omamori":13,"Frozen Egg 2":23,"Burning Blood":0,"Akabeko":9,"Old Coin":19,"keyreminder:keyreminder":4,"Blood Vial":25,"Anchor":7,"Centennial Puzzle":11,"DollysMirror":17,"Bronze Scales":5,"MutagenicStrength":9,"Snecko Eye":8,"Orrery":19,"Pandora\u0027s Box":16,"Red Mask":10,"Red Skull":4,"InkBottle":12,"FossilizedHelix":20,"Runic Cube":0},{"Potion Belt":74,"Omamori":59,"Frozen Egg 2":94,"Burning Blood":0,"Akabeko":45,"Old Coin":77,"keyreminder:keyreminder":22,"Blood Vial":101,"Anchor":33,"Centennial Puzzle":51,"DollysMirror":74,"Bronze Scales":25,"MutagenicStrength":45,"Snecko Eye":42,"Orrery":77,"Pandora\u0027s Box":70,"Red Mask":47,"Red Skull":22,"InkBottle":55,"FossilizedHelix":82,"Runic Cube":0}],"InkBottle":[14],"Runic Cube":[76]},"card_choices":[{"not_picked":["Flex","Havoc"],"picked":"Clothesline","floor":1},{"not_picked":["Reckless Charge","Sword Boomerang"],"picked":"Shrug It Off","floor":4},{"not_picked":["Flex","Shrug It Off"],"picked":"Headbutt","floor":5},{"not_picked":["Feel No Pain","Clash"],"picked":"Fiend Fire","floor":7},{"not_picked":["Anger","Ghostly Armor"],"picked":"Iron Wave","floor":8},{"not_picked":["Thunderclap","Flex","True Grit"],"picked":"SKIP","floor":13},{"not_picked":["Shrug It Off","Thunderclap"],"picked":"Flame Barrier","floor":14},{"not_picked":["Demon Form","Fiend Fire"],"picked":"Immolate","floor":16},{"not_picked":["Anger","Wild Strike"],"picked":"Heavy Blade","floor":18},{"not_picked":["Feel No Pain","Clothesline+1"],"picked":"Burning Pact+1","floor":24},{"not_picked":["Clothesline","Feel No Pain"],"picked":"Heavy Blade","floor":25},{"not_picked":["Feel No Pain","Havoc","Thunderclap"],"picked":"SKIP","floor":27},{"not_picked":["Bloodletting","Pommel Strike","Armaments"],"picked":"SKIP","floor":30},{"not_picked":["Iron Wave+1","Heavy Blade","Burning Pact"],"picked":"SKIP","floor":31},{"not_picked":["Barricade","Impervious"],"picked":"Brutality","floor":33},{"not_picked":["Havoc+1","Clash+1","Warcry"],"picked":"SKIP","floor":35},{"not_picked":["Perfected Strike+1","Clash","Anger+1"],"picked":"SKIP","floor":37},{"not_picked":["True Grit","Infernal Blade"],"picked":"Hemokinesis","floor":39},{"not_picked":["True Grit","Exhume"],"picked":"Offering","floor":39},{"not_picked":["Headbutt+1","Cleave"],"picked":"Clothesline+1","floor":42},{"not_picked":["Uppercut","Sword Boomerang","Spot Weakness+1"],"picked":"SKIP","floor":45},{"not_picked":["Thunderclap","Flex+1"],"picked":"Armaments+1","floor":46},{"not_picked":["Pommel Strike+1","Anger+1","Cleave+1"],"picked":"SKIP","floor":48},{"not_picked":["Havoc+1","Warcry"],"picked":"Brutality+1","floor":54}],"player_experience":2162763,"relics_obtained":[{"floor":7,"key":"Red Skull"},{"floor":9,"key":"Bronze Scales"},{"floor":14,"key":"Anchor"},{"floor":22,"key":"Red Mask"},{"floor":24,"key":"Centennial Puzzle"},{"floor":26,"key":"InkBottle"},{"floor":27,"key":"Omamori"},{"floor":38,"key":"Old Coin"},{"floor":42,"key":"FossilizedHelix"},{"floor":48,"key":"Frozen Egg 2"},{"floor":54,"key":"Blood Vial"}],"event_choices":[{"damage_healed":0,"gold_gain":0,"player_choice":"Ignored","damage_taken":0,"max_hp_gain":0,"max_hp_loss":0,"event_name":"WeMeetAgain","floor":2,"gold_loss":0},{"damage_healed":0,"gold_gain":0,"player_choice":"Opened","damage_taken":0,"relics_obtained":["Akabeko"],"max_hp_gain":0,"max_hp_loss":0,"event_name":"The Mausoleum","floor":19,"gold_loss":0},{"damage_healed":0,"gold_gain":0,"player_choice":"Inject Mutagens","damage_taken":0,"relics_obtained":["MutagenicStrength"],"max_hp_gain":0,"max_hp_loss":0,"event_name":"Drug Dealer","floor":20,"gold_loss":0},{"damage_healed":0,"gold_gain":0,"player_choice":"Shed Blood","damage_taken":25,"max_hp_gain":5,"max_hp_loss":0,"event_name":"Forgotten Altar","floor":21,"gold_loss":0},{"damage_healed":0,"gold_gain":0,"player_choice":"Fought Bandits","damage_taken":0,"max_hp_gain":0,"max_hp_loss":0,"event_name":"Masked Bandits","floor":22,"gold_loss":0},{"damage_healed":0,"gold_gain":0,"cards_transformed":["Strike_R"],"player_choice":"Transformed","damage_taken":0,"max_hp_gain":0,"max_hp_loss":0,"event_name":"Transmorgrifier","floor":29,"gold_loss":0,"cards_obtained":["Rampage"]},{"damage_healed":0,"gold_gain":0,"player_choice":"Fight","damage_taken":0,"max_hp_gain":0,"max_hp_loss":0,"event_name":"Mysterious Sphere","floor":38,"gold_loss":0},{"damage_healed":0,"gold_gain":0,"player_choice":"Ignored","damage_taken":0,"max_hp_gain":0,"max_hp_loss":0,"event_name":"NoteForYourself","floor":41,"gold_loss":0}],"is_beta":false,"boss_relics":[{"not_picked":["Runic Dome","Astrolabe"],"picked":"Snecko Eye"},{"not_picked":["Busted Crown","Coffee Dripper"],"picked":"Pandora\u0027s Box"}],"items_purged_floors":[39],"is_endless":false,"potions_floor_spawned":[5,8,13,16,22,24,31,33,37,45,48],"ascension_level":2}}