{"host":"0i8dz4ityulxi1rd","time":1608980410,"event":{"mods":["BaseMod","Colored Map","Colored Powertips","Custom Start","Highlight Path","Hubris","Infinite Spire","Keyboard Shortcuts","Minty Spire (QoL Compilation)","StSLib","SuperFastMode"],"gold_per_floor":[114,114,128,50,63,63,93,112,112,131,131,151,184,154,154,232,232,251,176,196,216,226,255,267,292,341,341,341,75,86,119,119,198,198,214,214,227,227,238,266,45,62,62,62,62,87,87,6,6,6,6,6,6,6,38,38,38],"floor_reached":56,"playtime":3214,"items_purged":["Strike_B","Strike_B+1","Strike_B+1"],"score":2254,"play_id":"9704489c-49bb-40e9-b491-72142bcfce5d","local_time":"20201226200010","is_ascension_mode":true,"campfire_choices":[{"data":"Defragment","floor":6.0,"key":"SMITH"},{"data":"Darkness","floor":11.0,"key":"SMITH"},{"data":"Zap","floor":15.0,"key":"SMITH"},{"floor":27.0,"key":"REST"},{"floor":32.0,"key":"REST"},{"data":"Panacea","floor":45.0,"key":"SMITH"},{"floor":47.0,"key":"RECALL"},{"data":"hubris:PowerSurge","floor":49.0,"key":"SMITH"},{"data":"Biased Cognition","floor":53.0,"key":"SMITH"}],"circlet_count":0,"master_deck":["AscendersBane","Defend_B","Defend_B","Zap+1","Dualcast","Defragment+1","Glacier","Self Repair","Turbo+1","Darkness+1","Biased Cognition+1","hubris:PowerSurge+1","hubris:PowerSurge+1","Panacea+1","Sunder+1","Meteor Strike+1"],"relics":["hubris:GrandSneckoEye","Sundial","Bag of Preparation","Bag of Marbles","Snecko Eye","Whetstone","hubris:RGBLights","Medical Kit","Molten Egg 2","Empty Cage","Omamori","Bottled Tornado","Eternal Feather","hubris:PeanutButter"],"acts_visited":["Exordium","TheCity","TheBeyond","TheEnding"],"potions_floor_usage":[],"damage_taken":[{"damage":1.0,"enemies":"Cultist","floor":1.0,"turns":3.0},{"damage":3.0,"enemies":"Jaw Worm","floor":3.0,"turns":5.0},{"damage":5.0,"enemies":"Small Slimes","floor":5.0,"turns":4.0},{"damage":12.0,"enemies":"Lagavulin","floor":7.0,"turns":6.0},{"damage":6.0,"enemies":"Exordium Thugs","floor":8.0,"turns":5.0},{"damage":0.0,"enemies":"Blue Slaver","floor":10.0,"turns":3.0},{"damage":0.0,"enemies":"Exordium Wildlife","floor":12.0,"turns":5.0},{"damage":0.0,"enemies":"3 Sentries","floor":13.0,"turns":5.0},{"damage":1.0,"enemies":"Slime Boss","floor":16.0,"turns":9.0},{"damage":3.0,"enemies":"Shell Parasite","floor":18.0,"turns":5.0},{"damage":5.0,"enemies":"Chosen","floor":20.0,"turns":4.0},{"damage":9.0,"enemies":"3 Cultists","floor":21.0,"turns":4.0},{"damage":15.0,"enemies":"Chosen and Byrds","floor":22.0,"turns":4.0},{"damage":0.0,"enemies":"Slavers","floor":23.0,"turns":6.0},{"damage":31.0,"enemies":"Shelled Parasite and Fungi","floor":24.0,"turns":4.0},{"damage":43.0,"enemies":"Book of Stabbing","floor":25.0,"turns":5.0},{"damage":0.0,"enemies":"Centurion and Healer","floor":30.0,"turns":5.0},{"damage":9.0,"enemies":"Slavers","floor":31.0,"turns":4.0},{"damage":0.0,"enemies":"Automaton","floor":33.0,"turns":10.0},{"damage":0.0,"enemies":"Orb Walker","floor":35.0,"turns":3.0},{"damage":9.0,"enemies":"3 Darklings","floor":37.0,"turns":9.0},{"damage":5.0,"enemies":"Spire Growth","floor":39.0,"turns":4.0},{"damage":18.0,"enemies":"Giant Head","floor":40.0,"turns":9.0},{"damage":0.0,"enemies":"Maw","floor":42.0,"turns":4.0},{"damage":4.0,"enemies":"Nemesis","floor":46.0,"turns":7.0},{"damage":52.0,"enemies":"Donu and Deca","floor":50.0,"turns":10.0},{"damage":0.0,"enemies":"hubris:GrandSnecko","floor":51.0,"turns":10.0},{"damage":33.0,"enemies":"Shield and Spear","floor":55.0,"turns":6.0},{"damage":42,"enemies":"The Heart","floor":56,"turns":3}],"seed_played":"-3327408141806715039","potions_obtained":[{"floor":1.0,"key":"GamblersBrew"},{"floor":7.0,"key":"Explosive Potion"},{"floor":14.0,"key":"FocusPotion"},{"floor":14.0,"key":"BlessingOfTheForge"},{"floor":21.0,"key":"PowerPotion"},{"floor":24.0,"key":"Weak Potion"},{"floor":25.0,"key":"Explosive Potion"},{"floor":37.0,"key":"ColorlessPotion"},{"floor":40.0,"key":"Weak Potion"},{"floor":55.0,"key":"BlessingOfTheForge"}],"is_trial":false,"path_per_floor":["M","?","M","$","M","R","E","M","T","M","R","M","E","?","R","B",null,"M","$","M","M","M","E","M","E","T","R","?","$","M","E","R","B",null,"M","?","M","?","M","E","$","M","T","?","R","E","R","$","R","B","B",null,"R","$","E","B"],"character_chosen":"DEFECT","items_purchased":["Self Repair","Medical Kit","Panacea","Sunder+1"],"campfire_rested":2,"item_purchase_floors":[4,29,41,48],"current_hp_per_floor":[63,56,53,53,55,55,50,51,51,58,58,65,71,71,71,71,71,68,68,70,68,60,67,50,14,14,35,35,35,42,33,54,61,69,71,71,69,69,64,53,53,60,60,60,60,63,69,69,71,26,26,60,69,69,43,1,1],"gold":38,"neow_bonus":"BOSS_RELIC","is_daily":false,"chose_seed":false,"campfire_upgraded":6,"win_rate":0.0,"timestamp":1608980410,"path_taken":["M","?","M","$","M","R","E","M","T","M","R","M","E","?","R","BOSS","M","$","M","?","M","E","M","E","T","R","?","$","M","E","R","BOSS","M","?","M","?","?","E","$","M","T","?","R","E","R","$","R","BOSS","BOSS","R","$","E","BOSS"],"items_purchased_type":["Card","Relic","Card","Card"],"build_version":"2020-12-22","purchased_purges":3,"victory":false,"max_hp_per_floor":[71,71,71,71,71,71,71,71,71,71,71,71,71,71,71,71,71,71,71,71,71,71,71,71,71,71,71,71,71,71,71,71,71,71,71,71,71,71,71,71,71,71,71,71,71,71,71,71,71,71,71,71,71,71,71,71,71],"card_choices":[{"not_picked":["Consume","Coolheaded"],"picked":"Defragment","floor":1.0},{"not_picked":["Go for the Eyes","Turbo"],"picked":"Glacier","floor":3.0},{"not_picked":["Doom and Gloom","Lockon"],"picked":"Turbo","floor":5.0},{"not_picked":["Leap","Melter","Stack"],"picked":"SKIP","floor":7.0},{"not_picked":["Reprogram","hubris:Ukulele"],"picked":"Ball Lightning","floor":8.0},{"not_picked":["Conserve Battery","FTL"],"picked":"Darkness","floor":10.0},{"not_picked":["Go for the Eyes","Hologram","Steam"],"picked":"SKIP","floor":12.0},{"not_picked":["Leap","Cold Snap","Hyperbeam"],"picked":"SKIP","floor":13.0},{"not_picked":["Buffer","hubris:DoWhile"],"picked":"Biased Cognition","floor":16.0},{"not_picked":["Steam","Coolheaded","Stack"],"picked":"SKIP","floor":18.0},{"not_picked":["Reinforced Body","Redo","FTL"],"picked":"SKIP","floor":20.0},{"not_picked":["Static Discharge","Loop"],"picked":"hubris:PowerSurge+1","floor":21.0},{"not_picked":["Chill","Steam Power","Sweeping Beam"],"picked":"SKIP","floor":22.0},{"not_picked":["Multi-Cast","FTL","Blizzard"],"picked":"SKIP","floor":23.0},{"not_picked":["Gash","Steam Power","Streamline"],"picked":"SKIP","floor":24.0},{"not_picked":["Hologram","Beam Cell","Cold Snap"],"picked":"SKIP","floor":25.0},{"not_picked":["Storm+1","Fusion"],"picked":"hubris:PowerSurge","floor":30.0},{"not_picked":["Beam Cell+1","Darkness","Glacier"],"picked":"SKIP","floor":31.0},{"not_picked":["Steam","Beam Cell+1","Glacier"],"picked":"SKIP","floor":35.0},{"not_picked":["FTL+1","Coolheaded","Aggregate"],"picked":"SKIP","floor":37.0},{"not_picked":["Beam Cell+1","Stack","Leap"],"picked":"SKIP","floor":39.0},{"not_picked":["Coolheaded","hubris:SpecializedCircuitry","FTL+1"],"picked":"SKIP","floor":40.0},{"not_picked":["Ball Lightning+1","Hologram","Chaos+1"],"picked":"SKIP","floor":42.0},{"not_picked":["Ball Lightning+1","Hologram","Chaos+1"],"picked":"SKIP","floor":42.0},{"not_picked":["Gash+1","Ball Lightning+1","Go for the Eyes+1"],"picked":"SKIP","floor":46.0},{"not_picked":["Recycle","Loop"],"picked":"Meteor Strike+1","floor":55.0}],"player_experience":1260235,"relics_obtained":[{"floor":7.0,"key":"Sundial"},{"floor":9.0,"key":"Bag of Preparation"},{"floor":13.0,"key":"Bag of Marbles"},{"floor":23.0,"key":"Whetstone"},{"floor":25.0,"key":"hubris:RGBLights"},{"floor":31.0,"key":"Molten Egg 2"},{"floor":40.0,"key":"Omamori"},{"floor":43.0,"key":"Bottled Tornado"},{"floor":46.0,"key":"Eternal Feather"},{"floor":55.0,"key":"hubris:PeanutButter"}],"event_choices":[{"cards_removed":["Strike_B"],"damage_healed":0.0,"max_hp_gain":0.0,"max_hp_loss":0.0,"gold_gain":0.0,"event_name":"Golden Wing","player_choice":"Card Removal","floor":2.0,"gold_loss":0.0,"damage_taken":7.0},{"damage_healed":0.0,"max_hp_gain":0.0,"max_hp_loss":0.0,"gold_gain":0.0,"event_name":"The Woman in Blue","player_choice":"Bought 2 Potions","floor":14.0,"gold_loss":0.0,"damage_taken":0.0},{"cards_removed":["Defend_B"],"damage_healed":0.0,"max_hp_gain":0.0,"max_hp_loss":0.0,"gold_gain":0.0,"event_name":"Wheel of Change","player_choice":"Card Removal","floor":28.0,"gold_loss":0.0,"damage_taken":0.0},{"damage_healed":0.0,"max_hp_gain":0.0,"max_hp_loss":0.0,"gold_gain":0.0,"event_name":"Tomb of Lord Red Mask","player_choice":"Ignored","floor":36.0,"gold_loss":0.0,"damage_taken":0.0}],"is_beta":false,"boss_relics":[{"not_picked":["hubris:CrackedHourglass","Busted Crown"],"picked":"Snecko Eye"},{"not_picked":["Cursed Key","hubris:ScarierMask"],"picked":"Empty Cage"}],"items_purged_floors":[19,29,41],"is_endless":false,"potions_floor_spawned":[1,7,10,16,21,24,25,30,37,40,42,55],"killed_by":"The Heart","ascension_level":20}}