{"host":"lpze9ywvzk5bsxql","time":1608981807,"event":{"mods":["2.2 Compatiblity","BaseMod","Bestiary","Better Third Choice","Colored Map","Downfall","Hermit","Ironclad Rager","Minty Spire (QoL Compilation)","Replay The Spire","StSLib","The Hierophant"],"gold_per_floor":[115,122,141,155,168,182,162,162,186,261,261,436,438,410,410,487,487,468,483,490,94,94,125,125,154,230,230,209,213,213,160,160,208,208,228,228,238,288,288,288],"floor_reached":39,"playtime":5054,"items_purged":["Doubt","Spreading Infection"],"score":483,"play_id":"8dc90c2a-3fe9-483c-bc15-205d9ea132a5","local_time":"20201226122327","is_ascension_mode":false,"campfire_choices":[{"floor":8,"key":"REST"},{"data":"hierophant:Exaltation","floor":11,"key":"SMITH"},{"floor":15,"key":"REST"},{"data":"hierophant:Kindle","floor":24,"key":"SMITH"},{"data":"hierophant:ArchangelShield","floor":27,"key":"SMITH"},{"floor":32,"key":"RECALL"}],"circlet_count":0,"master_deck":["hierophant:Punish","hierophant:ChurchCoffers","hierophant:Endure","hierophant:Sermon","hierophant:FlamingChariot","hierophant:Sermon","hierophant:Smite","hierophant:Exaltation+1","hierophant:ThreeLashes","hierophant:DivineIntervention","hierophant:Invocation","hierophant:MorningPrayer","hierophant:Kindle+1","hierophant:Repentance","hierophant:Endure","hierophant:ConvertCurrency","hierophant:Determination","hierophant:SealAway","hierophant:Doubloon","hierophant:HammerAndAnvil","hierophant:Encroach","hierophant:MirrorShield","hierophant:CursedGold","hierophant:Doubloon","hierophant:Chorus","hierophant:ArchangelShield+1","hierophant:Doubloon","hierophant:Refuge","hierophant:Patience+1","hierophant:OrnateBuckler","hierophant:AuricForm","hierophant:ArchangelShield","hierophant:Martyrdom"],"relics":["hierophant:PropheticMaskRelic","ReplayTheSpireMod:TigerMarble","Mummified Hand","hierophant:DonationBoxRelic","Nloth\u0027s Gift","Centennial Puzzle","Regal Pillow","Divine Protection","SlaversCollar","ReplayTheSpireMod:CursedCoin"],"acts_visited":["Exordium","TheCity","TheBeyond"],"potions_floor_usage":[4,6,13,16,33,33,39],"damage_taken":[{"damage":0,"enemies":"Small Slimes","floor":1,"turns":3},{"damage":2,"enemies":"Jaw Worm","floor":2,"turns":5},{"damage":0,"enemies":"2 Louse","floor":3,"turns":2},{"damage":0,"enemies":"Gremlin Gang","floor":4,"turns":3},{"damage":0,"enemies":"2 Fungi Beasts","floor":5,"turns":3},{"damage":5,"enemies":"Lagavulin","floor":6,"turns":5},{"damage":7,"enemies":"Exordium Thugs","floor":7,"turns":3},{"damage":9,"enemies":"3 Sentries","floor":13,"turns":5},{"damage":2,"enemies":"Looter","floor":14,"turns":3},{"damage":26,"enemies":"Fading Forest","floor":16,"turns":11},{"damage":10,"enemies":"2 Thieves","floor":18,"turns":3},{"damage":0,"enemies":"3 Byrds","floor":19,"turns":3},{"damage":5,"enemies":"3 Cultists","floor":20,"turns":4},{"damage":13,"enemies":"Gremlin Leader","floor":23,"turns":7},{"damage":3,"enemies":"Replay:Snechameleon","floor":25,"turns":2},{"damage":3,"enemies":"Snecko","floor":28,"turns":5},{"damage":13,"enemies":"Centurion and Healer","floor":29,"turns":5},{"damage":5,"enemies":"Champ","floor":33,"turns":9},{"damage":10,"enemies":"Orb Walker","floor":35,"turns":3},{"damage":33,"enemies":"3 Darklings","floor":37,"turns":5},{"damage":0,"enemies":"4 Shapes","floor":39,"turns":1}],"seed_played":"-8605262655722596966","potions_obtained":[{"floor":1,"key":"BlessingOfTheForge"},{"floor":2,"key":"Weak Potion"},{"floor":3,"key":"Energy Potion"},{"floor":7,"key":"LiquidBronze"},{"floor":14,"key":"Explosive Potion"},{"floor":20,"key":"DuplicationPotion"},{"floor":29,"key":"AttackPotion"},{"floor":33,"key":"PowerPotion"},{"floor":35,"key":"Strength Potion"}],"is_trial":false,"path_per_floor":["M","M","M","M","M","E","M","R","T","?","R","?","E","M","R","B",null,"M","M","M","$","?","E","R","E","T","R","M","M","?","$","R_BF","B",null,"M","?","M","$","M"],"character_chosen":"HIEROPHANT","items_purchased":["hierophant:CursedGold","hierophant:DonationBoxRelic","hierophant:OrnateBuckler","ReplayTheSpireMod:CursedCoin"],"campfire_rested":2,"item_purchase_floors":[21,21,31,38],"current_hp_per_floor":[82,80,80,80,80,75,68,82,82,71,71,71,62,67,82,66,82,80,82,82,82,82,82,82,82,82,82,79,74,74,74,74,69,82,72,72,82,82,82,82],"gold":288,"neow_bonus":"TEN_PERCENT_HP_BONUS","is_daily":false,"chose_seed":false,"campfire_upgraded":3,"win_rate":0.0,"timestamp":1608981807,"path_taken":["M","M","M","M","M","E","M","R","T","?","R","?","E","M","R","BOSS","M","M","M","$","?","E","R","E","T","R","M","?","?","?","R_BF","BOSS","M","?","M","?","?"],"items_purchased_type":["Card","Relic","Card","Relic"],"build_version":"2020-12-22","purchased_purges":2,"victory":false,"max_hp_per_floor":[82,82,82,82,82,82,82,82,82,82,82,82,82,82,82,82,82,82,82,82,82,82,82,82,82,82,82,82,82,82,82,82,82,82,82,82,82,82,82,82],"card_choices":[{"not_picked":["hierophant:DisplayOfPower","hierophant:Doomsaying"],"picked":"hierophant:Endure","floor":1},{"not_picked":["hierophant:PassingBell","hierophant:RepressedViolence"],"picked":"hierophant:Sermon","floor":2},{"not_picked":["hierophant:Encroach","hierophant:OrnateBuckler"],"picked":"hierophant:FlamingChariot","floor":3},{"not_picked":["hierophant:AuricBeam","hierophant:Remorse"],"picked":"hierophant:Sermon","floor":4},{"not_picked":["hierophant:SecretStash","hierophant:Shelter"],"picked":"hierophant:Smite","floor":5},{"not_picked":["hierophant:SealAway","hierophant:Rebuild"],"picked":"hierophant:Exaltation","floor":6},{"not_picked":["hierophant:Endure","hierophant:Sermon"],"picked":"hierophant:ThreeLashes","floor":7},{"not_picked":["hierophant:RustyCrate","hierophant:Shelter"],"picked":"hierophant:DivineIntervention","floor":13},{"not_picked":["hierophant:AuricBeam","hierophant:Purify","hierophant:Alms"],"picked":"SKIP","floor":14},{"not_picked":["hierophant:BulkyChest","hierophant:LocustPlague"],"picked":"hierophant:Invocation","floor":16},{"not_picked":["hierophant:FlamingChariot","hierophant:Encroach"],"picked":"hierophant:HammerAndAnvil","floor":18},{"not_picked":["hierophant:Doubloon","hierophant:Levitation"],"picked":"hierophant:Encroach","floor":19},{"not_picked":["hierophant:Doomsaying","hierophant:ThreeLashes"],"picked":"hierophant:MirrorShield","floor":20},{"not_picked":["hierophant:Encroach+1","hierophant:Generosity"],"picked":"hierophant:Chorus","floor":23},{"not_picked":["hierophant:Rebuild","hierophant:PassingBell+1"],"picked":"hierophant:ArchangelShield","floor":25},{"not_picked":["hierophant:SealAway","hierophant:Community"],"picked":"hierophant:Refuge","floor":28},{"not_picked":["hierophant:Encroach+1","hierophant:HolyVerse"],"picked":"hierophant:Patience+1","floor":29},{"not_picked":["hierophant:LocustPlague","hierophant:Invocation"],"picked":"hierophant:AuricForm","floor":33},{"not_picked":["hierophant:Sermon","hierophant:Purify","hierophant:Embezzle+1"],"picked":"SKIP","floor":35},{"not_picked":["hierophant:Mercenaries+1","hierophant:ConvertCurrency"],"picked":"hierophant:Martyrdom","floor":37}],"player_experience":297974,"relics_obtained":[{"floor":6,"key":"ReplayTheSpireMod:TigerMarble"},{"floor":13,"key":"Mummified Hand"},{"floor":23,"key":"Centennial Puzzle"},{"floor":25,"key":"Regal Pillow"},{"floor":26,"key":"Divine Protection"}],"event_choices":[{"damage_healed":0,"gold_gain":75,"player_choice":"Gold","damage_taken":11,"max_hp_gain":0,"max_hp_loss":0,"event_name":"betterThird:BetterGoop","floor":10,"gold_loss":0},{"damage_healed":0,"gold_gain":175,"player_choice":"AGREE","damage_taken":261,"max_hp_gain":0,"max_hp_loss":0,"event_name":"betterThird:BetterSerpent","floor":12,"gold_loss":0},{"damage_healed":0,"gold_gain":0,"player_choice":"Traded Relic","damage_taken":0,"relics_obtained":["Nloth\u0027s Gift"],"max_hp_gain":0,"max_hp_loss":0,"event_name":"N\u0027loth","floor":22,"relics_lost":["Pandora\u0027s Box"],"gold_loss":0},{"cards_removed":["hierophant:Doubloon"],"damage_healed":0,"gold_gain":0,"player_choice":"Purged","damage_taken":0,"max_hp_gain":0,"max_hp_loss":0,"event_name":"Purifier","floor":30,"gold_loss":0},{"damage_healed":0,"gold_gain":0,"player_choice":"1 cards matched","damage_taken":0,"max_hp_gain":0,"max_hp_loss":0,"event_name":"Match and Keep!","floor":36,"gold_loss":0,"cards_obtained":["hierophant:ArchangelShield"]}],"is_beta":false,"boss_relics":[{"not_picked":["Coffee Dripper","Honey Jar"],"picked":"Pandora\u0027s Box"},{"not_picked":["Runic Pyramid","Kintsugi"],"picked":"SlaversCollar"}],"items_purged_floors":[21,38],"is_endless":false,"potions_floor_spawned":[1,2,3,7,14,20,29,33,35,37],"killed_by":"4 Shapes","ascension_level":0}}