{"host":"6ko66ogg91i6g7xq","time":1608993611,"event":{"mods":["AchievementEnabler","Act Like it!","BaseMod","Colored Map","Colored Powertips","Downfall","Hermit","Minty Spire (QoL Compilation)","Quick Restart","Relic Stats","StSLib","The Jungle","everything is the same but u backflip on backflip"],"gold_per_floor":[115,43,43,43,60,60,91,110,187,219,235,235,235,270,270,373,373,384,309,319,319,12,12,42,42,65,65,97,21,36,36,36,141,141,159,182,58,78,78,78,78],"floor_reached":40,"playtime":1300,"items_purged":[],"score":488,"play_id":"38b46a50-bda2-49a5-8ff9-4a091359ca74","local_time":"20201226094011","is_ascension_mode":true,"campfire_choices":[{"floor":6,"key":"RECALL"},{"floor":13,"key":"REST"},{"data":"Accuracy","floor":15,"key":"SMITH"},{"data":"Noxious Fumes","floor":23,"key":"SMITH"},{"floor":25,"key":"REST"},{"data":"Caltrops","floor":32,"key":"SMITH"}],"circlet_count":0,"master_deck":["Strike_G","Strike_G","Strike_G","Strike_G","Strike_G","Defend_G","Defend_G","Defend_G","Defend_G","Defend_G","Survivor","Neutralize","Backstab","Blade Dance","Backstab","Infinite Blades","Accuracy+1","Corpse Explosion","Dagger Spray","Caltrops+1","Noxious Fumes+1","Dagger Spray","Accuracy+1","Die Die Die","Blade Dance","Madness","Madness"],"relics":["Ring of the Serpent","NeowsBlessing","Bronze Scales","White Beast Statue","Eternal Feather","Regal Pillow","WingedGreaves","Membership Card","Pantograph","Tingsha","Tiny Chest","MutagenicStrength","Art of War","HandDrill","SacredBark","Anchor","Paper Crane"],"acts_visited":["Exordium","TheCity","TheBeyond"],"potions_floor_usage":[10,14,18,18,20,21,21,21,28,28,30,33,33,38],"damage_taken":[{"damage":0,"enemies":"Jaw Worm","floor":1,"turns":1},{"damage":0,"enemies":"Small Slimes","floor":5,"turns":1},{"damage":0,"enemies":"Lagavulin","floor":7,"turns":1},{"damage":0,"enemies":"2 Louse","floor":8,"turns":2},{"damage":29,"enemies":"Gremlin Nob","floor":10,"turns":3},{"damage":0,"enemies":"Gremlin Gang","floor":11,"turns":4},{"damage":5,"enemies":"3 Sentries","floor":14,"turns":6},{"damage":46,"enemies":"The Guardian","floor":16,"turns":10},{"damage":0,"enemies":"Chosen","floor":18,"turns":3},{"damage":12,"enemies":"2 Thieves","floor":20,"turns":4},{"damage":0,"enemies":"Centurion and Healer","floor":21,"turns":1},{"damage":54,"enemies":"Book of Stabbing","floor":24,"turns":5},{"damage":13,"enemies":"Slavers","floor":28,"turns":2},{"damage":2,"enemies":"Cultist and Chosen","floor":30,"turns":3},{"damage":50,"enemies":"Automaton","floor":33,"turns":6},{"damage":18,"enemies":"3 Darklings","floor":35,"turns":3},{"damage":0,"enemies":"Orb Walker","floor":38,"turns":3},{"damage":0,"enemies":"Giant Head","floor":40,"turns":1}],"seed_played":"-2098402106216679500","potions_obtained":[{"floor":1,"key":"Slimebound:ThreeZeroPotion"},{"floor":10,"key":"LiquidBronze"},{"floor":11,"key":"Dexterity Potion"},{"floor":14,"key":"DuplicationPotion"},{"floor":16,"key":"EntropicBrew"},{"floor":18,"key":"champ:CounterPotion"},{"floor":20,"key":"PowerPotion"},{"floor":24,"key":"AttackPotion"},{"floor":28,"key":"Fire Potion"},{"floor":30,"key":"Poison Potion"},{"floor":33,"key":"ColorlessPotion"},{"floor":35,"key":"sneckomod:MuddlingPotion"},{"floor":38,"key":"LiquidMemories"}],"is_trial":false,"path_per_floor":["M","$","?","$","M","R","E","M","T","E","M","?","R","E","R","B",null,"M","?","M","M","$","R","E","R","T","?","E","$","M","?","R","B",null,"M","T","$","M","?","E"],"character_chosen":"THE_SILENT","items_purchased":["Catalyst","Membership Card","Pantograph","Noxious Fumes","HandDrill","Paper Crane"],"campfire_rested":2,"item_purchase_floors":[2,22,22,22,29,37],"current_hp_per_floor":[70,70,70,70,70,70,70,70,70,41,41,8,53,48,57,11,70,70,70,58,58,58,70,16,64,64,64,51,51,49,49,61,20,70,52,52,52,52,43,43,43],"gold":78,"neow_bonus":"THREE_ENEMY_KILL","is_daily":false,"chose_seed":false,"campfire_upgraded":3,"win_rate":0.0,"timestamp":1608993611,"path_taken":["M","$","?","?","M","R","E","M","T","E","M","?","R","E","R","BOSS","M","?","M","M","$","R","E","R","T","?","E","?","M","?","R","BOSS","M","?","$","?","?","E"],"items_purchased_type":["Card","Relic","Relic","Card","Relic","Relic"],"build_version":"2020-12-22","purchased_purges":0,"victory":false,"max_hp_per_floor":[70,70,70,70,70,70,70,70,70,70,70,70,70,70,70,70,70,70,70,70,70,70,70,70,70,70,70,70,70,70,70,70,70,70,70,70,70,70,70,70,70],"relic_stats":{"Regal Pillow":30,"counters":[18,59],"Bronze Scales":[162],"Pantograph":9,"Eternal Feather":54,"Tingsha":[21],"Tiny Chest":1,"Art of War":[0],"HandDrill":[8],"obtain_stats":[{"Regal Pillow":12,"NeowsBlessing":0,"SacredBark":34,"Eternal Feather":10,"Tingsha":24,"Paper Crane":37,"White Beast Statue":9,"Anchor":36,"Bronze Scales":7,"Pantograph":22,"MutagenicStrength":27,"Tiny Chest":26,"WingedGreaves":14,"Art of War":28,"HandDrill":29,"Membership Card":22,"Ring of the Serpent":17,"Ring of the Snake":0},{"Regal Pillow":6,"NeowsBlessing":0,"SacredBark":15,"Eternal Feather":5,"Tingsha":12,"Paper Crane":16,"White Beast Statue":4,"Anchor":16,"Bronze Scales":3,"Pantograph":11,"MutagenicStrength":12,"Tiny Chest":12,"WingedGreaves":7,"Art of War":13,"HandDrill":13,"Membership Card":11,"Ring of the Serpent":8,"Ring of the Snake":0},{"Regal Pillow":12,"NeowsBlessing":0,"SacredBark":52,"Eternal Feather":8,"Tingsha":41,"Paper Crane":55,"White Beast Statue":5,"Anchor":55,"Bronze Scales":3,"Pantograph":36,"MutagenicStrength":41,"Tiny Chest":41,"WingedGreaves":18,"Art of War":43,"HandDrill":43,"Membership Card":36,"Ring of the Serpent":28,"Ring of the Snake":0}]},"card_choices":[{"not_picked":["Dagger Spray","Poisoned Stab"],"picked":"Backstab","floor":1},{"not_picked":["Setup","Acrobatics","Tactician"],"picked":"SKIP","floor":5},{"not_picked":["Bane","A Thousand Cuts","Calculated Gamble"],"picked":"SKIP","floor":7},{"not_picked":["Caltrops","Acrobatics"],"picked":"Blade Dance","floor":8},{"not_picked":["Grand Finale","Masterful Stab"],"picked":"Backstab","floor":10},{"not_picked":["Quick Slash","Catalyst"],"picked":"Infinite Blades","floor":11},{"not_picked":["Quick Slash","Sucker Punch"],"picked":"Accuracy","floor":14},{"not_picked":["Phantasmal Killer","Die Die Die"],"picked":"Corpse Explosion","floor":16},{"not_picked":["Quick Slash","Deadly Poison"],"picked":"Dagger Spray","floor":18},{"not_picked":["Bane","Skewer"],"picked":"Caltrops","floor":20},{"not_picked":["Prepared","Underhanded Strike"],"picked":"Dagger Spray","floor":24},{"not_picked":["Bane+1","Slice+1","Quick Slash+1"],"picked":"SKIP","floor":28},{"not_picked":["Quick Slash+1","Acrobatics","Unload"],"picked":"SKIP","floor":30},{"not_picked":["Doppelganger","A Thousand Cuts"],"picked":"Die Die Die","floor":33},{"not_picked":["Masterful Stab+1","Backflip+1"],"picked":"Blade Dance","floor":35},{"not_picked":["Underhanded Strike","Calculated Gamble","Backflip"],"picked":"SKIP","floor":38}],"player_experience":258134,"relics_obtained":[{"floor":7,"key":"Bronze Scales"},{"floor":9,"key":"White Beast Statue"},{"floor":10,"key":"Eternal Feather"},{"floor":14,"key":"WingedGreaves"},{"floor":24,"key":"Tingsha"},{"floor":26,"key":"Tiny Chest"},{"floor":28,"key":"Art of War"},{"floor":36,"key":"Anchor"}],"event_choices":[{"damage_healed":0,"gold_gain":0,"player_choice":"Leave","damage_taken":0,"max_hp_gain":0,"max_hp_loss":0,"event_name":"The Cleric","floor":3,"gold_loss":0},{"damage_healed":0,"gold_gain":0,"player_choice":"Success","damage_taken":33,"relics_obtained":["Regal Pillow"],"max_hp_gain":0,"max_hp_loss":0,"event_name":"Scrap Ooze","floor":12,"gold_loss":0},{"cards_removed":["Catalyst"],"damage_healed":0,"gold_gain":0,"player_choice":"Gave Gold","damage_taken":0,"max_hp_gain":0,"max_hp_loss":0,"event_name":"Beggar","floor":19,"gold_loss":75},{"damage_healed":0,"gold_gain":0,"player_choice":"Inject Mutagens","damage_taken":0,"relics_obtained":["MutagenicStrength"],"max_hp_gain":0,"max_hp_loss":0,"event_name":"Drug Dealer","floor":27,"gold_loss":0},{"damage_healed":0,"gold_gain":0,"player_choice":"Copied","damage_taken":0,"max_hp_gain":0,"max_hp_loss":0,"event_name":"Duplicator","floor":31,"gold_loss":0,"cards_obtained":["Accuracy"]},{"damage_healed":0,"gold_gain":0,"player_choice":"Embrace Madness","damage_taken":9,"max_hp_gain":0,"max_hp_loss":0,"event_name":"Winding Halls","floor":39,"gold_loss":0,"cards_obtained":["Madness","Madness"]}],"is_beta":false,"boss_relics":[{"not_picked":["Pandora\u0027s Box","Snecko Eye"],"picked":"Ring of the Serpent"},{"not_picked":["Sozu","SlaversCollar"],"picked":"SacredBark"}],"items_purged_floors":[],"is_endless":false,"potions_floor_spawned":[1,10,11,14,16,18,20,21,24,28,30,33,35,38],"killed_by":"Giant Head","ascension_level":1}}