{"host":"bq442wlpwbozasgc","time":1608968900,"event":{"mods":["Bard","BaseMod","Minty Spire (QoL Compilation)","Quick Restart","StSLib","SuperFastMode"],"gold_per_floor":[119,119,44,119,129,155,166,181,181,206,224,48,48,79,79,178,178,190,204,279,295,174,200,211,226,251,251,281,294,294,313,313,413,413,429,479,493,543,554,554,564,564,591,18,48,63,95,95,95,95,95,95,24,56,56],"floor_reached":56,"playtime":4199,"items_purged":["bard:Riposte","bard:Defend"],"score":1369,"play_id":"eee6d744-67c9-489b-a41c-b3ab0efbfc66","local_time":"20201226164820","is_ascension_mode":false,"campfire_choices":[{"data":"Sadistic Nature","floor":13.0,"key":"SMITH"},{"data":"bard:Balestra","floor":15.0,"key":"SMITH"},{"data":"bard:GreaterMagicWeapon","floor":27,"key":"SMITH"},{"data":"bard:Doot","floor":30,"key":"SMITH"},{"data":"bard:Blink","floor":32,"key":"SMITH"},{"data":"bard:Sonata","floor":40,"key":"SMITH"},{"data":"bard:Invisibility","floor":42,"key":"SMITH"},{"floor":49,"key":"RECALL"},{"data":"bard:Wish","floor":52,"key":"SMITH"}],"circlet_count":0,"master_deck":["bard:Strike+1","bard:Strike","bard:Strike+1","bard:Strike","bard:Defend","bard:Defend","bard:Defend","bard:Inspire","bard:Doot+1","bard:GuardPoint","bard:Fermata","bard:Silence","bard:Balestra+1","bard:Thunderwave","bard:FaerieFire","Sadistic Nature+1","bard:GreaterMagicWeapon+1","bard:Invisibility+1","CurseOfTheBell","bard:Fermata","bard:HideousLaughter+1","bard:HideousLaughter","bard:Blink+1","bard:Accelerando+1","bard:HideousLaughter+1","bard:Sonata+1","bard:Thunderwave+1","bard:Blink+1","bard:ViciousMockery","bard:HideousLaughter+1","bard:BestowCurse+1","bard:Shout"],"relics":["bard:PitchPipe","bard:BagPipes","NeowsBlessing","White Beast Statue","Orichalcum","Bag of Marbles","Bag of Preparation","Whetstone","Calling Bell","Toy Ornithopter","bard:StrangeHarp","Thread and Needle","Bottled Lightning","Nunchaku","Regal Pillow","Busted Crown","Turnip","TungstenRod","TheAbacus","Lantern","Anchor","Eternal Feather","Gremlin Horn","Mercury Hourglass"],"acts_visited":["Exordium","TheCity","TheBeyond","TheEnding"],"potions_floor_usage":[33,45,46,50,55,55],"damage_taken":[{"damage":0.0,"enemies":"Cultist","floor":1.0,"turns":1.0},{"damage":0.0,"enemies":"2 Louse","floor":5.0,"turns":1.0},{"damage":0.0,"enemies":"Gremlin Nob","floor":6.0,"turns":1.0},{"damage":5.0,"enemies":"Jaw Worm","floor":7.0,"turns":4.0},{"damage":2.0,"enemies":"2 Fungi Beasts","floor":8.0,"turns":3.0},{"damage":9.0,"enemies":"Lagavulin","floor":10.0,"turns":7.0},{"damage":1.0,"enemies":"Exordium Thugs","floor":11.0,"turns":3.0},{"damage":1.0,"enemies":"3 Sentries","floor":14.0,"turns":3.0},{"damage":19.0,"enemies":"Hexaghost","floor":16.0,"turns":6.0},{"damage":0.0,"enemies":"Chosen","floor":18.0,"turns":4.0},{"damage":0.0,"enemies":"Shell Parasite","floor":19.0,"turns":4.0},{"damage":0,"enemies":"Centurion and Healer","floor":21,"turns":6},{"damage":2,"enemies":"Slavers","floor":23,"turns":3},{"damage":5,"enemies":"Snake Plant","floor":24,"turns":4},{"damage":0,"enemies":"3 Cultists","floor":25,"turns":4},{"damage":0,"enemies":"Gremlin Leader","floor":28,"turns":5},{"damage":0,"enemies":"Centurion and Healer","floor":29,"turns":4},{"damage":0,"enemies":"Shelled Parasite and Fungi","floor":31,"turns":2},{"damage":13,"enemies":"Automaton","floor":33,"turns":5},{"damage":0,"enemies":"Orb Walker","floor":35,"turns":2},{"damage":1,"enemies":"Mind Bloom Boss Battle","floor":36,"turns":4},{"damage":0,"enemies":"3 Shapes","floor":37,"turns":6},{"damage":14,"enemies":"2 Orb Walkers","floor":38,"turns":5},{"damage":0,"enemies":"Transient","floor":39,"turns":5},{"damage":0,"enemies":"Spire Growth","floor":41,"turns":3},{"damage":0,"enemies":"Reptomancer","floor":45,"turns":2},{"damage":0,"enemies":"Writhing Mass","floor":46,"turns":4},{"damage":0,"enemies":"Giant Head","floor":47,"turns":6},{"damage":28,"enemies":"Awakened One","floor":50,"turns":10},{"damage":0,"enemies":"Shield and Spear","floor":54,"turns":5},{"damage":23,"enemies":"The Heart","floor":55,"turns":12}],"seed_played":"9054643560973263083","potions_obtained":[{"floor":5.0,"key":"Block Potion"},{"floor":6.0,"key":"FairyPotion"},{"floor":7.0,"key":"PowerPotion"},{"floor":16.0,"key":"DuplicationPotion"},{"floor":33,"key":"Energy Potion"},{"floor":37,"key":"LiquidMemories"},{"floor":45,"key":"AttackPotion"},{"floor":46,"key":"Strength Potion"},{"floor":54,"key":"Block Potion"}],"is_trial":false,"path_per_floor":["M","T","$","?","M","E","M","M","T","E","M","$","R","E","R","B",null,"M","M","?","M","$","E","M","M","T","R","E","M","R","M","R","B",null,"M","?","M","?","M","R","M","R","T","$","E","M","E","T","R","B",null,"R","$","E","B",null],"character_chosen":"BARD","items_purchased":["bard:GuardPoint","Sadistic Nature","bard:HideousLaughter","bard:Wish","TheAbacus","Lantern","bard:ViciousMockery","bard:Shout"],"campfire_rested":0,"item_purchase_floors":[3,12,22,44,44,44,44,53],"current_hp_per_floor":[70,70,70,59,59,59,54,52,52,43,42,42,42,41,41,22,70,70,70,63,63,63,61,56,56,56,56,56,56,56,56,56,48,70,70,69,69,55,55,55,55,55,55,55,60,65,65,65,70,42,70,70,70,70,47],"gold":56,"neow_bonus":"THREE_ENEMY_KILL","is_daily":false,"chose_seed":false,"campfire_upgraded":8,"win_rate":0.0,"timestamp":1608968900,"path_taken":["M","?","$","?","M","E","M","M","T","E","M","$","R","E","R","BOSS","M","M","?","?","$","E","?","M","T","R","E","M","R","M","R","BOSS","M","?","M","?","M","R","M","R","T","$","E","M","E","?","R","BOSS","R","$","E","BOSS"],"items_purchased_type":["Card","Card","Card","Card","Relic","Relic","Card","Card"],"build_version":"2020-12-22","purchased_purges":2,"victory":true,"max_hp_per_floor":[70,70,70,70,70,70,70,70,70,70,70,70,70,70,70,70,70,70,70,70,70,70,70,70,70,70,70,70,70,70,70,70,70,70,70,70,70,70,70,70,70,70,70,70,70,70,70,70,70,70,70,70,70,70,70],"card_choices":[{"not_picked":["bard:LingeringEcho","bard:FeastOnFear"],"picked":"bard:Doot","floor":1.0},{"not_picked":["bard:BestowCurse","bard:Parry"],"picked":"bard:Fermata","floor":5.0},{"not_picked":["bard:OffKey","bard:CuttingWords"],"picked":"bard:Silence","floor":6.0},{"not_picked":["bard:Shout","bard:Sift"],"picked":"bard:Balestra","floor":7.0},{"not_picked":["bard:Rest","bard:ThickOfTheFight"],"picked":"bard:Thunderwave","floor":8.0},{"not_picked":["bard:Flourish","bard:Sift","bard:Thunderwave"],"picked":"SKIP","floor":10.0},{"not_picked":["bard:BottledSong","bard:HarmoniousVoice"],"picked":"bard:FaerieFire","floor":11.0},{"not_picked":["bard:InspiringSong","bard:ViciousMockery"],"picked":"bard:GreaterMagicWeapon","floor":14.0},{"not_picked":["bard:SplendidForm","bard:MagnumOpus"],"picked":"bard:Invisibility","floor":16.0},{"not_picked":["bard:TinyHut","bard:LingeringPerformance"],"picked":"bard:Fermata","floor":18.0},{"not_picked":["bard:Fermata","bard:QuickSong"],"picked":"bard:HideousLaughter+1","floor":19.0},{"not_picked":["bard:LingeringPerformance","bard:Sonata","bard:Thunderwave"],"picked":"SKIP","floor":21},{"not_picked":["bard:LingeringPerformance","bard:Sonata","bard:Thunderwave"],"picked":"SKIP","floor":21},{"not_picked":["bard:CuttingWords","bard:Sift"],"picked":"bard:Blink","floor":23},{"not_picked":["bard:ThickOfTheFight+1","bard:SongBolt","bard:Parry"],"picked":"SKIP","floor":24},{"not_picked":["bard:EchoEcho","bard:Balestra"],"picked":"bard:Accelerando+1","floor":25},{"not_picked":["bard:TinyHut","bard:EnGarde"],"picked":"bard:HideousLaughter+1","floor":28},{"not_picked":["bard:Solo","bard:Balestra","bard:LifeDrain+1"],"picked":"SKIP","floor":29},{"not_picked":["bard:FeastOnFear","bard:Gamble+1","bard:LingeringEcho"],"picked":"SKIP","floor":31},{"not_picked":["bard:MagnumOpus","bard:Focused"],"picked":"bard:Sonata","floor":33},{"not_picked":["bard:Balestra+1"],"picked":"SKIP","floor":35},{"not_picked":[],"picked":"bard:Thunderwave+1","floor":36},{"not_picked":["bard:SongBolt+1"],"picked":"SKIP","floor":37},{"not_picked":["bard:EnGarde"],"picked":"SKIP","floor":39},{"not_picked":["bard:BucklerBash+1"],"picked":"SKIP","floor":41},{"not_picked":["bard:StudiedStrike+1"],"picked":"SKIP","floor":45},{"not_picked":[],"picked":"bard:HideousLaughter+1","floor":46},{"not_picked":[],"picked":"bard:BestowCurse+1","floor":47},{"not_picked":["bard:LingeringEcho+1"],"picked":"SKIP","floor":54}],"player_experience":27949,"relics_obtained":[{"floor":2.0,"key":"White Beast Statue"},{"floor":6.0,"key":"Orichalcum"},{"floor":9.0,"key":"Bag of Marbles"},{"floor":10.0,"key":"Bag of Preparation"},{"floor":14.0,"key":"Whetstone"},{"floor":17.0,"key":"Toy Ornithopter"},{"floor":17.0,"key":"bard:StrangeHarp"},{"floor":17.0,"key":"Thread and Needle"},{"floor":23,"key":"Bottled Lightning"},{"floor":26,"key":"Nunchaku"},{"floor":28,"key":"Regal Pillow"},{"floor":36,"key":"Turnip"},{"floor":38,"key":"TungstenRod"},{"floor":45,"key":"Anchor"},{"floor":47,"key":"Eternal Feather"},{"floor":48,"key":"Gremlin Horn"},{"floor":54,"key":"Mercury Hourglass"}],"event_choices":[{"damage_healed":0.0,"max_hp_gain":0.0,"max_hp_loss":0.0,"gold_gain":75.0,"event_name":"World of Goop","player_choice":"Gather Gold","floor":4.0,"gold_loss":0.0,"damage_taken":11.0},{"damage_healed":0,"gold_gain":75,"player_choice":"Touch","damage_taken":7,"max_hp_gain":0,"max_hp_loss":0,"event_name":"FaceTrader","floor":20,"gold_loss":0},{"damage_healed":0,"gold_gain":0,"player_choice":"Fight","damage_taken":0,"max_hp_gain":0,"max_hp_loss":0,"event_name":"MindBloom","floor":36,"gold_loss":0},{"damage_healed":0,"gold_gain":0,"player_choice":"Fight","damage_taken":0,"max_hp_gain":0,"max_hp_loss":0,"event_name":"Mysterious Sphere","floor":38,"gold_loss":0}],"is_beta":false,"boss_relics":[{"not_picked":["Coffee Dripper","Runic Dome"],"picked":"Calling Bell"},{"not_picked":["Runic Pyramid","Fusion Hammer"],"picked":"Busted Crown"}],"items_purged_floors":[22,44],"is_endless":false,"potions_floor_spawned":[5,6,7,8,10,11,14,16,18,19,21,23,24,25,28,29,31,33,35,36,37,38,39,41,45,46,47,54],"ascension_level":0}}