{"host":"rpu0b34yn88n8zeb","time":1608977094,"event":{"mods":["Act Like it!","BaseMod","CapriCore","Colored Powertips","Defuse TimeMaze Blight","Gensokyo","Marisa£®ÏF”Í°°ƒß¿Ì…≥£©","Minty Spire (QoL Compilation)","Quick Restart","Reimu£®≤©¿ˆ¡È√Œ£©","Shop Mod","Spicy Shops","StSLib","The Immortal","The Servant 0.9.4","Yakumo Yukari mod","Youmu£®ªÍ∆«—˝√Œ£©"],"gold_per_floor":[109,109,129,92,92,121,121,147,147,225,225,45,64,64,64,160,160,175,198,198,211,211,237,13,47,47,47,47,74,89,107,117,215,215,234,234,251,251,251,279,279,314,364,364,364,399,399,429,429,910,910,910,31,62,62],"floor_reached":56,"playtime":3195,"items_purged":[],"score":1650,"play_id":"bb2e6ffe-cf83-4918-b0b1-63de8011002e","local_time":"20201226030454","is_ascension_mode":true,"campfire_choices":[{"data":"FlashingScatteredFlowers","floor":7.0,"key":"SMITH"},{"floor":11.0,"key":"REST"},{"data":"SwordExtraction","floor":15.0,"key":"SMITH"},{"data":"IrresoluteSoul","floor":47,"key":"SMITH"},{"floor":49,"key":"RECALL"},{"data":"SlashOfAscensionToBuddhahood","floor":52,"key":"SMITH"}],"circlet_count":0,"master_deck":["Strike_YM","Strike_YM","Strike_YM","Strike_YM","Defend_YM","Defend_YM+1","Defend_YM+1","Defend_YM","SlashOfPresentWorld","WheelOfPainOfLivingAndDead+1","Clumsy","FlashingScatteredFlowers+1","SlashOfAscensionToBuddhahood+1","CherryBlossomFlashing","HellFireSword","FiveSignsOfTheDyingDeva","ASingleThoughtAndInfiniteKalpas","HeavenlyHaloSlash","Gensokyo:MarisaTwilightSpark+1","SuddenPhantomFormationSlashOfKarmicWind+1","SlashOfMeditation","CrescentMoonSlash","EchoesOfTheInclemencyOfAllBeings+1","ThreeKonsSevenHakus+1","HumanKnowledgeSword+1","RapidSlash","Gensokyo:ShootingStar","IrresoluteSoul+1","ThreeKonsSevenHakus+1","TransmigrationSlash+1","HumanKnowledgeSword+1","PhosphoricSlash+1","ConstancyOfTheConventionalTruth+1","HumanGodSword","SlashOfAscensionToBuddhahood+1","CherryBlossomFlashing","SwordExtraction","HellFireSword","HumanGodSword","SuddenPhantomFormationSlashOfKarmicWind","FlashingScatteredFlowers"],"relics":["HalfPhantom","Gensokyo:NagashiBinaDoll","Gensokyo:OccultBall","Thread and Needle","Centennial Puzzle","Prayer Wheel","Gremlin Horn","Mummified Hand","Juzu Bracelet","Gensokyo:CelestialsFlawlessClothing","SlaversCollar","Happy Flower","Boot","TungstenRod","Cauldron","RuthlessExorcism:ReiMu","The Courier","CaptainsWheel","Gensokyo:RedStar","Mango","Philosopher\u0027s Stone","InkBottle","Shuriken","Gensokyo:EmptyGrave","Ginger","Oddly Smooth Stone","Hakurouken","ChestCloth","Kunai","Pen Nib","War Paint","Bag of Preparation","Akabeko"],"acts_visited":["Exordium","Gensokyo:Gensokyo","Gensokyo:Gensokyoer","TheEnding"],"potions_floor_usage":[32,40],"damage_taken":[{"damage":1.0,"enemies":"Gensokyo:Python","floor":1.0,"turns":4.0},{"damage":0.0,"enemies":"Gensokyo:3_Fairies","floor":3.0,"turns":5.0},{"damage":24.0,"enemies":"Gensokyo:Cirno","floor":6.0,"turns":8.0},{"damage":14.0,"enemies":"Gensokyo:Aya","floor":8.0,"turns":6.0},{"damage":0.0,"enemies":"Gensokyo:2_Kodama","floor":13.0,"turns":1.0},{"damage":19.0,"enemies":"Gensokyo:Yukari","floor":16.0,"turns":9.0},{"damage":5.0,"enemies":"Gensokyo:AngelMirror","floor":18.0,"turns":3.0},{"damage":0.0,"enemies":"Gensokyo:Chomper","floor":21.0,"turns":2.0},{"damage":31.0,"enemies":"Gensokyo:Tenshi","floor":23.0,"turns":5.0},{"damage":0.0,"enemies":"Gensokyo:Koishi","floor":25.0,"turns":3.0},{"damage":7.0,"enemies":"Gensokyo:Tenshi","floor":29.0,"turns":2.0},{"damage":0.0,"enemies":"Gensokyo:Mirror_and_Dog","floor":30.0,"turns":2.0},{"damage":11.0,"enemies":"Gensokyo:Slime_Group","floor":31.0,"turns":4.0},{"damage":0,"enemies":"Gensokyo:Slime_Group","floor":32,"turns":6},{"damage":12,"enemies":"Gensokyo:Eternal_Rivals","floor":33,"turns":8},{"damage":0,"enemies":"Gensokyo:AncientGuardian","floor":35,"turns":4},{"damage":0,"enemies":"Gensokyo:3_Boulders","floor":37,"turns":2},{"damage":9,"enemies":"Gensokyo:Doremy","floor":40,"turns":3},{"damage":10,"enemies":"Gensokyo:Marisa","floor":42,"turns":5},{"damage":0,"enemies":"Gensokyo:Kasen","floor":46,"turns":2},{"damage":0,"enemies":"Gensokyo:Doremy","floor":48,"turns":2},{"damage":37,"enemies":"Gensokyo:Yuyuko","floor":50,"turns":3},{"damage":0,"enemies":"Shield and Spear","floor":54,"turns":2},{"damage":0,"enemies":"The Heart","floor":55,"turns":8}],"seed_played":"-8385397994613902522","potions_obtained":[{"floor":3.0,"key":"Block Potion"},{"floor":13.0,"key":"BlessingOfTheForge"},{"floor":16.0,"key":"GamblersBrew"},{"floor":21.0,"key":"Energy Potion"},{"floor":24.0,"key":"SmokeBomb"},{"floor":24.0,"key":"Block Potion"},{"floor":24.0,"key":"AttackPotion"},{"floor":29.0,"key":"ZuzhouPotion:ReiMu"},{"floor":32,"key":"SteroidPotion"},{"floor":33,"key":"SteroidPotion"},{"floor":37,"key":"AttackPotion"},{"floor":40,"key":"BlessingOfTheForge"}],"is_trial":false,"path_per_floor":["M","?","M","COS","?","E","R","E","T","T","R","$","M","?","R","B",null,"M","T","?","M","?","E","$","E","T","?","?","E","M","M","R","B",null,"M","COS","M","?","?","E","?","E","T","?","?","E","R","E","R","B",null,"R","$","E","B",null],"character_chosen":"YOUMU","items_purchased":["Juzu Bracelet","CherryBlossomFlashing","Cauldron","RuthlessExorcism:ReiMu","ChestCloth","Kunai","CherryBlossomFlashing","SwordExtraction","Pen Nib","War Paint","Bag of Preparation","HellFireSword","HumanGodSword","SuddenPhantomFormationSlashOfKarmicWind"],"campfire_rested":1,"item_purchase_floors":[12,12,24,24,53,53,53,53,53,53,53,53,53,53],"current_hp_per_floor":[74,74,74,74,74,50,50,36,36,36,58,58,58,40,40,21,75,70,70,70,70,69,38,38,38,38,38,38,45,45,34,34,63,83,83,83,83,83,83,74,74,64,64,64,35,73,77,77,77,77,77,77,77,77,77],"gold":62,"neow_bonus":"UPGRADE_CARD","is_daily":false,"chose_seed":false,"campfire_upgraded":4,"win_rate":0.0,"timestamp":1608977094,"path_taken":["M","?","?","COS","?","E","R","E","T","?","R","$","M","?","R","BOSS","M","?","?","M","?","E","$","E","T","?","?","E","M","M","R","BOSS","M","COS","M","?","?","E","?","E","T","?","?","E","R","E","R","BOSS","R","$","E","BOSS"],"items_purchased_type":["Relic","Card","Relic","Relic","Relic","Relic","Card","Card","Relic","Relic","Relic","Card","Card","Card"],"build_version":"2020-12-22","purchased_purges":0,"victory":true,"max_hp_per_floor":[75,75,75,75,75,75,75,75,75,75,75,75,75,75,75,75,75,75,75,75,75,69,69,69,69,69,69,69,83,83,83,83,83,83,83,83,83,83,83,83,83,83,83,77,77,77,77,77,77,77,77,77,77,77,77],"card_choices":[{"not_picked":["ThoughtCuttingSword","SwordOfBindingDesires"],"picked":"SwordExtraction","floor":1.0},{"not_picked":["SpiritMediumsBind","PretaSword"],"picked":"HellFireSword","floor":3.0},{"not_picked":["SpiritCuttingSword","LifeCuttingSword"],"picked":"FlashingScatteredFlowers","floor":6.0},{"not_picked":["FlashingScatteredFlowers","SlashOfMeditation"],"picked":"SlashOfAscensionToBuddhahood","floor":8.0},{"not_picked":["FantasyOfEnteringEnlightenment","CrescentMoonSlash"],"picked":"HellFireSword","floor":13.0},{"not_picked":["ThreeKonsSevenHakus","ThoughtCuttingSword"],"picked":"FiveSignsOfTheDyingDeva","floor":13.0},{"not_picked":["WickedSoul","StrangeHalfBody"],"picked":"ASingleThoughtAndInfiniteKalpas","floor":16.0},{"not_picked":["LowerRealmReflectionSlash","ObsessionWithThePresentWorld","GhostSword"],"picked":"SKIP","floor":18.0},{"not_picked":["ConstancyOfTheConventionalTruth","SpiritMediumsBind","HeavenlyHaloSlash"],"picked":"SKIP","floor":18.0},{"not_picked":["ConstancyOfTheConventionalTruth","SpiritMediumsBind"],"picked":"HeavenlyHaloSlash","floor":18.0},{"not_picked":["LowerRealmReflectionSlash","ObsessionWithThePresentWorld","GhostSword"],"picked":"SKIP","floor":18.0},{"not_picked":["FlashingScatteredFlowers+1","AsTheSilentNirvana"],"picked":"SuddenPhantomFormationSlashOfKarmicWind+1","floor":21.0},{"not_picked":["ConstancyOfTheConventionalTruth","SpiderLilyBurial","LifeCuttingSword+1"],"picked":"SKIP","floor":21.0},{"not_picked":["KarmicPunishmentOfTheIdleAndUnfocused","LightFlashOfTheNetherworld"],"picked":"SlashOfMeditation","floor":23.0},{"not_picked":["StrangeHalfBody","PreachingAvici"],"picked":"CrescentMoonSlash","floor":25.0},{"not_picked":["HeartExcerptSlash","SuddenPhantomFormationSlashOfKarmicWind"],"picked":"EchoesOfTheInclemencyOfAllBeings+1","floor":29.0},{"not_picked":["HellFireSword","ConstancyOfTheConventionalTruth"],"picked":"ThreeKonsSevenHakus+1","floor":30.0},{"not_picked":["HumanGodSword","SwordExtraction+1","ThoughtCuttingSword"],"picked":"SKIP","floor":30.0},{"not_picked":["ThreeKonsSevenHakus","FlashingScatteredFlowers+1"],"picked":"HumanKnowledgeSword+1","floor":31.0},{"not_picked":["SwordExtraction","DispleasureOfTheSevenHakus","LifeCuttingSword"],"picked":"SKIP","floor":31.0},{"not_picked":["SwordExtraction","SpiderLilyBurial"],"picked":"RapidSlash","floor":32},{"not_picked":["LifeCuttingSword+1","CrescentMoonSlash+1","ThreeKonsSevenHakus"],"picked":"SKIP","floor":32},{"not_picked":[],"picked":"Gensokyo:ShootingStar","floor":33},{"not_picked":["StrangeHalfBody","ASingleThoughtAndInfiniteKalpas"],"picked":"IrresoluteSoul","floor":33},{"not_picked":["LowerRealmReflectionSlash+1","AsTheSilentNirvana+1"],"picked":"ThreeKonsSevenHakus+1","floor":35},{"not_picked":["SwordExtraction","LifeCuttingSword+1"],"picked":"TransmigrationSlash+1","floor":35},{"not_picked":["ThreeKonsSevenHakus","FlashingScatteredFlowers+1"],"picked":"HumanKnowledgeSword+1","floor":37},{"not_picked":["HesitationCuttingSword","BloodOfAsura"],"picked":"PhosphoricSlash+1","floor":37},{"not_picked":["HumanKnowledgeSword","KarmicPunishmentOfTheIdleAndUnfocused","SanzenSekai+1"],"picked":"SKIP","floor":40},{"not_picked":["CherryBlossomSword","ObsessionSword"],"picked":"ConstancyOfTheConventionalTruth+1","floor":42},{"not_picked":["ConstancyOfTheConventionalTruth","FantasyOfEnteringEnlightenment"],"picked":"HumanGodSword","floor":46},{"not_picked":["HesitationCuttingSword","SlashClearingTheSixSenses"],"picked":"SlashOfAscensionToBuddhahood+1","floor":48},{"not_picked":["BloodOfAsura+1","SanzenSekai"],"picked":"FlashingScatteredFlowers","floor":54}],"player_experience":533056,"relics_obtained":[{"floor":6.0,"key":"Thread and Needle"},{"floor":8.0,"key":"Prayer Wheel"},{"floor":9.0,"key":"Gremlin Horn"},{"floor":10.0,"key":"Mummified Hand"},{"floor":13.0,"key":"Gensokyo:OccultBall"},{"floor":16.0,"key":"Gensokyo:OccultBall"},{"floor":18.0,"key":"Gensokyo:OccultBall"},{"floor":19.0,"key":"Happy Flower"},{"floor":21.0,"key":"Gensokyo:OccultBall"},{"floor":23.0,"key":"Gensokyo:OccultBall"},{"floor":23.0,"key":"TungstenRod"},{"floor":25.0,"key":"Gensokyo:OccultBall"},{"floor":25.0,"key":"The Courier"},{"floor":26.0,"key":"CaptainsWheel"},{"floor":29.0,"key":"Mango"},{"floor":32,"key":"Gensokyo:OccultBall"},{"floor":40,"key":"InkBottle"},{"floor":42,"key":"Shuriken"},{"floor":46,"key":"Oddly Smooth Stone"},{"floor":48,"key":"Hakurouken"},{"floor":54,"key":"Akabeko"}],"event_choices":[],"is_beta":false,"boss_relics":[{"not_picked":["MiniYoumu","SacredBark"],"picked":"SlaversCollar"},{"not_picked":["Tiny House","Runic Dome"],"picked":"Philosopher\u0027s Stone"}],"items_purged_floors":[],"is_endless":false,"potions_floor_spawned":[3,13,16,21,25,29,32,33,37,40,48],"ascension_level":1}}