{"host":"851hhqouejqwzba1","time":1608958280,"event":{"mods":["BaseMod","Minty Spire (QoL Compilation)","Permanent Neow","Shop Mod","StSLib","óô»ðÖ¸ÄÏ"],"gold_per_floor":[110,121,136,13,24,24,50,50,50,50,50,62,121,138,138,233,233,250,267,317,331,347,347,363,221,221,221,136,236,266,283,283,382,382,401,415,415,467,367,400,113,143,143,175,192,227,246,280,280,280],"floor_reached":51,"playtime":3599,"items_purged":["Strike_G","Strike_G","Defend_G","Strike_G"],"score":1185,"play_id":"68d42fb0-0f67-44e7-a684-5dc5ba96228e","local_time":"20201226125120","is_ascension_mode":true,"campfire_choices":[{"data":"Deadly Poison","floor":6.0,"key":"SMITH"},{"data":"Catalyst","floor":8.0,"key":"SMITH"},{"data":"Well Laid Plans","floor":10.0,"key":"SMITH"},{"data":"Blur","floor":15.0,"key":"SMITH"},{"data":"Burst","floor":23.0,"key":"SMITH"},{"data":"Venomology","floor":27.0,"key":"SMITH"},{"data":"Catalyst","floor":32.0,"key":"SMITH"},{"data":"Concentrate","floor":49,"key":"SMITH"}],"circlet_count":0,"master_deck":["Defend_G","Defend_G","Survivor","Neutralize","Catalyst+1","Blur+1","Well Laid Plans+1","Deadly Poison+1","Die Die Die","Venomology+1","Backflip","Burst+1","Leg Sweep","Bane+1","Catalyst+1","Outmaneuver","Acrobatics","Footwork+1","Tactician+1","Blade Dance+1","Concentrate+1","Malaise","Tactician+1"],"relics":["HoveringKite","Akabeko","The Courier","FossilizedHelix","SlaversCollar","Gremlin Horn","Potion Belt","The Specimen","Question Card","Pen Nib","Astrolabe","Gambling Chip","Lantern","Smiling Mask","ClockworkSouvenir","PreservedInsect","Torii","Turnip","InkBottle"],"acts_visited":["Exordium","TheCity","TheBeyond"],"potions_floor_usage":[47,50,50,50,50],"damage_taken":[{"damage":0.0,"enemies":"Cultist","floor":1.0,"turns":4.0},{"damage":0.0,"enemies":"2 Louse","floor":2.0,"turns":2.0},{"damage":9.0,"enemies":"Jaw Worm","floor":3.0,"turns":6.0},{"damage":1.0,"enemies":"Exordium Wildlife","floor":5.0,"turns":6.0},{"damage":10.0,"enemies":"Lagavulin","floor":7.0,"turns":9.0},{"damage":4.0,"enemies":"Red Slaver","floor":12.0,"turns":4.0},{"damage":20.0,"enemies":"Gremlin Nob","floor":13.0,"turns":3.0},{"damage":0.0,"enemies":"Looter","floor":14.0,"turns":3.0},{"damage":0.0,"enemies":"Slime Boss","floor":16.0,"turns":10.0},{"damage":5.0,"enemies":"Spheric Guardian","floor":18.0,"turns":5.0},{"damage":0.0,"enemies":"Chosen","floor":19.0,"turns":3.0},{"damage":17.0,"enemies":"Snake Plant","floor":21.0,"turns":5.0},{"damage":5.0,"enemies":"Chosen and Byrds","floor":22.0,"turns":7.0},{"damage":1.0,"enemies":"Shelled Parasite and Fungi","floor":24.0,"turns":5.0},{"damage":0.0,"enemies":"Colosseum Slavers","floor":29.0,"turns":1.0},{"damage":0.0,"enemies":"Colosseum Nobs","floor":29.0,"turns":6.0},{"damage":10.0,"enemies":"Slavers","floor":30.0,"turns":3.0},{"damage":5.0,"enemies":"Snecko","floor":31.0,"turns":5.0},{"damage":23.0,"enemies":"Champ","floor":33.0,"turns":4.0},{"damage":0.0,"enemies":"Orb Walker","floor":35.0,"turns":3.0},{"damage":16.0,"enemies":"3 Darklings","floor":36.0,"turns":3.0},{"damage":16.0,"enemies":"2 Orb Walkers","floor":38.0,"turns":3.0},{"damage":0.0,"enemies":"Giant Head","floor":40.0,"turns":2.0},{"damage":0.0,"enemies":"Nemesis","floor":42.0,"turns":3.0},{"damage":0.0,"enemies":"Giant Head","floor":44.0,"turns":4.0},{"damage":1.0,"enemies":"Jaw Worm Horde","floor":45.0,"turns":3.0},{"damage":0.0,"enemies":"Nemesis","floor":46.0,"turns":3.0},{"damage":0,"enemies":"Sphere and 2 Shapes","floor":47,"turns":3},{"damage":0,"enemies":"Reptomancer","floor":48,"turns":1},{"damage":7,"enemies":"Time Eater","floor":50,"turns":4}],"seed_played":"-4254623971204911611","potions_obtained":[{"floor":3.0,"key":"AttackPotion"},{"floor":12.0,"key":"ColorlessPotion"},{"floor":13.0,"key":"BlessingOfTheForge"},{"floor":16.0,"key":"DuplicationPotion"},{"floor":18.0,"key":"FearPotion"},{"floor":29.0,"key":"ColorlessPotion"},{"floor":33.0,"key":"DistilledChaos"},{"floor":45.0,"key":"Poison Potion"},{"floor":46.0,"key":"Swift Potion"},{"floor":47,"key":"Fire Potion"},{"floor":48,"key":"GhostInAJar"}],"is_trial":false,"path_per_floor":["M","M","M","$","M","R","E","R","T","R","?","M","?","M","R","B",null,"M","M","?","M","M","R","M","R","T","R","?","?","E","M","R","B",null,"M","M","?","?","$","E","R","E","T","E","M","E","M","E","R","B",null],"character_chosen":"THE_SILENT","items_purchased":["Deadly Poison","Catalyst","Smiling Mask","ClockworkSouvenir"],"campfire_rested":0,"item_purchase_floors":[4,25,41,41],"current_hp_per_floor":[70,70,61,61,60,60,50,50,50,50,50,46,26,26,26,26,70,65,65,65,48,43,43,42,42,42,42,42,42,32,27,27,4,70,70,63,63,47,47,47,47,47,47,47,46,46,46,46,46,39],"gold":280,"neow_bonus":"BOSS_RELIC","is_daily":false,"chose_seed":false,"campfire_upgraded":8,"win_rate":0.0,"timestamp":1608958280,"path_taken":["M","M","?","$","M","R","E","R","T","R","?","?","?","M","R","BOSS","M","M","?","M","M","R","?","R","T","R","?","?","E","M","R","BOSS","M","M","?","?","$","E","R","E","T","E","M","E","M","E","R","BOSS"],"items_purchased_type":["Card","Card","Relic","Relic"],"build_version":"2020-12-22","purchased_purges":4,"victory":true,"max_hp_per_floor":[70,70,70,70,70,70,70,70,70,70,70,70,70,70,70,70,70,70,70,70,70,70,70,70,70,70,70,70,70,70,70,70,70,70,70,70,70,70,70,70,70,70,70,70,70,70,70,70,70,70],"card_choices":[{"not_picked":["Acrobatics","Backstab"],"picked":"Catalyst","floor":1.0},{"not_picked":["PiercingWail","Blade Dance"],"picked":"Blur","floor":2.0},{"not_picked":["Choke","Deflect"],"picked":"Well Laid Plans","floor":3.0},{"not_picked":["Deadly Poison","Dodge and Roll","Predator"],"picked":"SKIP","floor":5.0},{"not_picked":["Deflect","Blade Dance"],"picked":"Die Die Die","floor":7.0},{"not_picked":["Distraction","Setup","Deflect"],"picked":"SKIP","floor":12.0},{"not_picked":["Underhanded Strike","PiercingWail"],"picked":"Backflip","floor":14.0},{"not_picked":["Glass Knife","Phantasmal Killer"],"picked":"Burst","floor":16.0},{"not_picked":["Slice","Dagger Throw"],"picked":"Leg Sweep","floor":18.0},{"not_picked":["Cloak And Dagger","Distraction","Flying Knee"],"picked":"SKIP","floor":19.0},{"not_picked":["Blade Dance","Crippling Poison+1","Dodge and Roll+1"],"picked":"SKIP","floor":21.0},{"not_picked":["Bouncing Flask","Quick Slash+1","Endless Agony"],"picked":"SKIP","floor":22.0},{"not_picked":["Deflect","Slice+1"],"picked":"Bane+1","floor":24.0},{"not_picked":["Dagger Spray+1","Quick Slash"],"picked":"Outmaneuver","floor":29.0},{"not_picked":["Bullet Time","Outmaneuver","Well Laid Plans"],"picked":"Acrobatics","floor":30.0},{"not_picked":["Flying Knee","Blur","All Out Attack","Dodge and Roll"],"picked":"SKIP","floor":31.0},{"not_picked":["Outmaneuver","Dagger Spray+1","Deadly Poison","Infinite Blades+1"],"picked":"SKIP","floor":35.0},{"not_picked":["Blur","Expertise","Prepared+1"],"picked":"Concentrate","floor":36.0},{"not_picked":["Bane","Underhanded Strike+1","Skewer","Terror+1"],"picked":"SKIP","floor":40.0},{"not_picked":["Quick Slash+1","Corpse Explosion","Bane+1","Heel Hook"],"picked":"SKIP","floor":42.0},{"not_picked":["Bouncing Flask+1","Backstab+1","Cloak And Dagger","Accuracy+1"],"picked":"SKIP","floor":44.0},{"not_picked":["Bane+1","Blade Dance+1","Dash+1","Poisoned Stab+1"],"picked":"SKIP","floor":45.0},{"not_picked":["Bane+1","Blur","Dodge and Roll+1"],"picked":"Malaise","floor":46.0},{"not_picked":["Masterful Stab+1","Flying Knee+1","Escape Plan+1","Cloak And Dagger+1"],"picked":"SKIP","floor":47},{"not_picked":["All Out Attack","Deadly Poison","Blur"],"picked":"Tactician+1","floor":48}],"player_experience":340396,"relics_obtained":[{"floor":7.0,"key":"Akabeko"},{"floor":9.0,"key":"The Courier"},{"floor":13.0,"key":"FossilizedHelix"},{"floor":26.0,"key":"Gremlin Horn"},{"floor":29.0,"key":"The Specimen"},{"floor":29.0,"key":"Question Card"},{"floor":30.0,"key":"Pen Nib"},{"floor":38.0,"key":"Gambling Chip"},{"floor":40.0,"key":"Lantern"},{"floor":42.0,"key":"PreservedInsect"},{"floor":44.0,"key":"Torii"},{"floor":46.0,"key":"Turnip"},{"floor":48,"key":"InkBottle"}],"event_choices":[{"damage_healed":0.0,"max_hp_gain":0.0,"max_hp_loss":0.0,"gold_gain":0.0,"cards_transformed":["Strike_G"],"event_name":"Transmorgrifier","player_choice":"Transformed","floor":11.0,"gold_loss":0.0,"damage_taken":0.0,"cards_obtained":["Venomology"]},{"damage_healed":0.0,"max_hp_gain":0.0,"max_hp_loss":0.0,"gold_gain":0.0,"event_name":"Dead Adventurer","player_choice":"Searched \u00271\u0027 times","floor":13.0,"gold_loss":0.0,"damage_taken":0.0},{"damage_healed":0.0,"max_hp_gain":0.0,"max_hp_loss":0.0,"gold_gain":100.0,"event_name":"The Joust","player_choice":"Bet on Murderer","floor":20.0,"gold_loss":50.0,"damage_taken":0.0},{"damage_healed":0.0,"max_hp_gain":0.0,"max_hp_loss":0.0,"gold_gain":0.0,"event_name":"Addict","player_choice":"Obtained Relic","floor":28.0,"gold_loss":85.0,"damage_taken":0.0,"relics_obtained":["Potion Belt"]},{"damage_healed":0.0,"max_hp_gain":0.0,"max_hp_loss":0.0,"gold_gain":0.0,"event_name":"Colosseum","player_choice":"Fight","floor":29.0,"gold_loss":0.0,"damage_taken":0.0},{"damage_healed":0.0,"max_hp_gain":0.0,"max_hp_loss":0.0,"gold_gain":0.0,"event_name":"Colosseum","player_choice":"Fought Nobs","floor":29.0,"gold_loss":0.0,"damage_taken":0.0},{"damage_healed":0.0,"max_hp_gain":0.0,"max_hp_loss":0.0,"gold_gain":0.0,"event_name":"Tomb of Lord Red Mask","player_choice":"Ignored","floor":37.0,"gold_loss":0.0,"damage_taken":0.0},{"damage_healed":0.0,"max_hp_gain":0.0,"max_hp_loss":0.0,"gold_gain":0.0,"event_name":"Mysterious Sphere","player_choice":"Fight","floor":38.0,"gold_loss":0.0,"damage_taken":0.0}],"is_beta":false,"boss_relics":[{"not_picked":["Calling Bell","Philosopher\u0027s Stone"],"picked":"SlaversCollar"},{"not_picked":["Fusion Hammer","WristBlade"],"picked":"Astrolabe"}],"items_purged_floors":[4,25,39,41],"is_endless":false,"potions_floor_spawned":[3,12,13,16,18,29,29,33,45,46,47,48],"ascension_level":4}}