{"host":"htqwg582tjjtn9p7","time":1608969656,"event":{"mods":["2.2 Compatiblity","AchievementEnabler","Act Like it!","Aspiration","BaseMod","Better Third Choice","Colored Map","Conspire","Curses Come First","Displayed Cursed Tome","Energized Spire","Force Act Four","GifTheSpireLib","Hermit","Highlight Path","JesterMod","Mad Scientist","Minty Spire (QoL Compilation)","Pale of the Ancients","Permanent Neow","Random Character Button","Relic Stats","Replay The Spire","Robot Space Explorer","Somnambulant","Spicy Shops","Spikes Relics","StSLib","Stuff the Spire","The Blue Laboratory","The Disciple","The Dragon Tamer","The Forsaken","The Gatherer","The Judge","The Jungle","The Marked","The Runesmith","The Servant 0.9.4"],"gold_per_floor":[16,16,16,34,53,53,53],"floor_reached":6,"playtime":207,"items_purged":[],"score":65,"play_id":"294e1a51-13b5-4019-b728-e9990273d4d6","local_time":"20201226090056","is_ascension_mode":true,"campfire_choices":[],"circlet_count":0,"master_deck":["AscendersBane","theForsaken:TheForsaken_Strike","theForsaken:TheForsaken_Strike","theForsaken:TheForsaken_Strike","theForsaken:TheForsaken_Strike","theForsaken:TheForsaken_Defend+1","theForsaken:TheForsaken_Defend","theForsaken:TheForsaken_Defend","theForsaken:TheForsaken_Defend+1","theForsaken:Smite","theForsaken:Penitence","theForsaken:CorruptedForm","theForsaken:ShieldBash+1","Pace","theForsaken:StoreUp"],"relics":["theForsaken:JudgementScales","War Paint"],"acts_visited":["Exordium"],"potions_floor_usage":[],"damage_taken":[{"damage":0,"enemies":"Small Slimes","floor":1,"turns":3},{"damage":4,"enemies":"Jaw Worm","floor":4,"turns":8},{"damage":6,"enemies":"Cultist","floor":5,"turns":6},{"damage":11,"enemies":"3 Sentries","floor":6,"turns":2}],"seed_played":"-6166495696409110727","potions_obtained":[{"floor":4,"key":"blueLaboratory:BottledHope"}],"is_trial":false,"path_per_floor":["M","?","?","M","M","E"],"character_chosen":"THE_FORSAKEN","items_purchased":[],"campfire_rested":0,"item_purchase_floors":[],"current_hp_per_floor":[57,57,13,12,9,0,0],"gold":53,"neow_bonus":"THREE_RARE_CARDS","is_daily":false,"chose_seed":false,"campfire_upgraded":0,"win_rate":0.0,"timestamp":1608969656,"path_taken":["M","?","?","M","M","E"],"items_purchased_type":[],"build_version":"2020-12-22","purchased_purges":0,"victory":false,"max_hp_per_floor":[61,61,61,61,61,61,61],"relic_stats":{"counters":[4,19],"War Paint":["theForsaken:TheForsaken_Defend","theForsaken:TheForsaken_Defend"],"obtain_stats":[{"War Paint":3,"theForsaken:JudgementScales":0},{"War Paint":1,"theForsaken:JudgementScales":0},{"War Paint":3,"theForsaken:JudgementScales":0}]},"card_choices":[{"not_picked":["theForsaken:Temperance","theForsaken:Mantra"],"picked":"theForsaken:CorruptedForm","floor":0},{"not_picked":["theForsaken:FuryStrikes","theForsaken:Thunderbolt"],"picked":"theForsaken:ShieldBash","floor":1},{"not_picked":["theForsaken:ChargeAttack","theForsaken:ShieldCharge"],"picked":"theForsaken:StoreUp","floor":4},{"not_picked":["theForsaken:Thunderbolt","theForsaken:Backlash","theForsaken:RainingSunlight"],"picked":"SKIP","floor":5}],"player_experience":1789961,"relics_obtained":[],"event_choices":[{"damage_healed":0,"gold_gain":0,"player_choice":"Grow","damage_taken":0,"max_hp_gain":0,"max_hp_loss":0,"event_name":"Living Wall","floor":2,"gold_loss":0,"cards_upgraded":["theForsaken:ShieldBash"]},{"damage_healed":0,"gold_gain":1,"player_choice":"Card Relic ","damage_taken":44,"max_hp_gain":0,"max_hp_loss":0,"event_name":"betterThird:BetterScrap","floor":3,"gold_loss":0,"cards_obtained":["Pace","Unload"]}],"is_beta":false,"boss_relics":[],"items_purged_floors":[],"is_endless":false,"potions_floor_spawned":[4],"killed_by":"3 Sentries","ascension_level":16}}