{"host":"s9znsjs818tlhh47","time":1608966482,"event":{"mods":["2.2 Compatiblity","AchievementEnabler","Act Like it!","BaseMod","Bestiary","Better Note","Better Skull","Better Third Choice","Better Vampires","Card Forge","Colored Powertips","Force Act Four","Gensokyo","Marked Mod","Minty Spire (QoL Compilation)","Permanent Neow","Quick Restart","RumiaBox-露米娅的神秘盒子","StSLib","TheWitcher","【功能Mod】混沌之环修复补丁","残留之物"],"gold_per_floor":[116,116,116,127,41,41,61,61,86,86,98,110,143,143,143,221,221,236,236,250,250,57,85,185,216,216,216,231,231,260,20,20,99,99,112,112,112,112,112,143,31,31,54,67,67,67,79,40,40,40,40,40,40,40,69,69],"floor_reached":57,"playtime":4942,"items_purged":[],"score":2839,"play_id":"eeebbe35-e892-4914-b94d-46ea9e40498f","local_time":"20201226020802","is_ascension_mode":true,"campfire_choices":[{"floor":6.0,"key":"RECALL"},{"floor":10.0,"key":"REST"},{"data":"Strike_B+1","floor":15.0,"key":"PURGE"},{"floor":29.0,"key":"REST"},{"data":"Defragment","floor":32.0,"key":"SMITH"},{"data":"Glacier","floor":49,"key":"SMITH"},{"floor":53,"key":"REST"}],"circlet_count":0,"master_deck":["AscendersBane","Defend_B+1","Defend_B+1","Defend_B+1","Zap+1","Dualcast+1","Loop+1","Self Repair+1","Hologram+1","Rainbow+1","Coolheaded+1","Conserve Battery+1","Fission+1","Chill+1","Cold Snap+1","FTL+1","Thunder Strike+1","Ball Lightning+1","Skim+1","White Noise+1","Defragment+1","Creative AI+1","Gensokyo:MorningStar+1","Glacier+1","White Noise+1"],"relics":["Hammer of Thor","Seething Fire","Anvil of the Gods","Empty Cage","Gensokyo:NagashiBinaDoll","Peace Pipe","Juzu Bracelet","FossilizedHelix","Black Star","Gensokyo:SongOfSouls","Orrery","PreservedInsect","PlaceholderMod:DeVermisMysteriis","Emotion Chip","Dead Branch","Anchor","Letter Opener","GodSword4","SSSystem","Ccalipers","Orichalcum","Busted Crown","Happy Flower","Gensokyo:EmptyGrave","Vajra","Turnip","Ancient Tea Set","Molten Egg 2","Unceasing Top","TungstenRod"],"acts_visited":["Exordium","Gensokyo:Gensokyo","Gensokyo:Gensokyoer","TheEnding"],"potions_floor_usage":[46],"damage_taken":[{"damage":9.0,"enemies":"Gensokyo:Gryphon","floor":1.0,"turns":4.0},{"damage":3.0,"enemies":"Gensokyo:2_Kodama","floor":4.0,"turns":3.0},{"damage":14.0,"enemies":"Gensokyo:3_Fairies","floor":7.0,"turns":4.0},{"damage":16.0,"enemies":"Gensokyo:2_Rabbits","floor":11.0,"turns":5.0},{"damage":12.0,"enemies":"Gensokyo:CorruptedTreant","floor":12.0,"turns":4.0},{"damage":9.0,"enemies":"Gensokyo:Cirno","floor":13.0,"turns":8.0},{"damage":21.0,"enemies":"Gensokyo:Kokoro","floor":16.0,"turns":13.0},{"damage":33.0,"enemies":"Gensokyo:2_Gloops","floor":18.0,"turns":6.0},{"damage":5.0,"enemies":"Gensokyo:Chomper","floor":20.0,"turns":6.0},{"damage":35.0,"enemies":"Gensokyo:Tenshi","floor":23.0,"turns":6.0},{"damage":0.0,"enemies":"Gensokyo:Tenshi","floor":24.0,"turns":9.0},{"damage":1.0,"enemies":"Gensokyo:Reisen","floor":25.0,"turns":6.0},{"damage":0.0,"enemies":"Gensokyo:Slime_Group","floor":28.0,"turns":3.0},{"damage":0.0,"enemies":"Gensokyo:Tenshi","floor":30.0,"turns":6.0},{"damage":0.0,"enemies":"Gensokyo:Eiki","floor":33.0,"turns":7.0},{"damage":10.0,"enemies":"Gensokyo:3_Boulders","floor":35.0,"turns":4.0},{"damage":0.0,"enemies":"Gensokyo:Doremy","floor":40.0,"turns":6.0},{"damage":0.0,"enemies":"Gensokyo:3_Bats","floor":44.0,"turns":3.0},{"damage":16,"enemies":"Gensokyo:3_Bats","floor":46,"turns":5},{"damage":0,"enemies":"Gensokyo:3_Boulders","floor":47,"turns":4},{"damage":31,"enemies":"Gensokyo:Shinki","floor":50,"turns":11},{"damage":1,"enemies":"Gensokyo:Scarlet_Devils","floor":51,"turns":7},{"damage":0,"enemies":"Shield and Spear","floor":55,"turns":5},{"damage":12,"enemies":"The Heart","floor":56,"turns":8}],"seed_played":"-2062833910192972267","potions_obtained":[{"floor":7.0,"key":"SteroidPotion"},{"floor":11.0,"key":"Fruit Juice"},{"floor":12.0,"key":"SneckoOil"},{"floor":13.0,"key":"Block Potion"},{"floor":24.0,"key":"Dexterity Potion"},{"floor":28.0,"key":"Fruit Juice"},{"floor":55,"key":"Block Potion"}],"is_trial":false,"path_per_floor":["M","?","?","M","COS","R","M","?","T","R","M","M","E","?","R","B",null,"M","?","M","?","$","E","?","E","T","$","M","R","E","$","R","B",null,"M","?","?","?","?","E","$","?","T","M","?","?","M","$","R","B","B",null,"R","$","E","B",null],"character_chosen":"DEFECT","items_purchased":["Orrery","Cold Snap","White Noise","Orichalcum","FairyPotion","Glacier"],"campfire_rested":3,"item_purchase_floors":[22,22,31,31,41,48],"current_hp_per_floor":[55,55,55,52,52,52,38,40,40,61,55,58,59,59,59,48,69,46,46,51,51,51,26,36,45,45,45,55,76,76,76,76,76,76,76,56,56,56,56,66,71,74,74,74,56,56,66,66,66,45,54,69,74,74,74,72],"gold":69,"neow_bonus":"BOSS_RELIC","is_daily":false,"chose_seed":false,"campfire_upgraded":2,"win_rate":0.0,"timestamp":1608966482,"path_taken":["M","?","?","M","COS","R","M","?","T","R","?","M","E","?","R","BOSS","M","?","M","?","?","E","?","E","T","?","M","R","E","$","R","BOSS","M","?","?","?","?","E","$","?","T","M","?","?","M","?","R","BOSS","BOSS","R","$","E","BOSS"],"items_purchased_type":["Relic","Card","Card","Relic","Potion","Card"],"build_version":"2020-12-22","purchased_purges":0,"victory":true,"max_hp_per_floor":[71,71,71,71,71,71,71,71,71,71,71,76,76,76,76,76,76,76,76,76,76,76,76,76,76,76,76,76,76,76,76,76,76,76,76,76,76,76,69,69,74,74,74,74,74,74,74,74,74,74,74,74,74,74,74,74],"card_choices":[{"not_picked":["Streamline","Doom and Gloom"],"picked":"Loop","floor":1.0},{"not_picked":["Sunder","Melter"],"picked":"Hello World","floor":4.0},{"not_picked":["Aggregate","Recycle"],"picked":"Self Repair","floor":7.0},{"not_picked":["Go for the Eyes","Blizzard"],"picked":"Auto Shields","floor":11.0},{"not_picked":["Doom and Gloom","Redo"],"picked":"Hologram","floor":12.0},{"not_picked":["Steam Power","Auto Shields","Reprogram"],"picked":"SKIP","floor":13.0},{"not_picked":["Multi-Cast","Meteor Strike"],"picked":"Rainbow","floor":16.0},{"not_picked":["Skim","Ball Lightning"],"picked":"Coolheaded+1","floor":18.0},{"not_picked":["Streamline","Beam Cell"],"picked":"Conserve Battery","floor":20.0},{"not_picked":["Go for the Eyes","Redo"],"picked":"Fission","floor":22.0},{"not_picked":["Redo","Compile Driver+1"],"picked":"Chill+1","floor":22.0},{"not_picked":["Beam Cell","Rebound+1"],"picked":"Static Discharge","floor":22.0},{"not_picked":["Reprogram","Go for the Eyes"],"picked":"FTL","floor":23.0},{"not_picked":["Sweeping Beam","Cold Snap"],"picked":"BootSequence","floor":24.0},{"not_picked":["Go for the Eyes","Gash"],"picked":"Thunder Strike","floor":25.0},{"not_picked":["Recycle","Storm"],"picked":"BootSequence","floor":28.0},{"not_picked":["Steam","Doom and Gloom"],"picked":"Skim","floor":30.0},{"not_picked":["Meteor Strike","Thunder Strike"],"picked":"Creative AI","floor":33.0},{"not_picked":["Steam Power+1"],"picked":"SKIP","floor":35.0},{"not_picked":["Scrape"],"picked":"SKIP","floor":40.0},{"not_picked":["Leap"],"picked":"SKIP","floor":44.0},{"not_picked":["Gensokyo:RainbowDanmaku","Gensokyo:UnhurriedMind"],"picked":"Gensokyo:MorningStar","floor":46},{"not_picked":["Conserve Battery"],"picked":"SKIP","floor":47},{"not_picked":[],"picked":"White Noise","floor":55}],"player_experience":294183,"relics_obtained":[{"floor":13.0,"key":"Juzu Bracelet"},{"floor":23.0,"key":"PreservedInsect"},{"floor":23.0,"key":"PlaceholderMod:DeVermisMysteriis"},{"floor":24.0,"key":"Emotion Chip"},{"floor":24.0,"key":"Dead Branch"},{"floor":25.0,"key":"Anchor"},{"floor":25.0,"key":"Letter Opener"},{"floor":26.0,"key":"GodSword4"},{"floor":30.0,"key":"SSSystem"},{"floor":30.0,"key":"Ccalipers"},{"floor":40.0,"key":"Vajra"},{"floor":40.0,"key":"Turnip"},{"floor":43.0,"key":"Ancient Tea Set"},{"floor":55,"key":"Unceasing Top"},{"floor":55,"key":"TungstenRod"}],"event_choices":[{"damage_healed":2.0,"max_hp_gain":0.0,"max_hp_loss":0.0,"gold_gain":0.0,"event_name":"betterSkull:BetterSkull","player_choice":"LEAVE ","floor":8.0,"gold_loss":0.0,"damage_taken":0.0,"cards_upgraded":[],"relics_obtained":[]},{"damage_healed":0.0,"max_hp_gain":0.0,"max_hp_loss":0.0,"gold_gain":0.0,"event_name":"betterSkull:BetterSkull","player_choice":"RE ","floor":36.0,"gold_loss":0.0,"damage_taken":22.0,"cards_upgraded":[],"relics_obtained":["Happy Flower"]}],"is_beta":false,"boss_relics":[{"not_picked":["Coffee Dripper","Tiny House"],"picked":"Black Star"},{"not_picked":["SlaversCollar","Nuclear Battery"],"picked":"Busted Crown"}],"items_purged_floors":[],"is_endless":false,"potions_floor_spawned":[7,11,12,13,24,25,28,30,33,55],"ascension_level":20}}