{"host":"7tkrmasug91pv8cz","time":1608999620,"event":{"mods":["2.2 Compatiblity","Ascension Reborn","BaseMod","CapriCore","DeckTracker","Koishi","Marisa£¨Ùöéë¡¡Øª×âÞÞ£©","Minty Spire (QoL Compilation)","Permanent Neow","StSLib","SuperFastMode","The Alterego","The Immortal"],"gold_per_floor":[111,135,152,171,193,193,205,205,205,236,279,364,404,429,443,613,627,676,719,760,774,816,883,897,952,998,927,361,409,434,464,464,585,585,620,648,675,734,734,734,745,757,841,869,905,905,969,685,685,715,715,715,552,588,588],"floor_reached":56,"playtime":3592,"items_purged":["Injury","MokouMod:Defend+1","Decay"],"score":1477,"play_id":"e49b89d6-51c8-46d2-8a52-d06a3cf6acf2","local_time":"20201227012020","is_ascension_mode":true,"campfire_choices":[{"data":"MokouMod:IgnitionBlast","floor":6,"key":"SMITH"},{"floor":15,"key":"REST"},{"data":"MokouMod:SpontaneousHumanCombustion","floor":24,"key":"SMITH"},{"floor":32,"key":"RECALL"},{"data":"MokouMod:WarmUp","floor":40,"key":"SMITH"},{"data":"HandOfGreed","floor":46,"key":"SMITH"},{"data":"MokouMod:IndiscriminateIgnition","floor":49,"key":"SMITH"}],"circlet_count":0,"master_deck":["MokouMod:Strike+1","MokouMod:Strike+1","MokouMod:Strike+1","MokouMod:Defend+1","MokouMod:Defend+1","MokouMod:HeatSpark+1","MokouMod:RoaringFlare+1","MokouMod:RoaringFlare+1","MokouMod:IgnitionBlast+1","MokouMod:FujiyamaVolcano+1","MokouMod:IllusoryBattlefield+1","MokouMod:SearingShot+1","MokouMod:Combust+1","MokouMod:Overheat+1","MokouMod:BlazingComet+1","MokouMod:WarmUp+1","MokouMod:SpontaneousHumanCombustion+1","MokouMod:BurningDraft+1","MokouMod:IgnitionBarrier+1","MokouMod:Scorch+1","MokouMod:RisingSunBarrier+1","MokouMod:Ember+1","MokouMod:IgneousBlow+1","HandOfGreed+1","MokouMod:IndiscriminateIgnition+1","MokouMod:Firecracker+1","MokouMod:IgnitionBarrier+1","MokouMod:HeartofFire+1","MokouMod:TemporalFireSeal+1","MokouMod:Meltdown+1","MokouMod:FlickeringFlame+1","MokouMod:InfernalWave+1"],"relics":["MokouMod:PhoenixFeather","Bloody Idol","MawBank","Blue Candle","CeramicFish","Pocketwatch","FossilizedHelix","Coffee Dripper","MealTicket","Bottled Tornado","Letter Opener","Mango","HornCleat","Matryoshka","Unceasing Top","Meat on the Bone","Incense Burner","Turnip","Black Star","Akabeko","Mercury Hourglass","Ancient Tea Set","InkBottle","Smiling Mask","Centennial Puzzle","Sundial","Whetstone","Lantern","Orichalcum","Vajra","Bag of Preparation","Strawberry"],"acts_visited":["Exordium","TheCity","TheBeyond","TheEnding"],"potions_floor_usage":[54],"damage_taken":[{"damage":0,"enemies":"Small Slimes","floor":1,"turns":2},{"damage":1,"enemies":"Jaw Worm","floor":2,"turns":2},{"damage":0,"enemies":"2 Louse","floor":3,"turns":1},{"damage":0,"enemies":"Blue Slaver","floor":4,"turns":2},{"damage":2,"enemies":"Exordium Thugs","floor":5,"turns":4},{"damage":15,"enemies":"Exordium Wildlife","floor":7,"turns":2},{"damage":0,"enemies":"3 Louse","floor":10,"turns":1},{"damage":0,"enemies":"Gremlin Gang","floor":11,"turns":1},{"damage":6,"enemies":"3 Sentries","floor":12,"turns":4},{"damage":6,"enemies":"Looter","floor":13,"turns":2},{"damage":6,"enemies":"The Guardian","floor":16,"turns":5},{"damage":0,"enemies":"Chosen","floor":18,"turns":3},{"damage":0,"enemies":"Spheric Guardian","floor":19,"turns":3},{"damage":0,"enemies":"Centurion and Healer","floor":20,"turns":3},{"damage":0,"enemies":"Snecko","floor":22,"turns":3},{"damage":9,"enemies":"Book of Stabbing","floor":23,"turns":3},{"damage":0,"enemies":"Slavers","floor":25,"turns":3},{"damage":5,"enemies":"Book of Stabbing","floor":29,"turns":3},{"damage":4,"enemies":"Chosen and Byrds","floor":30,"turns":2},{"damage":0,"enemies":"3 Cultists","floor":31,"turns":3},{"damage":0,"enemies":"Champ","floor":33,"turns":6},{"damage":0,"enemies":"Orb Walker","floor":35,"turns":3},{"damage":22,"enemies":"3 Shapes","floor":36,"turns":3},{"damage":0,"enemies":"3 Darklings","floor":37,"turns":2},{"damage":6,"enemies":"4 Shapes","floor":38,"turns":3},{"damage":0,"enemies":"Transient","floor":42,"turns":5},{"damage":0,"enemies":"Spire Growth","floor":44,"turns":3},{"damage":0,"enemies":"Nemesis","floor":45,"turns":5},{"damage":0,"enemies":"Giant Head","floor":47,"turns":5},{"damage":16,"enemies":"Awakened One","floor":50,"turns":6},{"damage":0,"enemies":"Shield and Spear","floor":54,"turns":3},{"damage":21,"enemies":"The Heart","floor":55,"turns":6}],"seed_played":"8122293634008813200","potions_obtained":[{"floor":1,"key":"EntropicBrew"},{"floor":2,"key":"Energy Potion"},{"floor":3,"key":"DuplicationPotion"},{"floor":19,"key":"Regen Potion"},{"floor":30,"key":"EntropicBrew"},{"floor":31,"key":"PowerPotion"},{"floor":31,"key":"PowerPotion"},{"floor":37,"key":"FairyPotion"},{"floor":54,"key":"Fruit Juice"}],"is_trial":false,"path_per_floor":["M","M","M","M","M","R","M","?","T","M","M","E","M","?","R","B",null,"M","M","M","?","M","E","R","E","T","?","$","E","M","M","R","B",null,"M","M","M","M","?","R","?","M","T","M","E","R","E","$","R","B",null,"R","$","E","B",null],"character_chosen":"MKU","items_purchased":["Matryoshka","Unceasing Top","HandOfGreed","Lantern","Orichalcum","Vajra"],"campfire_rested":1,"item_purchase_floors":[28,28,28,48,48,53],"current_hp_per_floor":[54,53,53,53,51,51,36,36,36,36,36,30,24,24,55,49,75,75,75,75,75,75,75,75,75,89,89,89,89,89,89,89,89,89,89,81,89,89,79,79,86,89,89,89,89,89,89,89,89,80,89,89,89,101,80],"gold":588,"neow_bonus":"REMOVE_TWO","is_daily":false,"chose_seed":false,"campfire_upgraded":5,"win_rate":0.0,"timestamp":1608999620,"path_taken":["M","M","M","M","M","R","M","?","T","M","M","E","M","?","R","BOSS","M","M","M","?","M","E","R","E","T","?","$","E","M","M","R","BOSS","M","M","M","M","?","R","?","?","T","M","E","R","E","$","R","BOSS","R","$","E","BOSS"],"items_purchased_type":["Relic","Relic","Card","Relic","Relic","Relic"],"build_version":"2020-12-22","purchased_purges":3,"victory":true,"max_hp_per_floor":[75,75,75,75,75,75,75,75,75,75,75,75,75,75,75,75,75,75,75,75,75,75,75,75,75,89,89,89,89,89,89,89,89,89,89,89,89,89,89,89,89,89,89,89,89,89,89,89,89,89,89,89,89,101,101],"card_choices":[{"not_picked":["MokouMod:SearingShot","MokouMod:ResoluteFlare"],"picked":"MokouMod:RoaringFlare+1","floor":1},{"not_picked":["MokouMod:Overheat","MokouMod:FlickeringFlame"],"picked":"MokouMod:RoaringFlare+1","floor":2},{"not_picked":["MokouMod:RoaringFlare","MokouMod:Trailblazer"],"picked":"MokouMod:IgnitionBlast","floor":3},{"not_picked":["MokouMod:RoaringFlare+1","MokouMod:IndiscriminateIgnition"],"picked":"MokouMod:FujiyamaVolcano+1","floor":4},{"not_picked":["MokouMod:Afterburner+1","MokouMod:RetainTemperature"],"picked":"MokouMod:IllusoryBattlefield+1","floor":5},{"not_picked":["MokouMod:RoaringFlare","MokouMod:HeartofFire"],"picked":"MokouMod:SearingShot+1","floor":7},{"not_picked":["MokouMod:Burn+1","MokouMod:ImperishableFlame"],"picked":"MokouMod:Combust+1","floor":10},{"not_picked":["MokouMod:BlazingComet","MokouMod:UncontrollableSolarReaction","MokouMod:IgnitionBlast"],"picked":"SKIP","floor":11},{"not_picked":["MokouMod:FlickeringFlame+1","MokouMod:UncontrollableSolarReaction+1"],"picked":"MokouMod:Overheat+1","floor":12},{"not_picked":["MokouMod:ResoluteFlare","MokouMod:Singe"],"picked":"MokouMod:BlazingComet+1","floor":12},{"not_picked":["MokouMod:Combust","MokouMod:TemporalFireSeal","MokouMod:FujiyamaVolcano"],"picked":"SKIP","floor":13},{"not_picked":["MokouMod:Rekindle","MokouMod:ExplosiveFlame"],"picked":"MokouMod:SpontaneousHumanCombustion","floor":16},{"not_picked":["MokouMod:ControlledCombustion","MokouMod:Stoke+1"],"picked":"MokouMod:BurningDraft+1","floor":18},{"not_picked":["MokouMod:AdaptivePyromancy+1","MokouMod:HeatTransfer"],"picked":"MokouMod:IgnitionBarrier+1","floor":19},{"not_picked":["MokouMod:UncontrollableSolarReaction","MokouMod:FlickeringFlame"],"picked":"MokouMod:Scorch+1","floor":20},{"not_picked":["MokouMod:CrimsonFlare","MokouMod:FlickeringFlame+1"],"picked":"MokouMod:RisingSunBarrier+1","floor":22},{"not_picked":["MokouMod:SearingBlow","MokouMod:IcarusDive"],"picked":"MokouMod:Ember","floor":23},{"not_picked":["MokouMod:Firecracker","MokouMod:PhoenixForm"],"picked":"MokouMod:IgneousBlow+1","floor":25},{"not_picked":["MokouMod:SearingShot","MokouMod:Cataclysm+1"],"picked":"MokouMod:IndiscriminateIgnition","floor":29},{"not_picked":["MokouMod:Sear","MokouMod:FujiyamaVolcano+1"],"picked":"MokouMod:Firecracker+1","floor":30},{"not_picked":["MokouMod:HeatCyclone","MokouMod:SearingShot+1"],"picked":"MokouMod:IgnitionBarrier+1","floor":31},{"not_picked":["MokouMod:SubterraneanCore","MokouMod:FlareStarter+1"],"picked":"MokouMod:HeartofFire+1","floor":35},{"not_picked":["MokouMod:HeatTransfer+1","MokouMod:ResoluteFlare"],"picked":"MokouMod:TemporalFireSeal+1","floor":36},{"not_picked":["MokouMod:Stoke+1","MokouMod:IgnitionBarrier"],"picked":"MokouMod:Meltdown+1","floor":37},{"not_picked":["MokouMod:FujiyamaVolcano+1","MokouMod:ResoluteFlare+1"],"picked":"MokouMod:FlickeringFlame+1","floor":38},{"not_picked":["MokouMod:ScorchingColumn+1","MokouMod:ShiftIgnition","MokouMod:Stoke+1"],"picked":"SKIP","floor":42},{"not_picked":["MokouMod:Firecracker+1","MokouMod:PhoenixFeathers+1"],"picked":"MokouMod:InfernalWave+1","floor":44},{"not_picked":["MokouMod:Meltdown+1","MokouMod:GuidingSmoke+1","MokouMod:BlazingComet+1"],"picked":"SKIP","floor":45},{"not_picked":["MokouMod:Firecracker+1","MokouMod:ShiftIgnition+1","MokouMod:FlareStarter+1"],"picked":"SKIP","floor":47},{"not_picked":["MokouMod:FusionFlare+1","MokouMod:CrimsonFlare","MokouMod:AdaptivePyromancy+1"],"picked":"SKIP","floor":54}],"player_experience":109596,"relics_obtained":[{"floor":9,"key":"MawBank"},{"floor":9,"key":"Blue Candle"},{"floor":12,"key":"CeramicFish"},{"floor":13,"key":"Pocketwatch"},{"floor":16,"key":"FossilizedHelix"},{"floor":18,"key":"MealTicket"},{"floor":23,"key":"Bottled Tornado"},{"floor":25,"key":"Letter Opener"},{"floor":26,"key":"Mango"},{"floor":29,"key":"Meat on the Bone"},{"floor":31,"key":"Incense Burner"},{"floor":33,"key":"Turnip"},{"floor":36,"key":"Akabeko"},{"floor":43,"key":"Mercury Hourglass"},{"floor":43,"key":"Ancient Tea Set"},{"floor":43,"key":"InkBottle"},{"floor":45,"key":"Smiling Mask"},{"floor":45,"key":"Centennial Puzzle"},{"floor":47,"key":"Sundial"},{"floor":47,"key":"Whetstone"},{"floor":54,"key":"Bag of Preparation"},{"floor":54,"key":"Strawberry"}],"event_choices":[{"damage_healed":0,"gold_gain":0,"player_choice":"Take Wound","damage_taken":0,"relics_obtained":["Golden Idol"],"max_hp_gain":0,"max_hp_loss":0,"event_name":"Golden Idol","floor":8,"gold_loss":0,"cards_obtained":["Injury"]},{"damage_healed":0,"gold_gain":0,"cards_transformed":["MokouMod:Strike"],"player_choice":"Change","damage_taken":0,"max_hp_gain":0,"max_hp_loss":0,"event_name":"Living Wall","floor":14,"gold_loss":0,"cards_obtained":["MokouMod:WarmUp"]},{"damage_healed":0,"gold_gain":0,"player_choice":"Gave Idol","damage_taken":0,"relics_obtained":["Bloody Idol"],"max_hp_gain":0,"max_hp_loss":0,"event_name":"Forgotten Altar","floor":21,"relics_lost":["Golden Idol"],"gold_loss":0},{"damage_healed":0,"gold_gain":0,"player_choice":"Obtained Relic","damage_taken":0,"relics_obtained":["HornCleat"],"max_hp_gain":0,"max_hp_loss":0,"event_name":"Addict","floor":27,"gold_loss":85},{"damage_healed":0,"gold_gain":0,"player_choice":"Memory 3","damage_taken":10,"max_hp_gain":0,"max_hp_loss":0,"event_name":"SensoryStone","floor":39,"gold_loss":0},{"damage_healed":0,"gold_gain":0,"player_choice":"Cursed","damage_taken":0,"max_hp_gain":0,"max_hp_loss":0,"event_name":"Wheel of Change","floor":41,"gold_loss":0,"cards_obtained":["Decay"]}],"is_beta":false,"boss_relics":[{"not_picked":["Philosopher\u0027s Stone","Velvet Choker"],"picked":"Coffee Dripper"},{"not_picked":["Snecko Eye","Runic Dome"],"picked":"Black Star"}],"items_purged_floors":[28,48,53],"is_endless":false,"potions_floor_spawned":[4,5,10,11,19,23,25,31,33,37,42],"ascension_level":0}}