{"host":"9d83omykrosjn1d3","time":1608943861,"event":{"mods":["AchievementEnabler","BaseMod","BetterRewards","Card Forge","Downfall","Hubris","MarisaÅiñ∂âJÅ@ñÇóùçπÅj","Minty Spire (QoL Compilation)","Permanent Neow","Shop Mod","StSLib","SuperFastMode","The Administrix","The Construct","The Servant 0.9.4"],"gold_per_floor":[112,112,112,112,187,219,219,23,70,104,139,170,201,233,233,330,330,330],"floor_reached":17,"playtime":980,"items_purged":[],"score":397,"play_id":"43e3b3ca-65c3-40a8-b25c-355626c1dc73","local_time":"20201226095101","daily_mods":["Heirloom","Flight","downfall:Lament","DeadlyEvents","Elite Swarm"],"is_ascension_mode":false,"campfire_choices":[{"data":"TheWorld","floor":7,"key":"SMITH"},{"data":"Dilation","floor":15,"key":"SMITH"}],"circlet_count":0,"master_deck":["Strike_S","Strike_S","Defend_S","Defend_S","KidneyShot","Exchange","TimeWarp","TheWorld+1","Dilation+1","FloweringNight","TheWorld","TheWorld"],"relics":["Uniform","Hammer of Thor","Seething Fire","Anvil of the Gods","NeowsBlessing","Ice Cream","The Courier","Happy Flower","MerchantsRug","HornCleat","Bag of Preparation","construct:BoolHorns","hubris:MedicalManual","Lizard Tail","hubris:Zylophone","hubris:CrystalStatue","hubris:Backtick","hubris:TinFlute"],"acts_visited":["Exordium","TheCity"],"potions_floor_usage":[],"damage_taken":[{"damage":0,"enemies":"Jaw Worm","floor":1,"turns":1},{"damage":0,"enemies":"3 Sentries","floor":6,"turns":2},{"damage":0,"enemies":"Gremlin Nob","floor":10,"turns":1},{"damage":0,"enemies":"Lagavulin","floor":11,"turns":6},{"damage":0,"enemies":"Gremlin Nob","floor":12,"turns":3},{"damage":0,"enemies":"3 Sentries","floor":13,"turns":6},{"damage":0,"enemies":"Lagavulin","floor":14,"turns":8},{"damage":0,"enemies":"Hexaghost","floor":16,"turns":12}],"seed_played":"1464090017216831865","potions_obtained":[{"floor":1,"key":"CultistPotion"},{"floor":13,"key":"BlessingOfTheForge"},{"floor":14,"key":"Energy Potion"}],"is_trial":true,"path_per_floor":["M","?","T","$","?","E","R","$","T","E","E","E","E","E","R","B",null],"character_chosen":"THE_SERVANT","items_purchased":["MerchantsRug","HornCleat"],"campfire_rested":0,"item_purchase_floors":[8,8],"current_hp_per_floor":[65,65,65,65,54,54,54,54,54,54,54,54,54,54,54,54,65,65],"gold":330,"neow_bonus":"","is_daily":false,"chose_seed":false,"campfire_upgraded":2,"win_rate":0.0,"timestamp":1608943861,"path_taken":["M","?","?","$","?","E","R","$","T","E","E","E","E","E","R","BOSS"],"items_purchased_type":["Relic","Relic"],"build_version":"2020-12-22","purchased_purges":0,"victory":false,"max_hp_per_floor":[65,65,65,65,65,65,65,65,65,65,65,65,65,65,65,65,65,65],"card_choices":[{"not_picked":["WasteNot","Alleviate"],"picked":"TimeWarp","floor":1},{"not_picked":["SoulSculpture","SilverMatrix"],"picked":"TheWorld","floor":6},{"not_picked":["Sunlight","LightFlow"],"picked":"FloweringNight","floor":10},{"not_picked":["Duplication","Deny","ForgedInTime"],"picked":"SKIP","floor":11},{"not_picked":["PendulumOfEternity","Deny"],"picked":"TheWorld","floor":12},{"not_picked":["ForgedInTime","SoulSculpture","Duplication"],"picked":"SKIP","floor":13},{"not_picked":["Solidify","Dilation","FloweringNight"],"picked":"SKIP","floor":14},{"not_picked":["TrueSight","SoulSculpture"],"picked":"TheWorld","floor":16}],"player_experience":773919,"relics_obtained":[{"floor":3,"key":"The Courier"},{"floor":6,"key":"Happy Flower"},{"floor":9,"key":"Bag of Preparation"},{"floor":10,"key":"construct:BoolHorns"},{"floor":11,"key":"hubris:MedicalManual"},{"floor":12,"key":"Lizard Tail"},{"floor":13,"key":"hubris:Zylophone"},{"floor":14,"key":"hubris:CrystalStatue"}],"event_choices":[{"damage_healed":0,"gold_gain":0,"player_choice":"Box","damage_taken":0,"relics_obtained":["hubris:AstralHammer"],"max_hp_gain":0,"max_hp_loss":0,"event_name":"Big Fish","floor":2,"gold_loss":0,"cards_obtained":["Regret"]},{"damage_healed":0,"gold_gain":75,"player_choice":"Gather Gold","damage_taken":11,"max_hp_gain":0,"max_hp_loss":0,"event_name":"World of Goop","floor":5,"gold_loss":0}],"is_beta":false,"boss_relics":[{"not_picked":["construct:WeddingRing","hubris:TerracottaHorce"],"picked":"hubris:Backtick"}],"items_purged_floors":[],"is_endless":false,"potions_floor_spawned":[1,13,14],"ascension_level":0}}