{"host":"cwd5s03r1oaxs6mx","time":1608999870,"event":{"mods":["Act Like it!","BaseMod","Better Third Choice","BetterRewards","CapriCore","Card Filter","Colored Map","Custom Start","DeckTracker","Friendly Minions","Hubris","Infinite Spire","Minty Spire (QoL Compilation)","Quick Restart","Relic Stats","Shop Mod","Spicy Shops","StSLib","SuperFastMode","The Gatherer"],"gold_per_floor":[115,115,115,115,132,164,179,196,266,266,266],"floor_reached":10,"playtime":271,"items_purged":["Strike_G"],"score":136,"play_id":"a77612be-c037-4fd9-9c5b-c6ee9699d143","local_time":"20201227012430","is_ascension_mode":true,"campfire_choices":[],"circlet_count":0,"master_deck":["AscendersBane","Strike_G+1","Strike_G","Strike_G+1","Strike_G","Defend_G","Defend_G","Defend_G","Defend_G","Defend_G","Survivor","Neutralize","Noxious Fumes","Bouncing Flask","Escape Plan","Flechettes"],"relics":["Gatherer:AlchemyBag","infinitespire:WardingShard","Medical Kit","infinitespire:Cubic Diamond","Dream Catcher"],"acts_visited":["Exordium"],"potions_floor_usage":[],"damage_taken":[{"damage":0,"enemies":"Jaw Worm","floor":1,"turns":4},{"damage":6,"enemies":"2 Louse","floor":5,"turns":2},{"damage":13,"enemies":"Lagavulin","floor":6,"turns":7},{"damage":0,"enemies":"Cultist","floor":7,"turns":3},{"damage":18,"enemies":"Exordium Wildlife","floor":8,"turns":4},{"damage":35,"enemies":"Gremlin Nob","floor":10,"turns":3}],"seed_played":"6167193347496540443","potions_obtained":[{"floor":5,"key":"Dexterity Potion"},{"floor":8,"key":"Swift Potion"}],"is_trial":false,"path_per_floor":["M","?","?","$","M","E","M","M","T","E"],"character_chosen":"THE_SILENT","items_purchased":["infinitespire:WardingShard","Medical Kit","Noxious Fumes","Bouncing Flask"],"campfire_rested":0,"item_purchase_floors":[0,0,0,0],"current_hp_per_floor":[59,59,39,39,33,20,20,2,2,0,0],"gold":266,"neow_bonus":"","is_daily":false,"chose_seed":false,"campfire_upgraded":0,"win_rate":0.0,"timestamp":1608999870,"path_taken":["M","?","?","?","?","E","M","M","T","E"],"items_purchased_type":["Relic","Relic","Card","Card"],"build_version":"2020-12-22","purchased_purges":1,"victory":false,"max_hp_per_floor":[66,66,66,66,66,66,66,66,66,66,66],"relic_stats":{"Dream Catcher":0,"counters":[167,687],"Medical Kit":[0],"obtain_stats":[{"Ice Cream":12,"TwistedFunnel":0,"Calipers":55,"infinitespire:Cubic Diamond":2,"Whetstone":9,"hubris:MysteriousPyramids":0,"Boot":43,"Sozu":17,"Blood Vial":19,"Centennial Puzzle":8,"infinitespire:ShieldingShard":40,"DollysMirror":19,"Sundial":0,"Strawberry":12,"MealTicket":23,"Kunai":9,"hubris:TinFlute":6,"MerchantsRug":54,"Happy Flower":27,"Blue Candle":14,"Oddly Smooth Stone":0,"Tingsha":20,"Eternal Feather":6,"Pen Nib":54,"War Paint":9,"Question Card":8,"hubris:Zylophone":54,"infinitespire:Lychee Nut":41,"Shuriken":0,"hubris:PeanutButter":55,"Pandora\u0027s Box":17,"Black Star":17,"infinitespire:EmpoweringShard":6,"Ring of the Serpent":17,"Unceasing Top":47,"infinitespire:Cupcake":17,"Regal Pillow":6,"Lantern":26,"Snake Skull":0,"Bag of Preparation":47,"hubris:SlimyHat":39,"hubris:EmptyBottle":39,"Ancient Tea Set":43,"Smiling Mask":48,"Empty Cage":34,"Nunchaku":3,"Tough Bandages":0,"Dream Catcher":6,"Matryoshka":40,"hubris:Icosahedron":19,"WristBlade":34,"Mummified Hand":9,"Ninja Scroll":0,"Pantograph":54,"Tiny Chest":9,"InkBottle":47,"Ring of the Snake":0,"Runic Pyramid":17,"Potion Belt":6,"hubris:KleinBottle":48,"hubris:DisguiseKit":7,"NeowsBlessing":0,"The Specimen":0,"Golden Idol":5,"infinitespire:FocusingShard":43,"PreservedInsect":0,"Omamori":22,"infinitespire:CheckeredPen":26,"infinitespire:Lucky Rock":7,"hubris:Towel":4,"Orichalcum":47,"MawBank":7,"Medical Kit":0,"Peace Pipe":0,"Anchor":47,"infinitespire:WardingShard":25,"Ornamental Fan":29,"infinitespire:Satchel":5,"Art of War":42,"Bag of Marbles":29,"Membership Card":0,"Bottled Lightning":26,"TungstenRod":12,"hubris:OldNail":11,"Toy Ornithopter":54,"hubris:Potato":0,"Gatherer:AlchemyBag":2,"infinitespire:Midas Blood":12,"hubris:BottledRain":40},{"Ice Cream":31,"TwistedFunnel":108,"Calipers":134,"infinitespire:Cubic Diamond":162,"Whetstone":82,"hubris:MysteriousPyramids":78,"Boot":129,"Sozu":115,"Blood Vial":116,"Centennial Puzzle":29,"infinitespire:ShieldingShard":128,"DollysMirror":35,"Sundial":108,"Strawberry":84,"MealTicket":38,"Kunai":29,"hubris:TinFlute":2,"MerchantsRug":106,"Happy Flower":92,"Blue Candle":154,"Oddly Smooth Stone":8,"Tingsha":61,"Eternal Feather":81,"Pen Nib":50,"War Paint":25,"Question Card":3,"hubris:Zylophone":133,"infinitespire:Lychee Nut":73,"Shuriken":108,"hubris:PeanutButter":51,"Pandora\u0027s Box":142,"Black Star":7,"infinitespire:EmpoweringShard":150,"Ring of the Serpent":34,"Unceasing Top":103,"infinitespire:Cupcake":87,"Regal Pillow":55,"Lantern":160,"Snake Skull":20,"Bag of Preparation":47,"hubris:SlimyHat":98,"hubris:EmptyBottle":98,"Ancient Tea Set":46,"Smiling Mask":48,"Empty Cage":68,"Nunchaku":1,"Tough Bandages":52,"Dream Catcher":164,"Matryoshka":45,"hubris:Icosahedron":61,"WristBlade":41,"Mummified Hand":3,"Ninja Scroll":26,"Pantograph":106,"Tiny Chest":13,"InkBottle":131,"Ring of the Snake":0,"Runic Pyramid":60,"Potion Belt":28,"hubris:KleinBottle":76,"hubris:DisguiseKit":19,"NeowsBlessing":0,"The Specimen":108,"Golden Idol":18,"infinitespire:FocusingShard":73,"PreservedInsect":78,"Omamori":90,"infinitespire:CheckeredPen":39,"infinitespire:Lucky Rock":112,"hubris:Towel":18,"Orichalcum":76,"MawBank":24,"Medical Kit":26,"Peace Pipe":8,"Anchor":47,"infinitespire:WardingShard":39,"Ornamental Fan":65,"infinitespire:Satchel":80,"Art of War":46,"Bag of Marbles":120,"Membership Card":78,"Bottled Lightning":118,"TungstenRod":58,"hubris:OldNail":84,"Toy Ornithopter":133,"hubris:Potato":135,"Gatherer:AlchemyBag":162,"infinitespire:Midas Blood":5,"hubris:BottledRain":99},{"Ice Cream":109,"TwistedFunnel":488,"Calipers":563,"infinitespire:Cubic Diamond":668,"Whetstone":331,"hubris:MysteriousPyramids":313,"Boot":544,"Sozu":504,"Blood Vial":506,"Centennial Puzzle":106,"infinitespire:ShieldingShard":540,"DollysMirror":117,"Sundial":488,"Strawberry":339,"MealTicket":123,"Kunai":106,"hubris:TinFlute":2,"MerchantsRug":472,"Happy Flower":372,"Blue Candle":632,"Oddly Smooth Stone":32,"Tingsha":229,"Eternal Feather":323,"Pen Nib":148,"War Paint":98,"Question Card":3,"hubris:Zylophone":560,"infinitespire:Lychee Nut":292,"Shuriken":488,"hubris:PeanutButter":150,"Pandora\u0027s Box":594,"Black Star":25,"infinitespire:EmpoweringShard":619,"Ring of the Serpent":115,"Unceasing Top":447,"infinitespire:Cupcake":349,"Regal Pillow":195,"Lantern":661,"Snake Skull":78,"Bag of Preparation":141,"hubris:SlimyHat":422,"hubris:EmptyBottle":422,"Ancient Tea Set":139,"Smiling Mask":142,"Empty Cage":272,"Nunchaku":1,"Tough Bandages":155,"Dream Catcher":677,"Matryoshka":137,"hubris:Icosahedron":229,"WristBlade":130,"Mummified Hand":3,"Ninja Scroll":100,"Pantograph":472,"Tiny Chest":52,"InkBottle":551,"Ring of the Snake":0,"Runic Pyramid":225,"Potion Belt":103,"hubris:KleinBottle":305,"hubris:DisguiseKit":76,"NeowsBlessing":0,"The Specimen":488,"Golden Idol":70,"infinitespire:FocusingShard":292,"PreservedInsect":313,"Omamori":358,"infinitespire:CheckeredPen":125,"infinitespire:Lucky Rock":497,"hubris:Towel":70,"Orichalcum":305,"MawBank":96,"Medical Kit":100,"Peace Pipe":32,"Anchor":141,"infinitespire:WardingShard":125,"Ornamental Fan":249,"infinitespire:Satchel":320,"Art of War":139,"Bag of Marbles":519,"Membership Card":313,"Bottled Lightning":511,"TungstenRod":212,"hubris:OldNail":339,"Toy Ornithopter":560,"hubris:Potato":569,"Gatherer:AlchemyBag":668,"infinitespire:Midas Blood":9,"hubris:BottledRain":429}]},"card_choices":[{"not_picked":["Outmaneuver","Bane"],"picked":"Escape Plan","floor":1},{"not_picked":["Dagger Spray","Heel Hook","Predator"],"picked":"SKIP","floor":5},{"not_picked":["Dodge and Roll","Cloak And Dagger","Leg Sweep"],"picked":"SKIP","floor":6},{"not_picked":["Underhanded Strike","Finisher","Riddle With Holes"],"picked":"SKIP","floor":7},{"not_picked":["Cloak And Dagger","Predator"],"picked":"Flechettes","floor":8}],"player_experience":961953,"relics_obtained":[{"floor":6,"key":"Dream Catcher"}],"event_choices":[{"damage_healed":59,"gold_gain":0,"player_choice":"Upgrade","damage_taken":20,"max_hp_gain":0,"max_hp_loss":66,"event_name":"betterThird:BetterShining","floor":3,"gold_loss":0,"cards_upgraded":["Strike_G","Strike_G"]}],"is_beta":false,"boss_relics":[],"items_purged_floors":[0],"is_endless":false,"potions_floor_spawned":[5,8],"killed_by":"Gremlin Nob","ascension_level":20}}