{"host":"ormi09wwzv7sq47a","time":1608999184,"event":{"mods":["2.2 Compatiblity","AchievementEnabler","Act Like it!","BaseMod","Bestiary","Better Altar","Better Note","Better Sensory Stone","Better Skull","Better Third Choice","Better Vampires","BetterRewards","Block Reminder","Colored Map","Colored Powertips","Curses Come First","DeckTracker","Downfall","Highlight Path","Minty Spire (QoL Compilation)","Permanent Neow","Quick Restart","Rare Cards Sparkle","Relic Stats","Shop Mod","StSLib","The Jungle","The Servant 0.9.4"],"gold_per_floor":[119,119,139,139,160,160,200,224,224,265,286,286,310,323,323,422,422,446,446,460,24,123,123,142,142,142,166,166,166,202,29,29,124,124,139,153,178,178,178,178,242,242,242,286,310,310,343,358,358,358,358,358,9,40,40],"floor_reached":56,"playtime":3093,"items_purged":["Guardian:Strike_Guardian","Guardian:Gem_Red"],"score":2530,"play_id":"92425a19-7ea4-4a92-98ac-8bd2c56977df","local_time":"20201226131304","is_ascension_mode":true,"campfire_choices":[{"data":"Guardian:RefractedBeam+1","floor":6.0,"key":"SMITH"},{"data":"Guardian:CurlUp","floor":12.0,"key":"SMITH"},{"data":"Guardian:RefractedBeam+2","floor":15.0,"key":"SMITH"},{"data":"Guardian:GemFire","floor":23.0,"key":"SMITH"},{"data":"Guardian:RefractedBeam+3","floor":25.0,"key":"SMITH"},{"data":"Guardian:Planning","floor":29.0,"key":"SMITH"},{"data":"Guardian:PiercingHide","floor":32.0,"key":"SMITH"},{"data":"Guardian:BaubleBeam","floor":40.0,"key":"SMITH"},{"data":"Guardian:TwinSlam","floor":42.0,"key":"SMITH"},{"floor":49.0,"key":"RECALL"},{"data":"Guardian:FastForward","floor":52,"key":"SMITH"}],"circlet_count":0,"master_deck":["AscendersBane","Guardian:CurlUp+1","Guardian:TwinSlam+1","Guardian:RefractedBeam+4","Guardian:Planning+1","Guardian:VentSteam","Guardian:GemFire+1","Guardian:FloatingOrbs+1","Guardian:GemFinder+1","Guardian:RevengeProtocol+1","Guardian:EvasiveProtocol+1","Guardian:FastForward+1","Guardian:ArmoredProtocol+1","Guardian:Repulse+1","Master of Strategy","Guardian:PrismaticBarrier","Guardian:FuturePlans+1","Guardian:PiercingHide+1","Guardian:RefractedBeam+4","Mayhem+1","Guardian:Gem_Red","Guardian:BaubleBeam+1","Guardian:ShieldCharger+1","Guardian:Gem_Red","Guardian:TimeSifter+1","Guardian:Suspension","Guardian:Gem_Cyan"],"relics":["Guardian:ModeShifter","Akabeko","Golden Idol","Lizard Tail","Frozen Egg 2","Strawberry","Membership Card","Bag of Preparation","MerchantsRug","White Beast Statue","Shuriken","Smiling Mask","DollysMirror","Black Star","Anchor","Toy Ornithopter","Omamori","Bag of Marbles","Guardian:PickAxe","Guardian:StasisUpgradeRelic","Pen Nib","Kunai","InkBottle","Happy Flower"],"acts_visited":["Exordium","TheCity","TheBeyond","TheEnding"],"potions_floor_usage":[50,55,55],"damage_taken":[{"damage":0.0,"enemies":"2 Louse","floor":1.0,"turns":2.0},{"damage":1.0,"enemies":"Small Slimes","floor":3.0,"turns":3.0},{"damage":0.0,"enemies":"Jaw Worm","floor":5.0,"turns":1.0},{"damage":6.0,"enemies":"Gremlin Nob","floor":7.0,"turns":3.0},{"damage":0.0,"enemies":"Looter","floor":8.0,"turns":1.0},{"damage":2.0,"enemies":"Lagavulin","floor":10.0,"turns":4.0},{"damage":3.0,"enemies":"Blue Slaver","floor":11.0,"turns":2.0},{"damage":0.0,"enemies":"Large Slime","floor":13.0,"turns":1.0},{"damage":5.0,"enemies":"Exordium Wildlife","floor":14.0,"turns":2.0},{"damage":0.0,"enemies":"Slime Boss","floor":16.0,"turns":5.0},{"damage":1.0,"enemies":"Chosen","floor":18.0,"turns":2.0},{"damage":9.0,"enemies":"3 Byrds","floor":20.0,"turns":4.0},{"damage":0.0,"enemies":"Snecko","floor":24.0,"turns":3.0},{"damage":0.0,"enemies":"Cultist and Chosen","floor":27.0,"turns":3.0},{"damage":4.0,"enemies":"Gremlin Leader","floor":30.0,"turns":3.0},{"damage":0.0,"enemies":"Collector","floor":33.0,"turns":5.0},{"damage":9.0,"enemies":"3 Darklings","floor":35.0,"turns":2.0},{"damage":0.0,"enemies":"Orb Walker","floor":36.0,"turns":1.0},{"damage":0.0,"enemies":"Spire Growth","floor":37.0,"turns":3.0},{"damage":0.0,"enemies":"2 Orb Walkers","floor":41.0,"turns":3.0},{"damage":11.0,"enemies":"Giant Head","floor":44.0,"turns":5.0},{"damage":4.0,"enemies":"4 Shapes","floor":45.0,"turns":6.0},{"damage":0.0,"enemies":"Nemesis","floor":47.0,"turns":3.0},{"damage":0.0,"enemies":"Writhing Mass","floor":48.0,"turns":2.0},{"damage":41,"enemies":"Time Eater","floor":50,"turns":6},{"damage":8,"enemies":"Shield and Spear","floor":54,"turns":4},{"damage":62,"enemies":"The Heart","floor":55,"turns":7}],"seed_played":"2994707342088400783","potions_obtained":[{"floor":3.0,"key":"sneckomod:MuddlingPotion"},{"floor":5.0,"key":"Swift Potion"},{"floor":10.0,"key":"Guardian:StasisDiscoveryPotion"},{"floor":13.0,"key":"sneckomod:MuddlingPotion"},{"floor":14.0,"key":"EssenceOfSteel"},{"floor":27.0,"key":"LiquidMemories"},{"floor":30.0,"key":"DuplicationPotion"},{"floor":35.0,"key":"ColorlessPotion"},{"floor":36.0,"key":"SneckoOil"},{"floor":41.0,"key":"Dexterity Potion"},{"floor":44.0,"key":"SteroidPotion"},{"floor":45.0,"key":"Energy Potion"},{"floor":47.0,"key":"BlessingOfTheForge"},{"floor":54,"key":"ColorlessPotion"}],"is_trial":false,"path_per_floor":["M","?","M","?","M","R","E","M","T","E","M","R","M","M","R","B",null,"M","?","M","$","?","R","M","R","T","M","?","R","E","$","R","B",null,"M","M","M","?","?","R","?","R","T","E","M","?","E","M","R","B",null,"R","$","E","B",null],"character_chosen":"GUARDIAN","items_purchased":["Guardian:RefractedBeam","Membership Card","Bag of Preparation","Master of Strategy","Guardian:PrismaticBarrier","Guardian:FuturePlans+1","MerchantsRug","White Beast Statue","DollysMirror","Mayhem+1","Guardian:StasisUpgradeRelic","Pen Nib","Kunai","Guardian:DefensiveModePotion"],"campfire_rested":0,"item_purchase_floors":[0,21,21,21,21,21,21,21,31,31,53,53,53,53],"current_hp_per_floor":[65,47,46,32,32,32,26,26,26,31,28,28,28,23,23,23,65,64,64,55,55,55,55,55,55,55,55,55,55,51,51,51,51,72,63,63,63,63,63,63,63,63,63,52,53,53,53,53,53,17,61,61,61,53,1],"gold":40,"neow_bonus":"","is_daily":false,"chose_seed":false,"campfire_upgraded":10,"win_rate":0.0,"timestamp":1608999184,"path_taken":["M","?","M","?","M","R","E","M","T","E","M","R","M","M","R","BOSS","M","?","M","$","?","R","M","R","T","M","?","R","E","?","R","BOSS","M","M","M","?","?","R","?","R","T","E","?","?","E","M","R","BOSS","R","$","E","BOSS"],"items_purchased_type":["Card","Relic","Relic","Card","Card","Card","Relic","Relic","Relic","Card","Relic","Relic","Relic","Potion"],"build_version":"2020-12-22","purchased_purges":2,"victory":true,"max_hp_per_floor":[72,72,72,72,72,72,72,72,72,79,79,79,79,79,79,79,79,79,79,79,79,79,79,79,79,79,79,79,79,79,79,79,79,79,79,79,79,79,75,75,75,75,75,75,75,75,75,75,75,75,75,75,75,75,75],"relic_stats":{"Happy Flower":[2],"counters":[111,532],"Golden Idol":196,"Pen Nib":[3],"Bag of Preparation":[30],"Smiling Mask":0,"Lizard Tail":0,"Shuriken":[25],"Black Star":3,"Kunai":[8],"obtain_stats":[{"Gremlin Horn":26,"Vajra":31,"Ginger":0,"Sling":0,"Guardian:PickAxe":14,"Blood Vial":23,"Lizard Tail":0,"Centennial Puzzle":29,"HornCleat":22,"Sundial":30,"DollysMirror":31,"Strawberry":10,"Prayer Wheel":17,"Kunai":53,"Girya":10,"MerchantsRug":21,"Happy Flower":54,"Astrolabe":17,"Guardian:ModeShifter":0,"Oddly Smooth Stone":37,"Eternal Feather":9,"Pen Nib":44,"Guardian:PocketSentry":6,"War Paint":9,"Akabeko":0,"Shuriken":26,"Pandora\u0027s Box":34,"Black Star":34,"Unceasing Top":7,"Darkstone Periapt":17,"Guardian:StasisSlotReductionRelic":17,"Lantern":29,"Guardian:ModeShifterPlus":34,"Guardian:StasisCodex":54,"Incense Burner":7,"Bag of Preparation":21,"Ancient Tea Set":26,"Smiling Mask":30,"Dream Catcher":14,"Nunchaku":0,"InkBottle":47,"Golden Idol":13,"PreservedInsect":17,"Omamori":46,"Orichalcum":43,"Frozen Egg 2":9,"Medical Kit":0,"White Beast Statue":21,"Calling Bell":17,"Peace Pipe":0,"Guardian:StasisUpgradeRelic":53,"CaptainsWheel":9,"Anchor":9,"betterThird:SlimedRelic":2,"Turnip":0,"Bag of Marbles":48,"Bottled Lightning":26,"Membership Card":21,"hexamod:BolsterEngine":13,"FossilizedHelix":38,"Toy Ornithopter":44},{"Gremlin Horn":52,"Vajra":30,"Ginger":39,"Sling":39,"Guardian:PickAxe":24,"Blood Vial":51,"Lizard Tail":17,"Centennial Puzzle":53,"HornCleat":50,"Sundial":12,"DollysMirror":99,"Strawberry":90,"Prayer Wheel":25,"Kunai":109,"Girya":80,"MerchantsRug":96,"Happy Flower":110,"Astrolabe":47,"Guardian:ModeShifter":0,"Oddly Smooth Stone":32,"Eternal Feather":44,"Pen Nib":35,"Guardian:PocketSentry":44,"War Paint":69,"Akabeko":84,"Shuriken":97,"Pandora\u0027s Box":14,"Black Star":100,"Unceasing Top":69,"Darkstone Periapt":25,"Guardian:StasisSlotReductionRelic":7,"Lantern":29,"Guardian:ModeShifterPlus":55,"Guardian:StasisCodex":65,"Incense Burner":4,"Bag of Preparation":96,"Ancient Tea Set":28,"Smiling Mask":99,"Dream Catcher":6,"Nunchaku":66,"InkBottle":37,"Golden Idol":5,"PreservedInsect":25,"Omamori":106,"Orichalcum":34,"Frozen Egg 2":89,"Medical Kit":66,"White Beast Statue":96,"Calling Bell":25,"Peace Pipe":76,"Guardian:StasisUpgradeRelic":109,"CaptainsWheel":4,"Anchor":21,"betterThird:SlimedRelic":40,"Turnip":66,"Bag of Marbles":63,"Bottled Lightning":10,"Membership Card":96,"hexamod:BolsterEngine":45,"FossilizedHelix":58,"Toy Ornithopter":105},{"Gremlin Horn":274,"Vajra":154,"Ginger":211,"Sling":211,"Guardian:PickAxe":121,"Blood Vial":270,"Lizard Tail":91,"Centennial Puzzle":277,"HornCleat":266,"Sundial":61,"DollysMirror":485,"Strawberry":460,"Prayer Wheel":130,"Kunai":521,"Girya":426,"MerchantsRug":476,"Happy Flower":525,"Astrolabe":259,"Guardian:ModeShifter":0,"Oddly Smooth Stone":167,"Eternal Feather":237,"Pen Nib":184,"Guardian:PocketSentry":237,"War Paint":367,"Akabeko":446,"Shuriken":479,"Pandora\u0027s Box":75,"Black Star":490,"Unceasing Top":367,"Darkstone Periapt":130,"Guardian:StasisSlotReductionRelic":38,"Lantern":150,"Guardian:ModeShifterPlus":288,"Guardian:StasisCodex":340,"Incense Burner":18,"Bag of Preparation":476,"Ancient Tea Set":145,"Smiling Mask":485,"Dream Catcher":28,"Nunchaku":349,"InkBottle":196,"Golden Idol":22,"PreservedInsect":130,"Omamori":510,"Orichalcum":177,"Frozen Egg 2":456,"Medical Kit":349,"White Beast Statue":476,"Calling Bell":130,"Peace Pipe":412,"Guardian:StasisUpgradeRelic":521,"CaptainsWheel":18,"Anchor":107,"betterThird:SlimedRelic":214,"Turnip":349,"Bag of Marbles":326,"Bottled Lightning":50,"Membership Card":476,"hexamod:BolsterEngine":240,"FossilizedHelix":296,"Toy Ornithopter":504}],"Toy Ornithopter":20,"InkBottle":[7]},"card_choices":[{"not_picked":["Guardian:Repulse","Guardian:Gem_Lightblue"],"picked":"Guardian:Gem_Fragmented","floor":1.0},{"not_picked":["Guardian:RefractedBeam","Guardian:GuardianWhirl"],"picked":"Guardian:Planning","floor":3.0},{"not_picked":["Guardian:MultiBeam","Guardian:GuardianWhirl"],"picked":"Guardian:Gem_Fragmented","floor":5.0},{"not_picked":["Guardian:WalkerClaw","Guardian:PolyBeam"],"picked":"Guardian:Gem_Red","floor":7.0},{"not_picked":["Guardian:Reroute","Guardian:SphericShield","Guardian:CrystalBeam"],"picked":"SKIP","floor":8.0},{"not_picked":["Guardian:ChargeCore","Guardian:Gem_Green"],"picked":"Guardian:Gem_Cyan","floor":10.0},{"not_picked":["Guardian:Planning","Guardian:GuardianWhirl"],"picked":"Guardian:VentSteam","floor":11.0},{"not_picked":["Guardian:WalkerClaw","Guardian:VentSteam"],"picked":"Guardian:GemFire","floor":13.0},{"not_picked":["Guardian:EvasiveProtocol+1","Guardian:CrystalBeam"],"picked":"Guardian:FloatingOrbs+1","floor":14.0},{"not_picked":["Guardian:Gem_Synthetic","Guardian:BaubleBeam"],"picked":"Guardian:GemFinder+1","floor":16.0},{"not_picked":["Guardian:PrimingBeam","Guardian:MultiBeam+1"],"picked":"Guardian:Repulse+1","floor":18.0},{"not_picked":["Guardian:Gem_Lightblue","Guardian:Gem_Cyan"],"picked":"Guardian:Gem_Red","floor":20.0},{"not_picked":["Guardian:Planning","Guardian:TemporalStrike"],"picked":"Guardian:Gem_Yellow","floor":20.0},{"not_picked":["Guardian:Reroute","Guardian:Planning","Guardian:Gem_Lightblue"],"picked":"SKIP","floor":24.0},{"not_picked":["Guardian:Gem_Lightblue","Guardian:Gem_Red"],"picked":"Guardian:Gem_Cyan","floor":27.0},{"not_picked":["Guardian:Incinerate","Guardian:RollAttack+1","Guardian:Planning"],"picked":"SKIP","floor":27.0},{"not_picked":["Guardian:Gem_Green","Guardian:Gem_Lightblue"],"picked":"Guardian:Gem_Cyan","floor":30.0},{"not_picked":["Guardian:CrystalBeam+1","Guardian:PrismaticBarrier"],"picked":"Guardian:PiercingHide","floor":30.0},{"not_picked":["Guardian:Gem_Lightblue","Guardian:Gem_Green"],"picked":"Guardian:Gem_Red","floor":33.0},{"not_picked":["Guardian:StasisEngine+1","Guardian:StasisStrike"],"picked":"Guardian:BaubleBeam","floor":33.0},{"not_picked":["Guardian:SentryBeam","Guardian:WalkerClaw"],"picked":"Guardian:Gem_Yellow","floor":35.0},{"not_picked":["Guardian:PiercingHide","Guardian:ShieldCharger","Guardian:TemporalStrike"],"picked":"SKIP","floor":36.0},{"not_picked":["Guardian:Gem_Lightblue","Guardian:Gem_Red"],"picked":"Guardian:Gem_Cyan","floor":37.0},{"not_picked":["Guardian:PiercingHide","Guardian:Clone+1"],"picked":"Guardian:Gem_Fragmented","floor":37.0},{"not_picked":["Guardian:Suspension","Guardian:BaubleBeam"],"picked":"Guardian:ShieldCharger+1","floor":44.0},{"not_picked":["Guardian:Gem_Lightblue","Guardian:Gem_Green"],"picked":"Guardian:Gem_Red","floor":44.0},{"not_picked":["Guardian:Gem_Green","Guardian:Gem_Lightblue"],"picked":"Guardian:Gem_Red","floor":45.0},{"not_picked":["Guardian:Clone","Guardian:PiercingHide+1","Guardian:TemporalStrike+1"],"picked":"SKIP","floor":45.0},{"not_picked":["Guardian:Clone","Guardian:PiercingHide+1","Guardian:TemporalStrike+1"],"picked":"SKIP","floor":45.0},{"not_picked":["Guardian:CrystalBeam+1","Guardian:Recover+1"],"picked":"Guardian:TimeSifter+1","floor":47.0},{"not_picked":["Guardian:TemporalStrike","Guardian:Preprogram","Guardian:MultiBeam"],"picked":"SKIP","floor":48.0},{"not_picked":["Guardian:Gem_Cyan","Guardian:Gem_Purple"],"picked":"Guardian:Suspension","floor":54},{"not_picked":["Guardian:Gem_Lightblue","Guardian:Gem_Green"],"picked":"Guardian:Gem_Cyan","floor":54}],"player_experience":784723,"relics_obtained":[{"floor":7.0,"key":"Lizard Tail"},{"floor":9.0,"key":"Frozen Egg 2"},{"floor":10.0,"key":"Strawberry"},{"floor":26.0,"key":"Shuriken"},{"floor":30.0,"key":"Smiling Mask"},{"floor":44.0,"key":"Anchor"},{"floor":44.0,"key":"Toy Ornithopter"},{"floor":47.0,"key":"Bag of Marbles"},{"floor":47.0,"key":"Guardian:PickAxe"},{"floor":54,"key":"InkBottle"},{"floor":54,"key":"Happy Flower"}],"event_choices":[{"damage_healed":0.0,"max_hp_gain":0.0,"max_hp_loss":0.0,"gold_gain":0.0,"event_name":"Golden Idol","player_choice":"Take Damage","floor":2.0,"gold_loss":0.0,"damage_taken":18.0,"relics_obtained":["Golden Idol"]},{"damage_healed":46.0,"max_hp_gain":0.0,"max_hp_loss":72.0,"gold_gain":0.0,"event_name":"betterThird:BetterShining","player_choice":"Upgrade","floor":4.0,"gold_loss":0.0,"damage_taken":14.0,"cards_upgraded":["Guardian:Defend_Guardian","Guardian:RefractedBeam"]},{"cards_removed":["Guardian:StasisEngine"],"damage_healed":0.0,"max_hp_gain":0.0,"max_hp_loss":0.0,"gold_gain":0.0,"event_name":"betterThird:BetterWriting","player_choice":"Elegance","floor":19.0,"gold_loss":0.0,"damage_taken":0.0},{"damage_healed":0.0,"max_hp_gain":0.0,"max_hp_loss":0.0,"gold_gain":99.0,"event_name":"betterThird:BetterNest","player_choice":"Steal","floor":22.0,"gold_loss":0.0,"damage_taken":0.0},{"damage_healed":0.0,"max_hp_gain":0.0,"max_hp_loss":4.0,"gold_gain":0.0,"event_name":"Winding Halls","player_choice":"Max HP","floor":39.0,"gold_loss":0.0,"damage_taken":0.0},{"damage_healed":0.0,"max_hp_gain":0.0,"max_hp_loss":0.0,"gold_gain":0.0,"event_name":"Mysterious Sphere","player_choice":"Fight","floor":41.0,"gold_loss":0.0,"damage_taken":0.0},{"damage_healed":0.0,"max_hp_gain":0.0,"max_hp_loss":0.0,"gold_gain":0.0,"event_name":"WeMeetAgain","player_choice":"Gave Potion","floor":46.0,"gold_loss":0.0,"damage_taken":0.0,"relics_obtained":["Omamori"]}],"is_beta":false,"boss_relics":[{"not_picked":["Calling Bell","Runic Pyramid"],"picked":"Pandora\u0027s Box"},{"not_picked":["SlaversCollar","Empty Cage"],"picked":"Black Star"}],"items_purged_floors":[0,53],"is_endless":false,"potions_floor_spawned":[3,5,10,13,14,18,24,27,30,33,35,36,37,41,44,45,47,48,54],"ascension_level":14}}