{"host":"rolltorest","time":1608971420,"event":{"mods":["BaseMod","Minty Spire (QoL Compilation)","StSLib"],"gold_per_floor":[109,128,148,113,113,113,147,164,164,190,215,215,241,10,10,89,89,104,124,74,74,24,24,24,24],"floor_reached":24,"playtime":640,"items_purged":["Strike_B","Strike_B","Strike_B"],"score":424,"play_id":"d2744d48-a7ea-4acc-bae2-cecdaac39a2c","local_time":"20201226003020","is_ascension_mode":true,"campfire_choices":[{"data":"Rebound","floor":6,"key":"SMITH"},{"floor":12,"key":"REST"},{"data":"Blind","floor":15,"key":"SMITH"},{"floor":23,"key":"REST"}],"circlet_count":0,"master_deck":["AscendersBane","Strike_B","Defend_B","Defend_B","Defend_B","Defend_B","Zap","Dualcast","Streamline+1","Rebound+1","Cold Snap","Doom and Gloom","FTL","Cold Snap","Blind+1","Echo Form","CurseOfTheBell","Steam+1","Genetic Algorithm+1","Self Repair+1"],"relics":["Black Star","Blue Candle","Ginger","WingedGreaves","Art of War","Nunchaku","Pen Nib","Toy Ornithopter","TungstenRod","Calling Bell","Smiling Mask","Sundial","Prayer Wheel"],"acts_visited":["Exordium","TheCity"],"potions_floor_usage":[7,13,24],"damage_taken":[{"damage":12,"enemies":"Jaw Worm","floor":1,"turns":4},{"damage":10,"enemies":"2 Louse","floor":2,"turns":4},{"damage":1,"enemies":"Cultist","floor":3,"turns":3},{"damage":8,"enemies":"Gremlin Nob","floor":7,"turns":3},{"damage":9,"enemies":"Exordium Thugs","floor":8,"turns":5},{"damage":25,"enemies":"Lagavulin","floor":10,"turns":7},{"damage":14,"enemies":"3 Sentries","floor":13,"turns":6},{"damage":6,"enemies":"Hexaghost","floor":16,"turns":9},{"damage":13,"enemies":"Spheric Guardian","floor":18,"turns":4},{"damage":13,"enemies":"Shell Parasite","floor":19,"turns":5},{"damage":62,"enemies":"Gremlin Leader","floor":24,"turns":6}],"seed_played":"-2960229683556488539","potions_obtained":[{"floor":3,"key":"Fire Potion"},{"floor":10,"key":"Swift Potion"},{"floor":16,"key":"FearPotion"}],"is_trial":false,"path_per_floor":["M","M","M","?","?","R","E","M","T","E","T","R","E","$","R","B",null,"M","M","$","?","$","R","E"],"character_chosen":"DEFECT","items_purchased":["FocusPotion","Blind"],"campfire_rested":2,"item_purchase_floors":[14,14],"current_hp_per_floor":[52,42,41,58,58,58,50,41,41,16,16,37,23,23,23,17,58,45,32,32,32,32,53,0,0],"gold":24,"neow_bonus":"BOSS_RELIC","is_daily":false,"chose_seed":false,"campfire_upgraded":2,"win_rate":0.0,"timestamp":1608971420,"path_taken":["M","M","M","?","?","R","E","?","T","E","?","R","E","?","R","BOSS","M","M","$","?","?","R","E"],"items_purchased_type":["Potion","Card"],"build_version":"2020-12-18","purchased_purges":3,"victory":false,"max_hp_per_floor":[71,71,71,71,71,71,71,71,71,71,71,71,71,71,71,71,71,71,71,71,71,71,71,71,71],"card_choices":[{"not_picked":["Recycle","Stack"],"picked":"Streamline","floor":1},{"not_picked":["Skim","Double Energy"],"picked":"Rebound","floor":2},{"not_picked":["Go for the Eyes","Reprogram"],"picked":"Cold Snap","floor":3},{"not_picked":["Beam Cell","Cold Snap"],"picked":"Doom and Gloom","floor":7},{"not_picked":["Barrage","Turbo","Compile Driver"],"picked":"SKIP","floor":8},{"not_picked":["Machine Learning","Go for the Eyes"],"picked":"FTL","floor":10},{"not_picked":["Hologram","Steam Power"],"picked":"Cold Snap","floor":13},{"not_picked":["Hyperbeam","Rainbow"],"picked":"Echo Form","floor":16},{"not_picked":["Recycle","Lockon+1"],"picked":"Steam+1","floor":18},{"not_picked":["Storm","Fusion","Hello World"],"picked":"SKIP","floor":18},{"not_picked":["Coolheaded","Streamline"],"picked":"Genetic Algorithm+1","floor":19},{"not_picked":["Ball Lightning+1","Skim"],"picked":"Self Repair+1","floor":19}],"player_experience":1707041,"relics_obtained":[{"floor":7,"key":"Blue Candle"},{"floor":7,"key":"Ginger"},{"floor":9,"key":"WingedGreaves"},{"floor":10,"key":"Art of War"},{"floor":10,"key":"Nunchaku"},{"floor":11,"key":"Pen Nib"},{"floor":13,"key":"Toy Ornithopter"},{"floor":13,"key":"TungstenRod"},{"floor":17,"key":"Smiling Mask"},{"floor":17,"key":"Sundial"},{"floor":17,"key":"Prayer Wheel"}],"event_choices":[{"damage_healed":17,"gold_gain":0,"player_choice":"Healed","damage_taken":0,"max_hp_gain":0,"max_hp_loss":0,"event_name":"The Cleric","floor":4,"gold_loss":35},{"damage_healed":0,"gold_gain":0,"player_choice":"Forge","damage_taken":0,"max_hp_gain":0,"max_hp_loss":0,"event_name":"Accursed Blacksmith","floor":5,"gold_loss":0,"cards_upgraded":["Streamline"]},{"damage_healed":0,"gold_gain":0,"player_choice":"0 cards matched","damage_taken":0,"max_hp_gain":0,"max_hp_loss":0,"event_name":"Match and Keep!","floor":21,"gold_loss":0,"cards_obtained":[]}],"is_beta":true,"boss_relics":[{"not_picked":["Ectoplasm","Fusion Hammer"],"picked":"Calling Bell"}],"items_purged_floors":[14,20,22],"is_endless":false,"potions_floor_spawned":[3,10,16,19],"killed_by":"Gremlin Leader","ascension_level":20}}