{"host":"rkizb0bayd67deyv","time":1608957544,"event":{"mods":["2.2 Compatiblity","AchievementEnabler","Astrologer","BaseMod","Beaked The Cultist","BetterRewards","CapriCore","Colored Map","Colored Powertips","GifTheSpireLib","Gremlin Mod","KinomotoSakuraMod(ñÿîVñ{?)","Koishi","Mad Scientist","MarisaÅiñ∂âJÅ@ñÇóùçπÅj","Minty Spire (QoL Compilation)","Quick Restart","StSLib","SuperFastMode","The Bladedancer","The Cursed","The Death Knight","The Immortal","The Mystic","The Poker Player","Unknown Chances","YoumuÅiç∞ÈÆódöÎÅj"],"gold_per_floor":[118,135,235,253,267,278,278,228,228,165,165,165,165,183,183,287,287,212,212,227,152,52,52,68,68,92,123,123,119,136,152,152,257,257,267,70,70,82,133,133,143,143,143,158,169,169,169,179,179,179],"floor_reached":51,"playtime":3327,"items_purged":["MadScienceMod:Strike_MadScience","MadScienceMod:Defend_MadScience","MadScienceMod:Defend_MadScience"],"score":614,"play_id":"6f1b9bf0-e9c8-4c25-bda0-a5a0b7ec0eeb","local_time":"20201226133904","is_ascension_mode":false,"campfire_choices":[{"floor":7,"key":"REST"},{"data":"Apotheosis","floor":11,"key":"SMITH"},{"data":"MadScienceMod:GatherParts","floor":13,"key":"SMITH"},{"floor":15,"key":"REST"},{"data":"MadScienceMod:LabAccident","floor":23,"key":"SMITH"},{"data":"MadScienceMod:Refuel","floor":25,"key":"SMITH"},{"floor":28,"key":"REST"},{"floor":32,"key":"REST"},{"floor":42,"key":"REST"},{"floor":47,"key":"REST"},{"floor":49,"key":"REST"}],"circlet_count":0,"master_deck":["MadScienceMod:Strike_MadScience","MadScienceMod:Defend_MadScience","MadScienceMod:PoweredStrike","MadScienceMod:HideBehindJunk","Apotheosis+1","MadScienceMod:AssemblyLine","MadScienceMod:GatherParts+1","MadScienceMod:FlameThrower","MadScienceMod:Sprocket","MadScienceMod:OilDrum","MadScienceMod:Probe","MadScienceMod:ShrinkRay","MadScienceMod:OmniHammer","MadScienceMod:Refuel+1","MadScienceMod:Browse","MadScienceMod:LabAccident+1","MadScienceMod:Refuel","MadScienceMod:GattlingGun","MadScienceMod:Postpone","MadScienceMod:ExtractOil+1","MadScienceMod:PowerArmor","Madness","Madness","MadScienceMod:EnergyBarrier","MadScienceMod:OmniHammer","MadScienceMod:RadioactiveSword"],"relics":["MadScienceMod:FuelTank","Bag of Marbles","Turnip","MawBank","Pen Nib","beaked:SacredNecklace","Ancient Tea Set","Red Mask","MadScienceMod:PortablePumpjack","CatCart","Mercury Hourglass","Frozen Egg 2"],"acts_visited":["Exordium","TheCity","TheBeyond"],"potions_floor_usage":[6,33,39,50,50,50],"damage_taken":[{"damage":0,"enemies":"2 Louse","floor":1,"turns":2},{"damage":9,"enemies":"Cultist","floor":2,"turns":4},{"damage":0,"enemies":"Small Slimes","floor":4,"turns":3},{"damage":0,"enemies":"3 Louse","floor":5,"turns":5},{"damage":16,"enemies":"Gremlin Gang","floor":6,"turns":6},{"damage":0,"enemies":"2 Fungi Beasts","floor":14,"turns":4},{"damage":7,"enemies":"Slime Boss","floor":16,"turns":10},{"damage":6,"enemies":"2 Thieves","floor":18,"turns":5},{"damage":11,"enemies":"Shell Parasite","floor":20,"turns":4},{"damage":33,"enemies":"Shelled Parasite and Fungi","floor":24,"turns":7},{"damage":9,"enemies":"Masked Bandits","floor":27,"turns":5},{"damage":0,"enemies":"3 Cultists","floor":29,"turns":2},{"damage":0,"enemies":"Chosen and Byrds","floor":30,"turns":6},{"damage":4,"enemies":"Centurion and Healer","floor":31,"turns":5},{"damage":38,"enemies":"Champ","floor":33,"turns":8},{"damage":0,"enemies":"3 Shapes","floor":35,"turns":1},{"damage":39,"enemies":"3 Darklings","floor":38,"turns":5},{"damage":0,"enemies":"Orin","floor":39,"turns":4},{"damage":32,"enemies":"Transient","floor":41,"turns":5},{"damage":20,"enemies":"Sphere and 2 Shapes","floor":44,"turns":5},{"damage":3,"enemies":"3 Darklings","floor":45,"turns":3},{"damage":3,"enemies":"Spire Growth","floor":48,"turns":3},{"damage":40,"enemies":"Time Eater","floor":50,"turns":6}],"seed_played":"-4470169191655748537","potions_obtained":[{"floor":5,"key":"Weak Potion"},{"floor":6,"key":"LiquidMemories"},{"floor":14,"key":"PowerPotion"},{"floor":20,"key":"Block Potion"},{"floor":39,"key":"Strength Potion"},{"floor":44,"key":"BlessingOfTheForge"}],"is_trial":false,"path_per_floor":["M","M","?","M","M","M","R","?","T","$","R","?","R","M","R","B",null,"M","?","M","?","$","R","M","R","T","?","R","M","M","M","R","B",null,"M","$","?","M","?","?","M","R","T","M","M","T","R","M","R","B",null],"character_chosen":"MAD_SCIENTIST","items_purchased":["Apotheosis","MadScienceMod:AssemblyLine","MadScienceMod:GatherParts","Bag of Marbles","MadScienceMod:FlameThrower","MadScienceMod:Sprocket","MadScienceMod:PowerArmor"],"campfire_rested":7,"item_purchase_floors":[0,0,0,0,0,0,36],"current_hp_per_floor":[40,31,31,31,31,15,37,37,37,37,37,19,19,19,41,34,75,69,69,58,58,58,58,25,25,25,16,38,38,38,34,56,18,75,75,75,66,27,27,27,8,30,30,10,7,7,29,26,48,8],"gold":179,"neow_bonus":"","is_daily":false,"chose_seed":false,"campfire_upgraded":4,"win_rate":0.0,"timestamp":1608957544,"path_taken":["M","M","?","M","M","?","R","?","T","$","R","?","R","M","R","BOSS","M","?","?","?","$","R","M","R","T","?","R","M","M","M","R","BOSS","M","$","?","M","?","?","M","R","T","M","?","?","R","M","R","BOSS"],"items_purchased_type":["Card","Card","Card","Relic","Card","Card","Card"],"build_version":"2020-12-22","purchased_purges":3,"victory":true,"max_hp_per_floor":[75,75,75,75,75,75,75,75,75,75,75,75,75,75,75,75,75,75,75,75,75,75,75,75,75,75,75,75,75,75,75,75,75,75,75,75,75,75,75,75,75,75,75,75,75,75,75,75,75,75],"card_choices":[{"not_picked":["MadScienceMod:LightOnFire","MadScienceMod:Lightbulb"],"picked":"MadScienceMod:OilDrum","floor":1},{"not_picked":["MadScienceMod:Redesign","MadScienceMod:Detonate"],"picked":"MadScienceMod:Probe","floor":2},{"not_picked":["MadScienceMod:OilDrum","MadScienceMod:ExtractOil"],"picked":"MadScienceMod:ShrinkRay","floor":4},{"not_picked":["MadScienceMod:Redesign","MadScienceMod:AutoStrike"],"picked":"MadScienceMod:OmniHammer","floor":5},{"not_picked":["MadScienceMod:FragmentationGrenade","MadScienceMod:Refine"],"picked":"MadScienceMod:Refuel","floor":6},{"not_picked":["MadScienceMod:EnergyBarrier","MadScienceMod:MechanicalClaw"],"picked":"MadScienceMod:Browse","floor":14},{"not_picked":["MadScienceMod:GoldenGun","MadScienceMod:Automate"],"picked":"MadScienceMod:LabAccident","floor":16},{"not_picked":["MadScienceMod:LightOnFire","MadScienceMod:AssemblyLine","MadScienceMod:FlameThrower"],"picked":"SKIP","floor":18},{"not_picked":["MadScienceMod:Retarget","MadScienceMod:FlameCannon+1","MadScienceMod:OilDrum"],"picked":"SKIP","floor":20},{"not_picked":["MadScienceMod:Strafe+1","MadScienceMod:BoxOfScraps","MadScienceMod:OilDrum"],"picked":"SKIP","floor":24},{"not_picked":["MadScienceMod:OilDrum","MadScienceMod:Poke"],"picked":"MadScienceMod:Refuel","floor":29},{"not_picked":["MadScienceMod:Automate","MadScienceMod:OilDrum"],"picked":"MadScienceMod:GattlingGun","floor":30},{"not_picked":["MadScienceMod:GattlingGun","MadScienceMod:LightOnFire","MadScienceMod:OilDrum"],"picked":"SKIP","floor":31},{"not_picked":["MadScienceMod:CondenseVapors","MadScienceMod:ArtilleryShot"],"picked":"MadScienceMod:Postpone","floor":33},{"not_picked":["MadScienceMod:CaptureMomentum","MadScienceMod:AcidSpray+1"],"picked":"MadScienceMod:ExtractOil+1","floor":35},{"not_picked":["MadScienceMod:Lightbulb","MadScienceMod:ImposingConstruct","MadScienceMod:AntimatterBomb"],"picked":"SKIP","floor":38},{"not_picked":["MadScienceMod:Retarget+1","MadScienceMod:ImposingConstruct+1"],"picked":"MadScienceMod:EnergyBarrier","floor":39},{"not_picked":["MadScienceMod:BandageBot","MadScienceMod:FumeBlast","MadScienceMod:MechanicalClaw+1"],"picked":"SKIP","floor":41},{"not_picked":["MadScienceMod:Detonate+1","MadScienceMod:FlameThrower","MadScienceMod:Poke+1"],"picked":"SKIP","floor":44},{"not_picked":["MadScienceMod:FlameCannon","MadScienceMod:AutoStrike+1"],"picked":"MadScienceMod:RadioactiveSword","floor":45},{"not_picked":["MadScienceMod:MechanicalClaw+1","MadScienceMod:SelfDestruct+1","MadScienceMod:ShrinkRay"],"picked":"SKIP","floor":48}],"player_experience":254541,"relics_obtained":[{"floor":9,"key":"MawBank"},{"floor":26,"key":"Ancient Tea Set"},{"floor":27,"key":"Red Mask"},{"floor":39,"key":"CatCart"},{"floor":43,"key":"Mercury Hourglass"},{"floor":46,"key":"Frozen Egg 2"}],"event_choices":[{"damage_healed":0,"gold_gain":100,"player_choice":"Gold","damage_taken":0,"max_hp_gain":0,"max_hp_loss":0,"event_name":"Wheel of Change","floor":3,"gold_loss":0},{"cards_removed":["MadScienceMod:Strike_MadScience"],"damage_healed":0,"gold_gain":0,"player_choice":"Card Removal","damage_taken":0,"max_hp_gain":0,"max_hp_loss":0,"event_name":"The Cleric","floor":8,"gold_loss":50},{"damage_healed":0,"gold_gain":0,"player_choice":"Success","damage_taken":18,"relics_obtained":["Pen Nib"],"max_hp_gain":0,"max_hp_loss":0,"event_name":"Scrap Ooze","floor":12,"gold_loss":0},{"damage_healed":0,"gold_gain":0,"player_choice":"Ignored","damage_taken":0,"max_hp_gain":0,"max_hp_loss":0,"event_name":"NoteForYourself","floor":19,"gold_loss":0},{"cards_removed":["MadScienceMod:Defend_MadScience"],"damage_healed":0,"gold_gain":0,"player_choice":"Gave Gold","damage_taken":0,"max_hp_gain":0,"max_hp_loss":0,"event_name":"Beggar","floor":21,"gold_loss":75},{"damage_healed":0,"gold_gain":0,"player_choice":"Fought Bandits","damage_taken":0,"max_hp_gain":0,"max_hp_loss":0,"event_name":"Masked Bandits","floor":27,"gold_loss":0},{"damage_healed":0,"gold_gain":0,"player_choice":"Embrace Madness","damage_taken":9,"max_hp_gain":0,"max_hp_loss":0,"event_name":"Winding Halls","floor":37,"gold_loss":0,"cards_obtained":["Madness","Madness"]},{"damage_healed":0,"gold_gain":0,"player_choice":"Fight","damage_taken":0,"max_hp_gain":0,"max_hp_loss":0,"event_name":"OrinTheCat","floor":39,"gold_loss":0},{"damage_healed":0,"gold_gain":0,"cards_transformed":["MadScienceMod:Strike_MadScience"],"player_choice":"Transformed","damage_taken":0,"max_hp_gain":0,"max_hp_loss":0,"event_name":"Transmorgrifier","floor":40,"gold_loss":0,"cards_obtained":["MadScienceMod:OmniHammer"]}],"is_beta":false,"boss_relics":[{"not_picked":["Runic Pyramid","SlaversCollar"],"picked":"beaked:SacredNecklace"},{"not_picked":["Snecko Eye","Cursed Key"],"picked":"MadScienceMod:PortablePumpjack"}],"items_purged_floors":[10,22,36],"is_endless":false,"potions_floor_spawned":[5,6,14,20,24,29,30,39,44,45],"ascension_level":0}}