{"host":"k5dhp0bkccqfauyu","time":1608984858,"event":{"mods":["BaseMod","Better Note","Better Skull","Better Vampires","Colored Map","Colored Powertips","DeckTracker","Minty Spire (QoL Compilation)","Permanent Neow","StSLib","SuperFastMode"],"gold_per_floor":[116,130,148,168,186,186,211,223,223,239,239,256,285,299,299,384,393,413,413,439,465,487,487,487,487],"floor_reached":24,"playtime":1629,"items_purged":[],"score":582,"play_id":"b560a2aa-5d64-4bec-b2f3-ebcf15d25258","local_time":"20201226231418","is_ascension_mode":true,"campfire_choices":[{"data":"Eruption","floor":6,"key":"SMITH"},{"floor":11,"key":"REST"},{"data":"MentalFortress","floor":15,"key":"SMITH"},{"floor":23,"key":"REST"}],"circlet_count":0,"master_deck":["AscendersBane","Strike_P","Strike_P","Strike_P","Strike_P","Defend_P+1","Defend_P","Defend_P","Defend_P","Eruption+1","Vigilance","SandsOfTime","FlurryOfBlows","InnerPeace","ThirdEye+1","FlurryOfBlows","DeceiveReality+1","MentalFortress+1","Consecrate","EmptyMind","LessonLearned+1","CurseOfTheBell","Evaluate+1","Adaptation","WheelKick","Meditate"],"relics":["Philosopher\u0027s Stone","Pen Nib","Mercury Hourglass","CeramicFish","Calling Bell","Smiling Mask","Blue Candle","CaptainsWheel"],"acts_visited":["Exordium","TheCity"],"potions_floor_usage":[5,7,13,13,16,18,22,22],"damage_taken":[{"damage":1,"enemies":"Jaw Worm","floor":1,"turns":4},{"damage":0,"enemies":"Cultist","floor":2,"turns":2},{"damage":0,"enemies":"2 Louse","floor":3,"turns":2},{"damage":0,"enemies":"2 Fungi Beasts","floor":4,"turns":2},{"damage":9,"enemies":"Blue Slaver","floor":5,"turns":2},{"damage":11,"enemies":"Lagavulin","floor":7,"turns":4},{"damage":14,"enemies":"3 Louse","floor":8,"turns":3},{"damage":0,"enemies":"Large Slime","floor":10,"turns":3},{"damage":0,"enemies":"Exordium Wildlife","floor":12,"turns":3},{"damage":0,"enemies":"Gremlin Nob","floor":13,"turns":2},{"damage":0,"enemies":"3 Louse","floor":14,"turns":2},{"damage":0,"enemies":"The Guardian","floor":16,"turns":8},{"damage":1,"enemies":"2 Thieves","floor":18,"turns":2},{"damage":20,"enemies":"Shell Parasite","floor":20,"turns":9},{"damage":27,"enemies":"Snake Plant","floor":21,"turns":6},{"damage":1,"enemies":"Snecko","floor":22,"turns":6},{"damage":54,"enemies":"Gremlin Leader","floor":24,"turns":6}],"seed_played":"-3766072070267032220","potions_obtained":[{"floor":1,"key":"LiquidMemories"},{"floor":3,"key":"ColorlessPotion"},{"floor":5,"key":"Fire Potion"},{"floor":12,"key":"Ambrosia"},{"floor":14,"key":"Strength Potion"},{"floor":16,"key":"DistilledChaos"},{"floor":20,"key":"Regen Potion"},{"floor":21,"key":"BottledMiracle"}],"is_trial":false,"path_per_floor":["M","M","M","M","M","R","E","M","T","M","R","M","E","M","R","B",null,"M","?","M","M","M","R","E"],"character_chosen":"WATCHER","items_purchased":[],"campfire_rested":2,"item_purchase_floors":[],"current_hp_per_floor":[60,60,60,60,51,51,40,26,26,26,46,46,46,46,46,46,63,62,62,42,15,29,49,0,0],"gold":487,"neow_bonus":"BOSS_RELIC","is_daily":false,"chose_seed":false,"campfire_upgraded":2,"win_rate":0.0,"timestamp":1608984858,"path_taken":["M","M","M","M","M","R","E","M","T","M","R","M","E","M","R","BOSS","M","?","?","M","M","R","E"],"items_purchased_type":[],"build_version":"2020-12-22","purchased_purges":0,"victory":false,"max_hp_per_floor":[68,68,68,68,68,68,68,68,68,68,68,68,68,68,68,68,68,68,68,68,68,68,68,68,68],"card_choices":[{"not_picked":["ThirdEye","Nirvana"],"picked":"SandsOfTime","floor":1},{"not_picked":["LikeWater","SignatureMove"],"picked":"FlurryOfBlows","floor":2},{"not_picked":["JustLucky","FlyingSleeves"],"picked":"InnerPeace","floor":3},{"not_picked":["Vengeance","Consecrate"],"picked":"ThirdEye","floor":4},{"not_picked":["Perseverance","CutThroughFate"],"picked":"FlurryOfBlows","floor":5},{"not_picked":["Perseverance","EmptyFist"],"picked":"DeceiveReality","floor":7},{"not_picked":["ClearTheMind","PathToVictory"],"picked":"MentalFortress","floor":8},{"not_picked":["CrushJoints","Halt"],"picked":"Consecrate","floor":10},{"not_picked":["InnerPeace","FlyingSleeves"],"picked":"EmptyMind","floor":12},{"not_picked":["Prostrate","Alpha","Brilliance"],"picked":"SKIP","floor":13},{"not_picked":["CrushJoints","Consecrate","BowlingBash"],"picked":"SKIP","floor":14},{"not_picked":["Devotion","Vault"],"picked":"LessonLearned","floor":16},{"not_picked":["Protect","FlyingSleeves"],"picked":"Evaluate+1","floor":18},{"not_picked":["FollowUp","Judgement"],"picked":"Adaptation","floor":20},{"not_picked":["Vengeance","Prostrate"],"picked":"WheelKick","floor":21},{"not_picked":["ClearTheMind+1","CrushJoints"],"picked":"Meditate","floor":22}],"player_experience":1825223,"relics_obtained":[{"floor":7,"key":"Pen Nib"},{"floor":9,"key":"Mercury Hourglass"},{"floor":13,"key":"CeramicFish"},{"floor":17,"key":"Smiling Mask"},{"floor":17,"key":"Blue Candle"},{"floor":17,"key":"CaptainsWheel"}],"event_choices":[{"damage_healed":0,"gold_gain":0,"player_choice":"Upgraded","damage_taken":0,"max_hp_gain":0,"max_hp_loss":0,"event_name":"Upgrade Shrine","floor":19,"gold_loss":0,"cards_upgraded":["LessonLearned"]}],"is_beta":false,"boss_relics":[{"not_picked":["Snecko Eye","Cursed Key"],"picked":"Calling Bell"}],"items_purged_floors":[],"is_endless":false,"potions_floor_spawned":[1,3,5,12,14,16,20,21],"killed_by":"Gremlin Leader","ascension_level":20}}