{"host":"qhhcmep1unj6mpf7","time":1608952401,"event":{"mods":["2.2 Compatiblity","AchievementEnabler","BaseMod","Colored Map","DeckTracker","Highlight Path","Keyboard Shortcuts","Minty Spire (QoL Compilation)","Permanent Neow","Quick Restart","Random Character Button","StSLib","SuperFastMode","everything is the same but u backflip on backflip"],"gold_per_floor":[113,113,34,46,66,66,66,77,77,77,87,87,87,87,87,192,192,202,142,142,67,166,166,99,14,40,40,40],"floor_reached":27,"playtime":762,"items_purged":["Defend_B"],"score":286,"play_id":"cdf1da20-4ee4-4b9a-b8b1-e24f8359e781","local_time":"20201226121321","is_ascension_mode":true,"campfire_choices":[{"data":"Coolheaded","floor":6.0,"key":"SMITH"},{"data":"Zap","floor":10.0,"key":"SMITH"},{"data":"Glacier","floor":12.0,"key":"SMITH"},{"floor":15.0,"key":"REST"}],"circlet_count":0,"master_deck":["Strike_B","Defend_B","Defend_B","Zap+1","Dualcast","Coolheaded+1","Glacier+1","Self Repair","Creative AI","Steam Power+1","Undo","White Noise","Defragment"],"relics":["Cracked Core","Peace Pipe","Meat on the Bone","Mercury Hourglass","Empty Cage","Centennial Puzzle"],"acts_visited":["Exordium","TheCity"],"potions_floor_usage":[19],"damage_taken":[{"damage":8.0,"enemies":"Jaw Worm","floor":1.0,"turns":4.0},{"damage":2.0,"enemies":"2 Louse","floor":4.0,"turns":5.0},{"damage":6.0,"enemies":"Small Slimes","floor":5.0,"turns":5.0},{"damage":0.0,"enemies":"Blue Slaver","floor":8.0,"turns":4.0},{"damage":9.0,"enemies":"Large Slime","floor":11.0,"turns":11.0},{"damage":9.0,"enemies":"The Guardian","floor":16.0,"turns":14.0},{"damage":14.0,"enemies":"Chosen","floor":18.0,"turns":5.0},{"damage":3,"enemies":"2 Thieves","floor":19,"turns":4},{"damage":30,"enemies":"Gremlin Leader","floor":27,"turns":4}],"seed_played":"6531826259214769510","potions_obtained":[{"floor":1.0,"key":"AttackPotion"},{"floor":5.0,"key":"AttackPotion"},{"floor":11.0,"key":"CultistPotion"},{"floor":18.0,"key":"LiquidBronze"}],"is_trial":false,"path_per_floor":["M","?","$","M","M","R","?","M","T","R","M","R","?","?","R","B",null,"M","M","?","$","?","?","$","?","T","E"],"character_chosen":"DEFECT","items_purchased":["Glacier","Defragment"],"campfire_rested":1,"item_purchase_floors":[3,24],"current_hp_per_floor":[42,35,35,33,27,27,27,27,27,27,30,30,18,18,40,43,67,60,64,64,64,64,64,64,64,64,34,34],"gold":40,"neow_bonus":"ONE_RARE_RELIC","is_daily":false,"chose_seed":false,"campfire_upgraded":3,"win_rate":0.0,"timestamp":1608952401,"path_taken":["M","?","$","M","M","R","?","M","T","R","M","R","?","?","R","BOSS","M","M","?","$","?","?","?","?","T","E"],"items_purchased_type":["Card","Card"],"build_version":"2020-12-22","purchased_purges":1,"victory":false,"max_hp_per_floor":[75,75,75,75,75,75,75,75,75,75,75,75,75,75,75,75,75,75,75,75,75,75,75,75,75,75,75,75],"card_choices":[{"not_picked":["Melter","Gash"],"picked":"Coolheaded","floor":1.0},{"not_picked":["Compile Driver","Go for the Eyes","Static Discharge"],"picked":"SKIP","floor":4.0},{"not_picked":["Conserve Battery","Leap","BootSequence"],"picked":"SKIP","floor":5.0},{"not_picked":["Redo","Cold Snap","Turbo"],"picked":"SKIP","floor":8.0},{"not_picked":["Machine Learning","FTL"],"picked":"Self Repair","floor":11.0},{"not_picked":["Buffer","Echo Form"],"picked":"Creative AI","floor":16.0},{"not_picked":["Ball Lightning+1","Gash"],"picked":"Steam Power+1","floor":18.0},{"not_picked":["Gash","Consume"],"picked":"Undo","floor":19}],"player_experience":307234,"relics_obtained":[{"floor":9.0,"key":"Meat on the Bone"}],"event_choices":[{"cards_removed":["Strike_B"],"damage_healed":0.0,"max_hp_gain":0.0,"max_hp_loss":0.0,"gold_gain":0.0,"event_name":"Golden Wing","player_choice":"Card Removal","floor":2.0,"gold_loss":0.0,"damage_taken":7.0},{"damage_healed":0.0,"max_hp_gain":0.0,"max_hp_loss":0.0,"gold_gain":0.0,"event_name":"The Cleric","player_choice":"Leave","floor":7.0,"gold_loss":0.0,"damage_taken":0.0},{"damage_healed":0.0,"max_hp_gain":0.0,"max_hp_loss":0.0,"gold_gain":0.0,"event_name":"Scrap Ooze","player_choice":"Success","floor":13.0,"gold_loss":0.0,"damage_taken":12.0,"relics_obtained":["Mercury Hourglass"]},{"damage_healed":0.0,"max_hp_gain":0.0,"max_hp_loss":0.0,"gold_gain":0.0,"event_name":"Liars Game","player_choice":"Ignored","floor":14.0,"gold_loss":0.0,"damage_taken":0.0},{"damage_healed":0,"gold_gain":0,"player_choice":"Read","damage_taken":0,"max_hp_gain":0,"max_hp_loss":0,"event_name":"The Library","floor":20,"gold_loss":0,"cards_obtained":["White Noise"]},{"damage_healed":0,"gold_gain":99,"player_choice":"Stole From Cult","damage_taken":0,"max_hp_gain":0,"max_hp_loss":0,"event_name":"Nest","floor":22,"gold_loss":0},{"cards_removed":["Defend_B"],"damage_healed":0,"gold_gain":0,"player_choice":"Elegance","damage_taken":0,"max_hp_gain":0,"max_hp_loss":0,"event_name":"Back to Basics","floor":23,"gold_loss":0},{"damage_healed":0,"gold_gain":0,"player_choice":"Obtained Relic","damage_taken":0,"relics_obtained":["Centennial Puzzle"],"max_hp_gain":0,"max_hp_loss":0,"event_name":"Addict","floor":25,"gold_loss":85}],"is_beta":false,"boss_relics":[{"not_picked":["Astrolabe","Snecko Eye"],"picked":"Empty Cage"}],"items_purged_floors":[21],"is_endless":false,"potions_floor_spawned":[1,5,11,18],"killed_by":"Gremlin Leader","ascension_level":9}}