{"host":"49c2zf0lajbcs427","time":1608953865,"event":{"mods":["AchievementEnabler","BaseMod","Colored Map","Colored Powertips","Highlight Path","Key Reminder","Minty Spire (QoL Compilation)","Relic Stats","StSLib"],"gold_per_floor":[116,38,38,52,66,66,101,101,126,126,139,156,185,185,185,280,280,298,258,271,297,309,350,362,374,374],"floor_reached":25,"playtime":932,"items_purged":[],"score":263,"play_id":"a2969df9-5386-4728-811c-14942d370eed","local_time":"20201226163745","is_ascension_mode":true,"campfire_choices":[{"data":"Immolate","floor":6,"key":"SMITH"},{"data":"Rampage","floor":8,"key":"SMITH"},{"data":"Bash","floor":10,"key":"SMITH"},{"data":"Clothesline","floor":15,"key":"SMITH"},{"data":"RitualDagger","floor":24,"key":"SMITH"}],"circlet_count":0,"master_deck":["Strike_R","Strike_R","Strike_R","Strike_R","Strike_R","Defend_R","Defend_R+1","Defend_R","Defend_R+1","Bash+1","Headbutt","Rampage+1","Clothesline+1","Immolate+1","Dropkick","Regret","Headbutt","Corruption","Fire Breathing","Pain","RitualDagger+1"],"relics":["Cursed Key","Tiny Chest","Lantern","Happy Flower","keyreminder:keyreminder","SlaversCollar","MawBank","CeramicFish"],"acts_visited":["Exordium","TheCity"],"potions_floor_usage":[7,7,20,23,25],"damage_taken":[{"damage":7,"enemies":"Small Slimes","floor":1,"turns":4},{"damage":3,"enemies":"2 Louse","floor":4,"turns":2},{"damage":7,"enemies":"Jaw Worm","floor":5,"turns":2},{"damage":9,"enemies":"Lagavulin","floor":7,"turns":6},{"damage":0,"enemies":"Gremlin Gang","floor":11,"turns":3},{"damage":3,"enemies":"Looter","floor":12,"turns":2},{"damage":8,"enemies":"Gremlin Nob","floor":13,"turns":3},{"damage":31,"enemies":"Hexaghost","floor":16,"turns":6},{"damage":11,"enemies":"Shell Parasite","floor":18,"turns":3},{"damage":4,"enemies":"3 Byrds","floor":20,"turns":3},{"damage":35,"enemies":"Slavers","floor":23,"turns":5},{"damage":29,"enemies":"Book of Stabbing","floor":25,"turns":3}],"seed_played":"5934676448747466204","potions_obtained":[{"floor":4,"key":"Block Potion"},{"floor":5,"key":"ColorlessPotion"},{"floor":12,"key":"SteroidPotion"},{"floor":16,"key":"Block Potion"},{"floor":23,"key":"Strength Potion"}],"is_trial":false,"path_per_floor":["M","$","?","M","M","R","E","R","T","R","M","M","E","?","R","B",null,"M","?","M","T","?","E","R","E"],"character_chosen":"IRONCLAD","items_purchased":["Rampage"],"campfire_rested":0,"item_purchase_floors":[2],"current_hp_per_floor":[73,73,78,75,68,68,59,59,59,59,59,56,48,48,48,17,85,74,74,70,70,64,29,29,0,0],"gold":374,"neow_bonus":"BOSS_RELIC","is_daily":false,"chose_seed":false,"campfire_upgraded":5,"win_rate":0.0,"timestamp":1608953865,"path_taken":["M","$","?","M","M","R","E","R","T","R","M","M","E","?","R","BOSS","M","?","?","?","?","E","R","E"],"items_purchased_type":["Card"],"build_version":"2020-12-22","purchased_purges":0,"victory":false,"max_hp_per_floor":[80,80,85,85,85,85,85,85,85,85,85,85,85,85,85,85,85,85,85,85,85,85,85,85,85,85],"relic_stats":{"Happy Flower":[6],"counters":[12,42],"CeramicFish":0,"Tiny Chest":1,"Cursed Key":2,"MawBank":48,"obtain_stats":[{"keyreminder:keyreminder":13,"SlaversCollar":17,"Lantern":9,"Happy Flower":13,"CeramicFish":23,"Tiny Chest":7,"Cursed Key":0,"MawBank":21,"Burning Blood":0},{"keyreminder:keyreminder":7,"SlaversCollar":8,"Lantern":4,"Happy Flower":7,"CeramicFish":11,"Tiny Chest":4,"Cursed Key":0,"MawBank":10,"Burning Blood":0},{"keyreminder:keyreminder":22,"SlaversCollar":28,"Lantern":14,"Happy Flower":22,"CeramicFish":39,"Tiny Chest":14,"Cursed Key":0,"MawBank":34,"Burning Blood":0}]},"card_choices":[{"not_picked":["Body Slam","Sentinel"],"picked":"Headbutt","floor":1},{"not_picked":["Shrug It Off","True Grit"],"picked":"Clothesline","floor":4},{"not_picked":["Twin Strike","Sever Soul"],"picked":"Immolate","floor":5},{"not_picked":["Thunderclap","Searing Blow"],"picked":"Dropkick","floor":7},{"not_picked":["Armaments","Body Slam"],"picked":"Headbutt","floor":11},{"not_picked":["Thunderclap","Anger","Spot Weakness"],"picked":"SKIP","floor":12},{"not_picked":["Dropkick","Seeing Red","Sword Boomerang"],"picked":"SKIP","floor":13},{"not_picked":["Brutality","Demon Form"],"picked":"Corruption","floor":16},{"not_picked":["Combust","Havoc","Warcry"],"picked":"SKIP","floor":18},{"not_picked":["Cleave","Dropkick"],"picked":"Fire Breathing","floor":20},{"not_picked":["Dropkick","Havoc","Iron Wave"],"picked":"SKIP","floor":23}],"player_experience":2161831,"relics_obtained":[{"floor":7,"key":"Tiny Chest"},{"floor":9,"key":"Lantern"},{"floor":13,"key":"Happy Flower"},{"floor":21,"key":"MawBank"},{"floor":23,"key":"CeramicFish"}],"event_choices":[{"damage_healed":0,"gold_gain":0,"player_choice":"Donut","damage_taken":0,"max_hp_gain":5,"max_hp_loss":0,"event_name":"Big Fish","floor":3,"gold_loss":0},{"damage_healed":0,"gold_gain":0,"player_choice":"Ignored","damage_taken":0,"max_hp_gain":0,"max_hp_loss":0,"event_name":"Liars Game","floor":14,"gold_loss":0},{"damage_healed":0,"gold_gain":0,"player_choice":"Upgraded Two","damage_taken":0,"max_hp_gain":0,"max_hp_loss":0,"event_name":"Designer","floor":19,"gold_loss":40,"cards_upgraded":["Defend_R","Defend_R"]},{"damage_healed":0,"gold_gain":0,"player_choice":"Joined the Cult","damage_taken":6,"max_hp_gain":0,"max_hp_loss":0,"event_name":"Nest","floor":22,"gold_loss":0,"cards_obtained":["RitualDagger"]}],"is_beta":false,"boss_relics":[{"not_picked":["Runic Dome","Busted Crown"],"picked":"SlaversCollar"}],"items_purged_floors":[],"is_endless":false,"potions_floor_spawned":[4,5,12,16,23],"killed_by":"Book of Stabbing","ascension_level":3}}