{"host":"q0yztes6vyjz67b3","time":1608957420,"event":{"mods":["BaseMod","Better Altar","Better Match","Better Note","Better Sensory Stone","Better Skull","Better Third Choice","Energized Spire","Minty Spire (QoL Compilation)","Replay The Spire","StSLib","The Gatherer"],"gold_per_floor":[111,111,111,128,138,138,150,150,150,150,150,7,7,7,7,112,112,128,128,128],"floor_reached":19,"playtime":637,"items_purged":[],"score":155,"play_id":"daae9d35-520a-49ac-a426-bac506ba4bb8","local_time":"20201225203700","is_ascension_mode":false,"campfire_choices":[{"data":"Chaos","floor":6,"key":"SMITH"},{"data":"Zap","floor":8,"key":"SMITH"},{"data":"BasicCrystalCard","floor":10,"key":"SMITH"},{"data":"Dualcast","floor":15,"key":"SMITH"}],"circlet_count":0,"master_deck":["Strike_B","Strike_B","Strike_B","Defend_B","Defend_B","Defend_B+1","Defend_B","Zap+1","Dualcast+1","Coolheaded","BasicCrystalCard+1","Chaos+1","Fusion","Dagger Throw+1","Echo Form","Capacitor"],"relics":["energizedSpire:SpiderWeb","Molten Egg 2","Lee\u0027s Waffle","Eternal Feather","SacredBark"],"acts_visited":["Exordium","TheCity"],"potions_floor_usage":[16],"damage_taken":[{"damage":1,"enemies":"Jaw Worm","floor":1,"turns":4},{"damage":5,"enemies":"Small Slimes","floor":4,"turns":5},{"damage":3,"enemies":"2 Louse","floor":5,"turns":3},{"damage":3,"enemies":"Looter","floor":7,"turns":4},{"damage":45,"enemies":"The Guardian","floor":16,"turns":13},{"damage":9,"enemies":"Chosen","floor":18,"turns":7},{"damage":17,"enemies":"Shell Parasite","floor":19,"turns":4}],"seed_played":"657149205892987102","potions_obtained":[{"floor":5,"key":"FocusPotion"}],"is_trial":false,"path_per_floor":["M","?","?","M","M","R","M","R","T","R","?","$","?","$","R","B",null,"M","M"],"character_chosen":"DEFECT","items_purchased":["Lee\u0027s Waffle"],"campfire_rested":0,"item_purchase_floors":[12],"current_hp_per_floor":[74,74,67,62,59,59,56,56,56,56,56,82,70,70,76,31,82,73,56,56],"gold":128,"neow_bonus":"BOSS_RELIC","is_daily":false,"chose_seed":false,"campfire_upgraded":4,"win_rate":0.0,"timestamp":1608957420,"path_taken":["M","?","?","M","M","R","M","R","T","R","?","?","?","?","R","BOSS","M","M"],"items_purchased_type":["Relic"],"build_version":"2020-12-22","purchased_purges":0,"victory":false,"max_hp_per_floor":[75,75,75,75,75,75,75,75,75,75,75,82,82,82,82,82,82,82,82,82],"card_choices":[{"not_picked":["Compile Driver","Redo"],"picked":"Coolheaded","floor":1},{"not_picked":["Capacitor","Streamline"],"picked":"BasicCrystalCard","floor":4},{"not_picked":["Steam","Streamline"],"picked":"Chaos","floor":5},{"not_picked":["Turbo","Leap"],"picked":"Fusion","floor":7},{"not_picked":["Thunder Strike+1","Seek"],"picked":"Echo Form","floor":16},{"not_picked":["Barrage+1","ReplayTheSpireMod:Reroute Power+1"],"picked":"Capacitor","floor":18}],"player_experience":513678,"relics_obtained":[{"floor":9,"key":"Molten Egg 2"}],"event_choices":[{"cards_removed":["Strike_B"],"damage_healed":0,"gold_gain":0,"player_choice":"Card Removal","damage_taken":7,"max_hp_gain":0,"max_hp_loss":0,"event_name":"Golden Wing","floor":3,"gold_loss":0},{"damage_healed":0,"gold_gain":1,"player_choice":"4","damage_taken":0,"max_hp_gain":0,"max_hp_loss":0,"event_name":"betterStone:BetterStone","floor":11,"gold_loss":0,"cards_obtained":["Dagger Throw"]},{"damage_healed":0,"gold_gain":0,"player_choice":"Relic ","damage_taken":12,"max_hp_gain":0,"max_hp_loss":0,"event_name":"betterThird:BetterScrap","floor":13,"gold_loss":0,"cards_obtained":["Dark Embrace"]}],"is_beta":false,"boss_relics":[{"not_picked":["Coffee Dripper","Busted Crown"],"picked":"SacredBark"}],"items_purged_floors":[],"is_endless":false,"potions_floor_spawned":[5],"killed_by":"Shell Parasite","ascension_level":0}}