{"host":"bq4pt811tk9yrmjl","time":1608942824,"event":{"mods":["AchievementEnabler","BaseMod","Colored Map","Colored Powertips","Defuse TimeMaze Blight","Minty Spire (QoL Compilation)","StSLib","SuperFastMode","UnlockEverythingMod"],"gold_per_floor":[118,118,118,118,131,131,156,172,172,94,108,128,145,176,176,176,176],"floor_reached":16,"playtime":357,"items_purged":[],"score":144,"play_id":"5ce1dc66-0b96-4402-a982-b86e8c60b55e","local_time":"20201225223344","is_ascension_mode":true,"campfire_choices":[{"data":"Armaments","floor":6,"key":"SMITH"},{"data":"Body Slam","floor":15,"key":"SMITH"}],"circlet_count":0,"master_deck":["Strike_R","Strike_R","Strike_R","Strike_R","Strike_R","Defend_R","Defend_R","Defend_R","Defend_R","Bash","Body Slam+1","Armaments+1","Rage","Feel No Pain","Rampage","Flex"],"relics":["Burning Blood","NeowsBlessing","InkBottle","Potion Belt","Ancient Tea Set"],"acts_visited":["Exordium"],"potions_floor_usage":[11,14,16],"damage_taken":[{"damage":0,"enemies":"Jaw Worm","floor":1,"turns":1},{"damage":0,"enemies":"Small Slimes","floor":5,"turns":1},{"damage":0,"enemies":"Gremlin Nob","floor":7,"turns":1},{"damage":1,"enemies":"Cultist","floor":8,"turns":3},{"damage":3,"enemies":"Large Slime","floor":11,"turns":6},{"damage":12,"enemies":"3 Louse","floor":12,"turns":4},{"damage":2,"enemies":"2 Fungi Beasts","floor":13,"turns":4},{"damage":3,"enemies":"Lagavulin","floor":14,"turns":8},{"damage":80,"enemies":"Slime Boss","floor":16,"turns":19}],"seed_played":"-7581686505511362072","potions_obtained":[{"floor":8,"key":"BlessingOfTheForge"},{"floor":13,"key":"Block Potion"},{"floor":14,"key":"BlessingOfTheForge"}],"is_trial":false,"path_per_floor":["M","?","?","?","M","R","E","M","T","$","M","M","M","E","R","B"],"character_chosen":"IRONCLAD","items_purchased":["Rampage"],"campfire_rested":0,"item_purchase_floors":[10],"current_hp_per_floor":[80,80,80,80,80,80,80,80,80,80,80,74,78,80,80,0,0],"gold":176,"neow_bonus":"THREE_ENEMY_KILL","is_daily":false,"chose_seed":false,"campfire_upgraded":2,"win_rate":0.0,"timestamp":1608942824,"path_taken":["M","?","?","?","M","R","E","M","T","?","M","M","M","E","R","BOSS"],"items_purchased_type":["Card"],"build_version":"2020-12-22","purchased_purges":0,"victory":false,"max_hp_per_floor":[80,80,80,80,80,80,80,80,80,80,80,80,80,80,80,80,80],"card_choices":[{"not_picked":["Wild Strike","Dark Embrace"],"picked":"Body Slam","floor":1},{"not_picked":["Sword Boomerang","Thunderclap"],"picked":"Armaments","floor":5},{"not_picked":["Flex","Whirlwind"],"picked":"Rage","floor":7},{"not_picked":["Barricade","Dark Embrace"],"picked":"Feel No Pain","floor":8},{"not_picked":["Thunderclap","Warcry"],"picked":"Flex","floor":11},{"not_picked":["Iron Wave","Shrug It Off","Flex"],"picked":"SKIP","floor":12},{"not_picked":["Second Wind","Havoc","Shrug It Off"],"picked":"SKIP","floor":13},{"not_picked":["Disarm","Warcry","Body Slam"],"picked":"SKIP","floor":14}],"player_experience":117382,"relics_obtained":[{"floor":7,"key":"Potion Belt"},{"floor":14,"key":"Ancient Tea Set"}],"event_choices":[{"damage_healed":0,"gold_gain":0,"player_choice":"Box","damage_taken":0,"relics_obtained":["InkBottle"],"max_hp_gain":0,"max_hp_loss":0,"event_name":"Big Fish","floor":2,"gold_loss":0,"cards_obtained":["Regret"]},{"cards_removed":["Regret"],"damage_healed":0,"gold_gain":0,"player_choice":"Forget","damage_taken":0,"max_hp_gain":0,"max_hp_loss":0,"event_name":"Living Wall","floor":3,"gold_loss":0},{"damage_healed":0,"gold_gain":0,"player_choice":"Leave","damage_taken":0,"max_hp_gain":0,"max_hp_loss":0,"event_name":"The Cleric","floor":4,"gold_loss":0}],"is_beta":false,"boss_relics":[],"items_purged_floors":[],"is_endless":false,"potions_floor_spawned":[8,13,14],"killed_by":"Slime Boss","ascension_level":1}}