{"host":"65a95dzim48ko8ke","time":1608964738,"event":{"mods":["BaseMod","DeckTracker","Minty Spire (QoL Compilation)","Quick Restart","Rare Cards Sparkle","Slay-I","Spicy Shops","StSLib"],"gold_per_floor":[110,129,147,147,159,159,194,194,219,219,253,253,253,253,253,352,352,371,387,387,419,419,444,444,457,480,514,614,688,191,220,220,322,322,336,336,60,77,27,27,38,57,80,93,93,122,122,32,32,32],"floor_reached":51,"playtime":3482,"items_purged":["Regret","Doubt","Strike_B"],"score":1043,"play_id":"fdb9c5f9-0dcd-431c-9d80-33970e2913ba","local_time":"20201226153858","is_ascension_mode":true,"campfire_choices":[{"data":"Zap","floor":6.0,"key":"SMITH"},{"data":"Dualcast","floor":10.0,"key":"SMITH"},{"data":"Sunder","floor":12.0,"key":"SMITH"},{"floor":15.0,"key":"REST"},{"data":"Buffer","floor":24.0,"key":"SMITH"},{"data":"Biased Cognition","floor":32,"key":"SMITH"},{"data":"Seek","floor":40,"key":"SMITH"},{"data":"Coolheaded","floor":45,"key":"SMITH"},{"data":"Purity","floor":47,"key":"SMITH"},{"data":"Scrape","floor":49,"key":"SMITH"}],"circlet_count":0,"master_deck":["Defend_B+1","Defend_B","Defend_B","Defend_B","Zap+1","Dualcast+1","Beam Cell+1","BootSequence+1","Cold Snap","Core Surge","Aggregate","Sunder+1","Steam","Biased Cognition+1","Ball Lightning","Buffer+1","Clumsy","Coolheaded+1","Conserve Battery","Go for the Eyes+1","Self Repair","Sweeping Beam+1","Self Repair","Scrape+1","Seek+1","Impatience","The Bomb","Purity+1","Hologram+1","FTL+1","Ball Lightning+1","Clumsy","Glacier+1"],"relics":["Runic Pyramid","Smiling Mask","Blood Vial","Tiny Chest","Cursed Key","Bronze Scales","Red Mask","Du-Vu Doll","Dream Catcher","Torii","Unceasing Top","Mummified Hand","InkBottle","Happy Flower","Bottled Flame","Bird Faced Urn","SlaversCollar","DataDisk","TheAbacus","Vajra","FossilizedHelix"],"acts_visited":["Exordium","TheCity","TheBeyond"],"potions_floor_usage":[50,50,50],"damage_taken":[{"damage":0.0,"enemies":"Cultist","floor":1.0,"turns":5.0},{"damage":7.0,"enemies":"Jaw Worm","floor":2.0,"turns":3.0},{"damage":0.0,"enemies":"Small Slimes","floor":3.0,"turns":3.0},{"damage":2.0,"enemies":"2 Fungi Beasts","floor":5.0,"turns":3.0},{"damage":21.0,"enemies":"Gremlin Nob","floor":7.0,"turns":5.0},{"damage":12.0,"enemies":"3 Sentries","floor":11.0,"turns":10.0},{"damage":3.0,"enemies":"Slime Boss","floor":16.0,"turns":9.0},{"damage":1.0,"enemies":"Shell Parasite","floor":18.0,"turns":6.0},{"damage":7.0,"enemies":"Spheric Guardian","floor":19.0,"turns":5.0},{"damage":0.0,"enemies":"Masked Bandits","floor":21.0,"turns":4.0},{"damage":31.0,"enemies":"Slavers","floor":23.0,"turns":6.0},{"damage":5.0,"enemies":"Snake Plant","floor":25.0,"turns":3.0},{"damage":12.0,"enemies":"Gremlin Leader","floor":27.0,"turns":7.0},{"damage":4.0,"enemies":"Colosseum Slavers","floor":28.0,"turns":4.0},{"damage":10.0,"enemies":"Colosseum Nobs","floor":28.0,"turns":4.0},{"damage":0,"enemies":"Book of Stabbing","floor":31,"turns":5},{"damage":0,"enemies":"Champ","floor":33,"turns":10},{"damage":0,"enemies":"Orb Walker","floor":35,"turns":4},{"damage":9,"enemies":"3 Darklings","floor":38,"turns":5},{"damage":9,"enemies":"Jaw Worm Horde","floor":41,"turns":4},{"damage":0,"enemies":"4 Shapes","floor":42,"turns":5},{"damage":0,"enemies":"Writhing Mass","floor":44,"turns":4},{"damage":2,"enemies":"Nemesis","floor":46,"turns":5},{"damage":0,"enemies":"Time Eater","floor":50,"turns":11}],"seed_played":"4120341995526265833","potions_obtained":[{"floor":1.0,"key":"Strength Potion"},{"floor":5.0,"key":"Energy Potion"},{"floor":11.0,"key":"Regen Potion"},{"floor":21.0,"key":"ColorlessPotion"},{"floor":28.0,"key":"FocusPotion"},{"floor":31,"key":"FearPotion"},{"floor":42,"key":"SkillPotion"},{"floor":44,"key":"Block Potion"}],"is_trial":false,"path_per_floor":["M","M","M","?","M","R","E","?","T","R","E","R","?","?","R","B",null,"M","M","T","?","?","E","R","M","T","E","?","T","$","E","R","B",null,"M","?","$","M","$","R","M","M","T","M","R","E","R","?","R","B",null],"character_chosen":"DEFECT","items_purchased":["Happy Flower","Self Repair","Bottled Flame","DataDisk","TheAbacus"],"campfire_rested":1,"item_purchase_floors":[30,30,30,37,37],"current_hp_per_floor":[75,68,68,68,66,66,45,45,45,45,35,35,20,20,42,41,67,68,63,63,65,51,37,37,34,34,24,21,21,21,37,37,61,75,80,70,70,80,80,80,80,80,80,80,80,80,80,80,80,80],"gold":32,"neow_bonus":"BOSS_RELIC","is_daily":false,"chose_seed":false,"campfire_upgraded":9,"win_rate":0.0,"timestamp":1608964738,"path_taken":["M","?","M","?","?","R","E","?","T","R","E","R","?","?","R","BOSS","M","?","?","?","?","E","R","M","T","E","?","?","$","E","R","BOSS","M","?","$","M","$","R","M","M","T","M","R","E","R","?","R","BOSS"],"items_purchased_type":["Relic","Card","Relic","Relic","Relic"],"build_version":"2020-12-22","purchased_purges":3,"victory":true,"max_hp_per_floor":[75,75,75,75,75,75,75,75,75,75,75,75,75,75,75,75,75,75,75,75,75,80,80,80,80,80,80,80,80,80,80,80,80,80,80,80,80,80,80,80,80,80,80,80,80,80,80,80,80,80],"card_choices":[{"not_picked":["Darkness","Sweeping Beam"],"picked":"Beam Cell","floor":1.0},{"not_picked":["Rebound","Loop"],"picked":"BootSequence","floor":2.0},{"not_picked":["Blizzard","Scrape"],"picked":"Cold Snap","floor":3.0},{"not_picked":["Storm","Stack"],"picked":"Aggregate","floor":5.0},{"not_picked":["Cold Snap","Echo Form"],"picked":"Sunder","floor":7.0},{"not_picked":["Double Energy","Compile Driver"],"picked":"Steam","floor":11.0},{"not_picked":["Reboot","Fission"],"picked":"Biased Cognition","floor":16.0},{"not_picked":["Gash+1","Redo"],"picked":"Ball Lightning","floor":18.0},{"not_picked":["Turbo","Conserve Battery"],"picked":"Buffer","floor":19.0},{"not_picked":["Rip and Tear","Force Field"],"picked":"Coolheaded","floor":21.0},{"not_picked":["Beam Cell","Redo"],"picked":"Conserve Battery","floor":23.0},{"not_picked":["Compile Driver","Coolheaded+1"],"picked":"Go for the Eyes+1","floor":25.0},{"not_picked":["Multi-Cast","Leap"],"picked":"Self Repair","floor":27.0},{"not_picked":["Lockon","Rebound"],"picked":"Sweeping Beam+1","floor":28.0},{"not_picked":["Melter","Beam Cell+1"],"picked":"Scrape","floor":31},{"not_picked":["Fission","Machine Learning"],"picked":"Seek","floor":33},{"not_picked":["Recycle","Beam Cell","Streamline"],"picked":"SKIP","floor":35},{"not_picked":["PanicButton","Blind"],"picked":"Impatience","floor":36},{"not_picked":["Bandage Up","Trip"],"picked":"The Bomb","floor":36},{"not_picked":["Deep Breath","Chrysalis"],"picked":"Purity","floor":36},{"not_picked":["Go for the Eyes","Beam Cell+1"],"picked":"Hologram+1","floor":38},{"not_picked":["Cold Snap","Leap"],"picked":"FTL+1","floor":41},{"not_picked":["Force Field","Recycle+1"],"picked":"Ball Lightning+1","floor":42},{"not_picked":["Blizzard","Cold Snap+1"],"picked":"Glacier+1","floor":44},{"not_picked":["Go for the Eyes","Turbo","Darkness+1"],"picked":"SKIP","floor":46}],"player_experience":266391,"relics_obtained":[{"floor":7.0,"key":"Smiling Mask"},{"floor":9.0,"key":"Blood Vial"},{"floor":11.0,"key":"Tiny Chest"},{"floor":20.0,"key":"Bronze Scales"},{"floor":21.0,"key":"Red Mask"},{"floor":23.0,"key":"Du-Vu Doll"},{"floor":26.0,"key":"Dream Catcher"},{"floor":27.0,"key":"Torii"},{"floor":28.0,"key":"Unceasing Top"},{"floor":28.0,"key":"Mummified Hand"},{"floor":29.0,"key":"InkBottle"},{"floor":31,"key":"Bird Faced Urn"},{"floor":43,"key":"Vajra"},{"floor":46,"key":"FossilizedHelix"}],"event_choices":[{"damage_healed":0.0,"max_hp_gain":0.0,"max_hp_loss":0.0,"gold_gain":0.0,"cards_transformed":["Strike_B"],"event_name":"Transmorgrifier","player_choice":"Transformed","floor":4.0,"gold_loss":0.0,"damage_taken":0.0,"cards_obtained":["Core Surge"]},{"cards_removed":["Strike_B"],"damage_healed":0.0,"max_hp_gain":0.0,"max_hp_loss":0.0,"gold_gain":0.0,"event_name":"Living Wall","player_choice":"Forget","floor":8.0,"gold_loss":0.0,"damage_taken":0.0},{"damage_healed":0.0,"max_hp_gain":0.0,"max_hp_loss":0.0,"gold_gain":0.0,"event_name":"Shining Light","player_choice":"Entered Light","floor":13.0,"gold_loss":0.0,"damage_taken":15.0,"cards_upgraded":["Strike_B","BootSequence"]},{"damage_healed":0.0,"max_hp_gain":0.0,"max_hp_loss":0.0,"gold_gain":0.0,"event_name":"Upgrade Shrine","player_choice":"Upgraded","floor":14.0,"gold_loss":0.0,"damage_taken":0.0,"cards_upgraded":["Beam Cell"]},{"damage_healed":0.0,"max_hp_gain":0.0,"max_hp_loss":0.0,"gold_gain":0.0,"event_name":"Masked Bandits","player_choice":"Fought Bandits","floor":21.0,"gold_loss":0.0,"damage_taken":0.0},{"damage_healed":0.0,"max_hp_gain":5.0,"max_hp_loss":0.0,"gold_gain":0.0,"event_name":"Forgotten Altar","player_choice":"Shed Blood","floor":22.0,"gold_loss":0.0,"damage_taken":19.0},{"damage_healed":0.0,"max_hp_gain":0.0,"max_hp_loss":0.0,"gold_gain":0.0,"event_name":"Colosseum","player_choice":"Fight","floor":28.0,"gold_loss":0.0,"damage_taken":0.0},{"damage_healed":0.0,"max_hp_gain":0.0,"max_hp_loss":0.0,"gold_gain":0.0,"event_name":"Colosseum","player_choice":"Fought Nobs","floor":28.0,"gold_loss":0.0,"damage_taken":0.0},{"damage_healed":0,"gold_gain":0,"player_choice":"Memory 3","damage_taken":10,"max_hp_gain":0,"max_hp_loss":0,"event_name":"SensoryStone","floor":36,"gold_loss":0},{"cards_removed":["Strike_B"],"damage_healed":0,"gold_gain":0,"player_choice":"Upgrade and Remove","damage_taken":0,"max_hp_gain":0,"max_hp_loss":0,"event_name":"Designer","floor":48,"gold_loss":90,"cards_upgraded":["Defend_B"]}],"is_beta":false,"boss_relics":[{"not_picked":["Velvet Choker","SacredBark"],"picked":"Cursed Key"},{"not_picked":["Black Star","Fusion Hammer"],"picked":"SlaversCollar"}],"items_purged_floors":[30,37,39],"is_endless":false,"potions_floor_spawned":[1,5,11,21,28,28,31,42,44],"ascension_level":5}}