{"host":"s8k08j4eybfen9r6","time":1608994819,"event":{"mods":["Aspiration","BaseMod","Better Altar","Better Match","Better Note","Better Sensory Stone","Better Skull","Better Third Choice","BetterRewards","Downfall","Duelist Mod","Hubris","Minty Spire (QoL Compilation)","MostiFishMod","Rare Cards Sparkle","Shop Mod","Spicy Shops","StSLib"],"gold_per_floor":[136,136,154,154,165,193,207,233,260,271,296,296,1,28,28,133,133,146,157,167,181,181,209,235,235,262,292,308,339,354,388,388,486,486,500,500,279,295,306,340,340,121,147,147,178,191,204,204,204,204,204,204,18,43,43],"floor_reached":56,"playtime":3973,"items_purged":[],"score":1840,"play_id":"e52089c0-e402-498b-81ec-d4c2eb88f20c","local_time":"20201227010019","is_ascension_mode":true,"campfire_choices":[{"data":"theDuelist:YamiForm","floor":12.0,"key":"SMITH"},{"data":"theDuelist:RareDragonMetronome","floor":15.0,"key":"SMITH"},{"data":"theDuelist:ArcaneSpellMetronome","floor":25.0,"key":"SMITH"},{"floor":32.0,"key":"RECALL"},{"data":"theDuelist:Wiretap+1","floor":41,"key":"SMITH"},{"data":"Apotheosis","floor":44,"key":"SMITH"},{"floor":49,"key":"REST"},{"data":"theDuelist:Wiretap+2","floor":52,"key":"SMITH"}],"circlet_count":0,"master_deck":["theDuelist:SpellcasterMetronome+1","theDuelist:SkillMetronome+1","theDuelist:RareBlockMetronome+1","theDuelist:RarePowerMetronome+1","theDuelist:UncommonAttackMetronome","theDuelist:WarriorMetronome+1","theDuelist:ArcaneSpellMetronome+1","theDuelist:AttackMetronome","theDuelist:BlockMetronome","theDuelist:YamiForm+1","theDuelist:AttackMetronome","theDuelist:AttackMetronome","theDuelist:RareDragonMetronome+1","theDuelist:AttackMetronome","theDuelist:RedMedicine","theDuelist:Wiretap+3","theDuelist:BlockMetronome","theDuelist:PotMetronome","theDuelist:OrbMetronome+1","theDuelist:RarePowerMetronome","theDuelist:Metronome+1","theDuelist:AttackMetronome","theDuelist:BlockMetronome","theDuelist:FieldMetronome+1","theDuelist:ImperialOrder+1","theDuelist:TrapMetronome+1","theDuelist:RareSpireMetronome+1","theDuelist:Metronome+1","theDuelist:SkillMetronome","theDuelist:RareSpireMetronome+1","theDuelist:DarkFactory","theDuelist:BlockMetronome","theDuelist:PowerMetronome+1","theDuelist:SpellMetronome","Apotheosis+1","hubris:NaturalOne"],"relics":["theDuelist:MillenniumPuzzle","theDuelist:CardPoolRelic","theDuelist:CardPoolBasicRelic","theDuelist:BoosterPackPoolRelic","theDuelist:CardPoolAddRelic","theDuelist:CardPoolMinusRelic","theDuelist:CardPoolSaveRelic","theDuelist:CardPoolOptionsRelic","DaveBox","BirthdayGift-Tetrahedron","SynthV:TestCard","theDuelist:MillenniumRing","theDuelist:MetronomeRelicC","aspiration:Lifesprig","theDuelist:SummonAnchor","hubris:OldNail","Membership Card","Mummified Hand","hubris:Reverence","hubris:VirtuousBlindfold","hubris:SlimyHat","theDuelist:MetronomeRelicB","Pantograph","Bag of Marbles","Blood Vial","hubris:Icosahedron","Bag of Preparation","theDuelist:MerchantPendant","MerchantsRug","MetatronsCube","Toxic Egg 2","theDuelist:MillenniumCoin","aspiration:StickyExplosives_weak","Toolbox","Paper Crane","Tough Bandages"],"acts_visited":["Exordium","TheCity","TheBeyond","TheEnding"],"potions_floor_usage":[],"damage_taken":[{"damage":2.0,"enemies":"2 Louse","floor":1.0,"turns":2.0},{"damage":3.0,"enemies":"Small Slimes","floor":3.0,"turns":2.0},{"damage":2.0,"enemies":"Jaw Worm","floor":5.0,"turns":2.0},{"damage":4.0,"enemies":"3 Sentries","floor":6.0,"turns":3.0},{"damage":1.0,"enemies":"Blue Slaver","floor":7.0,"turns":1.0},{"damage":2.0,"enemies":"Gremlin Nob","floor":8.0,"turns":2.0},{"damage":5.0,"enemies":"Large Slime","floor":10.0,"turns":3.0},{"damage":4.0,"enemies":"3 Sentries","floor":14.0,"turns":3.0},{"damage":8.0,"enemies":"Hexaghost","floor":16.0,"turns":5.0},{"damage":11.0,"enemies":"2 Thieves","floor":18.0,"turns":2.0},{"damage":2.0,"enemies":"3 Byrds","floor":19.0,"turns":2.0},{"damage":2.0,"enemies":"Shelled Parasite and Fungi","floor":20.0,"turns":2.0},{"damage":4.0,"enemies":"Snake Plant","floor":21.0,"turns":3.0},{"damage":7.0,"enemies":"theDuelist:KaibaA2","floor":23.0,"turns":2.0},{"damage":4.0,"enemies":"Centurion and Healer","floor":24.0,"turns":3.0},{"damage":2.0,"enemies":"Book of Stabbing","floor":27.0,"turns":4.0},{"damage":4.0,"enemies":"Snecko","floor":28.0,"turns":3.0},{"damage":2.0,"enemies":"theDuelist:KaibaA2","floor":29.0,"turns":2.0},{"damage":0.0,"enemies":"Snake Plant","floor":30.0,"turns":1.0},{"damage":11.0,"enemies":"Slavers","floor":31.0,"turns":2.0},{"damage":1.0,"enemies":"Automaton","floor":33.0,"turns":5.0},{"damage":1,"enemies":"Orb Walker","floor":35,"turns":1},{"damage":1,"enemies":"3 Darklings","floor":38,"turns":3},{"damage":6,"enemies":"Maw","floor":39,"turns":5},{"damage":6,"enemies":"Reptomancer","floor":40,"turns":4},{"damage":6,"enemies":"Giant Head","floor":45,"turns":4},{"damage":2,"enemies":"Sphere and 2 Shapes","floor":46,"turns":2},{"damage":2,"enemies":"3 Darklings","floor":47,"turns":2},{"damage":22,"enemies":"Time Eater","floor":50,"turns":4},{"damage":6,"enemies":"Shield and Spear","floor":54,"turns":4},{"damage":6,"enemies":"The Heart","floor":55,"turns":4}],"seed_played":"4935969745488622503","potions_obtained":[{"floor":1.0,"key":"Dexterity Potion"},{"floor":7.0,"key":"FearPotion"},{"floor":14.0,"key":"theDuelist:FlamingBottle"},{"floor":24.0,"key":"theDuelist:DebuffFuryPotion"}],"is_trial":false,"path_per_floor":["M","?","M","?","M","E","M","E","T","M","T","R","$","E","R","B",null,"M","M","M","M","?","E","M","R","T","E","M","E","M","E","R","B",null,"M","?","$","M","M","E","R","$","T","R","E","M","M","?","R","B",null,"R","$","E","B",null],"character_chosen":"THE_DUELIST","items_purchased":["Membership Card","Mummified Hand","theDuelist:AttackMetronome","Bag of Preparation","theDuelist:MerchantPendant","theDuelist:MillenniumStone","theDuelist:RarePowerMetronome","Apotheosis","MerchantsRug","MetatronsCube","theDuelist:MillenniumCoin","aspiration:StickyExplosives_weak","Toolbox","Paper Crane"],"campfire_rested":1,"item_purchase_floors":[13,13,13,37,37,37,37,42,42,42,53,53,53,53],"current_hp_per_floor":[78,78,75,68,66,62,61,59,59,54,54,54,54,50,50,42,80,69,67,65,61,61,54,50,50,50,48,44,42,42,31,31,57,80,79,79,56,55,50,46,46,46,46,46,42,42,42,48,56,34,56,56,56,50,50],"gold":43,"neow_bonus":"NOSTALGIA","is_daily":false,"chose_seed":false,"campfire_upgraded":6,"win_rate":0.0,"timestamp":1608994819,"path_taken":["M","?","M","?","M","E","M","E","T","M","?","R","?","E","R","BOSS","M","M","?","M","?","E","M","R","T","E","M","E","M","E","R","BOSS","M","?","$","M","M","E","R","$","T","R","E","M","M","?","R","BOSS","R","$","E","BOSS"],"items_purchased_type":["Relic","Relic","Card","Relic","Relic","Relic","Card","Card","Relic","Relic","Relic","Relic","Relic","Relic"],"build_version":"2020-12-22","purchased_purges":0,"victory":true,"max_hp_per_floor":[80,80,80,80,80,80,80,80,80,80,80,80,80,80,80,80,80,80,80,80,80,80,80,80,80,80,80,80,80,80,80,80,80,80,80,80,56,56,56,56,56,56,56,56,56,56,56,56,56,56,56,56,56,56,56],"card_choices":[{"not_picked":["theDuelist:GaiaMidNightSun","theDuelist:MillenniumGolem","theDuelist:GemElephant","theDuelist:HaneHane"],"picked":"theDuelist:ImperialOrder","floor":1.0},{"not_picked":["theDuelist:BattleguardKing","theDuelist:Sangan","theDuelist:GemArmadillo","theDuelist:MagicHoleGolem","theDuelist:DummyGolem"],"picked":"SKIP","floor":3.0},{"not_picked":["theDuelist:Blockman","theDuelist:ClearKuriboh","theDuelist:Raigeki","theDuelist:WormKing","theDuelist:ForbiddenLance"],"picked":"SKIP","floor":5.0},{"not_picked":["theDuelist:ZombieMetronome","theDuelist:SuperheavyMetronome","theDuelist:BlockSpellMetronome","theDuelist:AttackMetronome"],"picked":"theDuelist:RareBlockMetronome","floor":6.0},{"not_picked":["theDuelist:EvilswarmHeliotrope","theDuelist:WormWarlord","theDuelist:GiantSoldierSteel","theDuelist:BattleOx"],"picked":"theDuelist:RedMedicine","floor":7.0},{"not_picked":["theDuelist:SpellcasterMetronome","theDuelist:OverflowMetronome","theDuelist:CombatMetronome","theDuelist:AttackMetronome"],"picked":"theDuelist:PotMetronome","floor":8.0},{"not_picked":["theDuelist:WormKing","theDuelist:HaneHane","theDuelist:MillenniumShield","theDuelist:Solidarity"],"picked":"theDuelist:YamiForm","floor":10.0},{"not_picked":["theDuelist:VampireMetronome","theDuelist:TrapMetronome","theDuelist:MayakashiMetronome","theDuelist:DeskbotMetronome"],"picked":"theDuelist:RareDragonMetronome","floor":14.0},{"not_picked":["theDuelist:TrapMetronome","theDuelist:ThalassicMetronome","theDuelist:DragonMetronome","theDuelist:ArcaneMonsterMetronome"],"picked":"theDuelist:SpellcasterMetronome+1","floor":18.0},{"not_picked":["theDuelist:MagnetMetronome","theDuelist:GhostrickMetronome+1","theDuelist:CyberMetronome","theDuelist:CombatMetronome+1"],"picked":"theDuelist:ArcaneSpellMetronome","floor":19.0},{"not_picked":["theDuelist:GaiaMidNightSun+1","theDuelist:ClearKuriboh","theDuelist:HarpieFeather","theDuelist:HaneHane"],"picked":"theDuelist:DarkFactory","floor":20.0},{"not_picked":["theDuelist:TidalMetronome","theDuelist:SpellcasterMetronome","theDuelist:MonsterMetronome","theDuelist:MetalRaidersMetronome+1"],"picked":"theDuelist:OrbMetronome","floor":21.0},{"not_picked":["theDuelist:RareDragonMetronome","theDuelist:MetalRaidersMetronome","theDuelist:LegendBlueEyesMetronome","theDuelist:BugMetronome"],"picked":"theDuelist:RareSpireMetronome","floor":22.0},{"not_picked":["theDuelist:EarthquakeGiant","theDuelist:EvilswarmHeliotrope","theDuelist:MillenniumGolem","theDuelist:ClearKuriboh","theDuelist:ForbiddenLance"],"picked":"SKIP","floor":23.0},{"not_picked":["theDuelist:GaiaMidNightSun+1","theDuelist:ClearKuriboh","theDuelist:WormKing+1","theDuelist:ForbiddenLance","theDuelist:Raigeki"],"picked":"SKIP","floor":24.0},{"not_picked":["theDuelist:EarthquakeGiant+1","theDuelist:MagicCylinder+1","theDuelist:ForbiddenLance+1","theDuelist:SolemnStrike"],"picked":"theDuelist:Wiretap+1","floor":27.0},{"not_picked":["theDuelist:StartingDeckMetronome","theDuelist:StampedingMetronome","theDuelist:ShiranuiMetronome","theDuelist:RecklessMetronome"],"picked":"theDuelist:WarriorMetronome+1","floor":28.0},{"not_picked":["theDuelist:WyrmMetronome","theDuelist:UncommonMetronome","theDuelist:RareBlockMetronome","theDuelist:MayakashiMetronome"],"picked":"theDuelist:RarePowerMetronome","floor":29.0},{"not_picked":["theDuelist:UncommonAttackMetronome","theDuelist:RareNatureMetronome","theDuelist:GemKnightMetronome","theDuelist:DinosaurMetronome"],"picked":"theDuelist:FieldMetronome+1","floor":30.0},{"not_picked":["theDuelist:BigFire","theDuelist:MillenniumGolem+1","theDuelist:DummyGolem","theDuelist:GreenGraveOni","theDuelist:BattleOx"],"picked":"SKIP","floor":31.0},{"not_picked":["theDuelist:Metronome","theDuelist:PotMetronome","theDuelist:SpiderMetronome","theDuelist:VampireMetronome"],"picked":"theDuelist:RareSpireMetronome+1","floor":35},{"not_picked":["theDuelist:BattleOx","theDuelist:BlockGolem","theDuelist:ForbiddenLance","theDuelist:Raigeki+1","theDuelist:Solidarity"],"picked":"SKIP","floor":38},{"not_picked":["theDuelist:AttackTheMoon+1","theDuelist:WormKing","theDuelist:WormWarlord","theDuelist:EarthquakeGiant+1","theDuelist:MillenniumGolem+1"],"picked":"SKIP","floor":39},{"not_picked":["theDuelist:BugMetronome","theDuelist:CommonSpireMetronome+1","theDuelist:LegendBlueEyesMetronome","theDuelist:VampireMetronome"],"picked":"theDuelist:SpellMetronome","floor":40},{"not_picked":["theDuelist:GaiaMidNightSun","theDuelist:BlockGolem+1","theDuelist:MillenniumShield+1","theDuelist:SolemnStrike","theDuelist:YamiForm+1"],"picked":"SKIP","floor":45},{"not_picked":["theDuelist:EvilswarmHeliotrope+1","theDuelist:Sangan+1","theDuelist:BigKoala+1","theDuelist:OneForOne+1","theDuelist:WormKing"],"picked":"SKIP","floor":46},{"not_picked":["theDuelist:EvilswarmHeliotrope","theDuelist:LabyrinthWall+1","theDuelist:SolemnStrike","theDuelist:Solidarity+1","theDuelist:YellowBelliedOni"],"picked":"SKIP","floor":47},{"not_picked":["theDuelist:DestroyerGolem+1","theDuelist:ClearKuriboh+2","theDuelist:WormKing+1","theDuelist:BattleOx+1","theDuelist:GauntletWarrior+1"],"picked":"SKIP","floor":54}],"player_experience":376629,"relics_obtained":[{"floor":1.0,"key":"SynthV:TestCard"},{"floor":6.0,"key":"theDuelist:MetronomeRelicC"},{"floor":8.0,"key":"aspiration:Lifesprig"},{"floor":9.0,"key":"theDuelist:SummonAnchor"},{"floor":11.0,"key":"hubris:OldNail"},{"floor":14.0,"key":"hubris:Reverence"},{"floor":23.0,"key":"hubris:SlimyHat"},{"floor":26.0,"key":"theDuelist:MetronomeRelicB"},{"floor":27.0,"key":"Pantograph"},{"floor":29.0,"key":"Bag of Marbles"},{"floor":31.0,"key":"Blood Vial"},{"floor":40,"key":"War Paint"},{"floor":45,"key":"Toxic Egg 2"},{"floor":54,"key":"Tough Bandages"}],"event_choices":[{"damage_healed":0.0,"max_hp_gain":0.0,"max_hp_loss":0.0,"gold_gain":0.0,"event_name":"Millennium Items","player_choice":"Took item - Received: Millennium Ring","duelist":true,"floor":2.0,"gold_loss":0.0,"damage_taken":0.0},{"cards_removed":["theDuelist:CurseAging"],"damage_healed":0.0,"max_hp_gain":0.0,"max_hp_loss":0.0,"gold_gain":0.0,"event_name":"Golden Wing","player_choice":"Card Removal","floor":4.0,"gold_loss":0.0,"damage_taken":7.0},{"damage_healed":0.0,"max_hp_gain":0.0,"max_hp_loss":0.0,"gold_gain":2.0,"event_name":"betterStone:BetterStone","player_choice":"1","floor":22.0,"gold_loss":0.0,"damage_taken":0.0}],"is_beta":false,"boss_relics":[{"not_picked":["Pandora\u0027s Box","aspiration:IroncladSkillbook"],"picked":"hubris:VirtuousBlindfold"},{"not_picked":["aspiration:SilentSkillbook","hubris:BlackHole"],"picked":"hubris:ScarierMask"}],"items_purged_floors":[],"is_endless":false,"potions_floor_spawned":[1,5,7,14,18,20,24,28,30,38,39],"ascension_level":2}}