{"host":"gy28cvaawxgarp7n","time":1608974355,"event":{"mods":["BaseMod","Conspire","Downfall","Minty Spire (QoL Compilation)","StSLib"],"gold_per_floor":[0,18,18,29,29,56,79,93,93,93,104,116,116,134,153,256,256,256,269,269,282,2,35,35,35,55,40,72,72,91,76,91,187,187,187,207,221,17,17,37,37,51,85,96,96,96,96],"floor_reached":45,"playtime":2027,"items_purged":["Slimebound:Schlurp"],"score":613,"play_id":"69f0c6ab-8b84-48c1-9e7e-c4a872649e88","local_time":"20201226171915","is_ascension_mode":true,"campfire_choices":[{"data":"Slimebound:Split","floor":1.0,"key":"SMITH"},{"data":"Slimebound:Recycling","floor":18.0,"key":"SMITH"},{"data":"Slimebound:OozeBath","floor":35,"key":"SMITH"}],"circlet_count":0,"master_deck":["Slimebound:Strike_Slimebound","Slimebound:Strike_Slimebound","Slimebound:Strike_Slimebound","Slimebound:Tackle","Slimebound:Defend_Slimebound","Slimebound:Defend_Slimebound","Slimebound:Split+1","Slimebound:CorrosiveSpit","Slimebound:TagTeam","Slimebound:SlimeSpikes","Slimebound:LevelUp","Slimebound:SplitAcid","Slimebound:RollThrough","Slimebound:GoopTackle","Slimebound:PressTheAttack","Slimebound:SplitBruiser","Slimebound:Recycling+1","Slimebound:SlimeSpikes","Slimebound:RainOfGoop+1","Slimebound:ServeAndProtect+1","Slimebound:RejuvenatingLick","Slimebound:SamplingLick","Slimebound:Nibble","Slimebound:Overexert","Slimebound:LevelUp","Slimebound:LivingWall","Slimebound:DivideAndConquer","Slimebound:OozeBath+1","Slimebound:LevelUp+1","Slimebound:Repurpose+1","expansioncontent:DecasProtection","expansioncontent:Collect","expansioncontent:DefensiveStance","Slimebound:Equalize+1","Slimebound:GrowthPunch+1","Slimebound:LevelUp+1","Slimebound:RainOfGoop+1"],"relics":["Slimebound:AbsorbEndCombat","The Courier","conspire:TopHat","Philosopher\u0027s Stone","Pear","Pen Nib","Mummified Hand","Omamori","Calling Bell","Orichalcum","HornCleat","conspire:Boomerang","Prayer Wheel","Nunchaku","Juzu Bracelet","StrikeDummy","conspire:BottledYoYo"],"acts_visited":["Exordium","TheCity","TheBeyond"],"potions_floor_usage":[43,43],"damage_taken":[{"damage":11.0,"enemies":"2 Louse","floor":2.0,"turns":2.0},{"damage":8.0,"enemies":"Cultist","floor":4.0,"turns":2.0},{"damage":28.0,"enemies":"Gremlin Nob","floor":6.0,"turns":3.0},{"damage":12.0,"enemies":"conspire:RoseBush","floor":8.0,"turns":4.0},{"damage":11.0,"enemies":"3 Louse","floor":11.0,"turns":2.0},{"damage":25.0,"enemies":"Red Slaver","floor":12.0,"turns":2.0},{"damage":21.0,"enemies":"Blue Slaver","floor":14.0,"turns":3.0},{"damage":5.0,"enemies":"Exordium Thugs","floor":15.0,"turns":3.0},{"damage":36.0,"enemies":"downfall:Watcher","floor":16.0,"turns":5.0},{"damage":22.0,"enemies":"Shell Parasite","floor":19.0,"turns":4.0},{"damage":19.0,"enemies":"3 Cultists","floor":21.0,"turns":4.0},{"damage":19.0,"enemies":"downfall:FleeingMerchant","floor":22.0,"turns":4.0},{"damage":20.0,"enemies":"conspire:Head Lice","floor":23.0,"turns":5.0},{"damage":38.0,"enemies":"Snake Plant","floor":26.0,"turns":3.0},{"damage":27.0,"enemies":"downfall:FleeingMerchant","floor":27.0,"turns":4.0},{"damage":37.0,"enemies":"conspire:SneckoGhost","floor":28.0,"turns":4.0},{"damage":4.0,"enemies":"conspire:HollyBat","floor":30.0,"turns":6.0},{"damage":46,"enemies":"downfall:FleeingMerchant","floor":31,"turns":4},{"damage":10,"enemies":"Snecko","floor":32,"turns":2},{"damage":31,"enemies":"downfall:Defect","floor":33,"turns":6},{"damage":8,"enemies":"Orb Walker","floor":36,"turns":3},{"damage":32,"enemies":"3 Darklings","floor":37,"turns":5},{"damage":0,"enemies":"downfall:FleeingMerchant","floor":38,"turns":1},{"damage":60,"enemies":"Sphere and 2 Shapes","floor":40,"turns":4},{"damage":12,"enemies":"4 Shapes","floor":42,"turns":6},{"damage":31,"enemies":"Nemesis","floor":43,"turns":5},{"damage":43,"enemies":"3 Darklings","floor":44,"turns":5},{"damage":22,"enemies":"2 Orb Walkers","floor":45,"turns":2}],"seed_played":"5939277644395037059","potions_obtained":[{"floor":6.0,"key":"SkillPotion"},{"floor":11.0,"key":"Block Potion"},{"floor":12.0,"key":"BlessingOfTheForge"},{"floor":15.0,"key":"Guardian:BlockOnCardUsePotion"},{"floor":19.0,"key":"Fire Potion"},{"floor":21.0,"key":"Regen Potion"},{"floor":23.0,"key":"EssenceOfSteel"},{"floor":25.0,"key":"PowerPotion"},{"floor":25.0,"key":"DistilledChaos"},{"floor":33,"key":"SmokeBomb"},{"floor":37,"key":"ColorlessPotion"},{"floor":42,"key":"FearPotion"},{"floor":44,"key":"Dexterity Potion"}],"is_trial":false,"path_per_floor":["R","M","?","M","?","E","T","M","?","?","M","M","?","M","M","B",null,"R","M","?","M","$","E","T","?","M","$","E","?","M","$","M","B",null,"R","M","M","?","?","M","T","M","E","M","?"],"character_chosen":"SLIMEBOUND","items_purchased":["Slimebound:RejuvenatingLick","Pear","Prayer Wheel","Nunchaku","Juzu Bracelet"],"campfire_rested":0,"item_purchase_floors":[22,22,38,38,38],"current_hp_per_floor":[60,59,59,60,60,42,42,42,42,60,53,42,42,33,32,18,60,60,50,50,47,60,64,64,64,48,47,45,32,42,24,28,21,75,75,75,71,75,65,29,29,45,36,15,0,0,0],"gold":96,"neow_bonus":"THREE_RARE_CARDS","is_daily":false,"chose_seed":false,"campfire_upgraded":3,"win_rate":0.0,"timestamp":1608974355,"path_taken":["R","M","?","?","?","E","T","M","?","?","?","M","?","M","M","BOSS","R","M","?","?","$","E","T","?","M","?","E","?","M","$","M","BOSS","R","M","M","?","?","M","T","M","E","M","?"],"items_purchased_type":["Card","Relic","Relic","Relic","Relic"],"build_version":"2020-12-22","purchased_purges":1,"victory":false,"max_hp_per_floor":[60,60,60,60,60,60,60,60,60,60,60,60,60,60,60,60,60,60,60,60,60,70,70,70,70,70,70,70,75,75,75,75,75,75,75,75,75,75,75,75,75,75,75,75,75,75,75],"card_choices":[{"not_picked":["Slimebound:CheckThePlaybook","Slimebound:PrepareCrush"],"picked":"Slimebound:TagTeam","floor":0.0},{"not_picked":["Slimebound:Schlurp","Slimebound:FormOfPuddle"],"picked":"Slimebound:SlimeSpikes","floor":2.0},{"not_picked":["Slimebound:SpikyOuterGoop","Slimebound:SplitMire"],"picked":"Slimebound:LevelUp","floor":4.0},{"not_picked":["Slimebound:ComboTackle","Slimebound:SplitLeeching"],"picked":"Slimebound:SplitAcid","floor":6.0},{"not_picked":["Slimebound:FlameTackle","Slimebound:HungryTackle"],"picked":"Slimebound:RollThrough","floor":8.0},{"not_picked":["Slimebound:TongueLash","Slimebound:RollThrough"],"picked":"Slimebound:GoopTackle","floor":11.0},{"not_picked":["Slimebound:SlimeBrawl","Slimebound:Grow"],"picked":"Slimebound:Schlurp","floor":12.0},{"not_picked":["Slimebound:ViciousTackle","Slimebound:SplitLeeching"],"picked":"Slimebound:PressTheAttack","floor":14.0},{"not_picked":["Slimebound:PressTheAttack","Slimebound:LeechEnergy"],"picked":"Slimebound:SplitBruiser","floor":15.0},{"not_picked":["Slimebound:CheckThePlaybook","Slimebound:WasteNot"],"picked":"Slimebound:Recycling","floor":16.0},{"not_picked":["Slimebound:LeechingTouch","Slimebound:SplitLeeching+1"],"picked":"Slimebound:SlimeSpikes","floor":19.0},{"not_picked":["Slimebound:SplitLeeching","Slimebound:LeechingTouch+1"],"picked":"Slimebound:RainOfGoop+1","floor":21.0},{"not_picked":["Slimebound:ComboTackle","Slimebound:PressTheAttack+1"],"picked":"Slimebound:ServeAndProtect+1","floor":22.0},{"not_picked":["Slimebound:PressTheAttack","Slimebound:LeechingTouch"],"picked":"Slimebound:SamplingLick","floor":23.0},{"not_picked":["Slimebound:ForwardTackle","Slimebound:SplitLeeching"],"picked":"Slimebound:Nibble","floor":26.0},{"not_picked":["Slimebound:FlameTackle+1","Slimebound:SplitBruiser+1"],"picked":"Slimebound:Overexert","floor":27.0},{"not_picked":["Slimebound:ComboTackle+1","Slimebound:FlameTackle+1"],"picked":"Slimebound:LevelUp","floor":28.0},{"not_picked":["Slimebound:LeechingTouch","Slimebound:FormOfPuddle","Slimebound:SplitAcid+1"],"picked":"SKIP","floor":30.0},{"not_picked":["Slimebound:FinishingTackle+1","Slimebound:SplitMire"],"picked":"Slimebound:LivingWall","floor":31},{"not_picked":["Slimebound:LeechingTouch","Slimebound:GrowthPunch"],"picked":"Slimebound:DivideAndConquer","floor":32},{"not_picked":["Slimebound:Overexert","Slimebound:PrepareCrush"],"picked":"Slimebound:OozeBath","floor":33},{"not_picked":["Slimebound:ComboTackle+1","Slimebound:DivideAndConquer","Slimebound:Grow"],"picked":"SKIP","floor":36},{"not_picked":["Slimebound:DivideAndConquer","Slimebound:SplitMire"],"picked":"Slimebound:LevelUp+1","floor":37},{"not_picked":["Slimebound:GoopSpray+1","Slimebound:SlimeSpikes+1"],"picked":"Slimebound:Repurpose+1","floor":38},{"not_picked":["expansioncontent:GuardianWhirl","expansioncontent:LastStand"],"picked":"expansioncontent:DecasProtection","floor":39},{"not_picked":["expansioncontent:YouAreMine","expansioncontent:DonusPower"],"picked":"expansioncontent:Collect","floor":39},{"not_picked":["expansioncontent:DecasProtection","expansioncontent:YouAreMine"],"picked":"expansioncontent:DefensiveStance","floor":39},{"not_picked":["Slimebound:PressTheAttack+1","Slimebound:DivideAndConquer"],"picked":"Slimebound:Equalize+1","floor":40},{"not_picked":["Slimebound:SplitMire","Slimebound:SplitLeeching+1"],"picked":"Slimebound:GrowthPunch+1","floor":40},{"not_picked":["Slimebound:SlimeSpikes","Slimebound:Schlurp","Slimebound:CheckThePlaybook"],"picked":"SKIP","floor":42},{"not_picked":["Slimebound:Gluttony+1","Slimebound:SlimeBarrage+1","Slimebound:Schlurp+1"],"picked":"SKIP","floor":42},{"not_picked":["Slimebound:SplitSpecialist+1","Slimebound:LeechingTouch"],"picked":"Slimebound:LevelUp+1","floor":43},{"not_picked":["Slimebound:LeechingTouch","Slimebound:ComboTackle"],"picked":"Slimebound:RainOfGoop+1","floor":44},{"not_picked":["Slimebound:RollThrough","Slimebound:SplitBruiser","Slimebound:SplitLeeching"],"picked":"SKIP","floor":44}],"player_experience":170124,"relics_obtained":[{"floor":6.0,"key":"The Courier"},{"floor":7.0,"key":"conspire:TopHat"},{"floor":23.0,"key":"Pen Nib"},{"floor":24.0,"key":"Mummified Hand"},{"floor":28.0,"key":"Omamori"},{"floor":34,"key":"Orichalcum"},{"floor":34,"key":"HornCleat"},{"floor":34,"key":"conspire:Boomerang"},{"floor":41,"key":"StrikeDummy"},{"floor":43,"key":"conspire:BottledYoYo"}],"event_choices":[{"cards_removed":["Slimebound:Defend_Slimebound"],"damage_healed":0.0,"max_hp_gain":0.0,"max_hp_loss":0.0,"gold_gain":0.0,"event_name":"Purifier","player_choice":"Purged","floor":3.0,"gold_loss":0.0,"damage_taken":0.0},{"damage_healed":0.0,"max_hp_gain":0.0,"max_hp_loss":0.0,"gold_gain":0.0,"event_name":"conspire:Investor","player_choice":"Leave","floor":5.0,"gold_loss":0.0,"damage_taken":0.0},{"damage_healed":18.0,"max_hp_gain":0.0,"max_hp_loss":0.0,"gold_gain":0.0,"event_name":"Wheel of Change","player_choice":"Full Heal","floor":10.0,"gold_loss":0.0,"damage_taken":0.0},{"cards_removed":["Slimebound:Defend_Slimebound"],"damage_healed":0.0,"max_hp_gain":0.0,"max_hp_loss":0.0,"gold_gain":0.0,"event_name":"Purifier","player_choice":"Purged","floor":20.0,"gold_loss":0.0,"damage_taken":0.0},{"damage_healed":0.0,"max_hp_gain":0.0,"max_hp_loss":0.0,"gold_gain":0.0,"event_name":"Lab","player_choice":"Got Potions","floor":25.0,"gold_loss":0.0,"damage_taken":0.0},{"damage_healed":0,"gold_gain":0,"player_choice":"Fight","damage_taken":0,"max_hp_gain":0,"max_hp_loss":0,"event_name":"Mysterious Sphere","floor":45,"gold_loss":0}],"is_beta":false,"boss_relics":[{"not_picked":["Runic Pyramid","Coffee Dripper"],"picked":"Philosopher\u0027s Stone"},{"not_picked":["Slimebound:AbsorbEndCombatUpgraded","Empty Cage"],"picked":"Calling Bell"}],"items_purged_floors":[38],"is_endless":false,"potions_floor_spawned":[6,11,12,15,19,21,23,33,37,42,44],"killed_by":"2 Orb Walkers","ascension_level":1}}