{"host":"d6ni0fvdmr494qs7","time":1608998221,"event":{"mods":["ATMod(阿瑾Mod)","BaseMod","Colored Powertips","Minty Spire (QoL Compilation)","Replay The Spire","Spicy Shops","StSLib","The Blue Laboratory","WarShipGirlsR/战舰少女R mod","【遗物卡牌】REMEMod"],"gold_per_floor":[111,124,137,178,103,103,145,178,178,211,211,211,33,68,68,166,166,182,182,20,20,20,49,49,83,83,83,121,140,167,167,167,275,275,300,300,323,375,675,693,742,742,768,809,841,900,40,69,69,85],"floor_reached":51,"playtime":3094,"items_purged":["rmod:strick","Parasite","rmod:seals","rmod:defend"],"score":923,"play_id":"954657bc-9eef-4c2d-bae7-6c6a92e128f3","local_time":"20201226235701","is_ascension_mode":true,"campfire_choices":[{"floor":6.0,"key":"REST"},{"floor":11.0,"key":"REST"},{"data":"AT_EmpoweredMortalDraw","floor":15.0,"key":"SMITH"},{"floor":27,"key":"DIG"},{"floor":32,"key":"DIG"},{"floor":42,"key":"DIG"},{"floor":49,"key":"DIG"}],"circlet_count":0,"master_deck":["rmod:strick","rmod:defend","rmod:defend","rmod:basicallowance","rmod:maingunfire","AT_FamilyPortrait","REME_Flogging","rmod:supportescort","rmod:mineteam","rmod:diamondstrike","rmod:secretscript","rmod:sl","rmod:fletcherpendant+1","rmod:windflower","AT_EmpoweredMortalDraw+1","AT_EmpoweredMortalDraw+1","REME_TwoStrings","AT_PowerWithin","AT_BreakingExtremeWeapon","Replay:BasicMightCard","rmod:circuitoustactics+1","REME_MagicPocketWatch+1"],"relics":["rmod:firstchargereward","REME_ComplimentaryCards","AT_ATBox","Ginger","Gambling Chip","CaptainsWheel","Divine Protection","Replay:WaspNest","ReplayTheSpireMod:TigerMarble","Replay:Grab Bag","Philosopher\u0027s Stone","Busted Crown","AT_MortalBlade","REME_LowDesire","Vajra","Replay:Bandana","Shovel","REME_CardOfGreed","Enchiridion","Bottled Tornado","PreservedInsect","Pet Ghost","ReplayTheSpireMod:Ninjato","Regal Pillow","AT_TrinityForce","Bird Faced Urn","AT_BellDemon","Lizard Tail","CeramicFish","Whetstone","REME_IWantAll","MawBank","AT_BladeRuinedKing","REME_PuzzleBoxRelic","Unceasing Top","REME_HourglassOfDeath","Eternal Feather","Onion Ring","AT_RedTearstoneRing"],"acts_visited":["Exordium","TheCity","TheBeyond"],"potions_floor_usage":[16],"damage_taken":[{"damage":0.0,"enemies":"Cultist","floor":1.0,"turns":2.0},{"damage":0.0,"enemies":"Small Slimes","floor":2.0,"turns":1.0},{"damage":11.0,"enemies":"Jaw Worm","floor":3.0,"turns":2.0},{"damage":11.0,"enemies":"Blue Slaver","floor":7.0,"turns":3.0},{"damage":19.0,"enemies":"3 Sentries","floor":8.0,"turns":5.0},{"damage":18.0,"enemies":"Lagavulin","floor":10.0,"turns":5.0},{"damage":0.0,"enemies":"3 Sentries","floor":14.0,"turns":4.0},{"damage":0,"enemies":"The Guardian","floor":16,"turns":7},{"damage":0,"enemies":"2 Thieves","floor":18,"turns":2},{"damage":0,"enemies":"Gremlin Leader","floor":23,"turns":2},{"damage":0,"enemies":"REME_1_Revenger","floor":25,"turns":2},{"damage":6,"enemies":"Book of Stabbing","floor":28,"turns":2},{"damage":0,"enemies":"Chosen","floor":29,"turns":2},{"damage":0,"enemies":"Snake Plant","floor":30,"turns":1},{"damage":19,"enemies":"Collector","floor":33,"turns":4},{"damage":0,"enemies":"3 Darklings","floor":35,"turns":2},{"damage":6,"enemies":"Orb Walker","floor":37,"turns":2},{"damage":0,"enemies":"Mind Bloom Boss Battle","floor":38,"turns":1},{"damage":5,"enemies":"4 Shapes","floor":40,"turns":2},{"damage":2,"enemies":"R_Hoarder","floor":41,"turns":2},{"damage":19,"enemies":"Giant Head","floor":44,"turns":2},{"damage":0,"enemies":"Spire Growth","floor":45,"turns":1},{"damage":0,"enemies":"R_Hoarder","floor":46,"turns":2},{"damage":0,"enemies":"3 Darklings","floor":48,"turns":1},{"damage":9,"enemies":"Replay:Hell Engine","floor":50,"turns":2}],"seed_played":"1495372043875590196","potions_obtained":[{"floor":3.0,"key":"blueLaboratory:RememoryPotion"},{"floor":7.0,"key":"EntropicBrew"},{"floor":8.0,"key":"SpeedPotion"},{"floor":14.0,"key":"blueLaboratory:BottleOfVodka"},{"floor":25,"key":"FearPotion"},{"floor":30,"key":"Elixir"}],"is_trial":false,"path_per_floor":["M","M","M","?","$","R","M","E","T","E","R","T","$","E","R","B",null,"M","?","$","$","?","E","?","E","T","R","E","M","M","?","R","B",null,"M","?","M","?","?","M","E","R","T","E","M","E","$","M","R","B",null],"character_chosen":"PRAEFECT","items_purchased":["AT_EmpoweredMortalDraw","REME_CardOfGreed","Unceasing Top","REME_HourglassOfDeath","Eternal Feather"],"campfire_rested":2,"item_purchase_floors":[13,20,47,47,47],"current_hp_per_floor":[68,68,57,30,30,50,39,20,20,2,22,22,22,22,22,22,68,68,68,65,65,49,49,49,53,53,53,47,47,47,36,36,17,70,70,70,64,64,64,67,68,68,68,55,61,65,65,70,70,61],"gold":85,"neow_bonus":"TRANSFORM_TWO_CARDS","is_daily":false,"chose_seed":false,"campfire_upgraded":1,"win_rate":0.0,"timestamp":1608998221,"path_taken":["M","?","M","?","$","R","M","E","T","E","R","?","?","E","R","BOSS","M","?","?","$","?","E","?","E","T","R","E","M","?","?","R","BOSS","M","?","M","?","?","?","E","R","T","E","M","E","$","M","R","BOSS"],"items_purchased_type":["Card","Relic","Relic","Relic","Relic"],"build_version":"2020-12-22","purchased_purges":4,"victory":true,"max_hp_per_floor":[68,68,68,68,68,68,68,68,68,68,68,68,68,68,68,68,68,68,68,65,65,65,65,65,65,65,65,65,65,65,70,70,70,70,70,70,70,70,70,70,70,70,70,70,70,70,70,70,70,70],"card_choices":[{"not_picked":["rmod:lonelyqueen","rmod:aviationdawn"],"picked":"rmod:diamondstrike","floor":1.0},{"not_picked":["rmod:luckystar","rmod:guardianhero"],"picked":"rmod:secretscript","floor":2.0},{"not_picked":["rmod:victimresponsibility","rmod:aviationdawn"],"picked":"rmod:sl","floor":3.0},{"not_picked":["rmod:salvage","rmod:desperatesituation"],"picked":"rmod:fletcherpendant","floor":7.0},{"not_picked":["rmod:mineteam","rmod:supportescort"],"picked":"rmod:windflower","floor":8.0},{"not_picked":["rmod:luckystar","rmod:goodfighter","rmod:tearstotiara"],"picked":"SKIP","floor":10.0},{"not_picked":["rmod:supriseattacks","rmod:diamondstrike","rmod:aluminumsupply"],"picked":"SKIP","floor":14.0},{"not_picked":["rmod:stealaluminum","rmod:highspeedmaneuver"],"picked":"rmod:seals","floor":16},{"not_picked":["rmod:supportescort+1","Replay:Parry"],"picked":"SKIP","floor":18},{"not_picked":["rmod:expedition","HandOfGreed"],"picked":"SKIP","floor":23},{"not_picked":["rmod:expedition","HandOfGreed"],"picked":"SKIP","floor":23},{"not_picked":["rmod:mineteam+1","Trip"],"picked":"SKIP","floor":25},{"not_picked":["rmod:aluminumsupply+1","Jack Of All Trades+1"],"picked":"SKIP","floor":28},{"not_picked":["rmod:victimresponsibility+1"],"picked":"REME_TwoStrings","floor":29},{"not_picked":["rmod:unsinkable"],"picked":"AT_PowerWithin","floor":30},{"not_picked":["rmod:seals"],"picked":"AT_BreakingExtremeWeapon","floor":33},{"not_picked":["rmod:fletcherpendant"],"picked":"Replay:BasicMightCard","floor":35},{"not_picked":["rmod:wolves","Secret Technique"],"picked":"SKIP","floor":37},{"not_picked":["rmod:unsinkable+1","Dramatic Entrance"],"picked":"SKIP","floor":40},{"not_picked":["rmod:victimresponsibility+1","Madness"],"picked":"SKIP","floor":41},{"not_picked":["rmod:gendarmerie","Replay:Bootleg Shield Generator+1"],"picked":"SKIP","floor":44},{"not_picked":["ReplayTheSpireMod:Uncanny Aura"],"picked":"rmod:circuitoustactics+1","floor":45},{"not_picked":["rmod:aluminumsupply+1","Metamorphosis"],"picked":"SKIP","floor":46},{"not_picked":["rmod:tearstotiara"],"picked":"REME_MagicPocketWatch+1","floor":48}],"player_experience":174662,"relics_obtained":[{"floor":4.0,"key":"Ginger"},{"floor":8.0,"key":"Gambling Chip"},{"floor":9.0,"key":"CaptainsWheel"},{"floor":10.0,"key":"Divine Protection"},{"floor":12.0,"key":"Replay:WaspNest"},{"floor":14.0,"key":"ReplayTheSpireMod:TigerMarble"},{"floor":17,"key":"Vajra"},{"floor":17,"key":"Replay:Bandana"},{"floor":22,"key":"Enchiridion"},{"floor":23,"key":"Bottled Tornado"},{"floor":25,"key":"PreservedInsect"},{"floor":27,"key":"Pet Ghost"},{"floor":28,"key":"ReplayTheSpireMod:Ninjato"},{"floor":32,"key":"Regal Pillow"},{"floor":38,"key":"Bird Faced Urn"},{"floor":41,"key":"AT_BellDemon"},{"floor":42,"key":"Lizard Tail"},{"floor":43,"key":"CeramicFish"},{"floor":44,"key":"Whetstone"},{"floor":44,"key":"REME_IWantAll"},{"floor":45,"key":"MawBank"},{"floor":46,"key":"AT_BladeRuinedKing"},{"floor":46,"key":"REME_PuzzleBoxRelic"},{"floor":48,"key":"Onion Ring"},{"floor":49,"key":"AT_RedTearstoneRing"}],"event_choices":[{"damage_healed":0,"gold_gain":0,"player_choice":"Gave Potion","damage_taken":0,"relics_obtained":["Shovel"],"max_hp_gain":0,"max_hp_loss":0,"event_name":"WeMeetAgain","floor":19,"gold_loss":0},{"damage_healed":0,"gold_gain":0,"player_choice":"Obtained Book","damage_taken":16,"max_hp_gain":0,"max_hp_loss":0,"event_name":"Cursed Tome","floor":22,"gold_loss":0},{"damage_healed":0,"gold_gain":0,"player_choice":"Shed Blood","damage_taken":16,"max_hp_gain":5,"max_hp_loss":0,"event_name":"Forgotten Altar","floor":31,"gold_loss":0},{"cards_removed":["rmod:strick"],"damage_healed":0,"gold_gain":0,"player_choice":"Removed Attack","damage_taken":0,"max_hp_gain":0,"max_hp_loss":0,"event_name":"Falling","floor":36,"gold_loss":0},{"damage_healed":0,"gold_gain":0,"player_choice":"Fight","damage_taken":0,"max_hp_gain":0,"max_hp_loss":0,"event_name":"MindBloom","floor":38,"gold_loss":0},{"damage_healed":0,"gold_gain":300,"player_choice":"Gold","damage_taken":0,"max_hp_gain":0,"max_hp_loss":0,"event_name":"Wheel of Change","floor":39,"gold_loss":0}],"is_beta":false,"boss_relics":[{"not_picked":["Cursed Key","rmod:monthlycard"],"picked":"Replay:Grab Bag"},{"not_picked":["Fusion Hammer","ChewingGum"],"picked":"Philosopher\u0027s Stone"},{"not_picked":["SlaversCollar","Runic Dome"],"picked":"Busted Crown"},{"not_picked":["Astrolabe","REME_DuelDisc"],"picked":"AT_MortalBlade"},{"not_picked":["Empty Cage","Ring of Chaos"],"picked":"REME_LowDesire"},{"not_picked":["Replay:Ancient Bell","Replay:Wanted Poster"],"picked":"AT_TrinityForce"}],"items_purged_floors":[5,20,47,47],"is_endless":false,"potions_floor_spawned":[3,7,8,14,25,30,33,40,45,48],"ascension_level":1}}