{"host":"5dk97cf2ubw2v967","time":1608997900,"event":{"mods":["AlwaysNeverKeys","BaseMod","Better Altar","Better Vampires","Block Reminder","Colored Powertips","Downfall","Googly Eyes","Highlight Path","Minty Spire (QoL Compilation)","Permanent Neow","Potion Indicator Mod","Quick Restart","Relic Filter","Relic Stats","Say the Spire","Spicy Shops","StSLib","Waifu the Spire","everything is the same but u backflip on backflip"],"gold_per_floor":[110,123,123,273,3,3,19,19,19,19,46,57,85,110,110,187,187,212,232,243,254,254,254],"floor_reached":22,"playtime":1013,"items_purged":["Doubt"],"score":392,"play_id":"7ec12ab4-ba05-443a-8bf2-3edba19e6c50","local_time":"20201226155140","is_ascension_mode":true,"campfire_choices":[{"data":"Noxious Fumes","floor":6.0,"key":"SMITH"},{"data":"Tactician","floor":8.0,"key":"SMITH"},{"data":"Choke","floor":10.0,"key":"SMITH"},{"floor":15.0,"key":"REST"}],"circlet_count":0,"master_deck":["AscendersBane","Strike_G","Strike_G","Strike_G","Strike_G","Defend_G","Defend_G","Defend_G","Defend_G","Defend_G","Survivor","Neutralize","Tactician+1","Choke+1","Noxious Fumes+1","Underhanded Strike","Malaise","Underhanded Strike","Deadly Poison","Night Terror","CurseOfTheBell","Deadly Poison","PiercingWail"],"relics":["Runic Pyramid","TungstenRod","Pocketwatch","Dream Catcher","Happy Flower","Lantern","Calling Bell","CeramicFish","Matryoshka","Incense Burner"],"acts_visited":["Exordium","TheCity"],"potions_floor_usage":[22],"damage_taken":[{"damage":3.0,"enemies":"Jaw Worm","floor":1.0,"turns":4.0},{"damage":3.0,"enemies":"2 Louse","floor":2.0,"turns":4.0},{"damage":0.0,"enemies":"Small Slimes","floor":7.0,"turns":3.0},{"damage":12.0,"enemies":"Gremlin Nob","floor":11.0,"turns":4.0},{"damage":0.0,"enemies":"Looter","floor":12.0,"turns":2.0},{"damage":9.0,"enemies":"3 Sentries","floor":13.0,"turns":7.0},{"damage":6.0,"enemies":"The Guardian","floor":16.0,"turns":7.0},{"damage":14.0,"enemies":"Shell Parasite","floor":18.0,"turns":6.0},{"damage":12.0,"enemies":"Chosen","floor":19.0,"turns":5.0},{"damage":26.0,"enemies":"Sentry and Sphere","floor":20.0,"turns":6.0},{"damage":6.0,"enemies":"Snake Plant","floor":21.0,"turns":6.0},{"damage":0,"enemies":"3 Cultists","floor":22,"turns":4}],"seed_played":"8645711176255202769","potions_obtained":[{"floor":2.0,"key":"Block Potion"},{"floor":11.0,"key":"CunningPotion"},{"floor":19.0,"key":"SteroidPotion"},{"floor":21.0,"key":"Slimebound:ThreeZeroPotion"}],"is_trial":false,"path_per_floor":["M","M","?","?","$","R","M","R","T","R","E","M","E","T","R","B",null,"M","M","M","M","M"],"character_chosen":"THE_SILENT","items_purchased":["TungstenRod","Noxious Fumes"],"campfire_rested":1,"item_purchase_floors":[5,5],"current_hp_per_floor":[56,53,46,46,46,46,46,46,46,46,34,34,25,25,44,38,59,45,33,7,1,1,1],"gold":254,"neow_bonus":"BOSS_RELIC","is_daily":false,"chose_seed":false,"campfire_upgraded":3,"win_rate":0.0,"timestamp":1608997900,"path_taken":["M","M","?","?","$","R","M","R","T","R","E","?","E","?","R","BOSS","M","M","M","M","M"],"items_purchased_type":["Relic","Card"],"build_version":"2020-12-22","purchased_purges":1,"victory":false,"max_hp_per_floor":[66,66,66,66,66,66,66,66,66,66,66,66,66,66,66,66,66,66,66,66,66,66,66],"relic_stats":{"Dream Catcher":1,"Happy Flower":[11],"counters":[12,58],"CeramicFish":18,"obtain_stats":[{"Calling Bell":17,"Dream Catcher":11,"Lantern":14,"Matryoshka":17,"Happy Flower":13,"CeramicFish":17,"Incense Burner":17,"TungstenRod":5,"Ring of the Snake":0,"Runic Pyramid":0,"Pocketwatch":9},{"Calling Bell":7,"Dream Catcher":4,"Lantern":6,"Matryoshka":7,"Happy Flower":6,"CeramicFish":7,"Incense Burner":7,"TungstenRod":2,"Ring of the Snake":0,"Runic Pyramid":0,"Pocketwatch":3},{"Calling Bell":31,"Dream Catcher":15,"Lantern":24,"Matryoshka":31,"Happy Flower":24,"CeramicFish":31,"Incense Burner":31,"TungstenRod":8,"Ring of the Snake":0,"Runic Pyramid":0,"Pocketwatch":11}],"TungstenRod":23,"Pocketwatch":[26]},"card_choices":[{"not_picked":["Outmaneuver","Cloak And Dagger"],"picked":"Tactician","floor":1.0},{"not_picked":["Escape Plan","Blade Dance"],"picked":"Choke","floor":2.0},{"not_picked":["Deflect","Flying Knee"],"picked":"Underhanded Strike","floor":7.0},{"not_picked":["Prepared","Poisoned Stab"],"picked":"Malaise","floor":11.0},{"not_picked":["Dagger Throw","Riddle With Holes"],"picked":"Underhanded Strike","floor":12.0},{"not_picked":["Calculated Gamble","Blade Dance","Dagger Throw"],"picked":"SKIP","floor":13.0},{"not_picked":["Masterful Stab","Prepared"],"picked":"Deadly Poison","floor":15.0},{"not_picked":["Unload","Adrenaline"],"picked":"Night Terror","floor":16.0},{"not_picked":["Underhanded Strike","Blur"],"picked":"Deadly Poison","floor":18.0},{"not_picked":["Slice","Finisher"],"picked":"PiercingWail","floor":19.0},{"not_picked":["Cloak And Dagger","Flechettes","Slice"],"picked":"SKIP","floor":20.0},{"not_picked":["Prepared","Dagger Spray","Deadly Poison"],"picked":"SKIP","floor":21.0}],"player_experience":1257056,"relics_obtained":[{"floor":9.0,"key":"Pocketwatch"},{"floor":11.0,"key":"Dream Catcher"},{"floor":13.0,"key":"Happy Flower"},{"floor":14.0,"key":"Lantern"},{"floor":17.0,"key":"CeramicFish"},{"floor":17.0,"key":"Matryoshka"},{"floor":17.0,"key":"Incense Burner"}],"event_choices":[{"cards_removed":["Strike_G"],"damage_healed":0.0,"max_hp_gain":0.0,"max_hp_loss":0.0,"gold_gain":0.0,"event_name":"Golden Wing","player_choice":"Card Removal","floor":3.0,"gold_loss":0.0,"damage_taken":7.0},{"damage_healed":0.0,"max_hp_gain":0.0,"max_hp_loss":0.0,"gold_gain":150.0,"event_name":"Liars Game","player_choice":"AGREE","floor":4.0,"gold_loss":0.0,"damage_taken":0.0,"cards_obtained":["Doubt"]}],"is_beta":false,"boss_relics":[{"not_picked":["Astrolabe","Snecko Eye"],"picked":"Calling Bell"}],"items_purged_floors":[5],"is_endless":false,"potions_floor_spawned":[2,11,19,21],"killed_by":"3 Cultists","ascension_level":20}}