{"host":"gk9qdtkqd8dwfeg2","time":1608984682,"event":{"mods":["Act Like it!","Aspiration","BaseMod","Colored Powertips","Gensokyo","Minty Spire (QoL Compilation)","Quick Restart","Replay The Spire","Shop Mod","StSLib","TestMod","The Servant 0.9.4","Waifu the Spire","vexMod"],"gold_per_floor":[116,116,41,41,59,59,98,98,125,145,185,198,218,50,50,148,148,166,166,23,23,37,37,51,86,98,110,122,153,165,208,220,311,323,350,374,386,398,392,392,423,423,423,438,470,490,504,199,199,199,199,199,199,67,95,95],"floor_reached":57,"playtime":2246,"items_purged":["Injury","Writhe"],"score":2941,"play_id":"6dd484f4-e60f-4d85-8518-0dd6730f2cff","local_time":"20201226201122","is_ascension_mode":true,"campfire_choices":[{"data":"Eruption","floor":6.0,"key":"SMITH"},{"data":"WheelKick","floor":8.0,"key":"SMITH"},{"data":"TalkToTheHand","floor":15.0,"key":"SMITH"},{"data":"EmptyMind","floor":23.0,"key":"SMITH"},{"data":"Adaptation","floor":27.0,"key":"SMITH"},{"floor":32.0,"key":"REST"},{"floor":40.0,"key":"RECALL"},{"floor":42.0,"key":"REST"},{"data":"Tantrum","floor":49.0,"key":"SMITH"},{"data":"Pot Of Greed","floor":53,"key":"SMITH"}],"circlet_count":0,"master_deck":["AscendersBane","Strike_P","Defend_P","Eruption+1","Vigilance","CutThroughFate+1","WheelKick+1","Adaptation+1","MentalFortress+1","TalkToTheHand+1","DeusExMachina+1","EmptyMind+1","Ragnarok+1","Vault+1","Pot Of Greed+1","Pot Of Greed","FollowUp","Tantrum+1"],"relics":["PureWater","testmod-TestBox","testmod-IncinerationGenerator","NeowsBlessing","Replay:Purple Gloves","Gensokyo:SongOfSouls","MerchantsRug","NeowsBlessing","Replay:Kaleidoscope","vexMod:TanglingVine","aspiration:PoetsPen","Bottled Tornado","Grinning Jar","Snack Pack","vexMod:Cooldron","Toolbox","Sundial","testmod-Brilliant"],"acts_visited":["Exordium","Exordium","Gensokyo:Gensokyoer","TheEnding"],"potions_floor_usage":[56],"damage_taken":[{"damage":0.0,"enemies":"Jaw Worm","floor":1.0,"turns":1.0},{"damage":0.0,"enemies":"Small Slimes","floor":5.0,"turns":1.0},{"damage":0.0,"enemies":"Lagavulin","floor":7.0,"turns":1.0},{"damage":0.0,"enemies":"Cultist","floor":10.0,"turns":2.0},{"damage":13.0,"enemies":"3 Sentries","floor":11.0,"turns":4.0},{"damage":19.0,"enemies":"Exordium Thugs","floor":12.0,"turns":3.0},{"damage":8.0,"enemies":"Blue Slaver","floor":13.0,"turns":2.0},{"damage":15.0,"enemies":"Hexaghost","floor":16.0,"turns":5.0},{"damage":8.0,"enemies":"Gensokyo:Chomper","floor":18.0,"turns":3.0},{"damage":0.0,"enemies":"Gensokyo:3_Dogs","floor":22.0,"turns":1.0},{"damage":0.0,"enemies":"Gensokyo:Wraith","floor":24.0,"turns":2.0},{"damage":0.0,"enemies":"Gensokyo:Koishi","floor":25.0,"turns":1.0},{"damage":3.0,"enemies":"Gensokyo:3_Gloops","floor":29.0,"turns":4.0},{"damage":26.0,"enemies":"Gensokyo:Tenshi","floor":31.0,"turns":4.0},{"damage":34.0,"enemies":"Gensokyo:Kaguya","floor":33.0,"turns":12.0},{"damage":2.0,"enemies":"Gensokyo:3_Boulders","floor":35.0,"turns":3.0},{"damage":0.0,"enemies":"Gensokyo:3_Bats","floor":36.0,"turns":2.0},{"damage":0.0,"enemies":"Gensokyo:Doremy","floor":41.0,"turns":3.0},{"damage":0.0,"enemies":"Gensokyo:Rafflesia","floor":44.0,"turns":3.0},{"damage":2.0,"enemies":"Gensokyo:Kasen","floor":45.0,"turns":4.0},{"damage":2.0,"enemies":"Gensokyo:SeedOfUnknown","floor":46.0,"turns":2.0},{"damage":0.0,"enemies":"Gensokyo:3_Boulders","floor":47.0,"turns":2.0},{"damage":2,"enemies":"Gensokyo:Scarlet_Devils","floor":50,"turns":4},{"damage":0,"enemies":"Gensokyo:Yuyuko","floor":51,"turns":4},{"damage":0,"enemies":"Shield and Spear","floor":55,"turns":2},{"damage":61,"enemies":"The Heart","floor":56,"turns":7}],"seed_played":"-1902159366285619323","potions_obtained":[{"floor":7.0,"key":"testmod-SpacePotion"},{"floor":10.0,"key":"Block Potion"},{"floor":11.0,"key":"Milkshake"},{"floor":12.0,"key":"Dexterity Potion"},{"floor":22.0,"key":"ColorlessPotion"},{"floor":25.0,"key":"Doom Potion"},{"floor":29.0,"key":"GamblersBrew"},{"floor":35.0,"key":"PowerPotion"},{"floor":36.0,"key":"Toxic Potion"}],"is_trial":false,"path_per_floor":["M","?","$","?","M","R","E","R","T","M","E","M","M","$","R","B",null,"M","?","$","?","M","R","M","E","T","R","?","M","?","E","R","B",null,"M","M","?","?","$","R","E","R","T","M","E","M","M","COS","R","B","B",null,"R","$","E","B",null],"character_chosen":"WATCHER","items_purchased":["Orrery","MerchantsRug","aspiration:SeaSaltIceCream","Bottled Tornado","Sundial"],"campfire_rested":2,"item_purchase_floors":[14,20,20,39,54],"current_hp_per_floor":[61,61,61,61,61,61,61,61,61,61,48,29,21,21,21,6,53,45,45,45,45,45,45,45,45,45,45,45,42,42,16,36,2,52,50,50,50,50,50,50,50,68,68,68,66,68,68,68,68,68,68,68,68,68,68,25],"gold":95,"neow_bonus":"THREE_ENEMY_KILL","is_daily":false,"chose_seed":false,"campfire_upgraded":7,"win_rate":0.0,"timestamp":1608984682,"path_taken":["M","?","$","?","M","R","E","R","T","M","E","M","?","$","R","BOSS","M","?","$","?","M","R","M","E","T","R","?","M","?","E","R","BOSS","M","M","?","?","?","R","E","R","T","M","E","M","M","COS","R","BOSS","BOSS","R","$","E","BOSS"],"items_purchased_type":["Relic","Relic","Relic","Relic","Relic"],"build_version":"2020-12-22","purchased_purges":2,"victory":true,"max_hp_per_floor":[68,68,68,68,68,68,68,68,68,68,68,68,68,68,68,68,68,68,68,68,68,68,68,68,68,68,68,68,68,68,68,68,68,68,68,68,68,68,68,68,68,68,68,68,68,68,68,68,68,68,68,68,68,68,68,68],"card_choices":[{"not_picked":["SashWhip","Collect"],"picked":"CutThroughFate","floor":1.0},{"not_picked":["PathToVictory","Sanctity"],"picked":"WheelKick","floor":5.0},{"not_picked":["Replay:ManipulateFuture","CrushJoints","Judgement"],"picked":"SKIP","floor":7.0},{"not_picked":["Fasting2","CrushJoints"],"picked":"Adaptation","floor":10.0},{"not_picked":["Protect","ClearTheMind"],"picked":"MentalFortress","floor":11.0},{"not_picked":["CrushJoints","Protect","JustLucky"],"picked":"SKIP","floor":12.0},{"not_picked":["SashWhip","Vengeance"],"picked":"TalkToTheHand","floor":13.0},{"not_picked":["ConjureBlade","Brilliance"],"picked":"DeusExMachina","floor":16.0},{"not_picked":["WreathOfFlame","Replay:BluntJabs","Prostrate"],"picked":"SKIP","floor":18.0},{"not_picked":["EmptyBody+1","CrushJoints"],"picked":"EmptyMind","floor":22.0},{"not_picked":["Meditate","FollowUp","JustLucky"],"picked":"SKIP","floor":24.0},{"not_picked":["Evaluate+1","ThirdEye","Collect+1"],"picked":"SKIP","floor":25.0},{"not_picked":["Protect","Replay:DivineShield","Fasting2"],"picked":"SKIP","floor":29.0},{"not_picked":["Consecrate","ClearTheMind"],"picked":"Ragnarok","floor":31.0},{"not_picked":["Devotion","DeusExMachina"],"picked":"Vault","floor":33.0},{"not_picked":["Replay:BluntJabs+1","PathToVictory","Consecrate+1"],"picked":"SKIP","floor":35.0},{"not_picked":["SandsOfTime","ConjureBlade","Consecrate"],"picked":"SKIP","floor":36.0},{"not_picked":["Wallop+1","Replay:ManipulateFuture+1","Vault"],"picked":"SKIP","floor":41.0},{"not_picked":["Weave+1","JustLucky","EmptyMind"],"picked":"SKIP","floor":44.0},{"not_picked":["SandsOfTime","Replay:ManipulateFuture"],"picked":"FollowUp","floor":45.0},{"not_picked":["Replay:Battleflow+1","Replay:BluntJabs"],"picked":"Tantrum","floor":46.0},{"not_picked":["Halt","PathToVictory+1","ForeignInfluence"],"picked":"SKIP","floor":47.0},{"not_picked":["WindmillStrike","Indignation","Replay:Vibes"],"picked":"SKIP","floor":55}],"player_experience":574397,"relics_obtained":[{"floor":4.0,"key":"Replay:Purple Gloves"},{"floor":7.0,"key":"Nunchaku"},{"floor":9.0,"key":"Bag of Marbles"},{"floor":11.0,"key":"Replay:Baseball"},{"floor":25.0,"key":"MawBank"},{"floor":31.0,"key":"Replay:Kaleidoscope"},{"floor":41.0,"key":"Dream Catcher"},{"floor":43.0,"key":"Grinning Jar"},{"floor":45.0,"key":"Snack Pack"},{"floor":55,"key":"testmod-Brilliant"}],"event_choices":[{"damage_healed":0.0,"max_hp_gain":0.0,"max_hp_loss":0.0,"gold_gain":0.0,"event_name":"Golden Idol","player_choice":"Take Wound","floor":2.0,"gold_loss":0.0,"damage_taken":0.0,"relics_obtained":["Golden Idol"],"cards_obtained":["Injury"]},{"damage_healed":0.0,"max_hp_gain":0.0,"max_hp_loss":0.0,"gold_gain":0.0,"event_name":"Wheel of Change","player_choice":"Relic","floor":4.0,"gold_loss":0.0,"damage_taken":0.0},{"damage_healed":0.0,"max_hp_gain":0.0,"max_hp_loss":0.0,"gold_gain":0.0,"event_name":"给自己的盒子","player_choice":"Swap Relic","floor":30.0,"relics_lost":["aspiration:SeaSaltIceCream"],"gold_loss":0.0,"damage_taken":0.0,"relics_obtained":["aspiration:Nostalgia"]},{"damage_healed":0.0,"max_hp_gain":0.0,"max_hp_loss":0.0,"gold_gain":0.0,"event_name":"恩洛斯的盘子","player_choice":"Sell","floor":38.0,"relics_lost":["Replay:Grab Bag"],"gold_loss":0.0,"damage_taken":0.0}],"is_beta":false,"boss_relics":[{"not_picked":["Coffee Dripper","Painkiller Herb"],"picked":"testmod-KeyOfTheVoid"},{"not_picked":["aspiration:SilentSkillbook","Pandora\u0027s Box"],"picked":"Replay:Grab Bag"},{"not_picked":["ChewingGum","vexMod:CursedCompass"],"picked":"Runic Dome"},{"not_picked":["Velvet Choker","Busted Crown"],"picked":"vexMod:TanglingVine"},{"not_picked":["Snecko Heart","testmod-NegativeEmotionEnhancer"],"picked":"vexMod:ImprovementManual"},{"not_picked":["Empty Cage","Calling Bell"],"picked":"aspiration:PoetsPen"}],"items_purged_floors":[3,39],"is_endless":false,"potions_floor_spawned":[7,10,11,12,22,25,29,35,36,45,47],"ascension_level":20}}