{"host":"63rwe7p34ct1i0qu","time":1608978879,"event":{"mods":["BaseMod","Colored Map","DeckTracker","Minty Spire (QoL Compilation)","Permanent Neow","Quick Restart","StSLib"],"gold_per_floor":[118,128,128,51,69,69,83,83,107,133,153,166,166,178,178,178,178],"floor_reached":16,"playtime":606,"items_purged":[],"score":150,"play_id":"afb0818a-f540-4436-9b22-5c4aa963459c","local_time":"20201226193439","is_ascension_mode":true,"campfire_choices":[{"data":"Body Slam","floor":6.0,"key":"SMITH"},{"data":"Power Through","floor":13,"key":"SMITH"},{"floor":15,"key":"REST"}],"circlet_count":0,"master_deck":["AscendersBane","Strike_R","Strike_R","Strike_R","Strike_R","Strike_R","Defend_R","Defend_R","Defend_R","Defend_R","Bash","Flame Barrier","Body Slam+1","Offering","Swift Strike","Dropkick","Second Wind","Feel No Pain","Power Through+1","Second Wind"],"relics":["Burning Blood","Calipers","Smiling Mask","Bag of Marbles","Odd Mushroom"],"acts_visited":["Exordium"],"potions_floor_usage":[10,12,16],"damage_taken":[{"damage":7.0,"enemies":"Jaw Worm","floor":1.0,"turns":3.0},{"damage":3.0,"enemies":"Cultist","floor":2.0,"turns":5.0},{"damage":9.0,"enemies":"2 Louse","floor":5.0,"turns":3.0},{"damage":12.0,"enemies":"Looter","floor":7.0,"turns":3.0},{"damage":7,"enemies":"The Mushroom Lair","floor":10,"turns":2},{"damage":17,"enemies":"Blue Slaver","floor":11,"turns":3},{"damage":18,"enemies":"Large Slime","floor":12,"turns":6},{"damage":21,"enemies":"Exordium Thugs","floor":14,"turns":4},{"damage":60,"enemies":"Slime Boss","floor":16,"turns":16}],"seed_played":"-1513908283244192398","potions_obtained":[{"floor":2.0,"key":"AttackPotion"},{"floor":7.0,"key":"Regen Potion"},{"floor":10,"key":"FearPotion"},{"floor":14,"key":"SmokeBomb"}],"is_trial":false,"path_per_floor":["M","M","?","$","M","R","M","?","T","?","M","M","R","M","R","B"],"character_chosen":"IRONCLAD","items_purchased":["Second Wind"],"campfire_rested":1,"item_purchase_floors":[4],"current_hp_per_floor":[71,72,72,72,69,69,63,63,63,62,51,54,54,39,60,0,0],"gold":178,"neow_bonus":"ONE_RARE_RELIC","is_daily":false,"chose_seed":false,"campfire_upgraded":2,"win_rate":0.0,"timestamp":1608978879,"path_taken":["M","M","?","?","M","R","M","?","T","?","?","M","R","M","R","BOSS"],"items_purchased_type":["Card"],"build_version":"2020-12-22","purchased_purges":0,"victory":false,"max_hp_per_floor":[72,72,72,72,72,72,72,72,72,72,72,72,72,72,72,72,72],"card_choices":[{"not_picked":["Flex","Pommel Strike"],"picked":"Flame Barrier","floor":1.0},{"not_picked":["Twin Strike","Combust"],"picked":"Body Slam","floor":2.0},{"not_picked":["Cleave","Infernal Blade"],"picked":"Feel No Pain","floor":5.0},{"not_picked":["Rage","Twin Strike","Dark Embrace"],"picked":"SKIP","floor":7.0},{"not_picked":["Havoc","Sword Boomerang","Twin Strike"],"picked":"SKIP","floor":11},{"not_picked":["True Grit","Shrug It Off"],"picked":"Power Through","floor":12},{"not_picked":["Cleave","Armaments"],"picked":"Second Wind","floor":14}],"player_experience":819560,"relics_obtained":[{"floor":9,"key":"Bag of Marbles"},{"floor":10,"key":"Odd Mushroom"}],"event_choices":[{"damage_healed":0.0,"max_hp_gain":0.0,"max_hp_loss":0.0,"gold_gain":0.0,"event_name":"Match and Keep!","player_choice":"3 cards matched","floor":3.0,"gold_loss":0.0,"damage_taken":0.0,"cards_obtained":["Offering","Swift Strike","Dropkick"]},{"damage_healed":0,"gold_gain":0,"player_choice":"Searched \u00271\u0027 times","damage_taken":0,"relics_obtained":["Smiling Mask"],"max_hp_gain":0,"max_hp_loss":0,"event_name":"Dead Adventurer","floor":8,"gold_loss":0},{"damage_healed":0,"gold_gain":0,"player_choice":"Fought Mushrooms","damage_taken":0,"max_hp_gain":0,"max_hp_loss":0,"event_name":"Mushrooms","floor":10,"gold_loss":0}],"is_beta":false,"boss_relics":[],"items_purged_floors":[],"is_endless":false,"potions_floor_spawned":[2,7,10,14],"killed_by":"Slime Boss","ascension_level":12}}