{"host":"nh8rc3jipwgi5qu3","time":1608942976,"event":{"mods":["Act Like it!","Aspiration","BaseMod","Better Third Choice","Colored Map","Colored Powertips","DeckTracker","Elementarium","Energized Spire","GifTheSpireLib","GungeonMod","Hubris","Humility","Infinite Spire","Ironclad Rager","Lobotomy","Marked Mod","Mimic Mod","Minty Spire (QoL Compilation)","Relic Stats","Replay The Spire","Reworked Bosses","Spikes Relics","StSLib","Stuff the Spire","SuperFastMode"],"gold_per_floor":[118,136,149,159,173,207,207,207,207,227,302,313,313,330,330,330,330],"floor_reached":16,"playtime":2043,"items_purged":[],"score":131,"play_id":"36bcb3f2-3871-4b11-9885-26a045ab0937","local_time":"20201226013616","is_ascension_mode":false,"campfire_choices":[{"data":"Acrobatics","floor":7,"key":"SMITH"},{"data":"Acrobatics","floor":13,"key":"SMITH"},{"floor":15,"key":"REST"}],"circlet_count":0,"master_deck":["Strike_G","Strike_G","Strike_G","Strike_G","Defend_G","Defend_G","Defend_G","Defend_G","Defend_G","Survivor","Neutralize","Dagger Spray","Acrobatics+1","Blade Dance","ReplayTheSpireMod:Shiv Toss","Acrobatics+1","Sucker Punch","ReplayTheSpireMod:Scrap Shanks","hubris:Sniper","Sucker Punch"],"relics":["Ring of the Snake","aspiration:DSix","infinitespire:Beetle Shell"],"acts_visited":["Exordium"],"potions_floor_usage":[6,6,6],"damage_taken":[{"damage":0,"enemies":"Small Slimes","floor":1,"turns":7},{"damage":0,"enemies":"Cultist","floor":2,"turns":3},{"damage":9,"enemies":"Jaw Worm","floor":3,"turns":5},{"damage":2,"enemies":"Looter","floor":4,"turns":3},{"damage":0,"enemies":"Lots of Slimes","floor":5,"turns":1},{"damage":0,"enemies":"Lagavulin","floor":6,"turns":5},{"damage":11,"enemies":"Exordium Wildlife","floor":10,"turns":6},{"damage":13,"enemies":"2 Fungi Beasts","floor":12,"turns":4},{"damage":0,"enemies":"Looter","floor":14,"turns":3},{"damage":52,"enemies":"Hexaghost","floor":16,"turns":12}],"seed_played":"-7511444388163932599","potions_obtained":[{"floor":2,"key":"LifebloodPotion"},{"floor":3,"key":"PowerPotion"},{"floor":5,"key":"DistilledChaos"}],"is_trial":false,"path_per_floor":["M","M","M","M","M","E","R","?","T","M","?","M","R","M","R","B"],"character_chosen":"THE_SILENT","items_purchased":[],"campfire_rested":1,"item_purchase_floors":[],"current_hp_per_floor":[70,70,61,59,59,59,59,59,59,48,37,24,24,24,45,0,0],"gold":330,"neow_bonus":"DSIX","is_daily":false,"chose_seed":false,"campfire_upgraded":2,"win_rate":0.0,"timestamp":1608942976,"path_taken":["M","M","M","M","M","E","R","?","T","?","?","M","R","M","R","BOSS"],"items_purchased_type":[],"build_version":"2020-12-22","purchased_purges":0,"victory":false,"max_hp_per_floor":[70,70,70,70,70,70,70,70,70,70,70,70,70,70,70,70,70],"relic_stats":{"counters":[10,49],"obtain_stats":[{"DemoMod:GlassGuonStoneRelic":6,"infinitespire:Beetle Shell":6,"aspiration:DSix":0,"Ring of the Snake":0},{"DemoMod:GlassGuonStoneRelic":6,"infinitespire:Beetle Shell":6,"aspiration:DSix":0,"Ring of the Snake":0},{"DemoMod:GlassGuonStoneRelic":24,"infinitespire:Beetle Shell":24,"aspiration:DSix":0,"Ring of the Snake":0}],"Ring of the Snake":[20]},"card_choices":[{"not_picked":["Deadly Poison","Slice"],"picked":"Dagger Spray","floor":1},{"not_picked":["StuffTheSpire:ClusterCrunch","Dodge and Roll"],"picked":"Acrobatics","floor":2},{"not_picked":["Dash","StuffTheSpire:ClusterCrunch"],"picked":"Blade Dance","floor":3},{"not_picked":["StuffTheSpire:Injection","hubris:SlightOfHand"],"picked":"ReplayTheSpireMod:Shiv Toss","floor":4},{"not_picked":["StuffTheSpire:Incursion","Sucker Punch"],"picked":"Acrobatics","floor":5},{"not_picked":["Bouncing Flask","Crippling Poison"],"picked":"Sucker Punch","floor":6},{"not_picked":["Flying Knee","Dagger Spray"],"picked":"ReplayTheSpireMod:Scrap Shanks","floor":10},{"not_picked":["Choke","PiercingWail"],"picked":"hubris:Sniper","floor":12},{"not_picked":["Grand Finale","StuffTheSpire:Injection"],"picked":"Sucker Punch","floor":14}],"player_experience":194963,"relics_obtained":[{"floor":6,"key":"infinitespire:Beetle Shell"}],"event_choices":[{"cards_removed":["Strike_G"],"damage_healed":0,"gold_gain":0,"player_choice":"Purged","damage_taken":0,"max_hp_gain":0,"max_hp_loss":0,"event_name":"Purifier","floor":8,"gold_loss":0},{"damage_healed":0,"gold_gain":75,"player_choice":"Gold","damage_taken":11,"max_hp_gain":0,"max_hp_loss":0,"event_name":"betterThird:BetterGoop","floor":11,"gold_loss":0}],"is_beta":false,"boss_relics":[],"items_purged_floors":[],"is_endless":false,"potions_floor_spawned":[2,3,5],"killed_by":"Hexaghost","ascension_level":0}}