{"host":"nptej036rrbiurf5","time":1608999040,"event":{"mods":["BaseMod","Colored Map","Colored Powertips","DeckTracker","Minty Spire (QoL Compilation)","StSLib","SuperFastMode"],"gold_per_floor":[111,111,111,36,50,50,77,77,77,106,106,106,36,54,54,131,131,149,149,169,188,188,188,188,188],"floor_reached":24,"playtime":587,"items_purged":["Defend_P"],"score":554,"play_id":"53b2cd94-fad7-466a-8ad7-a184679e423b","local_time":"20201227011040","is_ascension_mode":true,"campfire_choices":[{"data":"Eruption","floor":6.0,"key":"SMITH"},{"floor":11.0,"key":"REST"},{"floor":15.0,"key":"REST"},{"data":"MentalFortress","floor":23,"key":"SMITH"}],"circlet_count":0,"master_deck":["AscendersBane","Eruption+1","Vigilance","Wallop+1","EmptyBody","SignatureMove+1","Collect","FlyingSleeves","MentalFortress+1","Consecrate","DevaForm","FearNoEvil","Adaptation+1","Protect+1","Ghostly","Ghostly","Ghostly"],"relics":["PureWater","NeowsBlessing","War Paint","StoneCalendar","Matryoshka","Pandora\u0027s Box"],"acts_visited":["Exordium","TheCity"],"potions_floor_usage":[24],"damage_taken":[{"damage":0.0,"enemies":"Cultist","floor":1.0,"turns":1.0},{"damage":0.0,"enemies":"2 Louse","floor":5.0,"turns":1.0},{"damage":0.0,"enemies":"Lagavulin","floor":7.0,"turns":1.0},{"damage":43.0,"enemies":"3 Sentries","floor":10.0,"turns":8.0},{"damage":0.0,"enemies":"Jaw Worm","floor":14.0,"turns":1.0},{"damage":0.0,"enemies":"Hexaghost","floor":16.0,"turns":4.0},{"damage":13.0,"enemies":"Shell Parasite","floor":18.0,"turns":4.0},{"damage":12.0,"enemies":"3 Byrds","floor":20.0,"turns":4.0},{"damage":8,"enemies":"Snecko","floor":21,"turns":5},{"damage":33,"enemies":"Book of Stabbing","floor":24,"turns":2}],"seed_played":"-1438898188355784432","potions_obtained":[{"floor":1.0,"key":"Energy Potion"},{"floor":14.0,"key":"EssenceOfSteel"},{"floor":16.0,"key":"Explosive Potion"},{"floor":18.0,"key":"BottledMiracle"},{"floor":20.0,"key":"AttackPotion"}],"is_trial":false,"path_per_floor":["M","?","?","$","M","R","E","?","T","E","R","?","?","M","R","B",null,"M","?","M","M","?","R","E"],"character_chosen":"WATCHER","items_purchased":[],"campfire_rested":2,"item_purchase_floors":[],"current_hp_per_floor":[61,54,49,49,49,49,49,54,54,11,32,10,10,10,31,31,63,50,50,38,30,30,30,0,0],"gold":188,"neow_bonus":"THREE_ENEMY_KILL","is_daily":false,"chose_seed":false,"campfire_upgraded":2,"win_rate":0.0,"timestamp":1608999040,"path_taken":["M","?","?","?","?","R","E","?","T","E","R","?","?","M","R","BOSS","M","?","?","M","?","R","E"],"items_purchased_type":[],"build_version":"2020-12-22","purchased_purges":1,"victory":false,"max_hp_per_floor":[68,68,68,68,68,68,68,73,73,73,73,73,73,73,73,73,73,73,73,73,73,36,36,36,36],"card_choices":[{"not_picked":["JustLucky","FlyingSleeves"],"picked":"Wallop","floor":1.0},{"not_picked":["ClearTheMind","JustLucky"],"picked":"EmptyBody","floor":5.0},{"not_picked":["Consecrate","Crescendo","FollowUp"],"picked":"SKIP","floor":7.0},{"not_picked":["PathToVictory","FlurryOfBlows"],"picked":"SignatureMove","floor":10.0},{"not_picked":["BowlingBash","EmptyBody","WaveOfTheHand"],"picked":"SKIP","floor":14.0},{"not_picked":["BowlingBash","EmptyBody","WaveOfTheHand"],"picked":"SKIP","floor":14.0},{"not_picked":["Collect","WindmillStrike"],"picked":"Adaptation","floor":18.0},{"not_picked":["CutThroughFate","FollowUp"],"picked":"Protect+1","floor":20.0},{"not_picked":["Crescendo","Evaluate","Consecrate"],"picked":"SKIP","floor":21}],"player_experience":853957,"relics_obtained":[{"floor":7.0,"key":"StoneCalendar"},{"floor":9.0,"key":"Matryoshka"}],"event_choices":[{"cards_removed":["Strike_P"],"damage_healed":0.0,"max_hp_gain":0.0,"max_hp_loss":0.0,"gold_gain":0.0,"event_name":"Golden Wing","player_choice":"Card Removal","floor":2.0,"gold_loss":0.0,"damage_taken":7.0},{"damage_healed":0.0,"max_hp_gain":0.0,"max_hp_loss":0.0,"gold_gain":0.0,"event_name":"Scrap Ooze","player_choice":"Success","floor":3.0,"gold_loss":0.0,"damage_taken":5.0,"relics_obtained":["War Paint"]},{"damage_healed":0.0,"max_hp_gain":5.0,"max_hp_loss":0.0,"gold_gain":0.0,"event_name":"Big Fish","player_choice":"Donut","floor":8.0,"gold_loss":0.0,"damage_taken":0.0},{"damage_healed":0.0,"max_hp_gain":0.0,"max_hp_loss":0.0,"gold_gain":0.0,"event_name":"Shining Light","player_choice":"Entered Light","floor":12.0,"gold_loss":0.0,"damage_taken":22.0,"cards_upgraded":["SignatureMove","Wallop"]},{"damage_healed":0.0,"max_hp_gain":0.0,"max_hp_loss":0.0,"gold_gain":0.0,"event_name":"World of Goop","player_choice":"Left Gold","floor":13.0,"gold_loss":70.0,"damage_taken":0.0},{"damage_healed":0.0,"max_hp_gain":0.0,"max_hp_loss":0.0,"gold_gain":0.0,"event_name":"Upgrade Shrine","player_choice":"Upgraded","floor":19.0,"gold_loss":0.0,"damage_taken":0.0,"cards_upgraded":["Adaptation"]},{"damage_healed":0,"gold_gain":0,"player_choice":"Became a Ghost","damage_taken":0,"max_hp_gain":0,"max_hp_loss":37,"event_name":"Ghosts","floor":22,"gold_loss":0,"cards_obtained":["Ghostly","Ghostly","Ghostly"]}],"is_beta":false,"boss_relics":[{"not_picked":["HolyWater","Sozu"],"picked":"Pandora\u0027s Box"}],"items_purged_floors":[4],"is_endless":false,"potions_floor_spawned":[1,14,16,18,20],"killed_by":"Book of Stabbing","ascension_level":20}}