{"host":"21h5e52imz35vo8g","time":1608961886,"event":{"mods":["AchievementEnabler","BaseMod","Colored Map","Colored Powertips","Googly Eyes","Minty Spire (QoL Compilation)","Quick Restart","Rare Cards Sparkle","Replay The Spire","StSLib"],"gold_per_floor":[111,130,130,130,55,80,93,109,109,129,129,164,164,20,20,20,20],"floor_reached":16,"playtime":669,"items_purged":["Defend_G"],"score":162,"play_id":"137a0373-518e-472c-ace3-77c5b8bafc4c","local_time":"20201226135126","is_ascension_mode":true,"campfire_choices":[{"data":"Deadly Poison","floor":11,"key":"SMITH"},{"data":"Infinite Blades","floor":13,"key":"SMITH"},{"data":"Neutralize","floor":15,"key":"SMITH"}],"circlet_count":0,"master_deck":["Strike_G","Strike_G","Strike_G","Strike_G","Strike_G","Defend_G","Defend_G","Defend_G","Defend_G","Survivor","Neutralize+1","Hidden Blade+1","Deadly Poison+1","Infinite Blades+1"],"relics":["Ring of the Snake","NeowsBlessing","Bag of Preparation","CeramicFish","Snack Pack","Toolbox"],"acts_visited":["Exordium"],"potions_floor_usage":[8,12],"damage_taken":[{"damage":0.0,"enemies":"Jaw Worm","floor":1.0,"turns":1.0},{"damage":0.0,"enemies":"Cultist","floor":2.0,"turns":1.0},{"damage":0.0,"enemies":"Gremlin Nob","floor":6.0,"turns":1.0},{"damage":6,"enemies":"2 Louse","floor":7,"turns":3},{"damage":4,"enemies":"Blue Slaver","floor":8,"turns":4},{"damage":6,"enemies":"3 Louse","floor":10,"turns":4},{"damage":17,"enemies":"Lagavulin","floor":12,"turns":5},{"damage":63,"enemies":"Fading Forest","floor":16,"turns":7}],"seed_played":"-6627571755180910569","potions_obtained":[{"floor":2.0,"key":"Poison Potion"},{"floor":8,"key":"Fruit Juice"},{"floor":10,"key":"Ancient Potion"}],"is_trial":false,"path_per_floor":["M","M","?","?","$","E","M","M","T","M","R","E","R","$","R","B"],"character_chosen":"THE_SILENT","items_purchased":["Toolbox"],"campfire_rested":0,"item_purchase_floors":[14],"current_hp_per_floor":[70,70,75,75,75,75,69,70,70,64,64,47,47,47,47,0,0],"gold":20,"neow_bonus":"THREE_ENEMY_KILL","is_daily":false,"chose_seed":false,"campfire_upgraded":3,"win_rate":0.0,"timestamp":1608961886,"path_taken":["M","M","?","?","$","E","M","?","T","M","R","E","R","$","R","BOSS"],"items_purchased_type":["Relic"],"build_version":"2020-12-22","purchased_purges":1,"victory":false,"max_hp_per_floor":[70,70,75,75,75,75,75,80,80,80,80,80,80,80,80,80,80],"card_choices":[{"not_picked":["Masterful Stab","Flying Knee"],"picked":"Hidden Blade","floor":1.0},{"not_picked":["Heel Hook","Outmaneuver","Acrobatics"],"picked":"SKIP","floor":2.0},{"not_picked":["Well Laid Plans","Grand Finale","Underhanded Strike"],"picked":"SKIP","floor":6.0},{"not_picked":["Dagger Spray","Deadly Poison","Bane"],"picked":"SKIP","floor":7},{"not_picked":["Dagger Spray","Bane"],"picked":"Deadly Poison","floor":7},{"not_picked":["Slice","Prepared","PiercingWail"],"picked":"SKIP","floor":8},{"not_picked":["Terror","ReplayTheSpireMod:Scrap Shanks","Acrobatics"],"picked":"SKIP","floor":10},{"not_picked":["Dodge and Roll","Predator"],"picked":"Infinite Blades","floor":12}],"player_experience":318540,"relics_obtained":[{"floor":6.0,"key":"Bag of Preparation"},{"floor":9,"key":"CeramicFish"},{"floor":12,"key":"Snack Pack"}],"event_choices":[{"damage_healed":0.0,"max_hp_gain":5.0,"max_hp_loss":0.0,"gold_gain":0.0,"event_name":"Big Fish","player_choice":"Donut","floor":3.0,"gold_loss":0.0,"damage_taken":0.0},{"damage_healed":0.0,"max_hp_gain":0.0,"max_hp_loss":0.0,"gold_gain":0.0,"event_name":"Accursed Blacksmith","player_choice":"Forge","floor":4.0,"gold_loss":0.0,"damage_taken":0.0,"cards_upgraded":["Hidden Blade"]}],"is_beta":false,"boss_relics":[],"items_purged_floors":[5],"is_endless":false,"potions_floor_spawned":[2,8,10],"killed_by":"Fading Forest","ascension_level":4}}