{"host":"aq6j0shg22k0vr7s","time":1608974018,"event":{"mods":["2.2 Compatiblity","AchievementEnabler","BaseMod","Better Note","Colored Map","Hermit","Marisa????????","Minty Spire (QoL Compilation)","Quick Restart","StSLib","The Bug Knight","The Cursed"],"gold_per_floor":[114,124,140,40,59,86,10,10,10,30,45,64,78,78,78,177,177,195,195,195,195,205,205,205,205,205],"floor_reached":25,"playtime":1139,"items_purged":["hermit:Defend_Hermit"],"score":207,"play_id":"18ae66ea-84b0-41c8-b461-4401b3e9e904","local_time":"20201226011338","is_ascension_mode":false,"campfire_choices":[{"data":"hermit:Vantage","floor":8,"key":"SMITH"},{"floor":15,"key":"REST"},{"data":"hermit:Roulette","floor":23,"key":"SMITH"}],"circlet_count":0,"master_deck":["hermit:Strike_Hermit","hermit:Strike_Hermit","hermit:Strike_Hermit","hermit:Strike_Hermit","hermit:Defend_Hermit","hermit:Defend_Hermit","hermit:Snapshot","hermit:Covet","hermit:Feint","hermit:Midnight+1","hermit:Coalescence","hermit:Vantage+1","hermit:Glare","hermit:Headshot","hermit:TrackingShot","hermit:Snipe","hermit:Midnight","hermit:HighCaliber","hermit:Coalescence","hermit:FromBeyond","hermit:Vantage+1","hermit:BodyArmor","hermit:FromBeyond","hermit:Roulette+1"],"relics":["hermit:Momento","NeowsBlessing","Bag of Preparation","HornCleat","Bird Faced Urn","Runic Pyramid"],"acts_visited":["Exordium","TheCity"],"potions_floor_usage":[6,11,16,16,24],"damage_taken":[{"damage":0,"enemies":"Cultist","floor":1,"turns":1},{"damage":0,"enemies":"2 Louse","floor":2,"turns":1},{"damage":0,"enemies":"Jaw Worm","floor":3,"turns":1},{"damage":0,"enemies":"2 Fungi Beasts","floor":5,"turns":3},{"damage":28,"enemies":"3 Sentries","floor":6,"turns":14},{"damage":0,"enemies":"Exordium Wildlife","floor":10,"turns":3},{"damage":5,"enemies":"Exordium Thugs","floor":11,"turns":3},{"damage":0,"enemies":"Large Slime","floor":12,"turns":4},{"damage":0,"enemies":"2 Fungi Beasts","floor":13,"turns":2},{"damage":39,"enemies":"Slime Boss","floor":16,"turns":8},{"damage":41,"enemies":"Shell Parasite","floor":18,"turns":9},{"damage":17,"enemies":"Spheric Guardian","floor":22,"turns":5},{"damage":2,"enemies":"Cultist and Chosen","floor":24,"turns":2},{"damage":17,"enemies":"Shelled Parasite and Fungi","floor":25,"turns":3}],"seed_played":"606268865783358616","potions_obtained":[{"floor":3,"key":"Weak Potion"},{"floor":10,"key":"Explosive Potion"},{"floor":12,"key":"hermit:BlackBile"},{"floor":16,"key":"SmokeBomb"}],"is_trial":false,"path_per_floor":["M","M","M","$","M","E","$","R","T","M","M","M","M","?","R","B",null,"M","?","?","?","M","R","M","M"],"character_chosen":"HERMIT","items_purchased":["hermit:Vantage","hermit:TrackingShot","BlessingOfTheForge"],"campfire_rested":1,"item_purchase_floors":[4,7,7],"current_hp_per_floor":[75,75,75,75,75,47,47,47,47,47,42,42,42,39,61,22,75,34,34,34,34,17,17,15,0,0],"gold":205,"neow_bonus":"THREE_ENEMY_KILL","is_daily":false,"chose_seed":false,"campfire_upgraded":2,"win_rate":0.0,"timestamp":1608974018,"path_taken":["M","M","?","$","M","E","$","R","T","M","M","M","M","?","R","BOSS","M","?","?","?","?","R","M","M"],"items_purchased_type":["Card","Card","Potion"],"build_version":"2020-12-22","purchased_purges":1,"victory":false,"max_hp_per_floor":[75,75,75,75,75,75,75,75,75,75,75,75,75,75,75,75,75,75,75,75,75,75,75,75,75,75],"card_choices":[{"not_picked":["hermit:NoHoldsBarred","hermit:SprayPray"],"picked":"hermit:Feint","floor":1},{"not_picked":["hermit:Misfire","hermit:Feint"],"picked":"hermit:Midnight","floor":2},{"not_picked":["hermit:Feint","hermit:ItchyTrigger"],"picked":"hermit:Coalescence","floor":3},{"not_picked":["hermit:HeroicBravado","hermit:Manifest"],"picked":"hermit:Glare","floor":5},{"not_picked":["hermit:Glare","hermit:Malice"],"picked":"hermit:Headshot","floor":6},{"not_picked":["hermit:Desperado","hermit:TakeCover"],"picked":"hermit:Snipe","floor":10},{"not_picked":["hermit:WideOpen","hermit:Spite"],"picked":"hermit:Midnight","floor":11},{"not_picked":["hermit:Glare","hermit:Coalescence"],"picked":"hermit:HighCaliber","floor":12},{"not_picked":["hermit:LowProfile","hermit:Feint"],"picked":"hermit:Coalescence","floor":13},{"not_picked":["hermit:HeroicBravado","hermit:DeadOrAlive"],"picked":"hermit:FromBeyond","floor":16},{"not_picked":["hermit:Misfire+1","hermit:Ricochet"],"picked":"hermit:Vantage+1","floor":18},{"not_picked":["hermit:Shortfuse","hermit:Ricochet"],"picked":"hermit:Roulette","floor":22}],"player_experience":65938,"relics_obtained":[{"floor":6,"key":"Bag of Preparation"},{"floor":9,"key":"HornCleat"}],"event_choices":[{"damage_healed":0,"gold_gain":0,"player_choice":"Success","damage_taken":3,"relics_obtained":["Bird Faced Urn"],"max_hp_gain":0,"max_hp_loss":0,"event_name":"Scrap Ooze","floor":14,"gold_loss":0},{"damage_healed":0,"gold_gain":0,"player_choice":"2 cards matched","damage_taken":0,"max_hp_gain":0,"max_hp_loss":0,"event_name":"Match and Keep!","floor":19,"gold_loss":0,"cards_obtained":["hermit:BodyArmor","hermit:FromBeyond"]},{"damage_healed":0,"gold_gain":0,"player_choice":"Upgraded","damage_taken":0,"max_hp_gain":0,"max_hp_loss":0,"event_name":"Upgrade Shrine","floor":20,"gold_loss":0,"cards_upgraded":["hermit:Midnight"]},{"cards_removed":["hermit:Defend_Hermit"],"damage_healed":0,"gold_gain":0,"player_choice":"Purged","damage_taken":0,"max_hp_gain":0,"max_hp_loss":0,"event_name":"Purifier","floor":21,"gold_loss":0}],"is_beta":false,"boss_relics":[{"not_picked":["hermit:DentedPlate","Philosopher\u0027s Stone"],"picked":"Runic Pyramid"}],"items_purged_floors":[4],"is_endless":false,"potions_floor_spawned":[3,10,12,16,24],"killed_by":"Shelled Parasite and Fungi","ascension_level":0}}