{"host":"2c1pg2m9wpz3w4c0","time":1608965358,"event":{"mods":["AchievementEnabler","Act Like it!","Aspiration","BaseMod","Better Note","BetterRewards","Disable Question Mark Monsters","Halation","Hubris","Infinite Spire","Lotus Mark","Marisa????????","Minty Spire (QoL Compilation)","Replay The Spire","StSLib","SuperFastMode","The Clintock","The Jungle","The Runesmith","Transform Curses"],"gold_per_floor":[116,129,129,94,43,43,127,177,203,226,226,243,255,265,315,419,419,419,419],"floor_reached":18,"playtime":601,"items_purged":[],"score":260,"play_id":"063de41f-0721-4d5c-9488-55584ecd6ec7","local_time":"20201225234918","is_ascension_mode":false,"campfire_choices":[{"data":"Cloak And Dagger","floor":6,"key":"SMITH"},{"data":"Deflect","floor":11,"key":"SMITH"},{"floor":15,"key":"REST"}],"circlet_count":0,"master_deck":["Strike_G","Strike_G","Strike_G","Strike_G+1","Strike_G","Defend_G","Defend_G","Defend_G","Defend_G","Defend_G+1","Survivor","Neutralize","Blade Dance","Quick Slash+1","Catalyst","Cloak And Dagger+1","Deflect+1","Sucker Punch","Cloak And Dagger","Sucker Punch","Glass Knife"],"relics":["Ring of the Snake","hubris:MobiusCoin","Replay:Rubber Ducky","Whetstone","Toy Ornithopter","aspiration:RunicSpoon"],"acts_visited":["Exordium","theJungle:Jungle"],"potions_floor_usage":[7,16,18],"damage_taken":[{"damage":2,"enemies":"2 Louse","floor":1,"turns":3},{"damage":0,"enemies":"Small Slimes","floor":2,"turns":3},{"damage":20,"enemies":"3 Sentries","floor":7,"turns":13},{"damage":1,"enemies":"Cultist","floor":12,"turns":3},{"damage":0,"enemies":"Large Slime","floor":13,"turns":5},{"damage":0,"enemies":"Red Slaver","floor":14,"turns":3},{"damage":67,"enemies":"Hexaghost","floor":16,"turns":19},{"damage":4,"enemies":"theJungle:MUSHROOMGANG","floor":18,"turns":3}],"seed_played":"-9049140259344385800","potions_obtained":[{"floor":2,"key":"infinitespire:BlackPotion"},{"floor":12,"key":"EssenceOfSteel"},{"floor":16,"key":"ColorlessPotion"}],"is_trial":false,"path_per_floor":["M","M","?","?","$","R","E","?","T","T","R","M","M","M","R","B",null,"M"],"character_chosen":"THE_SILENT","items_purchased":["hubris:MobiusCoin","Blade Dance","Cloak And Dagger"],"campfire_rested":1,"item_purchase_floors":[0,0,5],"current_hp_per_floor":[59,59,59,70,70,70,50,50,50,50,50,49,49,49,70,3,70,66,66],"gold":419,"neow_bonus":"","is_daily":false,"chose_seed":false,"campfire_upgraded":2,"win_rate":0.0,"timestamp":1608965358,"path_taken":["M","M","?","?","$","R","E","?","T","?","R","M","M","M","R","BOSS","M"],"items_purchased_type":["Relic","Card","Card"],"build_version":"2020-12-22","purchased_purges":0,"victory":false,"max_hp_per_floor":[70,70,70,70,70,70,70,70,70,70,70,70,70,70,70,70,70,70,70],"card_choices":[{"not_picked":["Skewer","Setup"],"picked":"Quick Slash","floor":1},{"not_picked":["Leg Sweep","Slice"],"picked":"Catalyst","floor":2},{"not_picked":["Fluid Movement","lotusMarks:SeasonOfFire"],"picked":"Deflect","floor":7},{"not_picked":["Dagger Throw","Accuracy"],"picked":"Sucker Punch","floor":12},{"not_picked":["lotusMarks:Mark","Deflect"],"picked":"Cloak And Dagger","floor":13},{"not_picked":["Bouncing Flask","Quick Slash"],"picked":"Sucker Punch","floor":14},{"not_picked":["aspiration:Lunge","Atom Bomb"],"picked":"Glass Knife","floor":16}],"player_experience":1131276,"relics_obtained":[{"floor":7,"key":"Replay:Rubber Ducky"},{"floor":9,"key":"Whetstone"},{"floor":10,"key":"Toy Ornithopter"}],"event_choices":[{"damage_healed":17,"gold_gain":0,"player_choice":"Healed","damage_taken":0,"max_hp_gain":0,"max_hp_loss":0,"event_name":"The Cleric","floor":4,"gold_loss":35},{"damage_healed":0,"gold_gain":0,"player_choice":"Ignored","damage_taken":0,"max_hp_gain":0,"max_hp_loss":0,"event_name":"Golden Wing","floor":8,"gold_loss":0}],"is_beta":false,"boss_relics":[{"not_picked":["Replay:Drink Me","Snecko Eye"],"picked":"aspiration:RunicSpoon"}],"items_purged_floors":[],"is_endless":false,"potions_floor_spawned":[2,12,16],"killed_by":"theJungle:MUSHROOMGANG","ascension_level":0}}