{"host":"uyrebrj0204enqpc","time":1608960254,"event":{"mods":["Act Like it!","Bard","BaseMod","Block Reminder","Challenge The Spire","Colored Map","Colored Powertips","DeckTracker","Downfall","GifTheSpireLib","HexUI Lib","Highlight Path","Hubris","Minty Spire (QoL Compilation)","Pale of the Ancients","Quick Restart","Random Character Button","Relic Stats","Replay The Spire","Shop Mod","StSLib","The Blue Laboratory","The Bug Knight","The Cursed","The Marked"],"gold_per_floor":[116,116,132,143,159,190,190,219,219,294,313,313,330,345,345,449,449,461,386,386,386],"floor_reached":20,"playtime":1410,"items_purged":[],"score":195,"play_id":"9f5a1fb5-0e16-4f8d-87a7-b704002e6a09","local_time":"20201226002414","is_ascension_mode":true,"campfire_choices":[{"data":"TheCursedMod:ForbiddenAlchemy","floor":7.0,"key":"SMITH"},{"floor":12.0,"key":"REST"}],"circlet_count":0,"master_deck":["TheCursedMod:Strike_TheCursed","TheCursedMod:Strike_TheCursed","TheCursedMod:Defend_TheCursed","TheCursedMod:Defend_TheCursed","TheCursedMod:CursedWand","TheCursedMod:CleanUpWorkshop","TheCursedMod:Dregs","TheCursedMod:Grudge","TheCursedMod:CursedShiv","TheCursedMod:RapidMovement","TheCursedMod:LuckyCharm","TheCursedMod:FleshFromBone","TheCursedMod:ForbiddenAlchemy+1","TheCursedMod:DemonSword","TheCursedMod:FleshFromBone","TheCursedMod:WearCloak","TheCursedMod:EmpowerCircles","TheCursedMod:NeowsMight","TheCursedMod:CursedShiv+1"],"relics":["TheCursedMod:BlackMagic101","Pondfish Scales","HollowMod:StagPassRelic","hubris:TenFootPole","Black Star"],"acts_visited":["Exordium","TheCity"],"potions_floor_usage":[14,14,16,16,16,16,18,18,18,18,20,20],"damage_taken":[{"damage":0.0,"enemies":"Cultist","floor":1.0,"turns":4.0},{"damage":0.0,"enemies":"2 Louse","floor":3.0,"turns":3.0},{"damage":2.0,"enemies":"Small Slimes","floor":4.0,"turns":4.0},{"damage":0.0,"enemies":"Blue Slaver","floor":5.0,"turns":6.0},{"damage":6.0,"enemies":"3 Sentries","floor":6.0,"turns":13.0},{"damage":22.0,"enemies":"Lagavulin","floor":8.0,"turns":12.0},{"damage":0.0,"enemies":"Exordium Wildlife","floor":11.0,"turns":4.0},{"damage":0.0,"enemies":"Looter","floor":13.0,"turns":2.0},{"damage":4,"enemies":"Exordium Thugs","floor":14,"turns":9},{"damage":6,"enemies":"Hexaghost","floor":16,"turns":17},{"damage":0,"enemies":"Chosen","floor":18,"turns":5},{"damage":88,"enemies":"Cultist and Chosen","floor":20,"turns":14}],"seed_played":"8599894528179070300","potions_obtained":[{"floor":5.0,"key":"Adrenaline Potion"},{"floor":8.0,"key":"Venom Potion"},{"floor":13.0,"key":"Block Potion"},{"floor":14,"key":"hexamod:EctoCoolerPotion"}],"is_trial":false,"path_per_floor":["M","?","M","M","M","E","R","E","T","?","M","R","M","M","R_BF","B",null,"M","?","M"],"character_chosen":"THE_CURSED","items_purchased":[],"campfire_rested":1,"item_purchase_floors":[],"current_hp_per_floor":[54,54,54,52,52,46,46,24,24,19,19,41,41,37,37,31,75,75,75,0,0],"gold":386,"neow_bonus":"TRANSFORM_TWO_CARDS","is_daily":false,"chose_seed":false,"campfire_upgraded":1,"win_rate":0.0,"timestamp":1608960254,"path_taken":["M","?","?","M","M","E","R","E","T","?","M","R","M","M","R_BF","BOSS","M","?","M"],"items_purchased_type":[],"build_version":"2020-12-22","purchased_purges":0,"victory":false,"max_hp_per_floor":[75,75,75,75,75,75,75,75,75,75,75,75,75,75,75,75,75,75,75,75,75],"relic_stats":{"counters":[12,93],"Black Star":0,"obtain_stats":[{"TheCursedMod:BlackMagic101":0,"Pondfish Scales":6,"hubris:TenFootPole":9,"Black Star":17,"HollowMod:StagPassRelic":8},{"TheCursedMod:BlackMagic101":0,"Pondfish Scales":5,"hubris:TenFootPole":6,"Black Star":10,"HollowMod:StagPassRelic":6},{"TheCursedMod:BlackMagic101":0,"Pondfish Scales":30,"hubris:TenFootPole":42,"Black Star":74,"HollowMod:StagPassRelic":42}]},"card_choices":[{"not_picked":["TheCursedMod:CircleOfCorruption","TheCursedMod:CircleOfFlame"],"picked":"TheCursedMod:RapidMovement","floor":1.0},{"not_picked":["TheCursedMod:CursedMace","TheCursedMod:SurpriseAttack"],"picked":"TheCursedMod:LuckyCharm","floor":3.0},{"not_picked":["TheCursedMod:VitalStrike","TheCursedMod:StingEye"],"picked":"TheCursedMod:FleshFromBone","floor":4.0},{"not_picked":["TheCursedMod:FuryStrike","TheCursedMod:SmokeScreen"],"picked":"TheCursedMod:ForbiddenAlchemy","floor":5.0},{"not_picked":["TheCursedMod:Stigma","TheCursedMod:SurpriseAttack"],"picked":"TheCursedMod:DemonSword","floor":6.0},{"not_picked":["TheCursedMod:Hemoplague","TheCursedMod:Stretching","TheCursedMod:TacticalStrike"],"picked":"SKIP","floor":8.0},{"not_picked":["TheCursedMod:CursedBoomerang","TheCursedMod:SurpriseAttack"],"picked":"TheCursedMod:FleshFromBone","floor":11.0},{"not_picked":["TheCursedMod:Torture","TheCursedMod:CircleOfFlame"],"picked":"TheCursedMod:WearCloak","floor":13.0},{"not_picked":["TheCursedMod:AbyssShockwave","TheCursedMod:VitalStrike","TheCursedMod:ShockAndAwe"],"picked":"SKIP","floor":14},{"not_picked":["TheCursedMod:Neurasthenia","TheCursedMod:DemonicPact"],"picked":"TheCursedMod:NeowsMight","floor":16},{"not_picked":["TheCursedMod:BloodBarrier","TheCursedMod:VitalStrike"],"picked":"TheCursedMod:CursedShiv+1","floor":18}],"player_experience":919278,"relics_obtained":[{"floor":6.0,"key":"Pondfish Scales"},{"floor":8.0,"key":"HollowMod:StagPassRelic"},{"floor":9.0,"key":"hubris:TenFootPole"}],"event_choices":[{"damage_healed":0.0,"max_hp_gain":0.0,"max_hp_loss":0.0,"gold_gain":0.0,"event_name":"Fountain of Cleansing","player_choice":"Ignored","floor":2.0,"gold_loss":0.0,"damage_taken":0.0},{"damage_healed":0.0,"max_hp_gain":0.0,"max_hp_loss":0.0,"gold_gain":75.0,"event_name":"World of Goop","player_choice":"Gather Gold","floor":10.0,"gold_loss":0.0,"damage_taken":11.0},{"cards_removed":["TheCursedMod:Defend_TheCursed"],"damage_healed":0,"gold_gain":0,"player_choice":"Gave Gold","damage_taken":0,"max_hp_gain":0,"max_hp_loss":0,"event_name":"Beggar","floor":19,"gold_loss":75}],"is_beta":false,"boss_relics":[{"not_picked":["ChewingGum","Runic Pyramid"],"picked":"Black Star"}],"items_purged_floors":[],"is_endless":false,"potions_floor_spawned":[5,8,13,14],"killed_by":"Cultist and Chosen","ascension_level":1}}