{"host":"pr6x8hyknev46vut","time":1608999855,"event":{"mods":["BaseMod","Colored Map","Downfall","Googly Eyes","Hermit","Highlight Path","Minty Spire (QoL Compilation)","Permanent Neow","Replay The Spire","Shop Mod","StSLib","The Bug Knight","The Construct","The Cursed","The Disciple","The Necromancer","The Runesmith","The Servant 0.9.4","[IsaacMod]????"],"gold_per_floor":[99,111,164,178,193,219,219,235,248,274,274,286,286,286,299,299,299],"floor_reached":16,"playtime":1362,"items_purged":[],"score":114,"play_id":"59f0366c-ab02-4a91-b061-1d2c88335d5a","local_time":"20201226172415","is_ascension_mode":false,"campfire_choices":[{"floor":1,"key":"RECALL"},{"floor":13,"key":"REST"}],"circlet_count":0,"master_deck":["construct:Strike_Gold","construct:Strike_Gold","construct:Strike_Gold","construct:Strike_Gold+1","construct:Strike_Gold","construct:Defend_Gold","construct:Defend_Gold","construct:Defend_Gold","construct:Defend_Gold","construct:Defend_Gold","construct:AttackMode+1","construct:DefenseMode","construct:Versatility","construct:Stasis","construct:Analyze","construct:Accumulate","construct:ShieldBurst","construct:Stasis","construct:ModeShift","construct:OneWayMirror","construct:GuardCore","construct:Isolate+1","Regret","construct:Autoturret"],"relics":["construct:Cogwheel","HushsDoor","KeepersGift","Dream Catcher","PreservedInsect","construct:MasterCore","Potion Belt"],"acts_visited":["Exordium"],"potions_floor_usage":[6,10,16,16,16],"damage_taken":[{"damage":0,"enemies":"Small Slimes","floor":2,"turns":6},{"damage":4,"enemies":"2 Louse","floor":4,"turns":5},{"damage":0,"enemies":"Cultist","floor":5,"turns":5},{"damage":25,"enemies":"3 Sentries","floor":6,"turns":11},{"damage":13,"enemies":"Lots of Slimes","floor":8,"turns":3},{"damage":5,"enemies":"Blue Slaver","floor":9,"turns":4},{"damage":24,"enemies":"Lagavulin","floor":10,"turns":5},{"damage":0,"enemies":"3 Louse","floor":12,"turns":5},{"damage":3,"enemies":"Large Slime","floor":15,"turns":7},{"damage":46,"enemies":"downfall:Watcher","floor":16,"turns":7}],"seed_played":"8390328626431548476","potions_obtained":[{"floor":3,"key":"SkillPotion"},{"floor":3,"key":"Fruit Juice"},{"floor":6,"key":"Adrenaline Potion"},{"floor":8,"key":"Fire Potion"},{"floor":15,"key":"Milkshake"}],"is_trial":false,"path_per_floor":["R_BF","M","?","M","M","E","T","M","M","E","?","M","R","?","M","B"],"character_chosen":"THE_CONSTRUCT_MOD","items_purchased":[],"campfire_rested":1,"item_purchase_floors":[],"current_hp_per_floor":[85,85,85,81,81,61,61,48,43,19,19,19,46,46,43,0,0],"gold":299,"neow_bonus":"RANDOM_COMMON_RELIC","is_daily":false,"chose_seed":false,"campfire_upgraded":0,"win_rate":0.0,"timestamp":1608999855,"path_taken":["R_BF","M","?","M","?","E","T","M","M","E","?","M","R","?","M","BOSS"],"items_purchased_type":[],"build_version":"2020-12-22","purchased_purges":0,"victory":false,"max_hp_per_floor":[85,85,85,85,85,90,90,90,90,90,90,90,90,90,90,90,90],"card_choices":[{"not_picked":["construct:Missile","construct:FierceBash"],"picked":"construct:Versatility","floor":2},{"not_picked":["construct:Chainstrike","construct:SyphonStrike"],"picked":"construct:Stasis","floor":3},{"not_picked":["construct:SyphonStrike","construct:VentSteam"],"picked":"construct:Analyze","floor":4},{"not_picked":["construct:Construct_Overclock","construct:Forcefield"],"picked":"construct:Accumulate","floor":5},{"not_picked":["construct:ShiftStrike","construct:CriticalHit"],"picked":"construct:ShieldBurst","floor":6},{"not_picked":["construct:FocusedBeam","construct:Anticipate"],"picked":"construct:Stasis","floor":8},{"not_picked":["construct:ScrapCannon","construct:ScopeCore"],"picked":"construct:ModeShift","floor":9},{"not_picked":["construct:FlameCore","construct:HeavyBolt"],"picked":"construct:OneWayMirror","floor":10},{"not_picked":["construct:ReactiveShield","construct:PanicFire"],"picked":"construct:GuardCore","floor":12},{"not_picked":["construct:ShiftGuard","construct:FocusedBeam"],"picked":"construct:Isolate","floor":13},{"not_picked":["construct:Versatility","construct:MetalShell"],"picked":"construct:Autoturret","floor":15}],"player_experience":17969,"relics_obtained":[{"floor":3,"key":"PreservedInsect"},{"floor":6,"key":"construct:MasterCore"},{"floor":10,"key":"Potion Belt"}],"event_choices":[],"is_beta":false,"boss_relics":[],"items_purged_floors":[],"is_endless":false,"potions_floor_spawned":[6,8,9,15],"killed_by":"downfall:Watcher","ascension_level":0}}