{"host":"tx5rs9w5gu6e5gf0","time":1608977161,"event":{"mods":["BaseMod","Colored Map","Filter the Spire","Minty Spire (QoL Compilation)","Relic Stats","StSLib"],"gold_per_floor":[112,112,126,126,141,141,179,179,204,204,228,228,252,45,45,170,170,193,22,47,47,21,21,65,65,65,86,111,111,142,157,157,276,276,292,292,80,148,173,213,231,275,275,15,34,34,34,54,54,54],"floor_reached":51,"playtime":2591,"items_purged":["Defend_R"],"score":795,"play_id":"81d435c6-c149-4d10-99b7-fea2372fe70e","local_time":"20201226110601","is_ascension_mode":false,"campfire_choices":[{"data":"Perfected Strike","floor":6,"key":"SMITH"},{"data":"Impervious","floor":8,"key":"SMITH"},{"data":"Rage","floor":10,"key":"SMITH"},{"data":"Uppercut","floor":12,"key":"SMITH"},{"data":"Flame Barrier","floor":15,"key":"SMITH"},{"data":"Feed","floor":23,"key":"SMITH"},{"data":"Perfected Strike","floor":25,"key":"SMITH"},{"data":"Shockwave","floor":29,"key":"SMITH"},{"data":"Pummel","floor":32,"key":"SMITH"},{"data":"Apotheosis","floor":47,"key":"SMITH"},{"data":"Dark Embrace","floor":49,"key":"SMITH"}],"circlet_count":0,"master_deck":["Strike_R","Strike_R","Strike_R","Strike_R","Strike_R","Defend_R","Defend_R","Defend_R","Perfected Strike+1","Rage+1","Pummel+1","Impervious+1","Uppercut+1","Flame Barrier+1","Pommel Strike","Feed+1","Shockwave+1","Perfected Strike+1","Pummel","Shrug It Off","Dark Embrace+1","Twin Strike","Double Tap","Ghostly Armor+1","Swift Strike","Panacea","Trip","Apotheosis+1","Pummel","Power Through+1","Shockwave","Feel No Pain","Shrug It Off","Twin Strike"],"relics":["Black Blood","Lantern","Golden Idol","Boot","Strawberry","Medical Kit","Busted Crown","Membership Card","Shuriken","Kunai","Question Card","Incense Burner","Bird Faced Urn","Juzu Bracelet","Paper Frog","Eternal Feather","Toolbox"],"acts_visited":["Exordium","TheCity","TheBeyond"],"potions_floor_usage":[16,20,30,33,38,40,42,50,50],"damage_taken":[{"damage":5,"enemies":"2 Louse","floor":1,"turns":3},{"damage":6,"enemies":"Jaw Worm","floor":3,"turns":2},{"damage":10,"enemies":"Cultist","floor":5,"turns":4},{"damage":23,"enemies":"3 Sentries","floor":7,"turns":8},{"damage":3,"enemies":"Exordium Thugs","floor":11,"turns":3},{"damage":0,"enemies":"Blue Slaver","floor":13,"turns":2},{"damage":34,"enemies":"The Guardian","floor":16,"turns":13},{"damage":0,"enemies":"Chosen","floor":18,"turns":3},{"damage":6,"enemies":"3 Byrds","floor":20,"turns":6},{"damage":19,"enemies":"Book of Stabbing","floor":24,"turns":5},{"damage":21,"enemies":"Snake Plant","floor":27,"turns":4},{"damage":2,"enemies":"Centurion and Healer","floor":28,"turns":8},{"damage":17,"enemies":"Gremlin Leader","floor":30,"turns":8},{"damage":0,"enemies":"Chosen and Byrds","floor":31,"turns":4},{"damage":29,"enemies":"Champ","floor":33,"turns":13},{"damage":7,"enemies":"3 Shapes","floor":35,"turns":3},{"damage":23,"enemies":"2 Orb Walkers","floor":38,"turns":7},{"damage":6,"enemies":"Orb Walker","floor":39,"turns":5},{"damage":47,"enemies":"Reptomancer","floor":40,"turns":9},{"damage":36,"enemies":"3 Darklings","floor":41,"turns":7},{"damage":2,"enemies":"Nemesis","floor":42,"turns":11},{"damage":18,"enemies":"Sphere and 2 Shapes","floor":45,"turns":7},{"damage":0,"enemies":"Transient","floor":48,"turns":5},{"damage":62,"enemies":"Awakened One","floor":50,"turns":10}],"seed_played":"-9184611073333664238","potions_obtained":[{"floor":3,"key":"Ancient Potion"},{"floor":5,"key":"Swift Potion"},{"floor":7,"key":"Swift Potion"},{"floor":24,"key":"SteroidPotion"},{"floor":28,"key":"ColorlessPotion"},{"floor":30,"key":"HeartOfIron"},{"floor":33,"key":"SkillPotion"},{"floor":39,"key":"Swift Potion"},{"floor":40,"key":"PowerPotion"},{"floor":42,"key":"Energy Potion"},{"floor":45,"key":"LiquidMemories"}],"is_trial":false,"path_per_floor":["M","?","M","?","M","R","E","R","T","R","M","R","M","$","R","B",null,"M","$","M","?","$","R","E","R","T","M","M","R","E","M","R","B",null,"M","?","$","?","M","E","M","E","T","$","M","?","R","M","R","B",null],"character_chosen":"IRONCLAD","items_purchased":["Pommel Strike","Medical Kit","Membership Card","Perfected Strike","Shrug It Off","Trip","Apotheosis","Pummel","Feel No Pain","Eternal Feather","Toolbox","Shrug It Off","Twin Strike"],"campfire_rested":0,"item_purchase_floors":[14,14,19,19,22,37,37,37,44,44,44,44,44],"current_hp_per_floor":[80,60,60,65,61,61,44,44,51,51,54,54,60,60,60,32,92,92,92,95,95,95,95,82,82,82,71,79,79,68,78,78,59,111,115,105,105,94,100,69,51,69,69,69,71,71,89,101,119,73],"gold":54,"neow_bonus":"RANDOM_COMMON_RELIC","is_daily":false,"chose_seed":false,"campfire_upgraded":11,"win_rate":0.0,"timestamp":1608977161,"path_taken":["M","?","M","?","?","R","E","R","T","R","?","R","M","$","R","BOSS","M","$","M","?","?","R","E","R","T","M","M","R","E","M","R","BOSS","M","?","$","?","M","E","M","E","T","?","M","?","R","M","R","BOSS"],"items_purchased_type":["Card","Relic","Relic","Card","Card","Card","Card","Card","Card","Relic","Relic","Card","Card"],"build_version":"2020-12-22","purchased_purges":1,"victory":true,"max_hp_per_floor":[80,80,80,85,85,85,85,85,92,92,92,92,92,92,92,92,92,92,92,95,95,95,95,95,95,95,99,103,103,103,107,107,111,111,115,115,115,115,115,119,123,127,127,127,131,124,124,124,124,124],"relic_stats":{"counters":[24,150],"Golden Idol":187,"Black Blood":186,"Eternal Feather":36,"Juzu Bracelet":1,"Boot":[294],"Medical Kit":[38],"Question Card":13,"Busted Crown":38,"Shuriken":[24],"Bird Faced Urn":[14],"Kunai":[24],"obtain_stats":[{"Lantern":0,"Golden Idol":2,"Black Blood":34,"Eternal Feather":44,"Incense Burner":38,"Juzu Bracelet":42,"Boot":7,"Medical Kit":14,"Question Card":30,"Burning Blood":0,"Busted Crown":17,"Shuriken":24,"Strawberry":9,"Bird Faced Urn":40,"Toolbox":44,"Membership Card":19,"Kunai":26,"Paper Frog":43},{"Lantern":0,"Golden Idol":1,"Black Blood":15,"Eternal Feather":21,"Incense Burner":17,"Juzu Bracelet":21,"Boot":4,"Medical Kit":6,"Question Card":13,"Burning Blood":0,"Busted Crown":7,"Shuriken":10,"Strawberry":4,"Bird Faced Urn":19,"Toolbox":21,"Membership Card":8,"Kunai":10,"Paper Frog":21},{"Lantern":0,"Golden Idol":3,"Black Blood":86,"Eternal Feather":128,"Incense Burner":96,"Juzu Bracelet":128,"Boot":17,"Medical Kit":22,"Question Card":69,"Burning Blood":0,"Busted Crown":35,"Shuriken":49,"Strawberry":17,"Bird Faced Urn":110,"Toolbox":128,"Membership Card":38,"Kunai":49,"Paper Frog":128}]},"card_choices":[{"not_picked":["Flex","Dual Wield"],"picked":"Perfected Strike","floor":1},{"not_picked":["Anger","Armaments"],"picked":"Rage","floor":3},{"not_picked":["Rage","Reckless Charge"],"picked":"Pummel","floor":5},{"not_picked":["Flex","Anger"],"picked":"Impervious","floor":7},{"not_picked":["Headbutt","Intimidate"],"picked":"Uppercut","floor":11},{"not_picked":["Whirlwind","Anger"],"picked":"Flame Barrier","floor":13},{"not_picked":["Demon Form","Fiend Fire"],"picked":"Feed","floor":16},{"not_picked":[],"picked":"Shockwave","floor":18},{"not_picked":[],"picked":"Pummel","floor":20},{"not_picked":[],"picked":"Dark Embrace","floor":24},{"not_picked":["Clash"],"picked":"SKIP","floor":27},{"not_picked":[],"picked":"Twin Strike","floor":28},{"not_picked":["Body Slam"],"picked":"SKIP","floor":30},{"not_picked":["Armaments+1","Hemokinesis"],"picked":"SKIP","floor":31},{"not_picked":["Demon Form"],"picked":"Double Tap","floor":33},{"not_picked":["Rampage"],"picked":"Ghostly Armor+1","floor":35},{"not_picked":["Jack Of All Trades"],"picked":"Swift Strike","floor":36},{"not_picked":["Deep Breath"],"picked":"Panacea","floor":36},{"not_picked":["Whirlwind+1"],"picked":"Power Through+1","floor":38},{"not_picked":["Headbutt","Sword Boomerang"],"picked":"SKIP","floor":39},{"not_picked":["Whirlwind+1"],"picked":"Shockwave","floor":40},{"not_picked":["Cleave+1","Iron Wave"],"picked":"SKIP","floor":41},{"not_picked":["Rupture","Headbutt"],"picked":"SKIP","floor":42},{"not_picked":["Clash+1","Flex"],"picked":"SKIP","floor":45},{"not_picked":["Twin Strike","Uppercut"],"picked":"SKIP","floor":48}],"player_experience":0,"relics_obtained":[{"floor":7,"key":"Boot"},{"floor":9,"key":"Strawberry"},{"floor":24,"key":"Shuriken"},{"floor":26,"key":"Kunai"},{"floor":30,"key":"Question Card"},{"floor":38,"key":"Incense Burner"},{"floor":40,"key":"Bird Faced Urn"},{"floor":42,"key":"Juzu Bracelet"},{"floor":43,"key":"Paper Frog"}],"event_choices":[{"damage_healed":0,"gold_gain":0,"player_choice":"Take Damage","damage_taken":20,"relics_obtained":["Golden Idol"],"max_hp_gain":0,"max_hp_loss":0,"event_name":"Golden Idol","floor":2,"gold_loss":0},{"damage_healed":0,"gold_gain":0,"player_choice":"Donut","damage_taken":0,"max_hp_gain":5,"max_hp_loss":0,"event_name":"Big Fish","floor":4,"gold_loss":0},{"cards_removed":["Bash"],"damage_healed":0,"gold_gain":0,"player_choice":"Offered Basic","damage_taken":0,"max_hp_gain":0,"max_hp_loss":0,"event_name":"Bonfire Elementals","floor":21,"gold_loss":0},{"damage_healed":0,"gold_gain":0,"player_choice":"Memory 3","damage_taken":10,"max_hp_gain":0,"max_hp_loss":0,"event_name":"SensoryStone","floor":36,"gold_loss":0},{"damage_healed":0,"gold_gain":0,"player_choice":"Fight","damage_taken":0,"max_hp_gain":0,"max_hp_loss":0,"event_name":"Mysterious Sphere","floor":38,"gold_loss":0},{"damage_healed":0,"gold_gain":0,"player_choice":"Max HP","damage_taken":0,"max_hp_gain":0,"max_hp_loss":7,"event_name":"Winding Halls","floor":46,"gold_loss":0}],"is_beta":false,"boss_relics":[{"not_picked":["Sozu","Fusion Hammer"],"picked":"Busted Crown"},{"not_picked":["Tiny House","Mark of Pain"],"picked":"Black Blood"}],"items_purged_floors":[37],"is_endless":false,"potions_floor_spawned":[3,5,7,24,28,30,33,35,39,40,42,45],"ascension_level":0}}