{"host":"3cenhy47unxehvyr","time":1608978276,"event":{"mods":["BaseMod","Downfall","Minty Spire (QoL Compilation)","Replay The Spire","StSLib","The Bug Knight","The Servant 0.9.4"],"gold_per_floor":[113,129,129,99,112,112,123,123,123],"floor_reached":8,"playtime":270,"items_purged":[],"score":58,"play_id":"321285dd-ddc6-4af9-87c4-2d5b01c7c81f","local_time":"20201226182436","is_ascension_mode":true,"campfire_choices":[{"data":"Prepared","floor":6.0,"key":"SMITH"}],"circlet_count":0,"master_deck":["Strike_G","Strike_G","Strike_G","Strike_G","Strike_G","Defend_G","Defend_G","Defend_G","Defend_G","Defend_G","Survivor","Neutralize","Dagger Spray","Prepared+1","Acrobatics","Caltrops"],"relics":["NeowsBlessing","Sizzling Blood"],"acts_visited":["Exordium"],"potions_floor_usage":[8,8],"damage_taken":[{"damage":0.0,"enemies":"Small Slimes","floor":1.0,"turns":1.0},{"damage":0.0,"enemies":"2 Louse","floor":2.0,"turns":1.0},{"damage":0.0,"enemies":"Cultist","floor":5.0,"turns":1.0},{"damage":13.0,"enemies":"Gremlin Gang","floor":7.0,"turns":4.0},{"damage":73,"enemies":"Lagavulin","floor":8,"turns":13}],"seed_played":"-2149166524290915551","potions_obtained":[{"floor":2.0,"key":"SpeedPotion"},{"floor":4.0,"key":"CunningPotion"},{"floor":4.0,"key":"LiquidBronze"}],"is_trial":false,"path_per_floor":["M","M","?","?","M","R","M","E"],"character_chosen":"THE_SILENT","items_purchased":[],"campfire_rested":0,"item_purchase_floors":[],"current_hp_per_floor":[70,70,74,74,74,74,65,0,0],"gold":123,"neow_bonus":"THREE_ENEMY_KILL","is_daily":false,"chose_seed":false,"campfire_upgraded":1,"win_rate":0.0,"timestamp":1608978276,"path_taken":["M","M","?","?","?","R","?","E"],"items_purchased_type":[],"build_version":"2020-12-22","purchased_purges":0,"victory":false,"max_hp_per_floor":[70,70,74,74,74,74,74,74,74],"card_choices":[{"not_picked":["PiercingWail","Deflect"],"picked":"Dagger Spray","floor":1.0},{"not_picked":["Concentrate","Dodge and Roll"],"picked":"Prepared","floor":2.0},{"not_picked":["Noxious Fumes","Quick Slash"],"picked":"Acrobatics","floor":5.0},{"not_picked":["Deadly Poison","Cloak And Dagger"],"picked":"Caltrops","floor":7.0}],"player_experience":88938,"relics_obtained":[],"event_choices":[{"damage_healed":0.0,"max_hp_gain":0.0,"max_hp_loss":0.0,"gold_gain":0.0,"event_name":"The Woman in Blue","player_choice":"Bought 2 Potions","floor":4.0,"gold_loss":0.0,"damage_taken":0.0}],"is_beta":false,"boss_relics":[],"items_purged_floors":[],"is_endless":false,"potions_floor_spawned":[2],"killed_by":"Lagavulin","ascension_level":4}}