{"host":"Sereno","time":1608956061,"event":{"mods":["AchievementEnabler","BaseMod","Better Third Choice","Colored Map","Colored Powertips","DeckTracker","Friendly Minions","Highlight Path","Minty Spire (QoL Compilation)","Quick Restart","Random Character Button","Relic Stats","StSLib","Unceasing Turn Reminder"],"gold_per_floor":[118,43,43,59,59,59,72,88,111,111,11,11,24,35,35,132,132,144,0,19,19,38,38,38,38,65,65,65],"floor_reached":27,"playtime":1119,"items_purged":["Defend_P","Strike_P"],"score":325,"play_id":"c0ed2f3e-e1a8-4cfe-8760-511e0384146c","local_time":"20201225231421","is_ascension_mode":true,"campfire_choices":[{"data":"FollowUp","floor":6.0,"key":"SMITH"},{"data":"Vigilance","floor":12.0,"key":"SMITH"},{"floor":15.0,"key":"REST"},{"floor":23,"key":"REST"},{"data":"Devotion","floor":25,"key":"SMITH"}],"circlet_count":0,"master_deck":["AscendersBane","Strike_P","Strike_P+1","Defend_P","Defend_P","Defend_P","Eruption+1","Vigilance+1","FollowUp+1","Devotion+1","Swivel+1"],"relics":["PureWater","Vajra","Lantern","SlaversCollar","Tiny Chest","Regal Pillow"],"acts_visited":[],"potions_floor_usage":[27],"damage_taken":[{"damage":16.0,"enemies":"Small Slimes","floor":1.0,"turns":3.0},{"damage":0.0,"enemies":"Cultist","floor":4.0,"turns":4.0},{"damage":2.0,"enemies":"Jaw Worm","floor":7.0,"turns":2.0},{"damage":0.0,"enemies":"Large Slime","floor":8.0,"turns":3.0},{"damage":0.0,"enemies":"2 Fungi Beasts","floor":13.0,"turns":2.0},{"damage":4.0,"enemies":"Red Slaver","floor":14.0,"turns":2.0},{"damage":22.0,"enemies":"Hexaghost","floor":16.0,"turns":8.0},{"damage":2.0,"enemies":"Chosen","floor":18.0,"turns":4.0},{"damage":46.0,"enemies":"3 Byrds","floor":20.0,"turns":5.0},{"damage":13.0,"enemies":"Centurion and Healer","floor":22.0,"turns":6.0},{"damage":49,"enemies":"Slavers","floor":27,"turns":4}],"seed_played":"-8438669802428623599","potions_obtained":[{"floor":1.0,"key":"PowerPotion"},{"floor":5.0,"key":"LiquidBronze"},{"floor":14.0,"key":"Strength Potion"},{"floor":16.0,"key":"Regen Potion"},{"floor":20.0,"key":"BottledMiracle"},{"floor":22,"key":"Regen Potion"}],"is_trial":false,"path_per_floor":["M","$","?","M","?","R","M","M","T","?","$","R","M","M","R","B",null,"M","$","M","?","M","R","$","R","T","E"],"character_chosen":"WATCHER","items_purchased":["Tiny Chest"],"campfire_rested":2,"item_purchase_floors":[19],"current_hp_per_floor":[49,49,35,35,35,35,33,33,33,30,30,30,30,26,47,25,60,58,58,12,12,14,35,35,35,35,0,0],"gold":65,"neow_bonus":"REMOVE_CARD","is_daily":false,"chose_seed":false,"campfire_upgraded":3,"win_rate":0.0,"timestamp":1608956061,"path_taken":["M","$","?","M","?","R","M","?","T","?","$","R","M","M","R","BOSS","M","$","M","?","M","R","$","R","T","E"],"items_purchased_type":["Relic"],"build_version":"2020-12-18","purchased_purges":2,"victory":false,"max_hp_per_floor":[72,72,72,72,72,72,72,72,72,72,72,72,72,72,72,72,72,72,72,72,72,72,72,72,72,72,72,72],"relic_stats":{"Regal Pillow":0,"counters":[1,4],"Tiny Chest":0,"obtain_stats":[{"SlaversCollar":0,"Lantern":0,"Regal Pillow":26,"Vajra":0,"Tiny Chest":0,"PureWater":0},{"SlaversCollar":0,"Lantern":0,"Regal Pillow":0,"Vajra":0,"Tiny Chest":0,"PureWater":0},{"SlaversCollar":0,"Lantern":0,"Regal Pillow":0,"Vajra":0,"Tiny Chest":0,"PureWater":0}]},"card_choices":[{"not_picked":["Nirvana","SashWhip","PathToVictory"],"picked":"SKIP","floor":1.0},{"not_picked":["Collect","SashWhip"],"picked":"FollowUp","floor":4.0},{"not_picked":["JustLucky","Scrawl","PathToVictory"],"picked":"SKIP","floor":7.0},{"not_picked":["Meditate","PathToVictory","Study"],"picked":"SKIP","floor":8.0},{"not_picked":["CrushJoints","FlyingSleeves","Collect"],"picked":"SKIP","floor":13.0},{"not_picked":["FlyingSleeves","Study","Halt"],"picked":"SKIP","floor":14.0},{"not_picked":["DeusExMachina","Omniscience"],"picked":"Devotion","floor":16.0},{"not_picked":["JustLucky","Weave","Nirvana+1"],"picked":"SKIP","floor":18.0},{"not_picked":["Crescendo","BowlingBash"],"picked":"Swivel+1","floor":20.0},{"not_picked":["FollowUp","Conclude","EmptyFist"],"picked":"SKIP","floor":22}],"player_experience":1830560,"relics_obtained":[{"floor":9.0,"key":"Vajra"},{"floor":26,"key":"Regal Pillow"}],"event_choices":[{"damage_healed":0.0,"max_hp_gain":0.0,"max_hp_loss":0.0,"gold_gain":0.0,"event_name":"Shining Light","player_choice":"Entered Light","floor":3.0,"gold_loss":0.0,"damage_taken":14.0,"cards_upgraded":["Strike_P","Eruption"]},{"damage_healed":0.0,"max_hp_gain":0.0,"max_hp_loss":0.0,"gold_gain":0.0,"event_name":"Lab","player_choice":"Got Potions","floor":5.0,"gold_loss":0.0,"damage_taken":0.0},{"damage_healed":0.0,"max_hp_gain":0.0,"max_hp_loss":0.0,"gold_gain":0.0,"event_name":"Scrap Ooze","player_choice":"Success","floor":10.0,"gold_loss":0.0,"damage_taken":3.0,"relics_obtained":["Lantern"]},{"damage_healed":0.0,"max_hp_gain":0.0,"max_hp_loss":0.0,"gold_gain":0.0,"event_name":"The Mausoleum","player_choice":"Ignored","floor":21.0,"gold_loss":0.0,"damage_taken":0.0}],"is_beta":true,"boss_relics":[{"not_picked":["Tiny House","Philosopher\u0027s Stone"],"picked":"SlaversCollar"}],"items_purged_floors":[2,11],"is_endless":false,"potions_floor_spawned":[1,7,14,16,20,22],"killed_by":"Slavers","ascension_level":12}}