{"host":"sc0o2qwpf9j16a4i","time":1608941011,"event":{"mods":["AchievementEnabler","BaseMod","BetterRewards","Block Reminder","Colored Map","Colored Powertips","Custom Start","Highlight Path","Minty Spire (QoL Compilation)","Relic Stats"],"gold_per_floor":[109,109,121,141,141,141,174,189,216,248,259,259,273,288,288,365,365,381,400,400,419,434,434,131,131,154,154,177,177,208,225,225,302,302,348,348,54,54,54,54],"floor_reached":39,"playtime":1154,"items_purged":["Strike_P","Pain","Defend_P"],"score":1398,"play_id":"43568bb5-e77e-49ce-a828-79a93711f7f2","local_time":"20201226020331","is_ascension_mode":true,"campfire_choices":[{"floor":6,"key":"REST"},{"data":"Ragnarok","floor":12,"key":"SMITH"},{"data":"LikeWater","floor":15,"key":"SMITH"},{"floor":23,"key":"REST"},{"data":"TalkToTheHand","floor":25,"key":"SMITH"},{"data":"Wish","floor":32,"key":"SMITH"}],"circlet_count":0,"master_deck":["AscendersBane","Strike_P","Strike_P","Defend_P","Defend_P","Defend_P","Eruption","Vigilance","LikeWater+1","Meditate","Wallop+1","CutThroughFate","Ragnarok+1","SashWhip","TalkToTheHand+1","Halt","FollowUp","Scrawl","FlyingSleeves+1","Wallop","FearNoEvil","Wireheading","WaveOfTheHand","LikeWater","Wish+1","Omniscience","InnerPeace"],"relics":["PureWater","Question Card","Mummified Hand","Eternal Feather","Bag of Preparation","WarpedTongs","Centennial Puzzle","Anchor","Boot","Philosopher\u0027s Stone","Lee\u0027s Waffle","Strawberry","Enchiridion","Orichalcum","Regal Pillow","SlaversCollar","Sundial","PreservedInsect"],"acts_visited":["Exordium","TheCity","TheBeyond"],"potions_floor_usage":[4,8,16,19,33],"damage_taken":[{"damage":0,"enemies":"Small Slimes","floor":1,"turns":4},{"damage":0,"enemies":"Cultist","floor":3,"turns":3},{"damage":0,"enemies":"Jaw Worm","floor":4,"turns":4},{"damage":5,"enemies":"Lagavulin","floor":7,"turns":5},{"damage":0,"enemies":"Lots of Slimes","floor":8,"turns":2},{"damage":3,"enemies":"Gremlin Nob","floor":10,"turns":3},{"damage":7,"enemies":"Exordium Wildlife","floor":11,"turns":5},{"damage":4,"enemies":"Large Slime","floor":13,"turns":3},{"damage":3,"enemies":"Blue Slaver","floor":14,"turns":2},{"damage":7,"enemies":"Hexaghost","floor":16,"turns":7},{"damage":3,"enemies":"Spheric Guardian","floor":18,"turns":2},{"damage":2,"enemies":"3 Byrds","floor":19,"turns":3},{"damage":6,"enemies":"Cultist and Chosen","floor":21,"turns":3},{"damage":18,"enemies":"Snake Plant","floor":22,"turns":3},{"damage":0,"enemies":"Book of Stabbing","floor":30,"turns":4},{"damage":1,"enemies":"Shelled Parasite and Fungi","floor":31,"turns":4},{"damage":0,"enemies":"Collector","floor":33,"turns":7},{"damage":10,"enemies":"Orb Walker","floor":35,"turns":4}],"seed_played":"-4680034941095956378","potions_obtained":[{"floor":1,"key":"Regen Potion"},{"floor":7,"key":"LiquidBronze"},{"floor":8,"key":"LiquidMemories"},{"floor":18,"key":"SneckoOil"},{"floor":22,"key":"DuplicationPotion"},{"floor":31,"key":"PowerPotion"},{"floor":35,"key":"Explosive Potion"}],"is_trial":false,"path_per_floor":["M","?","M","M","?","R","E","M","T","E","M","R","M","M","R","B",null,"M","M","?","M","M","R","$","R","T","?","T","?","E","M","R","B",null,"M","?","$","$","M"],"character_chosen":"WATCHER","items_purchased":["LikeWater","Question Card","Mummified Hand","Meditate","Eternal Feather","Bag of Preparation","Wallop","Fire Potion","Lee\u0027s Waffle","WaveOfTheHand","PreservedInsect"],"campfire_rested":2,"item_purchase_floors":[0,0,0,0,0,0,0,0,24,24,37],"current_hp_per_floor":[19,19,19,31,31,60,55,55,55,52,45,54,50,47,59,52,64,61,59,59,53,35,68,75,75,82,61,61,61,61,60,75,75,80,70,70,70,70,0,0],"gold":54,"neow_bonus":"","is_daily":false,"chose_seed":false,"campfire_upgraded":4,"win_rate":0.0,"timestamp":1608941011,"path_taken":["M","?","?","M","?","R","E","M","T","E","M","R","?","M","R","BOSS","M","M","?","M","M","R","$","R","T","?","?","?","E","?","R","BOSS","M","?","?","$","M"],"items_purchased_type":["Card","Relic","Relic","Card","Relic","Relic","Card","Potion","Relic","Card","Relic"],"build_version":"2020-12-22","purchased_purges":3,"victory":false,"max_hp_per_floor":[68,68,68,68,68,68,68,68,68,68,68,68,68,68,68,68,68,68,68,68,68,68,68,75,75,82,82,82,82,82,82,82,82,82,82,82,82,82,82,82],"relic_stats":{"Lee\u0027s Waffle":82,"Regal Pillow":1,"counters":[68,262],"Eternal Feather":60,"PreservedInsect":0,"Bag of Preparation":[38],"Orichalcum":[0],"Question Card":18,"Boot":[63],"WarpedTongs":[61],"Centennial Puzzle":[34],"Mummified Hand":[38],"Sundial":[0],"obtain_stats":[{"CeramicFish":7,"Vajra":9,"Whetstone":36,"Boot":12,"Blood Vial":47,"Centennial Puzzle":7,"Sundial":36,"Strawberry":26,"MealTicket":44,"Philosopher\u0027s Stone":17,"Toxic Egg 2":10,"Happy Flower":0,"Dead Branch":26,"Eternal Feather":0,"Pen Nib":47,"Letter Opener":47,"Question Card":0,"WarpedTongs":5,"SlaversCollar":34,"Shuriken":19,"MutagenicStrength":19,"Bronze Scales":41,"Snecko Eye":17,"Pandora\u0027s Box":0,"Nloth\u0027s Gift":30,"Black Star":34,"Regal Pillow":47,"Singing Bowl":0,"Enchiridion":27,"Mango":45,"Bag of Preparation":47,"Cursed Key":17,"Frozen Eye":47,"Mummified Hand":47,"Tiny Chest":9,"Red Mask":22,"InkBottle":14,"Runic Pyramid":34,"Potion Belt":28,"Lee\u0027s Waffle":28,"Damaru":47,"The Courier":24,"PreservedInsect":37,"Frozen Egg 2":0,"Orichalcum":28,"CaptainsWheel":31,"Anchor":9,"Ornamental Fan":47,"Orrery":46,"Bag of Marbles":4,"Membership Card":11,"PureWater":0},{"CeramicFish":5,"Vajra":5,"Whetstone":16,"Boot":31,"Blood Vial":21,"Centennial Puzzle":53,"Sundial":67,"Strawberry":63,"MealTicket":47,"Philosopher\u0027s Stone":59,"Toxic Egg 2":6,"Happy Flower":24,"Dead Branch":12,"Eternal Feather":49,"Pen Nib":21,"Letter Opener":21,"Question Card":49,"WarpedTongs":52,"SlaversCollar":66,"Shuriken":9,"MutagenicStrength":34,"Bronze Scales":46,"Snecko Eye":8,"Pandora\u0027s Box":0,"Nloth\u0027s Gift":13,"Black Star":15,"Regal Pillow":21,"Singing Bowl":24,"Enchiridion":63,"Mango":21,"Bag of Preparation":21,"Cursed Key":33,"Frozen Eye":21,"Mummified Hand":21,"Tiny Chest":28,"Red Mask":11,"InkBottle":32,"Runic Pyramid":41,"Potion Belt":38,"Lee\u0027s Waffle":12,"Damaru":21,"The Courier":12,"PreservedInsect":67,"Frozen Egg 2":24,"Orichalcum":63,"CaptainsWheel":40,"Anchor":54,"Ornamental Fan":21,"Orrery":47,"Bag of Marbles":26,"Membership Card":6,"PureWater":0},{"CeramicFish":13,"Vajra":13,"Whetstone":58,"Boot":113,"Blood Vial":78,"Centennial Puzzle":206,"Sundial":258,"Strawberry":239,"MealTicket":181,"Philosopher\u0027s Stone":228,"Toxic Egg 2":17,"Happy Flower":89,"Dead Branch":37,"Eternal Feather":190,"Pen Nib":78,"Letter Opener":78,"Question Card":190,"WarpedTongs":201,"SlaversCollar":254,"Shuriken":26,"MutagenicStrength":126,"Bronze Scales":177,"Snecko Eye":23,"Pandora\u0027s Box":0,"Nloth\u0027s Gift":44,"Black Star":55,"Regal Pillow":78,"Singing Bowl":89,"Enchiridion":239,"Mango":78,"Bag of Preparation":78,"Cursed Key":122,"Frozen Eye":78,"Mummified Hand":78,"Tiny Chest":100,"Red Mask":33,"InkBottle":117,"Runic Pyramid":156,"Potion Belt":141,"Lee\u0027s Waffle":37,"Damaru":78,"The Courier":37,"PreservedInsect":258,"Frozen Egg 2":89,"Orichalcum":239,"CaptainsWheel":148,"Anchor":208,"Ornamental Fan":78,"Orrery":181,"Bag of Marbles":95,"Membership Card":17,"PureWater":0}]},"card_choices":[{"not_picked":["Study","Evaluate","WaveOfTheHand","ClearTheMind"],"picked":"SKIP","floor":1},{"not_picked":["Nirvana","Prostrate","Consecrate"],"picked":"CutThroughFate","floor":3},{"not_picked":["FlurryOfBlows","ClearTheMind","Perseverance"],"picked":"Ragnarok","floor":4},{"not_picked":["Halt","EmptyFist","CrushJoints"],"picked":"SashWhip","floor":7},{"not_picked":["Evaluate","CrushJoints","CutThroughFate","Consecrate"],"picked":"SKIP","floor":8},{"not_picked":["FlyingSleeves","PathToVictory","Halt"],"picked":"TalkToTheHand","floor":10},{"not_picked":["Consecrate","Blasphemy","ThirdEye"],"picked":"Halt","floor":11},{"not_picked":["SignatureMove","Swivel","Fasting2","Crescendo"],"picked":"SKIP","floor":13},{"not_picked":["ThirdEye","Collect","Sanctity"],"picked":"FollowUp","floor":14},{"not_picked":["Vault","Alpha","Ragnarok"],"picked":"Scrawl","floor":16},{"not_picked":["JustLucky","PathToVictory","CutThroughFate"],"picked":"FlyingSleeves+1","floor":18},{"not_picked":["Study","SignatureMove","EmptyBody"],"picked":"Wallop","floor":19},{"not_picked":["EmptyFist","PathToVictory","EmptyBody"],"picked":"FearNoEvil","floor":21},{"not_picked":["ForeignInfluence+1","Study","Pray"],"picked":"Wireheading","floor":22},{"not_picked":["EmptyMind+1","ThirdEye","FollowUp"],"picked":"LikeWater","floor":30},{"not_picked":["Wireheading","Protect","Evaluate"],"picked":"Wish","floor":31},{"not_picked":["Blasphemy","Devotion","Establishment"],"picked":"Omniscience","floor":33},{"not_picked":["BowlingBash","EmptyBody+1","FlyingSleeves+1"],"picked":"InnerPeace","floor":35}],"player_experience":375684,"relics_obtained":[{"floor":7,"key":"Centennial Puzzle"},{"floor":9,"key":"Anchor"},{"floor":10,"key":"Boot"},{"floor":26,"key":"Strawberry"},{"floor":27,"key":"Enchiridion"},{"floor":28,"key":"Orichalcum"},{"floor":30,"key":"Regal Pillow"}],"event_choices":[{"damage_healed":0,"gold_gain":0,"player_choice":"Upgraded","damage_taken":0,"max_hp_gain":0,"max_hp_loss":0,"event_name":"Upgrade Shrine","floor":2,"gold_loss":0,"cards_upgraded":["Wallop"]},{"damage_healed":0,"gold_gain":0,"player_choice":"Rummage","damage_taken":0,"relics_obtained":["WarpedTongs"],"max_hp_gain":0,"max_hp_loss":0,"event_name":"Accursed Blacksmith","floor":5,"gold_loss":0,"cards_obtained":["Pain"]},{"damage_healed":0,"gold_gain":0,"player_choice":"Ignored","damage_taken":0,"max_hp_gain":0,"max_hp_loss":0,"event_name":"Vampires","floor":20,"gold_loss":0},{"damage_healed":0,"gold_gain":0,"player_choice":"Obtained Book","damage_taken":21,"max_hp_gain":0,"max_hp_loss":0,"event_name":"Cursed Tome","floor":27,"gold_loss":0},{"cards_removed":["Strike_P"],"damage_healed":0,"gold_gain":0,"player_choice":"Elegance","damage_taken":0,"max_hp_gain":0,"max_hp_loss":0,"event_name":"Back to Basics","floor":29,"gold_loss":0},{"damage_healed":0,"gold_gain":0,"player_choice":"Gave Potion","damage_taken":0,"relics_obtained":["Sundial"],"max_hp_gain":0,"max_hp_loss":0,"event_name":"WeMeetAgain","floor":36,"gold_loss":0}],"is_beta":false,"boss_relics":[{"not_picked":["Coffee Dripper","Astrolabe"],"picked":"Philosopher\u0027s Stone"},{"not_picked":["SacredBark","Velvet Choker"],"picked":"SlaversCollar"}],"items_purged_floors":[0,24,37],"is_endless":false,"potions_floor_spawned":[1,7,8,11,13,18,22,31,35],"killed_by":"3 Shapes","ascension_level":18}}