{"host":"nk1hwk2qadwaubm5","time":1608986451,"event":{"mods":["BaseMod","Hermit","Infinite Spire","Lobotomy","Marisa????????","Minty Spire (QoL Compilation)","Replay The Spire","StSLib","The Animator","The Cursed","The Jungle","The Servant 0.9.4"],"gold_per_floor":[114,289,0,16,27,27,27],"floor_reached":6,"playtime":416,"items_purged":["Overencumbered"],"score":43,"play_id":"746c51aa-ccf2-429c-b150-130e813212b5","local_time":"20201226134051","is_ascension_mode":true,"campfire_choices":[],"circlet_count":0,"master_deck":["TheCursedMod:Strike_TheCursed","TheCursedMod:Strike_TheCursed","TheCursedMod:Strike_TheCursed","TheCursedMod:Strike_TheCursed","TheCursedMod:Defend_TheCursed","TheCursedMod:Defend_TheCursed","TheCursedMod:Defend_TheCursed","TheCursedMod:Defend_TheCursed","TheCursedMod:CursedWand","TheCursedMod:CleanUpWorkshop","TheCursedMod:Dregs","TheCursedMod:CursedBlade","Doubt","TheCursedMod:ManaCirculation+1","Enlightenment","TheCursedMod:Obscuration","TheCursedMod:RapidMovement"],"relics":["Coffee Dripper","Vajra","ReplayTheSpireMod:CursedCoin"],"acts_visited":["Exordium"],"potions_floor_usage":[6],"damage_taken":[{"damage":6,"enemies":"2 Louse","floor":1,"turns":4},{"damage":8,"enemies":"Small Slimes","floor":4,"turns":4},{"damage":2,"enemies":"Jaw Worm","floor":5,"turns":6},{"damage":60,"enemies":"Gremlin Nob","floor":6,"turns":5}],"seed_played":"5970606083327781562","potions_obtained":[{"floor":5,"key":"Strength Potion"}],"is_trial":false,"path_per_floor":["M","?","$","M","M","E"],"character_chosen":"THE_CURSED","items_purchased":["Vajra","ReplayTheSpireMod:CursedCoin","TheCursedMod:ManaCirculation+1","Enlightenment"],"campfire_rested":0,"item_purchase_floors":[3,3,3,3],"current_hp_per_floor":[69,69,69,61,59,0,0],"gold":27,"neow_bonus":"BOSS_RELIC","is_daily":false,"chose_seed":false,"campfire_upgraded":0,"win_rate":0.0,"timestamp":1608986451,"path_taken":["M","?","$","M","M","E"],"items_purchased_type":["Relic","Relic","Card","Card"],"build_version":"2020-12-22","purchased_purges":1,"victory":false,"max_hp_per_floor":[75,75,75,75,75,75,75],"card_choices":[{"not_picked":["TheCursedMod:FleshFromBone","TheCursedMod:TroublousMinions"],"picked":"TheCursedMod:CursedBlade","floor":1},{"not_picked":["TheCursedMod:CircleOfCorruption","TheCursedMod:SpreadPlague"],"picked":"TheCursedMod:Obscuration","floor":4},{"not_picked":["TheCursedMod:CursedStaff","TheCursedMod:SaltUponWound"],"picked":"TheCursedMod:RapidMovement","floor":5}],"player_experience":296888,"relics_obtained":[],"event_choices":[{"damage_healed":0,"gold_gain":175,"player_choice":"AGREE","damage_taken":0,"max_hp_gain":0,"max_hp_loss":0,"event_name":"Liars Game","floor":2,"gold_loss":0,"cards_obtained":["Doubt"]}],"is_beta":false,"boss_relics":[],"items_purged_floors":[3],"is_endless":false,"potions_floor_spawned":[5],"killed_by":"Gremlin Nob","ascension_level":4}}