{"host":"qc1sjgtdjonvdsd8","time":1608962193,"event":{"mods":["BaseMod","Colored Map","Colored Powertips","Curses Come First","Minty Spire (QoL Compilation)","Replay The Spire","StSLib","The Cursed","The Servant 0.9.4"],"gold_per_floor":[115,170,170,187,65,65,79,113,113,148,166,166,166,186,186,290,290,300,300,300,317,317,317,346,372,426,467,498,498,398,305,305,412,412,434,229,259,305,341,341,400,435,435,465,495,531,531,531,531,559,559,559,17,77,89,89],"floor_reached":55,"playtime":6934,"items_purged":["Pain","Sickly","Defend_P+1","LessonLearned"],"score":1099,"play_id":"0f0941c3-465d-4de2-b6e5-156f7fb46b85","local_time":"20201225215633","is_ascension_mode":false,"campfire_choices":[{"data":"Eruption","floor":6,"key":"SMITH"},{"data":"Replay:Battleflow","floor":13,"key":"SMITH"},{"data":"ClearTheMind","floor":15,"key":"SMITH"},{"floor":23,"key":"REST"},{"floor":29,"key":"REST"},{"data":"Replay:ManipulateFuture","floor":32,"key":"SMITH"},{"floor":40,"key":"RECALL"},{"floor":49,"key":"REST"},{"data":"1","floor":52,"key":"LIFT"}],"circlet_count":0,"master_deck":["Strike_P+1","Eruption+1","Vigilance+1","Prostrate","Evaluate","FlurryOfBlows+1","Prostrate","Replay:ManipulateFuture+1","FlurryOfBlows","Wireheading+1","Replay:Battleflow+1","ClearTheMind+1","Replay:LoomingThreat","LikeWater","Replay:DivineShield","CutThroughFate+1","Perseverance+1","ReachHeaven","SignatureMove+1","CarveReality+1","FlyingSleeves+1","ClearTheMind+1","Study+1","PathToVictory+1","Crescendo+1","FollowUp","PathToVictory+1","Swivel+1"],"relics":["Black Star","WarpedTongs","Durian","Ancient Tea Set","InkBottle","Omamori","Ice Cream","Replay:Ancient Bell","Nunchaku","Meat on the Bone","Pondfish Scales","ReplayTheSpireMod:Shallot","MealTicket","Replay:Bandana","Mummified Hand","Letter Opener","Bag of Preparation","Replay:Grab Bag","Fusion Hammer","Sozu","Empty Cage","Astrolabe","Girya","Golden Egg","Darkstone Periapt","ReplayTheSpireMod:Ninjato","ClockworkSouvenir","Blue Doll","Replay:Bottled Flurry"],"acts_visited":["Exordium","TheCity","TheBeyond","TheEnding"],"potions_floor_usage":[8,8,10,10,16,27,33,50],"damage_taken":[{"damage":2,"enemies":"Jaw Worm","floor":1,"turns":6},{"damage":0,"enemies":"2 Louse","floor":4,"turns":2},{"damage":0,"enemies":"Cultist","floor":7,"turns":3},{"damage":10,"enemies":"Lagavulin","floor":8,"turns":5},{"damage":6,"enemies":"Gremlin Nob","floor":10,"turns":3},{"damage":0,"enemies":"Looter","floor":11,"turns":4},{"damage":5,"enemies":"Red Slaver","floor":14,"turns":2},{"damage":26,"enemies":"Hexaghost","floor":16,"turns":9},{"damage":8,"enemies":"2 Thieves","floor":18,"turns":4},{"damage":10,"enemies":"Chosen","floor":21,"turns":8},{"damage":32,"enemies":"Gremlin Leader","floor":24,"turns":8},{"damage":24,"enemies":"3 Cultists","floor":25,"turns":5},{"damage":10,"enemies":"Book of Stabbing","floor":27,"turns":5},{"damage":5,"enemies":"Sentry and Sphere","floor":28,"turns":7},{"damage":0,"enemies":"Pondfish","floor":33,"turns":10},{"damage":0,"enemies":"Orb Walker","floor":35,"turns":3},{"damage":3,"enemies":"3 Shapes","floor":37,"turns":2},{"damage":2,"enemies":"Maw","floor":38,"turns":4},{"damage":22,"enemies":"3 Darklings","floor":39,"turns":3},{"damage":17,"enemies":"R_Hoarder","floor":41,"turns":5},{"damage":0,"enemies":"Transient","floor":42,"turns":5},{"damage":0,"enemies":"4 Shapes","floor":44,"turns":4},{"damage":0,"enemies":"Spire Growth","floor":45,"turns":3},{"damage":0,"enemies":"Transient","floor":46,"turns":5},{"damage":46,"enemies":"Awakened One","floor":50,"turns":7},{"damage":28,"enemies":"Shield and Spear","floor":54,"turns":3},{"damage":98,"enemies":"The Heart","floor":55,"turns":6}],"seed_played":"-4164999365819975848","potions_obtained":[{"floor":1,"key":"Adrenaline Potion"},{"floor":2,"key":"Adrenaline Potion"},{"floor":2,"key":"Doom Potion"},{"floor":4,"key":"EntropicBrew"},{"floor":14,"key":"BlessingOfTheForge"},{"floor":21,"key":"Doom Potion"},{"floor":25,"key":"PowerPotion"},{"floor":28,"key":"FearPotion"}],"is_trial":false,"path_per_floor":["M","?","?","M","$","R","M","E","T","E","M","?","R","M","R","B",null,"M","?","?","M","?","R","E","M","T","E","M","R","$","?","R","B",null,"M","$","M","M","M","R","E","M","T","M","M","M","?","?","R","B",null,"R","$","E","B"],"character_chosen":"WATCHER","items_purchased":["Prostrate","Study","ReplayTheSpireMod:Ninjato","ClockworkSouvenir"],"campfire_rested":3,"item_purchase_floors":[5,36,53,53],"current_hp_per_floor":[70,70,70,70,70,70,70,65,65,59,59,59,59,54,54,28,77,69,69,69,59,45,69,49,37,37,39,46,70,82,82,82,82,82,82,82,79,77,55,55,50,50,50,50,50,50,50,50,74,40,82,82,82,54,0,0],"gold":89,"neow_bonus":"BOSS_RELIC","is_daily":false,"chose_seed":false,"campfire_upgraded":4,"win_rate":0.0,"timestamp":1608962193,"path_taken":["M","?","?","M","$","R","M","E","T","E","?","?","R","?","R","BOSS","M","?","?","M","?","R","E","M","T","E","M","R","$","?","R","BOSS","M","$","M","M","M","R","E","?","T","M","?","M","?","?","R","BOSS","R","$","E","BOSS"],"items_purchased_type":["Card","Card","Relic","Relic"],"build_version":"2020-12-22","purchased_purges":4,"victory":false,"max_hp_per_floor":[72,72,72,72,72,72,72,77,77,77,77,77,77,77,77,77,77,77,77,77,77,82,82,82,82,82,82,82,82,82,82,82,82,82,82,82,82,82,82,82,82,82,82,82,82,82,82,82,82,82,82,82,82,82,82,82],"card_choices":[{"not_picked":["Pray","EmptyMind"],"picked":"Prostrate","floor":1},{"not_picked":["WaveOfTheHand","ThirdEye"],"picked":"Evaluate","floor":2},{"not_picked":["Replay:AtTheReady","Consecrate"],"picked":"FlurryOfBlows","floor":4},{"not_picked":["Replay:Vibes","ClearTheMind"],"picked":"Replay:ManipulateFuture","floor":7},{"not_picked":["Collect","Replay:BluntJabs","Prostrate"],"picked":"SKIP","floor":8},{"not_picked":["BowlingBash","SignatureMove"],"picked":"FlurryOfBlows","floor":10},{"not_picked":["Replay:Cycle","FollowUp"],"picked":"Wireheading","floor":11},{"not_picked":["Establishment","CutThroughFate"],"picked":"ClearTheMind","floor":14},{"not_picked":["SpiritShield","Omniscience"],"picked":"Replay:LoomingThreat","floor":16},{"not_picked":["Replay:Hysterical Blindness","Looming Evil"],"picked":"Injury","floor":17},{"not_picked":["ReplayTheSpireMod:Faulty Equipment","Delirium"],"picked":"TheCursedMod:Dregs","floor":17},{"not_picked":["Regret","Replay:Hysterical Blindness"],"picked":"TheCursedMod:Dregs","floor":17},{"not_picked":["Replay:AtTheReady","Halt","BattleHymn+1"],"picked":"SKIP","floor":18},{"not_picked":["LessonLearned","TalkToTheHand"],"picked":"CutThroughFate+1","floor":21},{"not_picked":["Halt","Replay:Battleflow+1","Evaluate"],"picked":"SKIP","floor":24},{"not_picked":["Collect+1","InnerPeace+1"],"picked":"Perseverance+1","floor":25},{"not_picked":["CrushJoints","FlyingSleeves","Replay:Hum+1"],"picked":"SKIP","floor":27},{"not_picked":["BowlingBash","ThirdEye+1"],"picked":"ReachHeaven","floor":28},{"not_picked":["EmptyFist+1","Nirvana+1"],"picked":"ClearTheMind+1","floor":35},{"not_picked":["Replay:ManipulateFuture+1","Replay:LoomingThreat","EmptyBody"],"picked":"SKIP","floor":37},{"not_picked":["Replay:BluntJabs+1","CrushJoints","CarveReality+1"],"picked":"SKIP","floor":38},{"not_picked":["Replay:Battleflow+1","Sanctity+1"],"picked":"PathToVictory+1","floor":39},{"not_picked":["Sanctity","CutThroughFate","Replay:AtTheReady+1"],"picked":"SKIP","floor":41},{"not_picked":["FlurryOfBlows+1","Protect"],"picked":"Crescendo+1","floor":42},{"not_picked":["Replay:Hum","Replay:ManipulateFuture","Vengeance+1"],"picked":"SKIP","floor":44},{"not_picked":["ConjureBlade","EmptyBody"],"picked":"FollowUp","floor":45},{"not_picked":["SashWhip+1","Replay:BluntJabs+1"],"picked":"PathToVictory+1","floor":46},{"not_picked":["Protect+1","Replay:Hum+1"],"picked":"Swivel+1","floor":54}],"player_experience":167225,"relics_obtained":[{"floor":8,"key":"Durian"},{"floor":8,"key":"Ancient Tea Set"},{"floor":9,"key":"InkBottle"},{"floor":10,"key":"Omamori"},{"floor":10,"key":"Ice Cream"},{"floor":24,"key":"MealTicket"},{"floor":24,"key":"Replay:Bandana"},{"floor":27,"key":"Mummified Hand"},{"floor":27,"key":"Letter Opener"},{"floor":41,"key":"Girya"},{"floor":41,"key":"Golden Egg"},{"floor":43,"key":"Darkstone Periapt"},{"floor":54,"key":"Blue Doll"},{"floor":54,"key":"Replay:Bottled Flurry"}],"event_choices":[{"damage_healed":0,"gold_gain":0,"player_choice":"Rummage","damage_taken":0,"relics_obtained":["WarpedTongs"],"max_hp_gain":0,"max_hp_loss":0,"event_name":"Accursed Blacksmith","floor":3,"gold_loss":0,"cards_obtained":["Pain"]},{"damage_healed":0,"gold_gain":0,"player_choice":"2 cards matched","damage_taken":0,"max_hp_gain":0,"max_hp_loss":0,"event_name":"Match and Keep!","floor":12,"gold_loss":0,"cards_obtained":["Replay:Battleflow","LessonLearned"]},{"damage_healed":0,"gold_gain":0,"cards_transformed":["Defend_P","Strike_P"],"player_choice":"Became Test Subject","damage_taken":0,"max_hp_gain":0,"max_hp_loss":0,"event_name":"Drug Dealer","floor":19,"gold_loss":0,"cards_obtained":["LikeWater","Replay:DivineShield"]},{"damage_healed":0,"gold_gain":0,"player_choice":"Shed Blood","damage_taken":19,"max_hp_gain":5,"max_hp_loss":0,"event_name":"Forgotten Altar","floor":22,"gold_loss":0},{"damage_healed":0,"gold_gain":0,"player_choice":"Paid Gold","damage_taken":0,"relics_obtained":["Bag of Preparation"],"max_hp_gain":0,"max_hp_loss":0,"event_name":"WeMeetAgain","floor":31,"gold_loss":93},{"damage_healed":0,"gold_gain":0,"player_choice":"Ignored","damage_taken":0,"max_hp_gain":0,"max_hp_loss":0,"event_name":"Tomb of Lord Red Mask","floor":47,"gold_loss":0},{"damage_healed":0,"gold_gain":0,"player_choice":"Got Potions","damage_taken":0,"max_hp_gain":0,"max_hp_loss":0,"event_name":"Lab","floor":48,"gold_loss":0}],"is_beta":false,"boss_relics":[{"not_picked":["Abe\u0027s Treasure","Replay:Drink Me"],"picked":"Replay:Ancient Bell"},{"not_picked":["Bronze Scales","Replay:Rubber Ducky"],"picked":"Nunchaku"},{"not_picked":["Ornamental Fan","Iron Hammer"],"picked":"Meat on the Bone"},{"not_picked":["Bird Faced Urn","Peace Pipe"],"picked":"Pondfish Scales"},{"not_picked":["Kintsugi","Velvet Choker"],"picked":"Replay:Grab Bag"},{"not_picked":["Coffee Dripper","Runic Dome"],"picked":"Fusion Hammer"},{"not_picked":["ChewingGum","Cursed Key"],"picked":"Sozu"},{"not_picked":["Calling Bell","SlaversCollar"],"picked":"Empty Cage"},{"not_picked":["Runic Pyramid","Ring of Chaos"],"picked":"Astrolabe"}],"items_purged_floors":[5,30,36,53],"is_endless":false,"potions_floor_spawned":[1,4,14,21,25,28,38,39,41,45],"killed_by":"The Heart","ascension_level":0}}