{"host":"h5acbxt0wmjo1kpm","time":1608949557,"event":{"mods":["2.2 Compatiblity","Act Like it!","AlwaysNeverKeys","Aspiration","Bartender","BaseMod","Better Third Choice","Colored Map","Elementarium","Gensokyo","GifTheSpireLib","Hallownest","Marisa????????","Minty Spire (QoL Compilation)","Permanent Neow","Potionbrewer","Relic Filter","Replay The Spire","Robot Space Explorer","RumiaBox-????????","Shade Mod","Spicy Shops","StSLib","Strawberry Spire","The Blackbeard","The Dragon Tamer","The Forsaken","The Gatherer","The Problem Sleuth","The Servant 0.9.4","Wandering Minibosses","vexMod"],"gold_per_floor":[112,112,122,122,109,109,135,135,135,155,155,9,23,35,35,35,35],"floor_reached":16,"playtime":895,"items_purged":[],"score":145,"play_id":"0e5555c6-9340-4bfe-86d6-ab8a06871ca4","local_time":"20201225182557","is_ascension_mode":true,"campfire_choices":[{"floor":6,"key":"DIG"},{"floor":8,"key":"DIG"},{"data":"ReplayTheSpireMod:Splinters","floor":11,"key":"PURGE"},{"floor":15,"key":"REST"}],"circlet_count":0,"master_deck":["AscendersBane","Strike_G","Strike_G","Strike_G","Defend_G","Defend_G","Defend_G","Defend_G","Defend_G","Survivor","Neutralize","ReplayTheSpireMod:Brewmster","Slice","strawberrySpire:SideSwipe","strawberrySpire:DreamfoilDart","After Image","Cloak And Dagger","Reflex"],"relics":["Ring of the Snake","Baka","Hallownest:DreamNailRelic","Replay:Multitool","Replay:Bottled Snecko","Akabeko","SSSystem","potionbrewer:AlchemistFlask","Membership Card"],"acts_visited":["Hallownest:Greenpath"],"potions_floor_usage":[3,3,3,5,5,7,7,7,7,7,7,13,13,13,13,16,16,16,16],"damage_taken":[{"damage":8,"enemies":"Hallownest:monsterHuskGuard","floor":1,"turns":9},{"damage":4,"enemies":"Hallownest:2_MossCreeps","floor":3,"turns":8},{"damage":4,"enemies":"Hallownest:monsterHuskWarrior","floor":5,"turns":9},{"damage":2,"enemies":"Hallownest:eliteVengeflyKing","floor":7,"turns":9},{"damage":16,"enemies":"Hallownest:Guard_and_Warrior","floor":13,"turns":3},{"damage":0,"enemies":"Hallownest:monsterMossCharger","floor":14,"turns":3},{"damage":19,"enemies":"Hallownest:BossHornet","floor":16,"turns":4}],"seed_played":"-1329849852263140090","potions_obtained":[{"floor":1,"key":"Fire Potion"},{"floor":14,"key":"potionbrewer:DiscountPotion"}],"is_trial":false,"path_per_floor":["M","?","M","?","M","R","E","R","T","?","R","$","M","M","R","B"],"character_chosen":"THE_SILENT","items_purchased":["Membership Card"],"campfire_rested":1,"item_purchase_floors":[12],"current_hp_per_floor":[37,37,33,33,29,29,27,27,27,27,27,27,11,11,32,13,13],"gold":35,"neow_bonus":"RANDOM_COLORLESS_2","is_daily":false,"chose_seed":false,"campfire_upgraded":0,"win_rate":0.0,"timestamp":1608949557,"path_taken":["M","?","?","?","M","R","E","R","T","?","R","?","M","M","R","BOSS"],"items_purchased_type":["Relic"],"build_version":"2020-12-22","purchased_purges":0,"victory":false,"max_hp_per_floor":[70,70,70,70,70,70,70,70,70,70,70,70,70,70,70,70,70],"card_choices":[{"not_picked":["Thinking Ahead","Panache"],"picked":"ReplayTheSpireMod:Brewmster","floor":0},{"not_picked":["PiercingWail","Concentrate"],"picked":"Slice","floor":1},{"not_picked":["Sneak Up","Backstab"],"picked":"strawberrySpire:SideSwipe","floor":3},{"not_picked":["Skewer","Concentrate"],"picked":"strawberrySpire:DreamfoilDart","floor":5},{"not_picked":["Catalyst","Bane"],"picked":"After Image","floor":7},{"not_picked":["Dagger Throw","Underhanded Strike"],"picked":"Cloak And Dagger","floor":10},{"not_picked":["strawberrySpire:DeltaFlow","Cloak And Dagger"],"picked":"Reflex","floor":13},{"not_picked":["strawberrySpire:SideSwipe","Concentrate","strawberrySpire:Pant"],"picked":"SKIP","floor":14}],"player_experience":1940817,"relics_obtained":[{"floor":1,"key":"Baka"},{"floor":3,"key":"Replay:Multitool"},{"floor":3,"key":"Replay:Multitool"},{"floor":6,"key":"Replay:Bottled Snecko"},{"floor":7,"key":"Akabeko"},{"floor":8,"key":"SSSystem"},{"floor":10,"key":"potionbrewer:AlchemistFlask"}],"event_choices":[],"is_beta":false,"boss_relics":[],"items_purged_floors":[],"is_endless":false,"potions_floor_spawned":[1,7,14],"killed_by":"Hallownest:BossHornet","ascension_level":10}}