{"host":"nptej036rrbiurf5","time":1608991886,"event":{"mods":["BaseMod","Colored Map","Colored Powertips","DeckTracker","Minty Spire (QoL Compilation)","StSLib","SuperFastMode"],"gold_per_floor":[116,134,145,164,164,193,203,203,203],"floor_reached":8,"playtime":236,"items_purged":[],"score":145,"play_id":"dd338c95-9e65-4555-99f0-0be2d1d42af9","local_time":"20201226231126","is_ascension_mode":true,"campfire_choices":[],"circlet_count":0,"master_deck":["AscendersBane","Strike_R","Strike_R","Strike_R","Strike_R","Strike_R","Defend_R","Defend_R","Defend_R","Defend_R","Bash","Feed","Shockwave","Flame Barrier","Perfected Strike","Pommel Strike","Warcry","Pommel Strike"],"relics":["Burning Blood","Akabeko"],"acts_visited":["Exordium"],"potions_floor_usage":[4,6],"damage_taken":[{"damage":10,"enemies":"2 Louse","floor":1,"turns":2},{"damage":4,"enemies":"Cultist","floor":2,"turns":4},{"damage":2,"enemies":"Jaw Worm","floor":3,"turns":6},{"damage":10,"enemies":"3 Louse","floor":4,"turns":3},{"damage":56,"enemies":"Gremlin Nob","floor":6,"turns":5},{"damage":7,"enemies":"2 Fungi Beasts","floor":7,"turns":4},{"damage":15,"enemies":"Lagavulin","floor":8,"turns":3}],"seed_played":"6256662477227817636","potions_obtained":[{"floor":2,"key":"ColorlessPotion"},{"floor":3,"key":"Fire Potion"},{"floor":6,"key":"Ancient Potion"}],"is_trial":false,"path_per_floor":["M","M","M","M","?","E","M","E"],"character_chosen":"IRONCLAD","items_purchased":[],"campfire_rested":0,"item_purchase_floors":[],"current_hp_per_floor":[49,54,61,60,65,15,17,2,2],"gold":203,"neow_bonus":"THREE_RARE_CARDS","is_daily":false,"chose_seed":false,"campfire_upgraded":0,"win_rate":0.0,"timestamp":1608991886,"path_taken":["M","M","M","M","?","E","M","E"],"items_purchased_type":[],"build_version":"2020-12-22","purchased_purges":0,"victory":false,"max_hp_per_floor":[78,81,84,87,92,92,95,95,95],"card_choices":[{"not_picked":["Brutality","Barricade"],"picked":"Feed","floor":0},{"not_picked":["Wild Strike","Hemokinesis"],"picked":"Shockwave","floor":1},{"not_picked":["Spot Weakness","Warcry"],"picked":"Flame Barrier","floor":2},{"not_picked":["Headbutt","Sentinel"],"picked":"Perfected Strike","floor":3},{"not_picked":["Havoc","True Grit"],"picked":"Pommel Strike","floor":4},{"not_picked":["Demon Form","Cleave"],"picked":"Warcry","floor":6},{"not_picked":["Blood for Blood","Dual Wield"],"picked":"Pommel Strike","floor":7}],"player_experience":847899,"relics_obtained":[{"floor":6,"key":"Akabeko"}],"event_choices":[{"damage_healed":0,"gold_gain":0,"player_choice":"Donut","damage_taken":0,"max_hp_gain":5,"max_hp_loss":0,"event_name":"Big Fish","floor":5,"gold_loss":0}],"is_beta":false,"boss_relics":[],"items_purged_floors":[],"is_endless":false,"potions_floor_spawned":[2,3,6],"killed_by":"Lagavulin","ascension_level":20}}