{"host":"qc1sjgtdjonvdsd8","time":1608991207,"event":{"mods":["BaseMod","Colored Map","Colored Powertips","Curses Come First","Minty Spire (QoL Compilation)","Replay The Spire","StSLib"],"gold_per_floor":[112,112,127,143,143,143,68,86,109,9,21,21,21,38,38,143,143,163,163,173,184,195,195,284,298,298,298,298,329,48,48,62,88,88,186,186,201,201,201,212,61,71,71,71,71,71,293,293,305,333,333,333,333],"floor_reached":52,"playtime":3316,"items_purged":["Strike_R","Strike_R","Defend_R"],"score":542,"play_id":"d31b2ed6-1f5c-4b46-b348-027812b9966a","local_time":"20201226060007","is_ascension_mode":false,"campfire_choices":[{"data":"Hemokinesis","floor":6,"key":"SMITH"},{"data":"ReplayTheSpireMod:LeadingStrike","floor":13,"key":"SMITH"},{"floor":23,"key":"RECALL"},{"floor":31,"key":"REST"},{"floor":34,"key":"REST"},{"floor":43,"key":"REST"},{"floor":46,"key":"REST"},{"data":"Enlightenment","floor":48,"key":"SMITH"},{"floor":51,"key":"REST"}],"circlet_count":0,"master_deck":["Defend_R","Defend_R","Bash","Enlightenment+1","Cleave","Hemokinesis+1","Pummel","Bludgeon+1","ReplayTheSpireMod:LeadingStrike+1","Hemogenesis+1","Battle Trance+1","Sentinel+1","Burning Pact+1","Pommel Strike+1","Carnage+1","CurseOfTheBell","Delirium","Shame","Armaments+1","Enlightenment+1"],"relics":["Burning Blood","Replay:Bottled Eggs","Replay:Grab Bag","Busted Crown","ReplayTheSpireMod:DimensionalGlitch","Ring of Chaos","Astrolabe","Toy Ornithopter","StoneCalendar","Red Mask","Vajra","Red Skull","Replay:Ancient Bell","Replay:Baseball","Meat on the Bone","Thread and Needle","Happy Flower","Sundial","Ornamental Fan"],"acts_visited":["Exordium","TheCity","TheBeyond"],"potions_floor_usage":[16,16,33,33,50,50,52,52],"damage_taken":[{"damage":0,"enemies":"Small Slimes","floor":1,"turns":4},{"damage":4,"enemies":"Cultist","floor":3,"turns":4},{"damage":2,"enemies":"2 Louse","floor":4,"turns":2},{"damage":5,"enemies":"Red Slaver","floor":8,"turns":2},{"damage":22,"enemies":"Exordium Thugs","floor":11,"turns":3},{"damage":2,"enemies":"Blue Slaver","floor":14,"turns":1},{"damage":33,"enemies":"Slime Boss","floor":16,"turns":8},{"damage":3,"enemies":"Chosen","floor":18,"turns":3},{"damage":8,"enemies":"3 Byrds","floor":20,"turns":3},{"damage":3,"enemies":"Snecko","floor":21,"turns":3},{"damage":4,"enemies":"3 Cultists","floor":22,"turns":4},{"damage":18,"enemies":"Snake Plant","floor":25,"turns":3},{"damage":17,"enemies":"Masked Bandits","floor":29,"turns":3},{"damage":0,"enemies":"Centurion and Healer","floor":32,"turns":3},{"damage":20,"enemies":"Gremlin Leader","floor":33,"turns":3},{"damage":33,"enemies":"Automaton","floor":35,"turns":6},{"damage":21,"enemies":"3 Darklings","floor":37,"turns":6},{"damage":3,"enemies":"Orb Walker","floor":40,"turns":2},{"damage":12,"enemies":"Sphere and 2 Shapes","floor":42,"turns":4},{"damage":56,"enemies":"Spire Growth","floor":49,"turns":4},{"damage":8,"enemies":"Giant Head","floor":50,"turns":5},{"damage":89,"enemies":"Donu and Deca","floor":52,"turns":7}],"seed_played":"7995609786680147538","potions_obtained":[{"floor":8,"key":"SkillPotion"},{"floor":11,"key":"Explosive Potion"},{"floor":20,"key":"FearPotion"},{"floor":29,"key":"Weak Potion"},{"floor":32,"key":"Dexterity Potion"},{"floor":35,"key":"Elixir"},{"floor":49,"key":"SteroidPotion"},{"floor":50,"key":"FearPotion"}],"is_trial":false,"path_per_floor":["M","?","M","M","?","R","$","M","T","$","M","T","R","M","R_BF","B",null,"M","?","M","M","M","R","?","M","PTL","PTL","T","?","$","R","M","E","R","B",null,"M","?","?","M","$","M","R","?","T","R","?","R","M","E","R","B"],"character_chosen":"IRONCLAD","items_purchased":["Vajra","Happy Flower"],"campfire_rested":5,"item_purchase_floors":[30,41],"current_hp_per_floor":[80,80,80,80,80,80,80,80,80,80,64,64,64,68,80,53,80,80,80,75,78,79,79,59,47,47,47,47,36,36,60,66,58,80,50,80,66,66,66,66,66,61,80,65,65,80,80,80,36,47,71,0,0],"gold":333,"neow_bonus":"RANDOM_COLORLESS","is_daily":false,"chose_seed":false,"campfire_upgraded":3,"win_rate":0.0,"timestamp":1608991207,"path_taken":["M","?","?","M","?","R","$","?","T","$","M","?","R","M","R_BF","BOSS","M","?","?","?","M","R","?","M","PTL","PTL","T","?","$","R","M","E","R","BOSS","M","?","?","?","$","M","R","?","T","R","?","R","M","E","R","BOSS"],"items_purchased_type":["Relic","Relic"],"build_version":"2020-12-22","purchased_purges":3,"victory":false,"max_hp_per_floor":[80,80,80,80,80,80,80,80,80,80,80,80,80,80,80,80,80,80,80,80,80,80,80,80,80,80,80,80,80,80,80,80,80,80,80,80,80,80,80,80,80,80,80,80,80,80,80,80,80,80,80,80,80],"card_choices":[{"not_picked":["Impatience","Replay:Sssssssssshield"],"picked":"Enlightenment","floor":0},{"not_picked":["Carnage","Sword Boomerang"],"picked":"Cleave","floor":1},{"not_picked":["True Grit","Clash"],"picked":"Hemokinesis","floor":3},{"not_picked":["True Grit","Run Through"],"picked":"Pummel","floor":4},{"not_picked":["Thunderclap","Body Slam"],"picked":"Bludgeon","floor":8},{"not_picked":["Perfected Strike","Body Slam"],"picked":"ReplayTheSpireMod:LeadingStrike","floor":11},{"not_picked":["Power Through","Twin Strike"],"picked":"Seeing Red","floor":14},{"not_picked":["Replay:Many Hands","Immolate"],"picked":"Hemogenesis","floor":16},{"not_picked":[],"picked":"Pommel Strike","floor":18},{"not_picked":["Replay:Undeath\u0027s Touch"],"picked":"SKIP","floor":20},{"not_picked":["Searing Blow"],"picked":"SKIP","floor":21},{"not_picked":["Clothesline"],"picked":"SKIP","floor":22},{"not_picked":[],"picked":"Carnage+1","floor":25},{"not_picked":["Sword Boomerang"],"picked":"SKIP","floor":32},{"not_picked":["Demonic Infusion"],"picked":"SKIP","floor":33},{"not_picked":[],"picked":"CurseOfTheBell","floor":36},{"not_picked":[],"picked":"Delirium","floor":36},{"not_picked":[],"picked":"Shame","floor":36},{"not_picked":[],"picked":"Armaments+1","floor":37},{"not_picked":["Headbutt+1"],"picked":"SKIP","floor":40},{"not_picked":["Anger"],"picked":"SKIP","floor":42},{"not_picked":[],"picked":"Enlightenment","floor":44},{"not_picked":["Twin Strike"],"picked":"SKIP","floor":49},{"not_picked":["Dark Embrace+1"],"picked":"SKIP","floor":50}],"player_experience":164132,"relics_obtained":[{"floor":12,"key":"Replay:Bottled Eggs"},{"floor":24,"key":"Toy Ornithopter"},{"floor":28,"key":"StoneCalendar"},{"floor":29,"key":"Red Mask"},{"floor":33,"key":"Red Skull"},{"floor":45,"key":"Sundial"},{"floor":50,"key":"Ornamental Fan"}],"event_choices":[{"damage_healed":0,"gold_gain":0,"player_choice":"Upgraded","damage_taken":0,"max_hp_gain":0,"max_hp_loss":0,"event_name":"Upgrade Shrine","floor":2,"gold_loss":0,"cards_upgraded":["Enlightenment"]},{"cards_removed":["Strike_R"],"damage_healed":0,"gold_gain":0,"player_choice":"Offered Basic","damage_taken":0,"max_hp_gain":0,"max_hp_loss":0,"event_name":"Bonfire Elementals","floor":5,"gold_loss":0},{"damage_healed":0,"gold_gain":0,"player_choice":"Upgraded","damage_taken":0,"max_hp_gain":0,"max_hp_loss":0,"event_name":"Upgrade Shrine","floor":19,"gold_loss":0,"cards_upgraded":["Pommel Strike"]},{"damage_healed":0,"gold_gain":0,"player_choice":"Fought Bandits","damage_taken":0,"max_hp_gain":0,"max_hp_loss":0,"event_name":"Masked Bandits","floor":29,"gold_loss":0},{"cards_removed":["Seeing Red"],"damage_healed":0,"gold_gain":0,"player_choice":"Removed Skill","damage_taken":0,"max_hp_gain":0,"max_hp_loss":0,"event_name":"Falling","floor":38,"gold_loss":0},{"damage_healed":0,"gold_gain":0,"player_choice":"Forge","damage_taken":0,"max_hp_gain":0,"max_hp_loss":0,"event_name":"Accursed Blacksmith","floor":39,"gold_loss":0,"cards_upgraded":["Hemogenesis"]},{"damage_healed":0,"gold_gain":0,"player_choice":"Memory 3","damage_taken":10,"max_hp_gain":0,"max_hp_loss":0,"event_name":"SensoryStone","floor":44,"gold_loss":0},{"damage_healed":0,"gold_gain":222,"player_choice":"Wore Mask","damage_taken":0,"max_hp_gain":0,"max_hp_loss":0,"event_name":"Tomb of Lord Red Mask","floor":47,"gold_loss":0}],"is_beta":false,"boss_relics":[{"not_picked":["Replay:Bronze Core","SlaversCollar"],"picked":"Replay:Grab Bag"},{"not_picked":["Coffee Dripper","Electric Blood"],"picked":"Busted Crown"},{"not_picked":["Philosopher\u0027s Stone","Replay:Wanted Poster"],"picked":"ReplayTheSpireMod:DimensionalGlitch"},{"not_picked":["SacredBark","Black Star"],"picked":"Ring of Chaos"},{"not_picked":["Empty Cage","Replay:Drink Me"],"picked":"Astrolabe"},{"not_picked":["Mark of Pain","Abe\u0027s Treasure"],"picked":"Replay:Ancient Bell"},{"not_picked":["Blood Vial","Bag of Marbles"],"picked":"Replay:Baseball"},{"not_picked":["Chameleon Ring","Letter Opener"],"picked":"Meat on the Bone"},{"not_picked":["Turnip","Unceasing Top"],"picked":"Thread and Needle"}],"items_purged_floors":[7,10,30],"is_endless":false,"potions_floor_spawned":[8,11,20,29,32,35,49,50],"killed_by":"Donu and Deca","ascension_level":0}}