{"host":"yo9wwslrag05lh37","time":1608941121,"event":{"mods":["AchievementEnabler","BaseMod","Block Reminder","Colored Map","Colored Powertips","GifTheSpireLib","HexUI Lib","Highlight Path","Minty Spire (QoL Compilation)","Rare Cards Sparkle","Relic Stats","StSLib","everything is the same but u backflip on backflip"],"gold_per_floor":[111,8,8,26,41,75,85,85,385,385,418,418,443,459,459,538,538,551,568,568,188,188,188,220,247,247,247,54,80,80,97,97,175,175,188,200,200,61,116,116,131,131,131,145,145,145,145],"floor_reached":46,"playtime":2148,"items_purged":["Scrape","Pain","Strike_B"],"score":998,"play_id":"5525e04f-c602-4db8-be5e-a7dac8773925","local_time":"20201226010521","is_ascension_mode":true,"campfire_choices":[{"data":"Buffer","floor":8.0,"key":"SMITH"},{"floor":10.0,"key":"REST"},{"data":"Melter","floor":12.0,"key":"SMITH"},{"data":"Strike_B","floor":15.0,"key":"PURGE"},{"data":"Capacitor","floor":23.0,"key":"SMITH"},{"floor":27.0,"key":"REST"},{"data":"Defragment","floor":30,"key":"SMITH"},{"data":"Reinforced Body","floor":32,"key":"SMITH"},{"data":"Master of Strategy","floor":40,"key":"SMITH"},{"data":"Defragment","floor":42,"key":"SMITH"}],"circlet_count":0,"master_deck":["AscendersBane","Defend_B","Defend_B","Defend_B","Defend_B","Zap+1","Dualcast","Compile Driver+1","Melter+1","Conserve Battery","Core Surge","Buffer+1","Cold Snap","FTL","Core Surge","Self Repair","Genetic Algorithm","Sweeping Beam+1","Capacitor+1","Glacier","Reinforced Body+1","Defragment+1","FTL+1","Echo Form","Master of Strategy+1","Defragment+1","Pain"],"relics":["Cracked Core","Peace Pipe","Old Coin","Pocketwatch","Toy Ornithopter","Cursed Key","Medical Kit","Smiling Mask","Red Mask","Whetstone","Shuriken","Velvet Choker","WingedGreaves"],"acts_visited":["Exordium","TheCity","TheBeyond"],"potions_floor_usage":[29,39],"damage_taken":[{"damage":2.0,"enemies":"Jaw Worm","floor":1.0,"turns":4.0},{"damage":1.0,"enemies":"Cultist","floor":4.0,"turns":3.0},{"damage":7.0,"enemies":"2 Louse","floor":5.0,"turns":3.0},{"damage":29.0,"enemies":"Gremlin Nob","floor":6.0,"turns":4.0},{"damage":3.0,"enemies":"Blue Slaver","floor":7.0,"turns":4.0},{"damage":0.0,"enemies":"Lagavulin","floor":11.0,"turns":6.0},{"damage":11.0,"enemies":"3 Sentries","floor":13.0,"turns":8.0},{"damage":0.0,"enemies":"2 Fungi Beasts","floor":14.0,"turns":3.0},{"damage":12.0,"enemies":"Hexaghost","floor":16.0,"turns":8.0},{"damage":2.0,"enemies":"Spheric Guardian","floor":18.0,"turns":3.0},{"damage":12.0,"enemies":"3 Byrds","floor":19.0,"turns":4.0},{"damage":36.0,"enemies":"Slavers","floor":24.0,"turns":6.0},{"damage":34.0,"enemies":"Masked Bandits","floor":25.0,"turns":5.0},{"damage":21,"enemies":"Book of Stabbing","floor":29,"turns":7},{"damage":0,"enemies":"Centurion and Healer","floor":31,"turns":8},{"damage":29,"enemies":"Automaton","floor":33,"turns":13},{"damage":0,"enemies":"3 Shapes","floor":35,"turns":7},{"damage":5,"enemies":"Orb Walker","floor":36,"turns":6},{"damage":43,"enemies":"2 Orb Walkers","floor":39,"turns":8},{"damage":7,"enemies":"Sphere and 2 Shapes","floor":41,"turns":7},{"damage":11,"enemies":"Maw","floor":44,"turns":10},{"damage":0,"enemies":"3 Darklings","floor":46,"turns":1}],"seed_played":"-7012594300794181989","potions_obtained":[{"floor":5.0,"key":"LiquidMemories"},{"floor":6.0,"key":"FearPotion"},{"floor":11.0,"key":"CultistPotion"},{"floor":16.0,"key":"Fire Potion"},{"floor":25.0,"key":"ColorlessPotion"},{"floor":29,"key":"EntropicBrew"},{"floor":44,"key":"Energy Potion"}],"is_trial":false,"path_per_floor":["M","$","?","M","M","E","M","R","T","R","E","R","E","M","R","B",null,"M","M","?","$","?","R","E","?","T","R","$","E","R","M","R","B",null,"M","M","?","$","?","R","M","R","T","M","?","M"],"character_chosen":"DEFECT","items_purchased":["Melter","Conserve Battery","Capacitor","Medical Kit","Explosive Potion","Defragment","Fire Potion","Defragment"],"campfire_rested":2,"item_purchase_floors":[2,2,21,21,21,28,28,38],"current_hp_per_floor":[62,62,52,51,44,15,12,12,12,33,33,33,22,22,22,15,57,55,55,55,55,55,55,36,9,9,30,30,24,24,31,31,2,54,68,63,63,63,39,39,39,39,39,35,35,35,35],"gold":145,"neow_bonus":"UPGRADE_CARD","is_daily":false,"chose_seed":false,"campfire_upgraded":7,"win_rate":0.0,"timestamp":1608941121,"path_taken":["M","$","?","?","M","E","M","R","T","R","E","R","E","M","R","BOSS","M","M","?","$","?","R","E","?","T","R","$","E","R","M","R","BOSS","M","M","?","$","?","R","M","R","T","M","?","M"],"items_purchased_type":["Card","Card","Card","Relic","Potion","Card","Potion","Card"],"build_version":"2020-12-22","purchased_purges":3,"victory":false,"max_hp_per_floor":[71,71,71,71,71,71,71,71,71,71,71,71,71,71,71,71,71,71,71,71,71,71,71,71,71,71,71,71,71,71,71,71,71,71,71,71,71,71,71,71,71,71,71,71,67,67,67],"relic_stats":{"Peace Pipe":1,"counters":[22,128],"Shuriken":[20],"Whetstone":["Compile Driver","Sweeping Beam"],"Cursed Key":2,"Medical Kit":[8],"Smiling Mask":125,"obtain_stats":[{"Velvet Choker":34,"Whetstone":26,"Cursed Key":17,"Medical Kit":21,"Smiling Mask":24,"Old Coin":9,"Peace Pipe":6,"Shuriken":29,"WingedGreaves":39,"Red Mask":25,"Cracked Core":0,"Toy Ornithopter":13,"Pocketwatch":11},{"Velvet Choker":16,"Whetstone":13,"Cursed Key":9,"Medical Kit":11,"Smiling Mask":12,"Old Coin":5,"Peace Pipe":4,"Shuriken":14,"WingedGreaves":19,"Red Mask":13,"Cracked Core":0,"Toy Ornithopter":7,"Pocketwatch":6},{"Velvet Choker":89,"Whetstone":61,"Cursed Key":43,"Medical Kit":50,"Smiling Mask":56,"Old Coin":18,"Peace Pipe":14,"Shuriken":68,"WingedGreaves":110,"Red Mask":61,"Cracked Core":0,"Toy Ornithopter":32,"Pocketwatch":24}],"Toy Ornithopter":30,"Pocketwatch":[138]},"card_choices":[{"not_picked":["Tempest","Stack"],"picked":"Compile Driver","floor":1.0},{"not_picked":["Gash","Barrage","Rip and Tear"],"picked":"SKIP","floor":4.0},{"not_picked":["Auto Shields","Gash"],"picked":"Core Surge","floor":5.0},{"not_picked":["Cold Snap","Barrage"],"picked":"Buffer","floor":6.0},{"not_picked":["Conserve Battery","BootSequence"],"picked":"Cold Snap","floor":7.0},{"not_picked":["Stack","Hologram","Storm"],"picked":"SKIP","floor":11.0},{"not_picked":["Force Field","Ball Lightning"],"picked":"FTL","floor":13.0},{"not_picked":["Melter","Coolheaded","Sweeping Beam"],"picked":"SKIP","floor":14.0},{"not_picked":["Meteor Strike","Amplify"],"picked":"Core Surge","floor":16.0},{"not_picked":["Coolheaded","Hello World"],"picked":"Self Repair","floor":18.0},{"not_picked":["Sweeping Beam","Chill"],"picked":"Genetic Algorithm","floor":19.0},{"not_picked":["Ball Lightning","Recycle"],"picked":"Glacier","floor":24.0},{"not_picked":["Cold Snap","Leap"],"picked":"Reinforced Body","floor":25.0},{"not_picked":["Leap","Beam Cell"],"picked":"FTL+1","floor":29},{"not_picked":["Beam Cell","Conserve Battery","Chaos"],"picked":"SKIP","floor":31},{"not_picked":["Meteor Strike","Seek"],"picked":"Echo Form","floor":33},{"not_picked":["Hello World","Leap","Conserve Battery"],"picked":"SKIP","floor":35},{"not_picked":["Leap","Coolheaded","Ball Lightning"],"picked":"SKIP","floor":36},{"not_picked":["Secret Technique","Jack Of All Trades"],"picked":"Master of Strategy","floor":37},{"not_picked":["Tempest","Ball Lightning","Conserve Battery+1"],"picked":"SKIP","floor":41},{"not_picked":["Double Energy+1","Go for the Eyes","Cold Snap"],"picked":"SKIP","floor":44}],"player_experience":1378500,"relics_obtained":[{"floor":6.0,"key":"Peace Pipe"},{"floor":9.0,"key":"Old Coin"},{"floor":11.0,"key":"Pocketwatch"},{"floor":13.0,"key":"Toy Ornithopter"},{"floor":24.0,"key":"Smiling Mask"},{"floor":25.0,"key":"Red Mask"},{"floor":26.0,"key":"Whetstone"},{"floor":29,"key":"Shuriken"},{"floor":39,"key":"WingedGreaves"}],"event_choices":[{"damage_healed":0.0,"max_hp_gain":0.0,"max_hp_loss":0.0,"gold_gain":0.0,"event_name":"Wheel of Change","player_choice":"Damaged","floor":3.0,"gold_loss":0.0,"damage_taken":10.0},{"damage_healed":0.0,"max_hp_gain":0.0,"max_hp_loss":0.0,"gold_gain":0.0,"cards_transformed":["Strike_B","Strike_B"],"event_name":"Drug Dealer","player_choice":"Became Test Subject","floor":20.0,"gold_loss":0.0,"damage_taken":0.0,"cards_obtained":["Scrape","Sweeping Beam"]},{"damage_healed":0.0,"max_hp_gain":0.0,"max_hp_loss":0.0,"gold_gain":0.0,"event_name":"Vampires","player_choice":"Ignored","floor":22.0,"gold_loss":0.0,"damage_taken":0.0},{"damage_healed":0.0,"max_hp_gain":0.0,"max_hp_loss":0.0,"gold_gain":0.0,"event_name":"Masked Bandits","player_choice":"Fought Bandits","floor":25.0,"gold_loss":0.0,"damage_taken":0.0},{"damage_healed":0,"gold_gain":0,"player_choice":"Memory 1","damage_taken":0,"max_hp_gain":0,"max_hp_loss":0,"event_name":"SensoryStone","floor":37,"gold_loss":0},{"damage_healed":0,"gold_gain":0,"player_choice":"Fight","damage_taken":0,"max_hp_gain":0,"max_hp_loss":0,"event_name":"Mysterious Sphere","floor":39,"gold_loss":0},{"damage_healed":0,"gold_gain":0,"player_choice":"Max HP","damage_taken":0,"max_hp_gain":0,"max_hp_loss":4,"event_name":"Winding Halls","floor":45,"gold_loss":0}],"is_beta":false,"boss_relics":[{"not_picked":["Empty Cage","Coffee Dripper"],"picked":"Cursed Key"},{"not_picked":["SacredBark","Nuclear Battery"],"picked":"Velvet Choker"}],"items_purged_floors":[21,28,38],"is_endless":false,"potions_floor_spawned":[5,6,11,16,25,29,31,33,35,36,44],"killed_by":"3 Darklings","ascension_level":20}}