{"host":"3m7kwbdmvdgbilll","time":1608985997,"event":{"mods":["2.2 Compatiblity","AchievementEnabler","Aspiration","BaseMod","Beaked The Cultist","Better Match","Better Sensory Stone","Better Skull","Better Third Choice","BetterRewards","CCEM","Colored Map","Colored Powertips","Conspire","Custom Start","Downfall","Energized Spire","GifTheSpireLib","Halation","Highlight Path","Hubris","Infinite Spire","Jedi Mod","Marisa????????","Mimic Mod","Minty Spire (QoL Compilation)","Permanent Neow","Quick Restart","Rare Cards Sparkle","Replay The Spire","Shop Mod","Small Relic Pack","Spicy Shops","StSLib","Stuff the Spire","The Construct","The Servant 0.9.4","Unceasing Turn Reminder","Wandering Minibosses"],"gold_per_floor":[115,115,215,232,247,274,274,274,274],"floor_reached":8,"playtime":386,"items_purged":[],"score":56,"play_id":"03f8fbe4-e4c6-4a4a-b18b-adde839d395f","local_time":"20201226073317","is_ascension_mode":false,"campfire_choices":[{"floor":7,"key":"REST"}],"circlet_count":0,"master_deck":["Strike_S","Strike_S","Strike_S","Strike_S","Defend_S","Defend_S","Defend_S","Defend_S","KidneyShot","Exchange","FloweringNight+1","ShiftingGears+1","Rearm","Deadline","SpecialFormula"],"relics":["Uniform","Gremlin Food"],"acts_visited":["Exordium"],"potions_floor_usage":[6],"damage_taken":[{"damage":0,"enemies":"Small Slimes","floor":1,"turns":5},{"damage":8,"enemies":"2 Louse","floor":4,"turns":3},{"damage":1,"enemies":"Cultist","floor":5,"turns":4},{"damage":6,"enemies":"Lagavulin","floor":6,"turns":6},{"damage":20,"enemies":"3 Sentries","floor":8,"turns":4}],"seed_played":"-423473805617550187","potions_obtained":[{"floor":4,"key":"ColorlessPotion"},{"floor":6,"key":"Reflective Coating"}],"is_trial":false,"path_per_floor":["M","?","?","M","M","E","R","E"],"character_chosen":"THE_SERVANT","items_purchased":[],"campfire_rested":1,"item_purchase_floors":[],"current_hp_per_floor":[65,65,65,57,56,50,65,45,45],"gold":274,"neow_bonus":"ONE_RANDOM_RARE_CARD","is_daily":false,"chose_seed":false,"campfire_upgraded":0,"win_rate":0.0,"timestamp":1608985997,"path_taken":["M","?","?","M","?","E","R","E"],"items_purchased_type":[],"build_version":"2020-12-22","purchased_purges":0,"victory":false,"max_hp_per_floor":[65,65,65,65,65,65,65,65,65],"card_choices":[{"not_picked":["WasteNot","Ricochet"],"picked":"ShiftingGears","floor":1},{"not_picked":["ReturningBlade","Alleviate"],"picked":"Rearm","floor":4},{"not_picked":["Ricochet","Revamp"],"picked":"Deadline","floor":5},{"not_picked":["Sabotage","Initiator"],"picked":"SpecialFormula","floor":6}],"player_experience":38764,"relics_obtained":[{"floor":6,"key":"Gremlin Food"}],"event_choices":[{"damage_healed":0,"gold_gain":100,"player_choice":"Pray","damage_taken":0,"max_hp_gain":0,"max_hp_loss":0,"event_name":"Golden Shrine","floor":3,"gold_loss":0}],"is_beta":false,"boss_relics":[],"items_purged_floors":[],"is_endless":false,"potions_floor_spawned":[4,6],"killed_by":"3 Sentries","ascension_level":0}}