{"host":"y76clbnovzmw9ubx","time":1608961792,"event":{"mods":["AchievementEnabler","BaseMod","Minty Spire (QoL Compilation)","Permanent Neow","Relic Stats"],"gold_per_floor":[363,363,59,75,94,123,135,167,179,191,237,309,321,350,362,470,482,511,538,26,45,45,71,71,99,99,99,99,99,112,143,143,239,239,258,268,278,278,288,32,42,73,148,178,192,192,227,242,242,242,242,242,39,68,68,68],"floor_reached":55,"playtime":6635,"items_purged":["Strike_P","Defend_P"],"score":1216,"play_id":"43cab791-c7ff-4cc3-877a-bd1ee00dafbe","local_time":"20201226004952","is_ascension_mode":true,"campfire_choices":[{"floor":7.0,"key":"REST"},{"data":"LikeWater","floor":10.0,"key":"SMITH"},{"data":"TalkToTheHand","floor":13.0,"key":"SMITH"},{"data":"Conclude","floor":15.0,"key":"SMITH"},{"data":"LikeWater","floor":24.0,"key":"SMITH"},{"floor":28.0,"key":"REST"},{"floor":32.0,"key":"REST"},{"floor":46.0,"key":"REST"},{"floor":49.0,"key":"RECALL"},{"data":"WaveOfTheHand","floor":52.0,"key":"SMITH"}],"circlet_count":0,"master_deck":["AscendersBane","Eruption+1","Vigilance","CutThroughFate","Omniscience","FlurryOfBlows+1","WaveOfTheHand+1","MentalFortress","FlurryOfBlows","LikeWater+1","Adaptation","TalkToTheHand+1","Halt","Conclude+1","ConjureBlade","Tantrum","LikeWater+1","EmptyFist","ClearTheMind","ThirdEye","LikeWater+1","Necronomicurse","Protect","ClearTheMind+1","EmptyFist","Study","Protect","ForeignInfluence","WindmillStrike","Protect+1","Adaptation+1","SandsOfTime+1","Crescendo+1","Wallop+1","WaveOfTheHand+1","EmptyMind+1","FearNoEvil+1"],"relics":["PureWater","Orrery","MawBank","Eternal Feather","Incense Burner","Whetstone","VioletLotus","Lee\u0027s Waffle","Ornamental Fan","Turnip","Gremlin Horn","Necronomicon","Centennial Puzzle","Pandora\u0027s Box","InkBottle","Lantern","Omamori","Peace Pipe","Damaru","Pen Nib"],"acts_visited":["Exordium","TheCity","TheBeyond","TheEnding"],"potions_floor_usage":[55,55],"damage_taken":[{"damage":3.0,"enemies":"Small Slimes","floor":1.0,"turns":3.0},{"damage":0.0,"enemies":"2 Louse","floor":4.0,"turns":4.0},{"damage":4.0,"enemies":"Cultist","floor":5.0,"turns":5.0},{"damage":43.0,"enemies":"Gremlin Nob","floor":6.0,"turns":6.0},{"damage":10.0,"enemies":"Large Slime","floor":8.0,"turns":7.0},{"damage":16.0,"enemies":"3 Sentries","floor":11.0,"turns":10.0},{"damage":0.0,"enemies":"Lagavulin Event","floor":12.0,"turns":8.0},{"damage":1.0,"enemies":"2 Fungi Beasts","floor":14.0,"turns":8.0},{"damage":2.0,"enemies":"Hexaghost","floor":16.0,"turns":13.0},{"damage":17.0,"enemies":"2 Thieves","floor":18.0,"turns":4.0},{"damage":12.0,"enemies":"Chosen","floor":19.0,"turns":4.0},{"damage":23.0,"enemies":"Snecko","floor":21.0,"turns":5.0},{"damage":24.0,"enemies":"Slavers","floor":23.0,"turns":4.0},{"damage":12.0,"enemies":"Book of Stabbing","floor":25.0,"turns":7.0},{"damage":17.0,"enemies":"Snake Plant","floor":30.0,"turns":8.0},{"damage":22.0,"enemies":"Gremlin Leader","floor":31.0,"turns":8.0},{"damage":28.0,"enemies":"Champ","floor":33.0,"turns":13.0},{"damage":2.0,"enemies":"Orb Walker","floor":35.0,"turns":4.0},{"damage":17.0,"enemies":"3 Shapes","floor":36.0,"turns":3.0},{"damage":7.0,"enemies":"Maw","floor":37.0,"turns":7.0},{"damage":38.0,"enemies":"Transient","floor":39.0,"turns":5.0},{"damage":1.0,"enemies":"3 Darklings","floor":41.0,"turns":6.0},{"damage":11.0,"enemies":"Giant Head","floor":42.0,"turns":8.0},{"damage":2.0,"enemies":"Reptomancer","floor":44.0,"turns":3.0},{"damage":0.0,"enemies":"Maw","floor":45.0,"turns":6.0},{"damage":30.0,"enemies":"Giant Head","floor":47.0,"turns":7.0},{"damage":2.0,"enemies":"Spire Growth","floor":48.0,"turns":4.0},{"damage":43.0,"enemies":"Time Eater","floor":50.0,"turns":9.0},{"damage":52.0,"enemies":"Shield and Spear","floor":54.0,"turns":8.0},{"damage":30,"enemies":"The Heart","floor":55,"turns":5}],"seed_played":"3729014178767891648","potions_obtained":[{"floor":4.0,"key":"Fruit Juice"},{"floor":6.0,"key":"Energy Potion"},{"floor":21.0,"key":"Weak Potion"},{"floor":25.0,"key":"DuplicationPotion"},{"floor":31.0,"key":"DuplicationPotion"},{"floor":33.0,"key":"DuplicationPotion"},{"floor":36.0,"key":"PowerPotion"},{"floor":37.0,"key":"FairyPotion"},{"floor":45.0,"key":"BottledMiracle"},{"floor":47.0,"key":"FearPotion"},{"floor":48.0,"key":"SneckoOil"},{"floor":54.0,"key":"LiquidMemories"}],"is_trial":false,"path_per_floor":["M","?","$","M","M","E","R","M","T","R","E","?","R","M","R","B",null,"M","M","$","M","?","E","R","E","T","?","R","?","M","E","R","B",null,"M","M","M","?","M","$","M","E","T","E","M","R","E","M","R","B",null,"R","$","E","B"],"character_chosen":"WATCHER","items_purchased":["Orrery","MentalFortress","LikeWater","Lee\u0027s Waffle","EmptyFist","ClearTheMind","Fruit Juice","BottledMiracle","InkBottle","Damaru","Weak Potion"],"campfire_rested":4,"item_purchase_floors":[3,3,20,20,20,20,20,20,40,53,53],"current_hp_per_floor":[62,55,55,55,51,8,27,17,17,26,10,10,19,18,30,28,56,39,27,72,49,49,25,40,28,28,12,48,42,25,8,46,18,62,60,43,36,36,23,23,22,11,11,9,9,53,23,26,47,4,63,82,82,30,0,0],"gold":68,"neow_bonus":"TWO_FIFTY_GOLD","is_daily":false,"chose_seed":false,"campfire_upgraded":5,"win_rate":0.0,"timestamp":1608961792,"path_taken":["M","?","$","M","M","E","R","M","T","R","E","?","R","M","R","BOSS","M","M","$","M","?","E","R","E","T","?","R","?","M","E","R","BOSS","M","M","M","?","M","$","M","E","T","E","M","R","E","M","R","BOSS","R","$","E","BOSS"],"items_purchased_type":["Relic","Card","Card","Relic","Card","Card","Potion","Potion","Relic","Relic","Potion"],"build_version":"2020-12-22","purchased_purges":2,"victory":false,"max_hp_per_floor":[65,65,65,65,65,65,65,65,65,65,65,65,65,65,65,65,65,65,65,72,72,72,72,72,72,72,72,72,72,72,77,77,77,77,77,77,77,77,77,77,77,77,77,77,77,77,77,82,82,82,82,82,82,82,82,82],"relic_stats":{"Lee\u0027s Waffle":45,"Gremlin Horn":[11,11],"counters":[30,192],"Eternal Feather":136,"Pen Nib":[0],"Whetstone":["Eruption","FlurryOfBlows"],"MawBank":168,"Peace Pipe":0,"Centennial Puzzle":[39],"Ornamental Fan":[276],"Pandora\u0027s Box":["EmptyFist","Study","Protect","ForeignInfluence","WindmillStrike"],"VioletLotus":[38],"Turnip":[22],"Necronomicon":[29],"obtain_stats":[{"Lee\u0027s Waffle":20,"Lantern":42,"Gremlin Horn":26,"Damaru":53,"Eternal Feather":9,"Pen Nib":54,"Incense Burner":11,"Omamori":44,"Whetstone":12,"MawBank":6,"Peace Pipe":47,"Centennial Puzzle":31,"Ornamental Fan":23,"Orrery":3,"Pandora\u0027s Box":34,"VioletLotus":17,"Turnip":25,"Necronomicon":27,"PureWater":0,"InkBottle":40},{"Lee\u0027s Waffle":11,"Lantern":23,"Gremlin Horn":14,"Damaru":28,"Eternal Feather":5,"Pen Nib":29,"Incense Burner":6,"Omamori":24,"Whetstone":7,"MawBank":4,"Peace Pipe":26,"Centennial Puzzle":16,"Ornamental Fan":13,"Orrery":1,"Pandora\u0027s Box":17,"VioletLotus":9,"Turnip":14,"Necronomicon":14,"PureWater":0,"InkBottle":21},{"Lee\u0027s Waffle":72,"Lantern":150,"Gremlin Horn":88,"Damaru":179,"Eternal Feather":25,"Pen Nib":187,"Incense Burner":35,"Omamori":153,"Whetstone":43,"MawBank":18,"Peace Pipe":166,"Centennial Puzzle":104,"Ornamental Fan":81,"Orrery":3,"Pandora\u0027s Box":117,"VioletLotus":64,"Turnip":88,"Necronomicon":88,"PureWater":0,"InkBottle":136}],"InkBottle":[29]},"card_choices":[{"not_picked":["FlyingSleeves","ReachHeaven"],"picked":"CutThroughFate","floor":1.0},{"not_picked":["Protect","Study"],"picked":"Omniscience","floor":3.0},{"not_picked":["FollowUp","BattleHymn"],"picked":"FlurryOfBlows","floor":3.0},{"not_picked":["SashWhip","WreathOfFlame"],"picked":"WaveOfTheHand","floor":3.0},{"not_picked":["CutThroughFate","Prostrate"],"picked":"FlurryOfBlows","floor":4.0},{"not_picked":["SashWhip","FollowUp"],"picked":"LikeWater","floor":5.0},{"not_picked":["Nirvana","ThirdEye"],"picked":"Adaptation","floor":6.0},{"not_picked":["Brilliance","Swivel","Prostrate"],"picked":"SKIP","floor":8.0},{"not_picked":["DeceiveReality","Blasphemy"],"picked":"TalkToTheHand","floor":11.0},{"not_picked":["Prostrate","BowlingBash"],"picked":"Halt","floor":12.0},{"not_picked":["CrushJoints","PathToVictory"],"picked":"Conclude","floor":14.0},{"not_picked":["Establishment","MasterReality"],"picked":"ConjureBlade","floor":16.0},{"not_picked":["JustLucky","Prostrate"],"picked":"Tantrum","floor":18.0},{"not_picked":["Halt","Evaluate","Sanctity"],"picked":"SKIP","floor":19.0},{"not_picked":["Collect+1","Halt"],"picked":"ThirdEye","floor":21.0},{"not_picked":["Swivel","ConjureBlade"],"picked":"LikeWater+1","floor":23.0},{"not_picked":["Alpha","Evaluate+1","SignatureMove"],"picked":"SKIP","floor":25.0},{"not_picked":["WaveOfTheHand","EmptyFist+1"],"picked":"Protect","floor":30.0},{"not_picked":["EmptyFist","Crescendo+1"],"picked":"ClearTheMind+1","floor":31.0},{"not_picked":["DeceiveReality","ForeignInfluence+1","Weave"],"picked":"SKIP","floor":35.0},{"not_picked":["Halt+1","Consecrate"],"picked":"Protect+1","floor":36.0},{"not_picked":["CrushJoints","PathToVictory+1"],"picked":"Adaptation+1","floor":37.0},{"not_picked":["WaveOfTheHand+1","DeceiveReality+1"],"picked":"SandsOfTime+1","floor":39.0},{"not_picked":["PathToVictory+1","ThirdEye","ReachHeaven+1"],"picked":"SKIP","floor":41.0},{"not_picked":["Alpha","CutThroughFate+1"],"picked":"Crescendo+1","floor":42.0},{"not_picked":["CarveReality+1","SignatureMove"],"picked":"Wallop+1","floor":44.0},{"not_picked":["Weave+1","Prostrate"],"picked":"WaveOfTheHand+1","floor":45.0},{"not_picked":["CrushJoints+1","Halt"],"picked":"EmptyMind+1","floor":47.0},{"not_picked":["WindmillStrike","JustLucky"],"picked":"FearNoEvil+1","floor":48.0},{"not_picked":["PathToVictory+1","Evaluate","BattleHymn+1"],"picked":"SKIP","floor":54.0}],"player_experience":2993582,"relics_obtained":[{"floor":6.0,"key":"MawBank"},{"floor":9.0,"key":"Eternal Feather"},{"floor":11.0,"key":"Incense Burner"},{"floor":12.0,"key":"Whetstone"},{"floor":23.0,"key":"Ornamental Fan"},{"floor":25.0,"key":"Turnip"},{"floor":26.0,"key":"Gremlin Horn"},{"floor":27.0,"key":"Necronomicon"},{"floor":31.0,"key":"Centennial Puzzle"},{"floor":42.0,"key":"Lantern"},{"floor":44.0,"key":"Omamori"},{"floor":47.0,"key":"Peace Pipe"},{"floor":54.0,"key":"Pen Nib"}],"event_choices":[{"cards_removed":["Strike_P"],"damage_healed":0.0,"max_hp_gain":0.0,"max_hp_loss":0.0,"gold_gain":0.0,"event_name":"Golden Wing","player_choice":"Card Removal","floor":2.0,"gold_loss":0.0,"damage_taken":7.0},{"damage_healed":0.0,"max_hp_gain":0.0,"max_hp_loss":0.0,"gold_gain":0.0,"event_name":"Dead Adventurer","player_choice":"Searched \u00271\u0027 times","floor":12.0,"gold_loss":0.0,"damage_taken":0.0},{"damage_healed":0.0,"max_hp_gain":0.0,"max_hp_loss":0.0,"gold_gain":0.0,"event_name":"Vampires","player_choice":"Ignored","floor":22.0,"gold_loss":0.0,"damage_taken":0.0},{"damage_healed":0.0,"max_hp_gain":0.0,"max_hp_loss":0.0,"gold_gain":0.0,"event_name":"Cursed Tome","player_choice":"Obtained Book","floor":27.0,"gold_loss":0.0,"damage_taken":16.0},{"damage_healed":0.0,"max_hp_gain":0.0,"max_hp_loss":0.0,"gold_gain":0.0,"event_name":"Knowing Skull","player_choice":"","floor":29.0,"potions_obtained":[],"gold_loss":0.0,"damage_taken":6.0,"cards_obtained":[]},{"damage_healed":0.0,"max_hp_gain":0.0,"max_hp_loss":0.0,"gold_gain":0.0,"event_name":"Tomb of Lord Red Mask","player_choice":"Ignored","floor":38.0,"gold_loss":0.0,"damage_taken":0.0}],"is_beta":false,"boss_relics":[{"not_picked":["Snecko Eye","Astrolabe"],"picked":"VioletLotus"},{"not_picked":["SacredBark","Velvet Choker"],"picked":"Pandora\u0027s Box"}],"items_purged_floors":[3,20],"is_endless":false,"potions_floor_spawned":[4,6,21,25,31,33,36,37,45,47,48,54],"killed_by":"The Heart","ascension_level":10}}