{"host":"iak1zw6udsaqx1iy","time":1608998249,"event":{"mods":["BaseMod","Minty Spire (QoL Compilation)","Remilia（蕾米莉亚）","Replay The Spire","StSLib","The Alterego","The Cursed","The Servant 0.9.4","WarShipGirlsR/战舰少女R mod","Youmu（魂魄妖梦）"],"gold_per_floor":[112,112,112,126,126,151,151,100,100,126,126,126,144,159,159,257,257,269,288,299,299,38,69,69,69,94,114,114,114,147,171,183,299,311,343,371,401,428,495,507,549,611,623,650,231,245,158,176,176,76,76,76,6,35,35],"floor_reached":56,"playtime":8346,"items_purged":[],"score":1427,"play_id":"9ac8c2f4-c36d-4cb4-b00c-986bc57d0918","local_time":"20201226235729","is_ascension_mode":false,"campfire_choices":[{"data":"SpiderLilyBurial","floor":7.0,"key":"SMITH"},{"data":"SwordExtraction","floor":11.0,"key":"SMITH"},{"floor":15.0,"key":"REST"},{"data":"SlashOfTheEternalFuture","floor":25.0,"key":"SMITH"},{"floor":28.0,"key":"RECALL"},{"data":"WheelOfPainOfLivingAndDead","floor":32.0,"key":"SMITH"},{"floor":40.0,"key":"REST"}],"circlet_count":0,"master_deck":["Strike_YM","Defend_YM","Defend_YM","Defend_YM","Defend_YM","SlashOfPresentWorld+1","WheelOfPainOfLivingAndDead+1","PhosphoricSlash","DeadlyForm","SpiderLilyBurial+1","HumanKnowledgeSword+1","SwordExtraction+1","LightFlashOfTheNetherworld","TwoHundredYojanaInOneSlash","FlashingScatteredFlowers","SlashOfTheEternalFuture+1","PreachingAvici+1","CherryBlossomFlashing","LifeCuttingSword","Looming Evil","HeartExcerptSlash+1","Normality","PretaSword+1","CrescentMoonSlash+1","HellRealmSword+1","TenKingsRetributionOnThePreta+1","EchoesOfTheInclemencyOfAllBeings+1","LowerRealmReflectionSlash+1","SuddenPhantomFormationSlashOfKarmicWind+1","LowerRealmReflectionSlash+1","FastingOfTheYoungPreta","HeartExcerptSlash+1","HesitationCuttingSword+1","Sickly","SanzenSekai+1","ReplayTheSpireMod:Private Reserves+1","ObsessionSword+1","HumanGodSword","DispleasureOfTheSevenHakus+1","RapidSlash+1","SwordOfBindingDesires+1","CherryBlossomFlashing+1","SuddenPhantomFormationSlashOfKarmicWind","TurningAngelCut+1","HiganSword","SpiritCuttingSword+1"],"relics":["HalfPhantom","NeowsBlessing","Lantern","Boot","Ornamental Fan","Dead Branch","Cursed Key","Anchor","Molten Egg 2","Mango","ReplayTheSpireMod:Ring of Addiction","SacredBark","Chameleon Ring","Ring of Fangs","alterego_mod:FleetingLove","Snack Pack","MawBank","Fusion Hammer","Replay:PocketPolymizer","ReplayTheSpireMod:Shallot","TungstenRod","Toxic Egg 2","Vajra","Oddly Smooth Stone"],"acts_visited":["Exordium","TheCity","TheBeyond","TheEnding"],"potions_floor_usage":[41,47,50,54,55,55],"damage_taken":[{"damage":0.0,"enemies":"Small Slimes","floor":1.0,"turns":1.0},{"damage":0.0,"enemies":"2 Louse","floor":4.0,"turns":1.0},{"damage":0.0,"enemies":"Gremlin Nob","floor":6.0,"turns":1.0},{"damage":9.0,"enemies":"3 Sentries","floor":10.0,"turns":8.0},{"damage":1.0,"enemies":"Jaw Worm","floor":13.0,"turns":2.0},{"damage":3.0,"enemies":"Exordium Thugs","floor":14.0,"turns":4.0},{"damage":26.0,"enemies":"The Guardian","floor":16.0,"turns":10.0},{"damage":1.0,"enemies":"2 Thieves","floor":18.0,"turns":3.0},{"damage":0.0,"enemies":"Spheric Guardian","floor":19.0,"turns":3.0},{"damage":0.0,"enemies":"Snecko","floor":20.0,"turns":1.0},{"damage":18.0,"enemies":"Book of Stabbing","floor":23.0,"turns":5.0},{"damage":0.0,"enemies":"Cultist and Chosen","floor":27.0,"turns":4.0},{"damage":8.0,"enemies":"Replay:Snechameleon","floor":30.0,"turns":4.0},{"damage":52.0,"enemies":"Automaton","floor":33.0,"turns":6.0},{"damage":27.0,"enemies":"3 Darklings","floor":35.0,"turns":4.0},{"damage":0.0,"enemies":"Orb Walker","floor":36.0,"turns":2.0},{"damage":0.0,"enemies":"Transient","floor":37.0,"turns":5.0},{"damage":43.0,"enemies":"4 Shapes","floor":38.0,"turns":6.0},{"damage":0.0,"enemies":"2 Orb Walkers","floor":39.0,"turns":2.0},{"damage":12,"enemies":"R_Hoarder","floor":41,"turns":6},{"damage":0,"enemies":"Mind Bloom Boss Battle","floor":42,"turns":1},{"damage":0,"enemies":"Sphere and 2 Shapes","floor":44,"turns":1},{"damage":0,"enemies":"Spire Growth","floor":46,"turns":1},{"damage":0,"enemies":"Transient","floor":47,"turns":5},{"damage":0,"enemies":"Sphere and 2 Shapes","floor":48,"turns":1},{"damage":2,"enemies":"Donu and Deca","floor":50,"turns":5},{"damage":0,"enemies":"Shield and Spear","floor":54,"turns":1},{"damage":2,"enemies":"The Heart","floor":55,"turns":3}],"seed_played":"4415225814113968925","potions_obtained":[{"floor":4.0,"key":"Languid Potion"},{"floor":10.0,"key":"SpeedPotion"},{"floor":20.0,"key":"DuplicationPotion"},{"floor":24.0,"key":"BlessingOfTheForge"},{"floor":30.0,"key":"Death Potion"},{"floor":36.0,"key":"BlessingOfTheForge"},{"floor":38.0,"key":"CausticAgent"},{"floor":42,"key":"Swift Potion"},{"floor":44,"key":"Doom Potion"},{"floor":49,"key":"Dexterity Potion"},{"floor":52,"key":"LifebloodPotion"},{"floor":54,"key":"Fruit Juice"}],"is_trial":false,"path_per_floor":["M","?","?","M","?","E","R","$","T","E","R","?","M","M","R","B",null,"M","M","M","?","$","E","?","R","T","M","R","?","E","T","R","B",null,"M","M","M","M","?","R","E","?","T","M","$","M","M","M","R","B",null,"R","$","E","B",null],"character_chosen":"YOUMU","items_purchased":["SwordExtraction","Molten Egg 2","Vajra","ReplayTheSpireMod:Private Reserves+1","Strength Potion","ObsessionSword+1","HumanGodSword","DispleasureOfTheSevenHakus+1","HiganSword"],"campfire_rested":2,"item_purchase_floors":[8,22,45,45,45,45,45,45,53],"current_hp_per_floor":[75,75,75,75,63,63,63,63,63,54,54,54,53,50,72,46,75,74,74,74,74,74,70,70,70,70,70,70,70,62,62,62,20,87,62,64,78,41,47,72,66,72,72,76,76,78,83,83,83,83,83,83,83,96,96],"gold":35,"neow_bonus":"THREE_ENEMY_KILL","is_daily":false,"chose_seed":false,"campfire_upgraded":4,"win_rate":0.0,"timestamp":1608998249,"path_taken":["M","?","?","M","?","E","R","$","T","E","R","?","?","M","R","BOSS","M","M","M","?","?","E","?","R","T","M","R","?","E","?","R","BOSS","M","M","M","M","?","R","E","?","T","M","$","M","M","M","R","BOSS","R","$","E","BOSS"],"items_purchased_type":["Card","Relic","Relic","Card","Potion","Card","Card","Card","Card"],"build_version":"2020-12-22","purchased_purges":0,"victory":true,"max_hp_per_floor":[75,75,75,75,75,75,75,75,75,75,75,75,75,75,75,75,75,75,75,75,75,75,89,89,89,89,89,87,87,87,87,87,87,87,87,87,87,87,87,85,85,85,85,85,83,83,83,83,83,83,83,83,83,96,96],"card_choices":[{"not_picked":["ConstancyOfTheConventionalTruth","LifeCuttingSword"],"picked":"PhosphoricSlash","floor":1.0},{"not_picked":[],"picked":"DeadlyForm","floor":3.0},{"not_picked":["DispleasureOfTheSevenHakus","SlashClearingTheSixSenses"],"picked":"SpiderLilyBurial","floor":4.0},{"not_picked":["HeavenSword","SwordOfBindingDesires"],"picked":"HumanKnowledgeSword","floor":6.0},{"not_picked":["DeadlyForm","TransmigrationSlash"],"picked":"LightFlashOfTheNetherworld","floor":10.0},{"not_picked":["SanzenSekai","HumanKnowledgeSword"],"picked":"TwoHundredYojanaInOneSlash","floor":13.0},{"not_picked":["SwordOfBindingDesires","TwoHundredYojanaInOneSlash"],"picked":"FlashingScatteredFlowers","floor":14.0},{"not_picked":["IrresoluteSoul","WickedSoul"],"picked":"SlashOfTheEternalFuture","floor":16.0},{"not_picked":["SpiritCuttingSword+1","SwordOfBindingDesires"],"picked":"PreachingAvici+1","floor":18.0},{"not_picked":["HumanKnowledgeSword","HellFireSword"],"picked":"CherryBlossomFlashing","floor":19.0},{"not_picked":["SwordExtraction","SanzenSekai"],"picked":"LifeCuttingSword","floor":20.0},{"not_picked":["HellFireSword","DispleasureOfTheSevenHakus"],"picked":"HeartExcerptSlash+1","floor":23.0},{"not_picked":["CherryBlossomFlashing+1","SlashOfAscensionToBuddhahood+1"],"picked":"PretaSword+1","floor":27.0},{"not_picked":["CherryBlossomSword","ConstancyOfTheConventionalTruth+1"],"picked":"CrescentMoonSlash+1","floor":30.0},{"not_picked":["StrangeHalfBody","ReincarnationSword"],"picked":"HellRealmSword+1","floor":33.0},{"not_picked":["TwoHundredYojanaInOneSlash+1","ObsessionWithThePresentWorld"],"picked":"TenKingsRetributionOnThePreta+1","floor":35.0},{"not_picked":["ThreeKonsSevenHakus","SwordExtraction"],"picked":"EchoesOfTheInclemencyOfAllBeings+1","floor":36.0},{"not_picked":["SanzenSekai+1","SlashOfMeditation+1"],"picked":"LowerRealmReflectionSlash+1","floor":37.0},{"not_picked":["PhosphoricSlash+1","CrescentMoonSlash+1"],"picked":"SuddenPhantomFormationSlashOfKarmicWind+1","floor":38.0},{"not_picked":["CherryBlossomFlashing+1","ReincarnationSword"],"picked":"LowerRealmReflectionSlash+1","floor":39.0},{"not_picked":["SanzenSekai+1","SwordExtraction+1"],"picked":"HeartExcerptSlash+1","floor":41},{"not_picked":["AsTheSilentNirvana","SwordOfBindingDesires+1"],"picked":"HesitationCuttingSword+1","floor":42},{"not_picked":["PhosphoricSlash+1","ThreeKonsSevenHakus+1"],"picked":"SanzenSekai+1","floor":44},{"not_picked":["ObsessionWithThePresentWorld+1","SlashClearingTheSixSenses+1"],"picked":"RapidSlash+1","floor":46},{"not_picked":["SlashOfMeditation+1","PhosphoricSlash+1"],"picked":"SwordOfBindingDesires+1","floor":47},{"not_picked":["HumanKnowledgeSword+1","TwoHundredYojanaInOneSlash+1"],"picked":"CherryBlossomFlashing+1","floor":48},{"not_picked":["SwordExtraction+1","SlashOfDepartureFromHesitation+1"],"picked":"SpiritCuttingSword+1","floor":54}],"player_experience":246080,"relics_obtained":[{"floor":6.0,"key":"Boot"},{"floor":9.0,"key":"Ornamental Fan"},{"floor":10.0,"key":"Dead Branch"},{"floor":23.0,"key":"Mango"},{"floor":24.0,"key":"ReplayTheSpireMod:Ring of Addiction"},{"floor":24.0,"key":"SacredBark"},{"floor":24.0,"key":"Chameleon Ring"},{"floor":24.0,"key":"Ring of Fangs"},{"floor":30.0,"key":"Snack Pack"},{"floor":31.0,"key":"MawBank"},{"floor":39.0,"key":"Replay:PocketPolymizer"},{"floor":41,"key":"ReplayTheSpireMod:Shallot"},{"floor":42,"key":"TungstenRod"},{"floor":43,"key":"Toxic Egg 2"},{"floor":54,"key":"Oddly Smooth Stone"}],"event_choices":[{"damage_healed":0.0,"max_hp_gain":0.0,"max_hp_loss":0.0,"gold_gain":0.0,"event_name":"Living Wall","player_choice":"Grow","floor":2.0,"gold_loss":0.0,"damage_taken":0.0,"cards_upgraded":["SlashOfPresentWorld"]},{"damage_healed":0.0,"max_hp_gain":0.0,"max_hp_loss":0.0,"gold_gain":0.0,"event_name":"Scrap Ooze","player_choice":"Success","floor":5.0,"gold_loss":0.0,"damage_taken":12.0,"relics_obtained":["Lantern"]},{"damage_healed":0.0,"max_hp_gain":0.0,"max_hp_loss":0.0,"gold_gain":0.0,"event_name":"爱的神圣花园","player_choice":"Choice 1","floor":29.0,"gold_loss":0.0,"damage_taken":0.0,"relics_obtained":["alterego_mod:FleetingLove"]},{"damage_healed":0.0,"max_hp_gain":0.0,"max_hp_loss":0.0,"gold_gain":0.0,"event_name":"Mysterious Sphere","player_choice":"Fight","floor":39.0,"gold_loss":0.0,"damage_taken":0.0},{"damage_healed":0,"gold_gain":0,"player_choice":"Fight","damage_taken":0,"max_hp_gain":0,"max_hp_loss":0,"event_name":"MindBloom","floor":42,"gold_loss":0}],"is_beta":false,"boss_relics":[{"not_picked":["Coffee Dripper","SacredBark"],"picked":"Cursed Key"},{"not_picked":["Velvet Choker","ReplayTheSpireMod:DimensionalGlitch"],"picked":"Fusion Hammer"}],"items_purged_floors":[],"is_endless":false,"potions_floor_spawned":[4,10,20,23,27,30,36,38,42,44,54],"ascension_level":0}}