{"host":"zxkjcgzis4pm3za5","time":1608954536,"event":{"mods":["AchievementEnabler","BaseMod","Colored Map","Colored Powertips","Minty Spire (QoL Compilation)","Quick Restart","RNG Fix","Random Character Button","StSLib"],"gold_per_floor":[112,129,129,146,146,176,176,176,227,240,240,253,64,94,94,194,194,211,126,140,160,85,85,114,125,149,174,174,174],"floor_reached":28,"playtime":1251,"items_purged":["Dualcast"],"score":402,"play_id":"8a6d659c-37ab-431f-9863-09421e21d848","local_time":"20201226091856","is_ascension_mode":true,"campfire_choices":[{"data":"Reprogram","floor":7.0,"key":"SMITH"},{"data":"Seek","floor":11.0,"key":"SMITH"},{"data":"Core Surge","floor":15.0,"key":"SMITH"},{"data":"Beam Cell","floor":23.0,"key":"SMITH"}],"circlet_count":0,"master_deck":["AscendersBane","Strike_B","Strike_B","Strike_B","Defend_B","Defend_B","Defend_B","Defend_B","Compile Driver","Reprogram+1","Seek+1","Sweeping Beam","Core Surge+1","Leap","Finesse","Auto Shields","Beam Cell+1","Lockon","Fusion","Stack+1"],"relics":["SlaversCollar","Eternal Feather","Toy Ornithopter","Nunchaku","Black Star","Cables","Centennial Puzzle","Pocketwatch","PreservedInsect","MealTicket","StrikeDummy"],"acts_visited":["Exordium","TheCity"],"potions_floor_usage":[],"damage_taken":[{"damage":2.0,"enemies":"Jaw Worm","floor":1.0,"turns":4.0},{"damage":1.0,"enemies":"Cultist","floor":2.0,"turns":3.0},{"damage":2.0,"enemies":"2 Louse","floor":4.0,"turns":3.0},{"damage":38.0,"enemies":"Lagavulin","floor":6.0,"turns":8.0},{"damage":0.0,"enemies":"Lots of Slimes","floor":10.0,"turns":2.0},{"damage":6.0,"enemies":"Exordium Thugs","floor":12.0,"turns":6.0},{"damage":6.0,"enemies":"3 Sentries","floor":14.0,"turns":6.0},{"damage":24.0,"enemies":"Slime Boss","floor":16.0,"turns":12.0},{"damage":8.0,"enemies":"Chosen","floor":18.0,"turns":8.0},{"damage":22.0,"enemies":"2 Thieves","floor":20.0,"turns":4.0},{"damage":10.0,"enemies":"Shelled Parasite and Fungi","floor":21.0,"turns":9.0},{"damage":60.0,"enemies":"Gremlin Leader","floor":24.0,"turns":14.0},{"damage":2.0,"enemies":"Centurion and Healer","floor":25.0,"turns":7.0},{"damage":17.0,"enemies":"Slavers","floor":27.0,"turns":7.0},{"damage":10,"enemies":"3 Cultists","floor":28,"turns":3}],"seed_played":"8025700455743567511","potions_obtained":[{"floor":1.0,"key":"Block Potion"},{"floor":2.0,"key":"Explosive Potion"},{"floor":4.0,"key":"FearPotion"},{"floor":5.0,"key":"GamblersBrew"},{"floor":10.0,"key":"Weak Potion"},{"floor":18.0,"key":"SteroidPotion"},{"floor":20.0,"key":"FairyPotion"},{"floor":27.0,"key":"FearPotion"}],"is_trial":false,"path_per_floor":["M","M","?","M","?","E","R","?","T","M","R","M","$","E","R","B",null,"M","?","M","M","?","R","E","M","T","E","M"],"character_chosen":"DEFECT","items_purchased":["Leap","Finesse"],"campfire_rested":0,"item_purchase_floors":[13,13],"current_hp_per_floor":[66,65,65,63,63,25,31,31,31,36,42,41,41,40,49,25,63,60,60,43,33,33,42,22,20,20,3,0,0],"gold":174,"neow_bonus":"BOSS_RELIC","is_daily":false,"chose_seed":false,"campfire_upgraded":4,"win_rate":0.0,"timestamp":1608954536,"path_taken":["M","M","?","M","?","E","R","?","T","?","R","M","$","E","R","BOSS","M","?","M","M","?","R","E","M","T","E","M"],"items_purchased_type":["Card","Card"],"build_version":"2020-12-22","purchased_purges":1,"victory":false,"max_hp_per_floor":[75,75,75,75,75,75,75,75,75,75,75,75,75,75,75,75,75,75,75,75,75,75,75,75,75,75,75,75,75],"card_choices":[{"not_picked":["Blizzard","Steam"],"picked":"Beam Cell","floor":1.0},{"not_picked":["Turbo","Storm"],"picked":"Compile Driver","floor":2.0},{"not_picked":["Hologram","Gash"],"picked":"Reprogram","floor":4.0},{"not_picked":["Go for the Eyes","Barrage"],"picked":"Seek","floor":6.0},{"not_picked":["Turbo","Coolheaded"],"picked":"Sweeping Beam","floor":10.0},{"not_picked":["Redo","Sweeping Beam"],"picked":"Core Surge","floor":12.0},{"not_picked":["Heatsinks","Chill"],"picked":"Auto Shields","floor":14.0},{"not_picked":["Compile Driver","Ball Lightning","Aggregate"],"picked":"SKIP","floor":18.0},{"not_picked":["Force Field","Compile Driver"],"picked":"Beam Cell","floor":20.0},{"not_picked":["Cold Snap","Chaos","Compile Driver+1"],"picked":"SKIP","floor":21.0},{"not_picked":["Darkness","Stack"],"picked":"Lockon","floor":24.0},{"not_picked":["Hello World","Static Discharge"],"picked":"Fusion","floor":25.0},{"not_picked":["Rainbow","Double Energy"],"picked":"Stack+1","floor":27.0}],"player_experience":148234,"relics_obtained":[{"floor":6.0,"key":"Toy Ornithopter"},{"floor":14.0,"key":"Nunchaku"},{"floor":24.0,"key":"Centennial Puzzle"},{"floor":24.0,"key":"Pocketwatch"},{"floor":26.0,"key":"PreservedInsect"},{"floor":27.0,"key":"MealTicket"},{"floor":27.0,"key":"StrikeDummy"}],"event_choices":[{"cards_removed":["Beam Cell"],"damage_healed":0.0,"max_hp_gain":0.0,"max_hp_loss":0.0,"gold_gain":0.0,"event_name":"WeMeetAgain","player_choice":"Gave Card","floor":3.0,"gold_loss":0.0,"damage_taken":0.0,"relics_obtained":["Eternal Feather"]},{"damage_healed":0.0,"max_hp_gain":0.0,"max_hp_loss":0.0,"gold_gain":0.0,"event_name":"Lab","player_choice":"Got Potions","floor":5.0,"gold_loss":0.0,"damage_taken":0.0},{"cards_removed":["Zap"],"damage_healed":0.0,"max_hp_gain":0.0,"max_hp_loss":0.0,"gold_gain":0.0,"event_name":"Bonfire Elementals","player_choice":"Offered Basic","floor":8.0,"gold_loss":0.0,"damage_taken":0.0},{"damage_healed":0.0,"max_hp_gain":0.0,"max_hp_loss":0.0,"gold_gain":0.0,"event_name":"Addict","player_choice":"Obtained Relic","floor":19.0,"gold_loss":85.0,"damage_taken":0.0,"relics_obtained":["Cables"]},{"cards_removed":["Strike_B"],"damage_healed":0.0,"max_hp_gain":0.0,"max_hp_loss":0.0,"gold_gain":0.0,"event_name":"Beggar","player_choice":"Gave Gold","floor":22.0,"gold_loss":75.0,"damage_taken":0.0}],"is_beta":false,"boss_relics":[{"not_picked":["Sozu","Tiny House"],"picked":"Black Star"}],"items_purged_floors":[13],"is_endless":false,"potions_floor_spawned":[1,2,4,10,18,20,27],"killed_by":"3 Cultists","ascension_level":10}}