{"host":"hfxp6ue4pvwo3fit","time":1608944166,"event":{"mods":["AchievementEnabler","BaseMod","Colored Map","Colored Powertips","Highlight Path","Minty Spire (QoL Compilation)","StSLib","SuperFastMode"],"gold_per_floor":[114,125,143,193,27,53,53,67,67,67,81,96,96,96,96,96,96],"floor_reached":16,"playtime":436,"items_purged":[],"score":204,"play_id":"9396ee82-cc8c-4bd6-b4b9-bd3e3b748822","local_time":"20201225185606","is_ascension_mode":true,"campfire_choices":[{"data":"Seek","floor":7,"key":"SMITH"},{"data":"Zap","floor":10,"key":"SMITH"},{"data":"Fission","floor":13,"key":"SMITH"},{"data":"Streamline","floor":15,"key":"SMITH"}],"circlet_count":0,"master_deck":["AscendersBane","Strike_B","Strike_B","Strike_B","Defend_B","Defend_B","Defend_B","Defend_B","Zap+1","Dualcast","Streamline+1","Conserve Battery","Genetic Algorithm","Seek+1","Self Repair","Doubt","Leap","Fission+1"],"relics":["Cursed Key","Lee\u0027s Waffle","Question Card"],"acts_visited":["Exordium"],"potions_floor_usage":[6,16],"damage_taken":[{"damage":1,"enemies":"Cultist","floor":1,"turns":4},{"damage":9,"enemies":"Jaw Worm","floor":2,"turns":4},{"damage":2,"enemies":"2 Louse","floor":3,"turns":2},{"damage":28,"enemies":"3 Sentries","floor":6,"turns":8},{"damage":14,"enemies":"Lots of Slimes","floor":8,"turns":5},{"damage":10,"enemies":"Exordium Thugs","floor":11,"turns":5},{"damage":2,"enemies":"Red Slaver","floor":12,"turns":3},{"damage":42,"enemies":"Hexaghost","floor":16,"turns":9}],"seed_played":"-2157184845280487784","potions_obtained":[{"floor":2,"key":"ColorlessPotion"},{"floor":8,"key":"Weak Potion"}],"is_trial":false,"path_per_floor":["M","M","M","?","$","E","R","M","T","R","M","M","R","?","R","B"],"character_chosen":"DEFECT","items_purchased":["Lee\u0027s Waffle"],"campfire_rested":0,"item_purchase_floors":[5],"current_hp_per_floor":[63,54,52,45,78,50,50,36,36,36,33,38,38,38,38,0,0],"gold":96,"neow_bonus":"BOSS_RELIC","is_daily":false,"chose_seed":false,"campfire_upgraded":4,"win_rate":0.0,"timestamp":1608944166,"path_taken":["M","?","M","?","$","E","R","M","T","R","?","M","R","?","R","BOSS"],"items_purchased_type":["Relic"],"build_version":"2020-12-22","purchased_purges":0,"victory":false,"max_hp_per_floor":[71,71,71,71,78,78,78,78,78,78,78,78,78,78,78,78,78],"card_choices":[{"not_picked":["Gash","Fusion"],"picked":"Streamline","floor":1},{"not_picked":["Blizzard","Steam Power"],"picked":"Conserve Battery","floor":2},{"not_picked":["Conserve Battery","Beam Cell"],"picked":"Genetic Algorithm","floor":3},{"not_picked":["Turbo","Hyperbeam"],"picked":"Seek","floor":6},{"not_picked":["Beam Cell","Sweeping Beam","Cold Snap"],"picked":"Self Repair","floor":8},{"not_picked":["Barrage","Go for the Eyes","Turbo"],"picked":"Leap","floor":11},{"not_picked":["Go for the Eyes","Stack","Redo"],"picked":"Fission","floor":12}],"player_experience":434537,"relics_obtained":[{"floor":6,"key":"Question Card"}],"event_choices":[{"damage_healed":0,"gold_gain":50,"player_choice":"Touch","damage_taken":7,"max_hp_gain":0,"max_hp_loss":0,"event_name":"FaceTrader","floor":4,"gold_loss":0},{"cards_removed":["Strike_B"],"damage_healed":0,"gold_gain":0,"player_choice":"Offered Basic","damage_taken":0,"max_hp_gain":0,"max_hp_loss":0,"event_name":"Bonfire Elementals","floor":14,"gold_loss":0}],"is_beta":false,"boss_relics":[],"items_purged_floors":[],"is_endless":false,"potions_floor_spawned":[2,8],"killed_by":"Hexaghost","ascension_level":20}}