{"host":"7erghha4zaoybdup","time":1608951481,"event":{"mods":["2.2 Compatiblity","AchievementEnabler","Act Like it!","Arknights The Spire","Astrologer","BaseMod","CapriCore","Colored Powertips","Conspire","Downfall","Friendly Minions","GifTheSpireLib","Glutton Mod","Hallownest","Hermit","Hubris","Infinite Spire","Jorbs\u0027s Wanderer Trilogy","Lobotomy","LobotomyExtend","MarisaÅiñ∂âJÅ@ñÇóùçπÅj","Minty Spire (QoL Compilation)","Quick Restart","Random Character Button","ReimuÅiîé??öÎÅj","Shade Mod","Somnambulant","StSLib","The Bug Knight","The Cursed","The Disciple","The Fake Hero","The Immortal","The Judge","The Marked","The Necromancer","The Poker Player","The Wild Card","Wandering Minibosses","Åy?ï®?îvÅzREMEMod"],"gold_per_floor":[120,10,26,26,26,42,72,72,123,133,165,165,176,191,191,290,290,305,316,316,329,108,140,158,158,182,182,217,217,228,242,242,242,242],"floor_reached":33,"playtime":2504,"items_purged":["theWildCard:Desolation"],"score":324,"play_id":"c7a8e192-9120-46b4-9931-76d4c007b365","local_time":"20201225205801","is_ascension_mode":false,"campfire_choices":[{"floor":15,"key":"REST"},{"floor":29,"key":"REST"},{"floor":32,"key":"REST"}],"circlet_count":0,"master_deck":["SpecialBullet","SpecialBullet","SpecialBullet","SpecialBullet","SpecialBullet","SpecialBullet","SpecialBullet","SpecialBullet","ControlCode","TrainingCode","SecurityCode","RedEyes+1","MagicBullet","SpecialBullet","ShyLook","CrumblingArmor","Penitence+1","Ecstasy","UniverseFragment","Horn","Wellcheers","BloodyDesire","Mimicry","Necronomicurse","Logging","InformationCode","Noise+1","Diffraction+1"],"relics":["CogitoBucket","REME_ComplimentaryCards","LetterFromLob","ats:Originium","Unceasing Top","War Paint","infinitespire:Satchel","ats:Originium","conspire:SlowCooker","Necronomicon","LuminousBracelet","Lee\u0027s Waffle","Gremlin Horn","ats:Originium","hubris:Towel","Oddly Smooth Stone","Bag of Preparation","ats:Originium","AtMidnight"],"acts_visited":["Exordium","TheCity"],"potions_floor_usage":[21,21,21,31],"damage_taken":[{"damage":8,"enemies":"Small Slimes","floor":1,"turns":3},{"damage":6,"enemies":"Cultist","floor":3,"turns":3},{"damage":0,"enemies":"2 Louse","floor":6,"turns":1},{"damage":33,"enemies":"Gremlin Nob","floor":7,"turns":3},{"damage":0,"enemies":"2 Fungi Beasts","floor":10,"turns":2},{"damage":23,"enemies":"Lagavulin","floor":11,"turns":6},{"damage":7,"enemies":"Looter","floor":13,"turns":2},{"damage":9,"enemies":"conspire:2 RoseBushes","floor":14,"turns":2},{"damage":19,"enemies":"The Guardian","floor":16,"turns":8},{"damage":11,"enemies":"conspire:FuzzyDice","floor":18,"turns":5},{"damage":16,"enemies":"Chosen","floor":19,"turns":4},{"damage":33,"enemies":"Centurion and Healer","floor":21,"turns":4},{"damage":12,"enemies":"HollowMod:Nosk","floor":23,"turns":4},{"damage":8,"enemies":"Snecko","floor":24,"turns":3},{"damage":68,"enemies":"Gremlin Leader","floor":28,"turns":5},{"damage":0,"enemies":"Chosen and Byrds","floor":30,"turns":3},{"damage":56,"enemies":"Cultist and Chosen","floor":31,"turns":4},{"damage":77,"enemies":"Champ","floor":33,"turns":6}],"seed_played":"8322852854140202488","potions_obtained":[{"floor":1,"key":"LiquidBronze"},{"floor":6,"key":"BlessingOfTheForge"},{"floor":18,"key":"LiquidBronze"},{"floor":24,"key":"Block Potion"}],"is_trial":false,"path_per_floor":["M","$","M","?","$","M","E","R","T","M","E","M","M","M","R","B",null,"M","M","?","M","$","E","M","?","T","R","E","R","M","M","R","B"],"character_chosen":"Angela","items_purchased":["MagicBullet","Logging","Lee\u0027s Waffle"],"campfire_rested":3,"item_purchase_floors":[2,22,22],"current_hp_per_floor":[70,70,70,70,70,70,45,45,45,53,38,38,39,38,59,54,70,70,68,52,48,92,92,92,92,92,92,46,73,73,36,63,0,0],"gold":242,"neow_bonus":"THREE_CARDS","is_daily":false,"chose_seed":false,"campfire_upgraded":0,"win_rate":0.0,"timestamp":1608951481,"path_taken":["M","$","M","?","?","M","E","R","T","?","E","M","M","M","R","BOSS","M","M","?","M","$","E","?","?","T","R","E","R","M","M","R","BOSS"],"items_purchased_type":["Card","Card","Relic"],"build_version":"2020-12-22","purchased_purges":1,"victory":false,"max_hp_per_floor":[70,70,70,70,70,70,70,70,70,70,70,70,70,70,70,70,70,70,70,70,85,92,92,92,92,92,92,92,92,92,92,92,92,92],"card_choices":[{"not_picked":["FourthMatchFlame","Noise"],"picked":"RedEyes","floor":0},{"not_picked":["Adoration","Tough"],"picked":"SKIP","floor":1},{"not_picked":["Adoration","Tough"],"picked":"SKIP","floor":1},{"not_picked":["BigBadWolf","SnowQueen"],"picked":"ShyLook","floor":3},{"not_picked":["FrostShard","Regret_ego"],"picked":"SKIP","floor":3},{"not_picked":["SpiderBud","CherryBlossoms"],"picked":"CrumblingArmor","floor":6},{"not_picked":["BlueScar"],"picked":"Penitence","floor":6},{"not_picked":["BearPaw"],"picked":"Ecstasy","floor":7},{"not_picked":["OSAHOGD","LaLuna"],"picked":"UniverseFragment","floor":10},{"not_picked":["TodaysExpression","BlueScar"],"picked":"SKIP","floor":10},{"not_picked":["Regret_ego"],"picked":"Horn","floor":11},{"not_picked":["FeatherOfHonor","Loneliness"],"picked":"SKIP","floor":13},{"not_picked":["CherryBlossoms","MHz"],"picked":"Wellcheers","floor":14},{"not_picked":["RedEyes"],"picked":"BloodyDesire","floor":14},{"not_picked":["GoldRush"],"picked":"Mimicry","floor":16},{"not_picked":["Galaxy","Christmas+1"],"picked":"SKIP","floor":18},{"not_picked":["BearPaw","CherryBlossom+1"],"picked":"SKIP","floor":19},{"not_picked":["FourthMatchFlame","Tough+1"],"picked":"SKIP","floor":21},{"not_picked":["RapturousDream+1","InTheNameOfLoveAndHate+1"],"picked":"SKIP","floor":23},{"not_picked":["FourthMatchFlame","MagicBullet"],"picked":"SKIP","floor":24},{"not_picked":["Gaze"],"picked":"Noise+1","floor":28},{"not_picked":["MagicBullet","InTheNameOfLoveAndHate"],"picked":"SKIP","floor":30},{"not_picked":["Lantern+1"],"picked":"Diffraction+1","floor":31}],"player_experience":252280,"relics_obtained":[{"floor":1,"key":"LetterFromLob"},{"floor":7,"key":"ats:Originium"},{"floor":7,"key":"Unceasing Top"},{"floor":9,"key":"War Paint"},{"floor":11,"key":"infinitespire:Satchel"},{"floor":11,"key":"ats:Originium"},{"floor":20,"key":"Necronomicon"},{"floor":23,"key":"Gremlin Horn"},{"floor":23,"key":"ats:Originium"},{"floor":26,"key":"Oddly Smooth Stone"},{"floor":28,"key":"Bag of Preparation"},{"floor":28,"key":"ats:Originium"},{"floor":31,"key":"AtMidnight"}],"event_choices":[{"damage_healed":0,"gold_gain":0,"player_choice":"Ignored","damage_taken":0,"max_hp_gain":0,"max_hp_loss":0,"event_name":"NoteForYourself","floor":4,"gold_loss":0},{"damage_healed":0,"gold_gain":0,"player_choice":"Obtained Book","damage_taken":16,"max_hp_gain":0,"max_hp_loss":0,"event_name":"Cursed Tome","floor":20,"gold_loss":0}],"is_beta":false,"boss_relics":[{"not_picked":["conspire:RoyalGoblet","hubris:HollowSoul"],"picked":"conspire:SlowCooker"}],"items_purged_floors":[2],"is_endless":false,"potions_floor_spawned":[1,6,18,24],"killed_by":"Champ","ascension_level":0}}