{"host":"xgnmnr8f8w1a0eo3","time":1608958954,"event":{"mods":["BaseMod","Downfall","Highlight Path","Minty Spire (QoL Compilation)","Permanent Neow","Relic Stats","StSLib","everything is the same but u backflip on backflip"],"gold_per_floor":[99,118,131,581,756,784,784,815,815,832,757,757,203,214,229,229,229,229],"floor_reached":16,"playtime":1315,"items_purged":["hexamod:Strike"],"score":249,"play_id":"df8cf6d7-5c84-4ed4-99e6-94525760358b","local_time":"20201226000234","is_ascension_mode":true,"campfire_choices":[{"data":"hexamod:GiftsFromTheDead","floor":1.0,"key":"SMITH"},{"floor":11.0,"key":"REST"}],"circlet_count":0,"master_deck":["hexamod:Strike","hexamod:Strike","hexamod:Strike","hexamod:Defend","hexamod:Defend","hexamod:Defend","hexamod:Defend","hexamod:Sear","hexamod:Float","hexamod:GiftsFromTheDead+1","hexamod:NightmareGuise","hexamod:SpectersWail","Slimebound:Icky","Slimebound:Icky","Slimebound:Icky","Doubt","hexamod:NightmareStrike+1","hexamod:FlamesFromBeyond","hexamod:ShieldOfDarkness","Parasite","hexamod:GhostLash","hexamod:GiftsFromTheDead+1","hexamod:Haunt","hexamod:GhostLash"],"relics":["hexamod:SpiritBrand","Blood Vial","PreservedInsect","Bottled Flame","downfall:HeartBlessingGreen","Meat on the Bone","DollysMirror"],"acts_visited":["Exordium"],"potions_floor_usage":[16],"damage_taken":[{"damage":0.0,"enemies":"Jaw Worm","floor":2.0,"turns":3.0},{"damage":5.0,"enemies":"2 Louse","floor":3.0,"turns":3.0},{"damage":44.0,"enemies":"Lagavulin","floor":6.0,"turns":10.0},{"damage":10.0,"enemies":"3 Sentries","floor":8.0,"turns":7.0},{"damage":0.0,"enemies":"Small Slimes","floor":10.0,"turns":3.0},{"damage":0.0,"enemies":"downfall:FleeingMerchant","floor":13.0,"turns":4.0},{"damage":0.0,"enemies":"2 Fungi Beasts","floor":14.0,"turns":4.0},{"damage":5,"enemies":"Exordium Wildlife","floor":15,"turns":4},{"damage":50,"enemies":"downfall:Silent","floor":16,"turns":10}],"seed_played":"-3585455626781763381","potions_obtained":[{"floor":2.0,"key":"SteroidPotion"},{"floor":8.0,"key":"Energy Potion"}],"is_trial":false,"path_per_floor":["R","M","M","?","?","E","T","E","?","M","R","?","$","M","M","B"],"character_chosen":"THE_SPIRIT","items_purchased":["Meat on the Bone","DollysMirror","hexamod:Haunt"],"campfire_rested":1,"item_purchase_floors":[13,13,13],"current_hp_per_floor":[63,63,58,58,58,14,14,6,6,8,29,46,48,50,47,0,0,0],"gold":229,"neow_bonus":"ONE_RANDOM_RARE_CARD","is_daily":false,"chose_seed":false,"campfire_upgraded":1,"win_rate":0.0,"timestamp":1608958954,"path_taken":["R","M","M","?","?","E","T","E","?","M","R","?","$","?","M","BOSS"],"items_purchased_type":["Relic","Relic","Card"],"build_version":"2020-12-22","purchased_purges":1,"victory":false,"max_hp_per_floor":[70,70,70,70,70,70,70,70,70,70,70,70,70,70,70,70,70,70],"relic_stats":{"Blood Vial":12,"counters":[9,48],"PreservedInsect":131,"obtain_stats":[{"Blood Vial":6,"Bottled Flame":8,"DollysMirror":13,"downfall:HeartBlessingGreen":11,"PreservedInsect":7,"hexamod:SpiritBrand":0,"Meat on the Bone":13},{"Blood Vial":3,"Bottled Flame":4,"DollysMirror":6,"downfall:HeartBlessingGreen":5,"PreservedInsect":3,"hexamod:SpiritBrand":0,"Meat on the Bone":6},{"Blood Vial":16,"Bottled Flame":23,"DollysMirror":30,"downfall:HeartBlessingGreen":26,"PreservedInsect":16,"hexamod:SpiritBrand":0,"Meat on the Bone":30}],"Meat on the Bone":0},"card_choices":[{"not_picked":["hexamod:GhostOfSpireFuture","hexamod:SecondSeal"],"picked":"hexamod:NightmareGuise","floor":2.0},{"not_picked":["hexamod:AdvancingGuard","hexamod:GhostLash"],"picked":"hexamod:SpectersWail","floor":3.0},{"not_picked":["hexamod:GhostOfSpireFuture","hexamod:AdvancingGuard"],"picked":"hexamod:NightmareStrike","floor":6.0},{"not_picked":["hexamod:NightmareGuise","hexamod:HauntingEcho"],"picked":"hexamod:FlamesFromBeyond","floor":8.0},{"not_picked":["hexamod:InspiringFlames","hexamod:FastForward"],"picked":"hexamod:ShieldOfDarkness","floor":10.0},{"not_picked":["hexamod:UnlimitedPower","hexamod:FirstSeal"],"picked":"hexamod:GhostLash","floor":13.0},{"not_picked":["hexamod:BurningTouch","hexamod:ThirdSeal","hexamod:ExtraCrispy"],"picked":"SKIP","floor":14.0},{"not_picked":["hexamod:SkipABeat","hexamod:Incineration"],"picked":"hexamod:GhostLash","floor":15}],"player_experience":1170838,"relics_obtained":[{"floor":6.0,"key":"Blood Vial"},{"floor":7.0,"key":"PreservedInsect"},{"floor":8.0,"key":"Bottled Flame"}],"event_choices":[{"damage_healed":0.0,"max_hp_gain":0.0,"max_hp_loss":0.0,"gold_gain":0.0,"event_name":"Living Wall","player_choice":"Grow","floor":9.0,"gold_loss":0.0,"damage_taken":0.0,"cards_upgraded":["hexamod:NightmareStrike"]},{"damage_healed":17.0,"max_hp_gain":0.0,"max_hp_loss":0.0,"gold_gain":0.0,"event_name":"Mushrooms","player_choice":"Healed and dodged fight","floor":12.0,"gold_loss":0.0,"damage_taken":0.0,"cards_obtained":["Parasite"]}],"is_beta":false,"boss_relics":[],"items_purged_floors":[13],"is_endless":false,"potions_floor_spawned":[2,8],"killed_by":"downfall:Silent","ascension_level":7}}