{"host":"m0l7iybr7y7a2mwh","time":1608962840,"event":{"mods":["AchievementEnabler","AlwaysNeverKeys","BaseMod","Block Reminder","Colored Map","Colored Powertips","Highlight Path","Minty Spire (QoL Compilation)","Permanent Neow","Quick Restart","StSLib"],"gold_per_floor":[110,35,50,70,70,113,165,165,165,189,205,219,96,135,135,265,265,280,155,80,94,94,137,137,114,189,214,214,234,252,268,268,268,268],"floor_reached":33,"playtime":1198,"items_purged":["Strike_B","Strike_B","Defend_B"],"score":319,"play_id":"f4991ac4-0cbc-4cc6-9041-f02c19cd09bb","local_time":"20201226170720","is_ascension_mode":true,"campfire_choices":[{"floor":15.0,"key":"REST"},{"floor":24.0,"key":"REST"},{"floor":32,"key":"REST"}],"circlet_count":0,"master_deck":["Defend_B","Defend_B","Zap","Dualcast","Streamline","Static Discharge","Glacier","Electrodynamics","Rebound","Seek","Gash","Loop","Storm","Creative AI","Streamline","Streamline+1","Gash","Capacitor"],"relics":["Cracked Core","Lizard Tail","Golden Idol","PreservedInsect","Tiny Chest","MealTicket","Potion Belt","Fusion Hammer","Dream Catcher","Pear","HornCleat"],"acts_visited":["Exordium","TheCity"],"potions_floor_usage":[31,31,33,33],"damage_taken":[{"damage":1.0,"enemies":"Cultist","floor":1.0,"turns":3.0},{"damage":2.0,"enemies":"2 Louse","floor":3.0,"turns":2.0},{"damage":6.0,"enemies":"Jaw Worm","floor":4.0,"turns":2.0},{"damage":34.0,"enemies":"3 Sentries","floor":6.0,"turns":7.0},{"damage":6.0,"enemies":"Looter","floor":10.0,"turns":3.0},{"damage":0.0,"enemies":"Large Slime","floor":11.0,"turns":4.0},{"damage":0.0,"enemies":"Red Slaver","floor":12.0,"turns":4.0},{"damage":6.0,"enemies":"Gremlin Nob","floor":14.0,"turns":3.0},{"damage":13.0,"enemies":"The Guardian","floor":16.0,"turns":12.0},{"damage":22.0,"enemies":"Shell Parasite","floor":18.0,"turns":6.0},{"damage":5.0,"enemies":"Chosen","floor":21.0,"turns":5.0},{"damage":0.0,"enemies":"Gremlin Leader","floor":23.0,"turns":4.0},{"damage":18.0,"enemies":"3 Cultists","floor":27.0,"turns":2.0},{"damage":31.0,"enemies":"Shelled Parasite and Fungi","floor":29.0,"turns":5.0},{"damage":28.0,"enemies":"Snake Plant","floor":30.0,"turns":5.0},{"damage":4,"enemies":"Centurion and Healer","floor":31,"turns":5},{"damage":64,"enemies":"Automaton","floor":33,"turns":6}],"seed_played":"-6216577824136100984","potions_obtained":[{"floor":1.0,"key":"Swift Potion"},{"floor":3.0,"key":"ColorlessPotion"},{"floor":4.0,"key":"SpeedPotion"},{"floor":11.0,"key":"PowerPotion"},{"floor":16.0,"key":"ColorlessPotion"},{"floor":18.0,"key":"Ancient Potion"},{"floor":21.0,"key":"DistilledChaos"},{"floor":29.0,"key":"Weak Potion"},{"floor":31,"key":"Weak Potion"}],"is_trial":false,"path_per_floor":["M","$","M","M","?","E","T","?","T","M","M","M","$","E","R","B",null,"M","$","?","M","?","E","R","$","T","M","T","M","M","M","R","B"],"character_chosen":"DEFECT","items_purchased":["Rebound","Streamline"],"campfire_rested":3,"item_purchase_floors":[13,25],"current_hp_per_floor":[67,67,65,59,42,8,8,8,8,2,2,2,17,11,31,18,68,46,61,61,56,56,56,68,68,78,60,60,29,1,39,62,0,0],"gold":268,"neow_bonus":"ONE_RARE_RELIC","is_daily":false,"chose_seed":false,"campfire_upgraded":0,"win_rate":0.0,"timestamp":1608962840,"path_taken":["M","$","?","M","?","E","?","?","T","M","M","M","$","E","R","BOSS","M","$","?","M","?","E","R","$","T","M","?","M","?","M","R","BOSS"],"items_purchased_type":["Card","Card"],"build_version":"2020-12-22","purchased_purges":3,"victory":false,"max_hp_per_floor":[68,68,68,68,68,68,68,68,68,68,68,68,68,68,68,68,68,68,68,68,68,68,68,68,68,78,78,78,78,78,78,78,78,78],"card_choices":[{"not_picked":["BootSequence","Stack"],"picked":"Streamline","floor":1.0},{"not_picked":["Ball Lightning","Genetic Algorithm","Redo"],"picked":"SKIP","floor":3.0},{"not_picked":["Ball Lightning","Blizzard","BootSequence"],"picked":"SKIP","floor":4.0},{"not_picked":["Stack","Sweeping Beam"],"picked":"Static Discharge","floor":6.0},{"not_picked":["Coolheaded","Hologram","Barrage"],"picked":"SKIP","floor":10.0},{"not_picked":["Hologram","Compile Driver"],"picked":"Glacier","floor":11.0},{"not_picked":["Rebound","Steam"],"picked":"Electrodynamics","floor":12.0},{"not_picked":["Hello World","Sweeping Beam","Recycle"],"picked":"SKIP","floor":14.0},{"not_picked":["Electrodynamics","Rainbow"],"picked":"Seek","floor":16.0},{"not_picked":["Stack","Coolheaded","Redo"],"picked":"SKIP","floor":18.0},{"not_picked":["Auto Shields","Heatsinks"],"picked":"Gash","floor":21.0},{"not_picked":["Loop","Biased Cognition"],"picked":"Creative AI","floor":23.0},{"not_picked":["Sweeping Beam","Rip and Tear"],"picked":"Streamline+1","floor":27.0},{"not_picked":["Stack","Rip and Tear+1","Coolheaded"],"picked":"SKIP","floor":29.0},{"not_picked":["Leap","Ball Lightning","Core Surge"],"picked":"SKIP","floor":30.0},{"not_picked":["Cold Snap+1","Conserve Battery+1"],"picked":"Gash","floor":31},{"not_picked":["Turbo","Hologram+1"],"picked":"Capacitor","floor":32}],"player_experience":94015,"relics_obtained":[{"floor":6.0,"key":"PreservedInsect"},{"floor":7.0,"key":"Tiny Chest"},{"floor":9.0,"key":"MealTicket"},{"floor":14.0,"key":"Potion Belt"},{"floor":23.0,"key":"Dream Catcher"},{"floor":26.0,"key":"Pear"},{"floor":28.0,"key":"HornCleat"}],"event_choices":[{"damage_healed":0.0,"max_hp_gain":0.0,"max_hp_loss":0.0,"gold_gain":0.0,"event_name":"Golden Idol","player_choice":"Take Damage","floor":5.0,"gold_loss":0.0,"damage_taken":17.0,"relics_obtained":["Golden Idol"]},{"damage_healed":0.0,"max_hp_gain":0.0,"max_hp_loss":0.0,"gold_gain":0.0,"event_name":"Scrap Ooze","player_choice":"Fled","floor":8.0,"gold_loss":0.0,"damage_taken":0.0},{"cards_removed":["Strike_B"],"damage_healed":0.0,"max_hp_gain":0.0,"max_hp_loss":0.0,"gold_gain":0.0,"event_name":"Beggar","player_choice":"Gave Gold","floor":20.0,"gold_loss":75.0,"damage_taken":0.0},{"damage_healed":0.0,"max_hp_gain":0.0,"max_hp_loss":0.0,"gold_gain":0.0,"cards_transformed":["Defend_B","Strike_B"],"event_name":"Drug Dealer","player_choice":"Became Test Subject","floor":22.0,"gold_loss":0.0,"damage_taken":0.0,"cards_obtained":["Loop","Storm"]}],"is_beta":false,"boss_relics":[{"not_picked":["Ectoplasm","FrozenCore"],"picked":"Fusion Hammer"}],"items_purged_floors":[2,13,19],"is_endless":false,"potions_floor_spawned":[1,3,4,11,16,18,21,29,31],"killed_by":"Automaton","ascension_level":1}}