{"host":"3cenhy47unxehvyr","time":1608981101,"event":{"mods":["BaseMod","Downfall","Minty Spire (QoL Compilation)","Replay The Spire","StSLib","The Bug Knight","The Servant 0.9.4"],"gold_per_floor":[109,109,109,125,125,125,165,179,179,179,198,229,248,261,261,382,382,395,418,431,451,65,101,121,134,157,177,220,220,245,264,264,388,388,407,531,556,581,596,596,612,630,654,667,688,701,701,734,734,734],"floor_reached":51,"playtime":2397,"items_purged":["Strike_R"],"score":749,"play_id":"890a29d2-2136-4912-83ba-5f0a83fa3dcc","local_time":"20201226191141","is_ascension_mode":true,"campfire_choices":[{"data":"expansioncontent:PrepareCrush","floor":6.0,"key":"SMITH"},{"data":"Bash","floor":10.0,"key":"SMITH"},{"floor":15.0,"key":"DIG"},{"data":"Berserk","floor":32,"key":"SMITH"},{"data":"Hemogenesis","floor":40,"key":"SMITH"},{"data":"Offering","floor":47,"key":"SMITH"},{"data":"Replay:Undeath\u0027s Touch","floor":49,"key":"SMITH"}],"circlet_count":0,"master_deck":["Strike_R+1","Strike_R+1","Strike_R+1","Strike_R+1","Defend_R+1","Defend_R+1","Defend_R+1","Defend_R+1","Bash+1","ReplayTheSpireMod:Strike From Hell","ReplayTheSpireMod:LeadingStrike","Reaper","expansioncontent:PrepareCrush+1","Cleave","Run Through","ReplayTheSpireMod:Strike From Hell","Spot Weakness","Berserk+1","Offering+1","Metallicize","ReplayTheSpireMod:Muscle Training","Demonic Infusion","ReplayTheSpireMod:Stacked","ReplayTheSpireMod:Corrosion Curse","Battle Trance","Shrug It Off+1","Fire Breathing+1","Replay:Undeath\u0027s Touch+1","Warcry","Corruption","Shockwave+1","Cleave+1","Fire Breathing+1","Hemogenesis+1","ReplayReversal+1","ReplayTheSpireMod:Stacked+1","Sword Boomerang"],"relics":["Burning Blood","Golden Idol","Snack Pack","Onion Ring","Mercury Hourglass","Pear","Painkiller Herb","HandDrill","Replay:Mystery Machine","StoneCalendar","Strawberry","HornCleat","Runic Cube","Bag of Preparation","Pen Nib"],"acts_visited":["Exordium","TheCity","TheBeyond"],"potions_floor_usage":[24],"damage_taken":[{"damage":10.0,"enemies":"2 Louse","floor":1.0,"turns":2.0},{"damage":1.0,"enemies":"Cultist","floor":4.0,"turns":3.0},{"damage":28.0,"enemies":"Gremlin Nob","floor":7.0,"turns":5.0},{"damage":4.0,"enemies":"Small Slimes","floor":8.0,"turns":4.0},{"damage":19.0,"enemies":"Exordium Wildlife","floor":11.0,"turns":2.0},{"damage":41.0,"enemies":"Lagavulin","floor":12.0,"turns":6.0},{"damage":0.0,"enemies":"3 Louse","floor":13.0,"turns":1.0},{"damage":6.0,"enemies":"Gremlin Gang","floor":14.0,"turns":3.0},{"damage":37.0,"enemies":"The Guardian","floor":16.0,"turns":8.0},{"damage":14.0,"enemies":"2 Thieves","floor":18.0,"turns":3.0},{"damage":38.0,"enemies":"3 Byrds","floor":19.0,"turns":3.0},{"damage":31.0,"enemies":"Snecko","floor":20.0,"turns":4.0},{"damage":43.0,"enemies":"Snake Plant","floor":21.0,"turns":5.0},{"damage":25.0,"enemies":"Slavers","floor":23.0,"turns":4.0},{"damage":24,"enemies":"Shelled Parasite and Fungi","floor":24,"turns":3},{"damage":10,"enemies":"Centurion and Healer","floor":25,"turns":5},{"damage":20,"enemies":"Chosen and Byrds","floor":27,"turns":5},{"damage":12,"enemies":"Gremlin Leader","floor":28,"turns":7},{"damage":3,"enemies":"Cultist and Chosen","floor":30,"turns":3},{"damage":13,"enemies":"Snake Plant","floor":31,"turns":2},{"damage":13,"enemies":"Collector","floor":33,"turns":7},{"damage":18,"enemies":"3 Darklings","floor":35,"turns":3},{"damage":11,"enemies":"Orb Walker","floor":37,"turns":3},{"damage":27,"enemies":"Writhing Mass","floor":38,"turns":4},{"damage":9,"enemies":"Jaw Worm Horde","floor":39,"turns":3},{"damage":7,"enemies":"3 Darklings","floor":41,"turns":3},{"damage":39,"enemies":"Maw","floor":42,"turns":6},{"damage":11,"enemies":"Sphere and 2 Shapes","floor":44,"turns":2},{"damage":10,"enemies":"Transient","floor":45,"turns":5},{"damage":4,"enemies":"Writhing Mass","floor":46,"turns":4},{"damage":19,"enemies":"HollowMod:StalkingDevout","floor":48,"turns":3},{"damage":86,"enemies":"Replay:Hell Engine","floor":50,"turns":6}],"seed_played":"-822671036037858745","potions_obtained":[{"floor":7.0,"key":"Milkshake"},{"floor":12.0,"key":"LifebloodPotion"},{"floor":13.0,"key":"Milkshake"},{"floor":16.0,"key":"FearPotion"},{"floor":23.0,"key":"Fire Potion"},{"floor":24,"key":"Fire Potion"},{"floor":27,"key":"Reflective Coating"}],"is_trial":false,"path_per_floor":["M","?","?","M","?","R","E","M","T","R","M","E","M","M","R","B",null,"?","?","?","?","T","E","?","?","T","?","E","?","?","?","T","B",null,"?","?","?","?","?","T","?","?","T","?","?","?","T","E","T","B",null],"character_chosen":"IRONCLAD","items_purchased":["HandDrill","Replay:Mystery Machine"],"campfire_rested":0,"item_purchase_floors":[22,22],"current_hp_per_floor":[76,81,60,65,65,65,43,55,55,55,46,21,29,57,67,49,95,95,73,57,25,25,10,11,35,42,39,65,65,70,83,83,82,102,99,99,102,97,102,102,102,78,78,89,99,102,102,93,93,60],"gold":734,"neow_bonus":"RANDOM_EVENT","is_daily":false,"chose_seed":false,"campfire_upgraded":6,"win_rate":0.0,"timestamp":1608981101,"path_taken":["M","?","?","M","?","R","E","M","T","R","M","E","?","M","R","BOSS","?","?","?","?","T","E","?","?","T","?","E","?","?","?","T","BOSS","?","?","?","?","?","T","?","?","T","?","?","?","T","E","T","BOSS"],"items_purchased_type":["Relic","Relic"],"build_version":"2020-12-22","purchased_purges":1,"victory":true,"max_hp_per_floor":[80,85,85,85,85,85,85,85,85,85,85,85,85,85,95,95,95,95,95,95,95,95,95,95,95,102,102,102,102,102,102,102,102,102,102,102,102,102,102,102,102,102,102,102,102,102,102,102,102,102],"card_choices":[{"not_picked":["Heavy Blade","Flame Barrier"],"picked":"ReplayTheSpireMod:Strike From Hell","floor":1.0},{"not_picked":["Thunderclap","Infernal Blade"],"picked":"ReplayTheSpireMod:LeadingStrike","floor":4.0},{"not_picked":["Sever Soul","Bloodletting"],"picked":"Run Through","floor":7.0},{"not_picked":["Dark Embrace","Twin Strike"],"picked":"ReplayTheSpireMod:Strike From Hell","floor":8.0},{"not_picked":["True Grit","Dropkick"],"picked":"Spot Weakness","floor":11.0},{"not_picked":["Carnage","Headbutt","Anger"],"picked":"SKIP","floor":12.0},{"not_picked":["Thunderclap","Shrug It Off"],"picked":"Berserk","floor":13.0},{"not_picked":["Twin Strike","ReplayTheSpireMod:Strike From Hell","Clash"],"picked":"SKIP","floor":14.0},{"not_picked":["Juggernaut","Brutality"],"picked":"Offering","floor":16.0},{"not_picked":["Searing Blow+1","Pommel Strike"],"picked":"Metallicize","floor":18.0},{"not_picked":["Run Through","Pummel"],"picked":"ReplayTheSpireMod:Muscle Training","floor":19.0},{"not_picked":["ReplayTheSpireMod:Strike From Hell","Perfected Strike+1"],"picked":"Demonic Infusion","floor":20.0},{"not_picked":["Perfected Strike","Headbutt"],"picked":"ReplayTheSpireMod:Stacked","floor":21.0},{"not_picked":["Dark Embrace","Feel No Pain"],"picked":"ReplayTheSpireMod:Corrosion Curse","floor":23.0},{"not_picked":["Headbutt+1","Massacre"],"picked":"Battle Trance","floor":24},{"not_picked":["Cleave","Sword Boomerang","Run Through"],"picked":"SKIP","floor":25},{"not_picked":["Heavy Blade","Bloodletting"],"picked":"Shrug It Off+1","floor":27},{"not_picked":["Clash","Entrench"],"picked":"Fire Breathing+1","floor":28},{"not_picked":["Flame Barrier","Thunderclap"],"picked":"Replay:Undeath\u0027s Touch","floor":30},{"not_picked":["Flex","Entrench"],"picked":"Warcry","floor":31},{"not_picked":["Brutality","Immolate"],"picked":"Corruption","floor":33},{"not_picked":["Anger","Intimidate+1"],"picked":"Shockwave+1","floor":35},{"not_picked":["Clothesline+1","Flex+1"],"picked":"Cleave+1","floor":36},{"not_picked":["Thunderclap+1","Headbutt+1"],"picked":"Fire Breathing+1","floor":36},{"not_picked":["Shrug It Off","Flame Barrier","Twin Strike"],"picked":"SKIP","floor":37},{"not_picked":["Dropkick","Entrench","Anger"],"picked":"SKIP","floor":38},{"not_picked":["True Grit+1","Disarm"],"picked":"Hemogenesis","floor":39},{"not_picked":["Body Slam","Clothesline+1"],"picked":"ReplayReversal+1","floor":41},{"not_picked":["Clothesline+1","Body Slam+1","Heavy Blade"],"picked":"SKIP","floor":42},{"not_picked":["Infernal Blade+1","Uppercut+1"],"picked":"ReplayTheSpireMod:Stacked+1","floor":44},{"not_picked":["Pommel Strike","Flex","Headbutt+1"],"picked":"SKIP","floor":45},{"not_picked":["True Grit+1","Clash+1"],"picked":"Sword Boomerang","floor":46},{"not_picked":["Flex+1","Clothesline+1","Intimidate"],"picked":"SKIP","floor":48}],"player_experience":89208,"relics_obtained":[{"floor":7.0,"key":"Snack Pack"},{"floor":9.0,"key":"Onion Ring"},{"floor":12.0,"key":"Mercury Hourglass"},{"floor":15.0,"key":"Pear"},{"floor":23.0,"key":"StoneCalendar"},{"floor":26,"key":"Strawberry"},{"floor":28,"key":"HornCleat"},{"floor":43,"key":"Bag of Preparation"},{"floor":48,"key":"Pen Nib"}],"event_choices":[{"damage_healed":0.0,"max_hp_gain":5.0,"max_hp_loss":0.0,"gold_gain":0.0,"event_name":"Big Fish","player_choice":"Donut","floor":2.0,"gold_loss":0.0,"damage_taken":0.0},{"damage_healed":0.0,"max_hp_gain":0.0,"max_hp_loss":0.0,"gold_gain":0.0,"event_name":"Golden Idol","player_choice":"Take Damage","floor":3.0,"gold_loss":0.0,"damage_taken":21.0,"relics_obtained":["Golden Idol"]},{"damage_healed":0.0,"max_hp_gain":0.0,"max_hp_loss":0.0,"gold_gain":0.0,"event_name":"Match and Keep!","player_choice":"3 cards matched","floor":5.0,"gold_loss":0.0,"damage_taken":0.0,"cards_obtained":["Reaper","expansioncontent:PrepareCrush","Cleave"]},{"damage_healed":0,"gold_gain":0,"player_choice":"Simplicity","damage_taken":0,"max_hp_gain":0,"max_hp_loss":0,"event_name":"Back to Basics","floor":29,"gold_loss":0,"cards_upgraded":["Strike_R","Strike_R","Strike_R","Defend_R","Defend_R","Defend_R","Defend_R"]}],"is_beta":false,"boss_relics":[{"not_picked":["Cursed Key","Fusion Hammer"],"picked":"Painkiller Herb"},{"not_picked":["Pandora\u0027s Box","Runic Pyramid"],"picked":"Runic Cube"}],"items_purged_floors":[22],"is_endless":false,"potions_floor_spawned":[7,12,13,16,19,23,24,27,30,31,35,37,41,42,45,48],"ascension_level":3}}