{"host":"ged1bqtamtf4sn4x","time":1608988212,"event":{"mods":["BaseMod","Colored Map","DeckTracker","Highlight Path","Keyboard Shortcuts","Minty Spire (QoL Compilation)","Permanent Neow","Quick Restart","SuperFastMode","everything is the same but u backflip on backflip"],"gold_per_floor":[115,133,133,148,167,167,196,196,196,210,239,252,284,300,300,371,371,383,473,488,159,179,211,230,264,264,296,296,324,340,353,353,353,353],"floor_reached":33,"playtime":973,"items_purged":["Strike_R"],"score":802,"play_id":"7474c57d-fb50-4510-a3ce-fed41322a0f3","local_time":"20201226221012","is_ascension_mode":true,"campfire_choices":[{"data":"Bludgeon","floor":6.0,"key":"SMITH"},{"data":"Corruption","floor":15.0,"key":"SMITH"},{"floor":28,"key":"REST"},{"data":"Shockwave","floor":32,"key":"SMITH"}],"circlet_count":0,"master_deck":["AscendersBane","Strike_R","Strike_R","Strike_R","Defend_R","Defend_R","Defend_R","Defend_R","Bash","Bludgeon+1","Pommel Strike","Shockwave+1","Cleave","Hemokinesis","Evolve","Corruption+1","Power Through","Dropkick+1","Offering","Shrug It Off","Power Through+1","Dropkick+1","Offering","Sentinel+1","Reaper+1"],"relics":["Burning Blood","Red Skull","Vajra","Molten Egg 2","Shuriken","Velvet Choker","Anchor","Potion Belt","Pen Nib","Question Card","Lantern","Pear"],"acts_visited":["Exordium","TheCity"],"potions_floor_usage":[],"damage_taken":[{"damage":6.0,"enemies":"Small Slimes","floor":1.0,"turns":3.0},{"damage":6.0,"enemies":"Cultist","floor":2.0,"turns":3.0},{"damage":12.0,"enemies":"Jaw Worm","floor":4.0,"turns":2.0},{"damage":0.0,"enemies":"Large Slime","floor":5.0,"turns":2.0},{"damage":32.0,"enemies":"Lagavulin","floor":7.0,"turns":5.0},{"damage":19.0,"enemies":"Lots of Slimes","floor":10.0,"turns":3.0},{"damage":0.0,"enemies":"Gremlin Nob","floor":11.0,"turns":2.0},{"damage":10.0,"enemies":"Blue Slaver","floor":12.0,"turns":2.0},{"damage":15.0,"enemies":"3 Sentries","floor":13.0,"turns":6.0},{"damage":2.0,"enemies":"2 Fungi Beasts","floor":14.0,"turns":2.0},{"damage":9.0,"enemies":"Slime Boss","floor":16.0,"turns":5.0},{"damage":12.0,"enemies":"Shell Parasite","floor":18.0,"turns":2.0},{"damage":8.0,"enemies":"Spheric Guardian","floor":20.0,"turns":2.0},{"damage":2.0,"enemies":"Chosen and Byrds","floor":22.0,"turns":5.0},{"damage":13.0,"enemies":"Gremlin Leader","floor":23.0,"turns":3.0},{"damage":6.0,"enemies":"Snake Plant","floor":24.0,"turns":2.0},{"damage":25.0,"enemies":"Slavers","floor":25.0,"turns":6.0},{"damage":13,"enemies":"Book of Stabbing","floor":27,"turns":4},{"damage":24,"enemies":"Slavers","floor":29,"turns":4},{"damage":8,"enemies":"Shelled Parasite and Fungi","floor":30,"turns":2},{"damage":6,"enemies":"Chosen and Byrds","floor":31,"turns":2},{"damage":69,"enemies":"Collector","floor":33,"turns":6}],"seed_played":"4163846690351227066","potions_obtained":[{"floor":2.0,"key":"Dexterity Potion"},{"floor":4.0,"key":"LiquidMemories"},{"floor":7.0,"key":"Energy Potion"},{"floor":12.0,"key":"SteroidPotion"},{"floor":18.0,"key":"PowerPotion"},{"floor":22.0,"key":"DuplicationPotion"},{"floor":25.0,"key":"Explosive Potion"},{"floor":29,"key":"Strength Potion"}],"is_trial":false,"path_per_floor":["M","M","?","M","M","R","E","?","T","M","E","M","E","M","R","B",null,"M","?","M","$","M","E","M","E","T","E","R","E","M","M","R","B"],"character_chosen":"IRONCLAD","items_purchased":["GamblersBrew","Anchor"],"campfire_rested":1,"item_purchase_floors":[21,21],"current_hp_per_floor":[68,68,75,69,75,75,49,42,42,29,35,31,22,26,26,23,62,56,44,42,42,46,39,39,20,20,13,35,27,25,25,25,0,0],"gold":353,"neow_bonus":"ONE_RANDOM_RARE_CARD","is_daily":false,"chose_seed":false,"campfire_upgraded":3,"win_rate":0.0,"timestamp":1608988212,"path_taken":["M","M","?","?","M","R","E","?","T","M","E","M","E","M","R","BOSS","M","?","M","$","?","E","M","E","T","E","R","E","M","M","R","BOSS"],"items_purchased_type":["Potion","Relic"],"build_version":"2020-12-22","purchased_purges":1,"victory":false,"max_hp_per_floor":[75,75,75,75,75,75,75,75,75,75,75,75,75,75,75,75,75,75,75,75,75,75,75,75,75,75,75,75,85,85,85,85,85,85],"card_choices":[{"not_picked":["Clash","Seeing Red"],"picked":"Pommel Strike","floor":1.0},{"not_picked":["Bloodletting","Sword Boomerang"],"picked":"Shockwave","floor":2.0},{"not_picked":["Iron Wave","Fire Breathing"],"picked":"Cleave","floor":4.0},{"not_picked":["Fire Breathing","Burning Pact"],"picked":"Hemokinesis","floor":5.0},{"not_picked":["Clash","Juggernaut"],"picked":"Evolve","floor":7.0},{"not_picked":["Rage","Thunderclap","Twin Strike"],"picked":"SKIP","floor":10.0},{"not_picked":["Rage","Thunderclap","Twin Strike"],"picked":"SKIP","floor":10.0},{"not_picked":["Anger+1","Sever Soul+1"],"picked":"Corruption","floor":11.0},{"not_picked":["Flex","Pommel Strike+1"],"picked":"Power Through","floor":12.0},{"not_picked":["Shockwave","Twin Strike+1","Heavy Blade+1"],"picked":"SKIP","floor":13.0},{"not_picked":["True Grit","Warcry"],"picked":"Dropkick+1","floor":14.0},{"not_picked":["Barricade","Bludgeon+1"],"picked":"Offering","floor":16.0},{"not_picked":["Whirlwind+1","Cleave+1"],"picked":"Shrug It Off","floor":18.0},{"not_picked":["Anger+1","Shrug It Off","Burning Pact"],"picked":"SKIP","floor":20.0},{"not_picked":["Metallicize","Iron Wave+1"],"picked":"Power Through+1","floor":22.0},{"not_picked":["Rage","Headbutt+1","Iron Wave+1"],"picked":"SKIP","floor":23.0},{"not_picked":["Havoc","Shrug It Off","Inflame"],"picked":"SKIP","floor":24.0},{"not_picked":["Pummel+1","Combust"],"picked":"Dropkick+1","floor":25.0},{"not_picked":["Spot Weakness","Rage","Headbutt+1","Sever Soul+1"],"picked":"SKIP","floor":27},{"not_picked":["Heavy Blade+1","Flex","Burning Pact"],"picked":"Offering","floor":29},{"not_picked":["Headbutt+1","Whirlwind+1","Dual Wield"],"picked":"Sentinel+1","floor":30},{"not_picked":["Headbutt+1","Hemokinesis+1","True Grit"],"picked":"Reaper+1","floor":31}],"player_experience":403034,"relics_obtained":[{"floor":7.0,"key":"Red Skull"},{"floor":9.0,"key":"Vajra"},{"floor":11.0,"key":"Molten Egg 2"},{"floor":13.0,"key":"Shuriken"},{"floor":23.0,"key":"Potion Belt"},{"floor":25.0,"key":"Pen Nib"},{"floor":26.0,"key":"Question Card"},{"floor":27,"key":"Lantern"},{"floor":29,"key":"Pear"}],"event_choices":[{"damage_healed":7.0,"max_hp_gain":0.0,"max_hp_loss":0.0,"gold_gain":0.0,"event_name":"Wheel of Change","player_choice":"Full Heal","floor":3.0,"gold_loss":0.0,"damage_taken":0.0},{"cards_removed":["Strike_R"],"damage_healed":0.0,"max_hp_gain":0.0,"max_hp_loss":0.0,"gold_gain":0.0,"event_name":"Golden Wing","player_choice":"Card Removal","floor":8.0,"gold_loss":0.0,"damage_taken":7.0},{"damage_healed":0.0,"max_hp_gain":0.0,"max_hp_loss":0.0,"gold_gain":90.0,"event_name":"Knowing Skull","player_choice":"GOLD ","floor":19.0,"potions_obtained":[],"gold_loss":0.0,"damage_taken":12.0,"cards_obtained":[]}],"is_beta":false,"boss_relics":[{"not_picked":["Coffee Dripper","Sozu"],"picked":"Velvet Choker"}],"items_purged_floors":[21],"is_endless":false,"potions_floor_spawned":[2,4,7,12,18,22,25,29],"killed_by":"Collector","ascension_level":20}}