{"host":"867cnhxguf2bzj4x","time":1608977730,"event":{"mods":["BaseMod","Downfall","GifTheSpireLib","Minty Spire (QoL Compilation)","StSLib"],"gold_per_floor":[99,99,20,20,20,32,80,95,112,137,137,122,122,107,121,121,121],"floor_reached":16,"playtime":829,"items_purged":[],"score":98,"play_id":"22c03499-aff9-404c-9a27-2c95a23a57b7","local_time":"20201226111530","is_ascension_mode":false,"campfire_choices":[{"data":"sneckomod:SnekBite","floor":1,"key":"SMITH"},{"data":"sneckomod:Nope","floor":11,"key":"SMITH"},{"data":"sneckomod:WideSting","floor":13,"key":"SMITH"}],"circlet_count":0,"master_deck":["sneckomod:Strike","sneckomod:Strike","sneckomod:Strike","sneckomod:Defend","sneckomod:Defend","sneckomod:TailWhip","sneckomod:SnekBite+1","sneckomod:Unknown","sneckomod:Unknown","sneckomod:WideSting+1","sneckomod:UnknownStrike","sneckomod:UnknownUncommonPower","sneckomod:UnknownCommonAttack","sneckomod:Nope+1","sneckomod:UnknownClassGREEN","sneckomod:TrashToTreasure","sneckomod:Unknown1Cost","sneckomod:UnknownClassTHE_CHAMP_GRAY","sneckomod:UnknownUncommonAttack","sneckomod:Unknown1Cost","sneckomod:UnknownEthereal"],"relics":["sneckomod:SneckoSoul","downfall:HeartsMalice","Omamori","InkBottle"],"acts_visited":["Exordium"],"potions_floor_usage":[16,16],"damage_taken":[{"damage":0,"enemies":"2 Louse","floor":2,"turns":1},{"damage":0,"enemies":"downfall:FleeingMerchant","floor":3,"turns":1},{"damage":0,"enemies":"Cultist","floor":5,"turns":1},{"damage":5,"enemies":"Jaw Worm","floor":6,"turns":3},{"damage":17,"enemies":"Exordium Thugs","floor":8,"turns":4},{"damage":6,"enemies":"Red Slaver","floor":9,"turns":4},{"damage":13,"enemies":"Gremlin Nob","floor":10,"turns":5},{"damage":4,"enemies":"downfall:FleeingMerchant","floor":12,"turns":4},{"damage":15,"enemies":"downfall:FleeingMerchant","floor":14,"turns":4},{"damage":0,"enemies":"Exordium Wildlife","floor":15,"turns":2},{"damage":47,"enemies":"downfall:Silent","floor":16,"turns":6}],"seed_played":"-10576572383274464","potions_obtained":[{"floor":8,"key":"SmokeBomb"},{"floor":10,"key":"Fire Potion"},{"floor":15,"key":"SkillPotion"}],"is_trial":false,"path_per_floor":["R","M","$","?","M","M","T","M","M","E","R","$","R","$","M","B"],"character_chosen":"THE_SNECKO","items_purchased":["sneckomod:UnknownUncommonPower"],"campfire_rested":0,"item_purchase_floors":[3],"current_hp_per_floor":[90,90,92,93,93,93,93,76,71,59,59,60,60,46,47,0,0],"gold":121,"neow_bonus":"THREE_ENEMY_KILL","is_daily":false,"chose_seed":false,"campfire_upgraded":3,"win_rate":0.0,"timestamp":1608977730,"path_taken":["R","M","$","?","?","M","T","M","M","E","R","$","R","$","M","BOSS"],"items_purchased_type":["Card"],"build_version":"2020-12-22","purchased_purges":0,"victory":false,"max_hp_per_floor":[90,90,92,93,93,94,94,94,95,96,96,97,97,98,99,99,99],"card_choices":[{"not_picked":["sneckomod:RainOfDice","sneckomod:UnknownClassPURPLE"],"picked":"sneckomod:WideSting","floor":2},{"not_picked":["sneckomod:QuickBite","sneckomod:UnknownBlock"],"picked":"sneckomod:UnknownStrike","floor":3},{"not_picked":["sneckomod:UnknownWeak","sneckomod:UnlimitedRolls"],"picked":"sneckomod:Nope","floor":5},{"not_picked":["sneckomod:SoulDraw","sneckomod:DiceCrush"],"picked":"sneckomod:UnknownClassGREEN","floor":6},{"not_picked":["sneckomod:QuickMove","sneckomod:DiceBlock"],"picked":"sneckomod:TrashToTreasure","floor":8},{"not_picked":["sneckomod:QuickMove","sneckomod:DefensiveFlair"],"picked":"sneckomod:Unknown1Cost","floor":9},{"not_picked":["sneckomod:ImprovisedAttack","sneckomod:UnlimitedRolls"],"picked":"sneckomod:UnknownClassTHE_CHAMP_GRAY","floor":10},{"not_picked":["sneckomod:DiceCrush","sneckomod:UnknownStrike"],"picked":"sneckomod:UnknownUncommonAttack","floor":12},{"not_picked":["sneckomod:SnekBeam","sneckomod:IronFang"],"picked":"sneckomod:Unknown1Cost","floor":14},{"not_picked":["sneckomod:QuickMove","sneckomod:DiceBlock"],"picked":"sneckomod:UnknownEthereal","floor":15}],"player_experience":57204,"relics_obtained":[{"floor":7,"key":"Omamori"},{"floor":10,"key":"InkBottle"}],"event_choices":[{"damage_healed":0,"gold_gain":0,"cards_transformed":["sneckomod:Defend"],"player_choice":"Transformed","damage_taken":0,"max_hp_gain":0,"max_hp_loss":0,"event_name":"Transmorgrifier","floor":4,"gold_loss":0,"cards_obtained":["sneckomod:UnknownCommonAttack"]}],"is_beta":false,"boss_relics":[],"items_purged_floors":[],"is_endless":false,"potions_floor_spawned":[8,10,15],"killed_by":"downfall:Silent","ascension_level":0}}