{"host":"tx5rs9w5gu6e5gf0","time":1608987482,"event":{"mods":["BaseMod","Colored Map","Filter the Spire","Minty Spire (QoL Compilation)","Relic Stats","StSLib"],"gold_per_floor":[119,119,7,7,23,57,7,33,33,46,46,79,95,55,55,150,150,168,180,180,197,228,260,272,284,296,308,340,380,101,112,112,211,211,222,241,241,256,273,301,301,318,342,342,18,18,51,68,68,68],"floor_reached":51,"playtime":3190,"items_purged":["Strike_G","Strike_G"],"score":765,"play_id":"31de3081-6014-457e-9c1f-9eedcfbbfab4","local_time":"20201226135802","is_ascension_mode":false,"campfire_choices":[{"data":"Tactician","floor":15,"key":"SMITH"},{"floor":24,"key":"REST"},{"data":"Burst","floor":27,"key":"SMITH"},{"data":"Footwork","floor":32,"key":"SMITH"},{"data":"Wraith Form v2","floor":41,"key":"SMITH"},{"data":"Well Laid Plans","floor":44,"key":"SMITH"},{"floor":49,"key":"REST"}],"circlet_count":0,"master_deck":["Strike_G+1","Defend_G","Defend_G+1","Defend_G","Defend_G","Survivor","Burst+1","Dash+1","Leg Sweep","Leg Sweep","Quick Slash+1","Noxious Fumes","Deadly Poison","Prepared","Tactician+1","Malaise","Footwork+1","Predator+1","Caltrops+1","Leg Sweep+1","Acrobatics","Caltrops","Well Laid Plans+1","Wraith Form v2+1","Calculated Gamble+1","Underhanded Strike","Bouncing Flask+1"],"relics":["Ring of the Snake","The Specimen","HornCleat","Pear","Regal Pillow","Black Star","Letter Opener","Red Mask","MawBank","Mercury Hourglass","Pantograph","Dream Catcher","Sundial","Bronze Scales","Busted Crown","Nunchaku","Potion Belt","PreservedInsect","Tingsha","Whetstone","Bottled Tornado"],"acts_visited":["Exordium","TheCity","TheBeyond"],"potions_floor_usage":[16,22,23,23,40,50,50,50],"damage_taken":[{"damage":9.0,"enemies":"Jaw Worm","floor":1.0,"turns":8.0},{"damage":0.0,"enemies":"Cultist","floor":5.0,"turns":4.0},{"damage":17.0,"enemies":"3 Sentries","floor":6.0,"turns":18.0},{"damage":5,"enemies":"Lagavulin","floor":8,"turns":12},{"damage":0,"enemies":"2 Louse","floor":10,"turns":3},{"damage":0,"enemies":"3 Sentries","floor":12,"turns":9},{"damage":0,"enemies":"Looter","floor":13,"turns":3},{"damage":1,"enemies":"Hexaghost","floor":16,"turns":11},{"damage":1,"enemies":"Chosen","floor":18,"turns":8},{"damage":6,"enemies":"Spheric Guardian","floor":19,"turns":9},{"damage":9,"enemies":"Chosen and Byrds","floor":21,"turns":6},{"damage":27,"enemies":"Masked Bandits","floor":22,"turns":8},{"damage":28,"enemies":"Gremlin Leader","floor":23,"turns":8},{"damage":0,"enemies":"3 Cultists","floor":28,"turns":6},{"damage":1,"enemies":"Book of Stabbing","floor":29,"turns":7},{"damage":4,"enemies":"Centurion and Healer","floor":31,"turns":10},{"damage":21,"enemies":"Automaton","floor":33,"turns":11},{"damage":0,"enemies":"3 Shapes","floor":35,"turns":5},{"damage":2,"enemies":"Orb Walker","floor":36,"turns":6},{"damage":1,"enemies":"Sphere and 2 Shapes","floor":38,"turns":5},{"damage":0,"enemies":"3 Darklings","floor":39,"turns":6},{"damage":9,"enemies":"Giant Head","floor":40,"turns":14},{"damage":2,"enemies":"Maw","floor":42,"turns":9},{"damage":1,"enemies":"Nemesis","floor":47,"turns":9},{"damage":0,"enemies":"Sphere and 2 Shapes","floor":48,"turns":6},{"damage":26,"enemies":"Donu and Deca","floor":50,"turns":8}],"seed_played":"-2954634161692832190","potions_obtained":[{"floor":1.0,"key":"GhostInAJar"},{"floor":6.0,"key":"Swift Potion"},{"floor":13,"key":"LiquidMemories"},{"floor":21,"key":"Energy Potion"},{"floor":29,"key":"Weak Potion"},{"floor":33,"key":"Block Potion"},{"floor":35,"key":"LiquidBronze"},{"floor":40,"key":"FairyPotion"},{"floor":42,"key":"PowerPotion"}],"is_trial":false,"path_per_floor":["M","?","$","$","M","E","?","E","T","M","?","E","M","?","R","B",null,"M","M","T","M","?","E","R","$","T","R","M","E","$","M","R","B",null,"M","M","?","M","M","E","R","M","T","R","$","?","E","M","R","B",null],"character_chosen":"THE_SILENT","items_purchased":["Leg Sweep","Bronze Scales","Caltrops","Tingsha","Underhanded Strike"],"campfire_rested":2,"item_purchase_floors":[3,30,30,45,45],"current_hp_per_floor":[54,54,54,54,54,37,37,32,42,42,27,27,27,27,27,26,73,72,66,66,57,30,2,38,38,38,38,38,37,37,33,33,37,73,73,71,71,70,70,61,61,59,59,59,59,59,58,58,73,47],"gold":68,"neow_bonus":"THREE_RARE_CARDS","is_daily":false,"chose_seed":false,"campfire_upgraded":5,"win_rate":0.0,"timestamp":1608987482,"path_taken":["M","?","?","$","M","E","?","E","T","M","?","E","M","?","R","BOSS","M","M","?","?","?","E","R","$","T","R","M","E","?","M","R","BOSS","M","M","?","?","M","E","R","M","T","R","$","?","E","M","R","BOSS"],"items_purchased_type":["Card","Relic","Card","Relic","Card"],"build_version":"2020-12-22","purchased_purges":2,"victory":true,"max_hp_per_floor":[63,63,63,63,63,63,63,63,73,73,73,73,73,73,73,73,73,73,73,73,73,73,73,73,73,73,73,73,73,73,73,73,73,73,73,73,73,73,73,73,73,73,73,73,73,73,73,73,73,73],"relic_stats":{"Regal Pillow":15,"counters":[26,207],"Tingsha":[70],"PreservedInsect":47,"Letter Opener":[211],"Whetstone":["Quick Slash","Dash"],"MawBank":84,"Mercury Hourglass":[408],"Dream Catcher":1,"Nunchaku":[2],"Busted Crown":18,"Sundial":[12],"Pantograph":25,"Bronze Scales":[241],"Black Star":4,"obtain_stats":[{"Potion Belt":40,"Regal Pillow":12,"Pear":9,"The Specimen":6,"Tingsha":45,"PreservedInsect":43,"Letter Opener":20,"Whetstone":47,"Bottled Tornado":47,"MawBank":23,"Mercury Hourglass":23,"Dream Catcher":29,"Nunchaku":40,"HornCleat":8,"Busted Crown":34,"Sundial":29,"Pantograph":26,"Bronze Scales":30,"Black Star":17,"Red Mask":22,"Ring of the Snake":0},{"Potion Belt":22,"Regal Pillow":6,"Pear":4,"The Specimen":3,"Tingsha":23,"PreservedInsect":23,"Letter Opener":10,"Whetstone":24,"Bottled Tornado":24,"MawBank":13,"Mercury Hourglass":13,"Dream Catcher":15,"Nunchaku":22,"HornCleat":4,"Busted Crown":17,"Sundial":15,"Pantograph":13,"Bronze Scales":15,"Black Star":8,"Red Mask":12,"Ring of the Snake":0},{"Potion Belt":175,"Regal Pillow":54,"Pear":42,"The Specimen":30,"Tingsha":184,"PreservedInsect":184,"Letter Opener":85,"Whetstone":193,"Bottled Tornado":193,"MawBank":107,"Mercury Hourglass":107,"Dream Catcher":119,"Nunchaku":175,"HornCleat":42,"Busted Crown":140,"Sundial":119,"Pantograph":107,"Bronze Scales":119,"Black Star":68,"Red Mask":99,"Ring of the Snake":0}],"Ring of the Snake":[52]},"card_choices":[{"not_picked":["Venomology","A Thousand Cuts"],"picked":"Burst","floor":0.0},{"not_picked":["Dagger Spray","Underhanded Strike"],"picked":"Dash","floor":1.0},{"not_picked":["Underhanded Strike","Prepared"],"picked":"Quick Slash","floor":5.0},{"not_picked":["Slice","Deflect"],"picked":"Noxious Fumes","floor":6.0},{"not_picked":["Venomology","Acrobatics"],"picked":"Deadly Poison","floor":8},{"not_picked":["Outmaneuver","Backflip","Quick Slash"],"picked":"SKIP","floor":10},{"not_picked":["Doppelganger","Deadly Poison"],"picked":"Prepared","floor":12},{"not_picked":["Backstab","Endless Agony"],"picked":"Tactician","floor":13},{"not_picked":["Bullet Time","Burst"],"picked":"Malaise","floor":16},{"not_picked":["Deadly Poison","Outmaneuver"],"picked":"Footwork","floor":18},{"not_picked":["Dagger Throw","Deflect","Distraction"],"picked":"SKIP","floor":19},{"not_picked":["Terror","Infinite Blades+1"],"picked":"Predator+1","floor":21},{"not_picked":["Blade Dance+1","Quick Slash"],"picked":"Caltrops+1","floor":22},{"not_picked":["Quick Slash","Prepared"],"picked":"Leg Sweep+1","floor":23},{"not_picked":["Quick Slash","PiercingWail","Flying Knee+1"],"picked":"SKIP","floor":28},{"not_picked":["Flying Knee","Prepared+1"],"picked":"Acrobatics","floor":29},{"not_picked":["PiercingWail+1","Prepared"],"picked":"Well Laid Plans","floor":31},{"not_picked":["Die Die Die","Glass Knife"],"picked":"Wraith Form v2","floor":33},{"not_picked":["Infinite Blades+1"],"picked":"SKIP","floor":35},{"not_picked":["Deflect"],"picked":"SKIP","floor":36},{"not_picked":["Prepared"],"picked":"SKIP","floor":38},{"not_picked":["Masterful Stab"],"picked":"SKIP","floor":39},{"not_picked":["Deflect"],"picked":"SKIP","floor":40},{"not_picked":[],"picked":"Calculated Gamble+1","floor":42},{"not_picked":["Dagger Spray"],"picked":"SKIP","floor":47},{"not_picked":[],"picked":"Bouncing Flask+1","floor":48}],"player_experience":2591,"relics_obtained":[{"floor":6.0,"key":"The Specimen"},{"floor":8,"key":"HornCleat"},{"floor":9,"key":"Pear"},{"floor":12,"key":"Regal Pillow"},{"floor":20,"key":"Letter Opener"},{"floor":22,"key":"Red Mask"},{"floor":23,"key":"MawBank"},{"floor":23,"key":"Mercury Hourglass"},{"floor":26,"key":"Pantograph"},{"floor":29,"key":"Dream Catcher"},{"floor":29,"key":"Sundial"},{"floor":40,"key":"Nunchaku"},{"floor":40,"key":"Potion Belt"},{"floor":43,"key":"PreservedInsect"},{"floor":47,"key":"Whetstone"},{"floor":47,"key":"Bottled Tornado"}],"event_choices":[{"damage_healed":0.0,"max_hp_gain":0.0,"max_hp_loss":0.0,"gold_gain":0.0,"cards_transformed":["Strike_G"],"event_name":"Transmorgrifier","player_choice":"Transformed","floor":2.0,"gold_loss":0.0,"damage_taken":0.0,"cards_obtained":["Leg Sweep"]},{"cards_removed":["Strike_G"],"damage_healed":0.0,"max_hp_gain":0.0,"max_hp_loss":0.0,"gold_gain":0.0,"event_name":"The Cleric","player_choice":"Card Removal","floor":7.0,"gold_loss":50.0,"damage_taken":0.0},{"damage_healed":0,"gold_gain":0,"player_choice":"Entered Light","damage_taken":15,"max_hp_gain":0,"max_hp_loss":0,"event_name":"Shining Light","floor":11,"gold_loss":0,"cards_upgraded":["Defend_G","Strike_G"]},{"damage_healed":0,"gold_gain":0,"player_choice":"Bought 3 Potions","damage_taken":0,"max_hp_gain":0,"max_hp_loss":0,"event_name":"The Woman in Blue","floor":14,"gold_loss":0},{"damage_healed":0,"gold_gain":0,"player_choice":"Fought Bandits","damage_taken":0,"max_hp_gain":0,"max_hp_loss":0,"event_name":"Masked Bandits","floor":22,"gold_loss":0},{"cards_removed":["Defend_G"],"damage_healed":0,"gold_gain":0,"player_choice":"Purged","damage_taken":0,"max_hp_gain":0,"max_hp_loss":0,"event_name":"Purifier","floor":37,"gold_loss":0},{"cards_removed":["Neutralize"],"damage_healed":0,"gold_gain":0,"player_choice":"Removed Attack","damage_taken":0,"max_hp_gain":0,"max_hp_loss":0,"event_name":"Falling","floor":46,"gold_loss":0}],"is_beta":false,"boss_relics":[{"not_picked":["Astrolabe","Ectoplasm"],"picked":"Black Star"},{"not_picked":["Velvet Choker","Runic Pyramid"],"picked":"Busted Crown"}],"items_purged_floors":[3,30],"is_endless":false,"potions_floor_spawned":[1,6,13,21,29,33,35,36,38,40,42],"ascension_level":0}}