{"host":"52ffv6k934cb8aj3","time":1608981893,"event":{"mods":["AchievementEnabler","BaseMod","Bestiary","Colored Map","Colored Powertips","DeckTracker","Highlight Path","Keyboard Shortcuts","Minty Spire (QoL Compilation)","Rare Cards Sparkle","Relic Sorter"],"gold_per_floor":[112,126,126,126,139,166,184,214,214,62,124,124,155,169,169,268,268,284,304,304,304,316,345,345,370,370,402,422,422,422],"floor_reached":29,"playtime":1469,"items_purged":["Strike_R"],"score":510,"play_id":"c392df9d-8db4-4468-a8b4-9de431d9e006","local_time":"20201226052453","is_ascension_mode":true,"campfire_choices":[{"data":"Second Wind","floor":12.0,"key":"SMITH"},{"data":"1","floor":15.0,"key":"LIFT"},{"floor":24,"key":"REST"}],"circlet_count":0,"master_deck":["AscendersBane","Strike_R","Strike_R","Defend_R","Defend_R","Defend_R","Defend_R","Bash","Second Wind+1","Anger","Spot Weakness","Wild Strike","Shockwave","Double Tap","Sword Boomerang","Impervious","Inflame","Heavy Blade","Spot Weakness","Iron Wave","Limit Break","Dark Embrace","Evolve","Shame","Feel No Pain","Brutality"],"relics":["Burning Blood","Incense Burner","Letter Opener","Akabeko","Lantern","Prayer Wheel","Pear","The Courier","Girya","Busted Crown","Oddly Smooth Stone","White Beast Statue","FossilizedHelix"],"acts_visited":[],"potions_floor_usage":[27,29],"damage_taken":[{"damage":7.0,"enemies":"Jaw Worm","floor":1.0,"turns":4.0},{"damage":13.0,"enemies":"Small Slimes","floor":2.0,"turns":5.0},{"damage":0.0,"enemies":"Cultist","floor":5.0,"turns":2.0},{"damage":25.0,"enemies":"Lagavulin","floor":6.0,"turns":7.0},{"damage":1.0,"enemies":"Looter","floor":7.0,"turns":2.0},{"damage":15.0,"enemies":"Gremlin Nob","floor":8.0,"turns":3.0},{"damage":11.0,"enemies":"Lagavulin Event","floor":11.0,"turns":5.0},{"damage":15.0,"enemies":"Lagavulin","floor":13.0,"turns":6.0},{"damage":13.0,"enemies":"Large Slime","floor":14.0,"turns":4.0},{"damage":28.0,"enemies":"Hexaghost","floor":16.0,"turns":9.0},{"damage":0.0,"enemies":"Chosen","floor":18.0,"turns":3.0},{"damage":11.0,"enemies":"2 Thieves","floor":19.0,"turns":3.0},{"damage":19.0,"enemies":"Chosen and Byrds","floor":22.0,"turns":5.0},{"damage":27.0,"enemies":"Book of Stabbing","floor":23.0,"turns":5.0},{"damage":13,"enemies":"Slavers","floor":25,"turns":5},{"damage":31,"enemies":"Book of Stabbing","floor":27,"turns":6},{"damage":22,"enemies":"Snake Plant","floor":28,"turns":4},{"damage":36,"enemies":"Slavers","floor":29,"turns":2}],"seed_played":"-2190447491871913695","potions_obtained":[{"floor":1.0,"key":"EntropicBrew"},{"floor":8.0,"key":"Weak Potion"},{"floor":11.0,"key":"SpeedPotion"},{"floor":14.0,"key":"Fruit Juice"},{"floor":18.0,"key":"SkillPotion"},{"floor":25,"key":"Dexterity Potion"},{"floor":27,"key":"FairyPotion"},{"floor":28,"key":"SpeedPotion"}],"is_trial":false,"path_per_floor":["M","M","?","?","M","E","M","E","T","$","?","R","E","M","R","B",null,"M","M","?","?","M","E","R","E","T","E","M","E"],"character_chosen":"IRONCLAD","items_purchased":["Inflame"],"campfire_rested":1,"item_purchase_floors":[10],"current_hp_per_floor":[71,64,57,57,63,44,49,40,50,50,45,45,36,34,34,12,74,80,75,75,56,43,22,52,45,45,20,36,0,0],"gold":422,"neow_bonus":"TRANSFORM_TWO_CARDS","is_daily":false,"chose_seed":false,"campfire_upgraded":1,"win_rate":0.0,"timestamp":1608981893,"path_taken":["M","M","?","?","M","E","?","E","T","$","?","R","E","M","R","BOSS","M","M","?","?","M","E","R","E","T","E","M","E"],"items_purchased_type":["Card"],"build_version":"2020-12-22","purchased_purges":1,"victory":false,"max_hp_per_floor":[80,80,80,80,80,80,80,80,90,90,90,90,90,95,95,95,95,95,95,95,100,100,100,100,100,100,100,100,100,100],"card_choices":[{"not_picked":["True Grit","Clothesline"],"picked":"Spot Weakness","floor":1.0},{"not_picked":["Sword Boomerang","Warcry"],"picked":"Wild Strike","floor":2.0},{"not_picked":["Sentinel","Thunderclap"],"picked":"Shockwave","floor":5.0},{"not_picked":["Entrench","Clothesline"],"picked":"Double Tap","floor":6.0},{"not_picked":["Wild Strike","Infernal Blade"],"picked":"Sword Boomerang","floor":7.0},{"not_picked":["Perfected Strike","Flex"],"picked":"Impervious","floor":8.0},{"not_picked":["Havoc","Blood for Blood"],"picked":"Heavy Blade","floor":11.0},{"not_picked":["Blood for Blood","Sword Boomerang"],"picked":"Spot Weakness","floor":13.0},{"not_picked":["Heavy Blade","Havoc"],"picked":"Iron Wave","floor":14.0},{"not_picked":["Infernal Blade","Havoc","Sentinel"],"picked":"SKIP","floor":14.0},{"not_picked":["Double Tap","Exhume"],"picked":"Limit Break","floor":16.0},{"not_picked":[],"picked":"Dark Embrace","floor":18.0},{"not_picked":["Inflame"],"picked":"SKIP","floor":18.0},{"not_picked":[],"picked":"Evolve","floor":19.0},{"not_picked":["Seeing Red"],"picked":"SKIP","floor":19.0},{"not_picked":["Carnage"],"picked":"SKIP","floor":22.0},{"not_picked":["Iron Wave"],"picked":"SKIP","floor":22.0},{"not_picked":[],"picked":"Feel No Pain","floor":23.0},{"not_picked":[],"picked":"Brutality","floor":25},{"not_picked":["Evolve+1"],"picked":"SKIP","floor":27},{"not_picked":["Pommel Strike"],"picked":"SKIP","floor":28},{"not_picked":["Thunderclap"],"picked":"SKIP","floor":28}],"player_experience":594524,"relics_obtained":[{"floor":6.0,"key":"Lantern"},{"floor":8.0,"key":"Prayer Wheel"},{"floor":9.0,"key":"Pear"},{"floor":11.0,"key":"The Courier"},{"floor":13.0,"key":"Girya"},{"floor":23.0,"key":"Oddly Smooth Stone"},{"floor":25,"key":"Letter Opener"},{"floor":26,"key":"White Beast Statue"},{"floor":27,"key":"FossilizedHelix"}],"event_choices":[{"cards_removed":["Regret"],"damage_healed":0.0,"max_hp_gain":0.0,"max_hp_loss":0.0,"gold_gain":0.0,"event_name":"Golden Wing","player_choice":"Card Removal","floor":3.0,"gold_loss":0.0,"damage_taken":7.0},{"damage_healed":0.0,"max_hp_gain":0.0,"max_hp_loss":0.0,"gold_gain":0.0,"event_name":"WeMeetAgain","player_choice":"Gave Potion","floor":4.0,"gold_loss":0.0,"damage_taken":0.0,"relics_obtained":["Akabeko"]},{"damage_healed":0.0,"max_hp_gain":0.0,"max_hp_loss":0.0,"gold_gain":0.0,"event_name":"Dead Adventurer","player_choice":"Searched \u00272\u0027 times","floor":11.0,"gold_loss":0.0,"damage_taken":0.0},{"damage_healed":0.0,"max_hp_gain":0.0,"max_hp_loss":0.0,"gold_gain":0.0,"event_name":"Addict","player_choice":"Stole Relic","floor":20.0,"gold_loss":0.0,"damage_taken":0.0,"relics_obtained":["Incense Burner"],"cards_obtained":["Shame"]},{"damage_healed":0.0,"max_hp_gain":5.0,"max_hp_loss":0.0,"gold_gain":0.0,"event_name":"Forgotten Altar","player_choice":"Shed Blood","floor":21.0,"gold_loss":0.0,"damage_taken":24.0}],"is_beta":false,"boss_relics":[{"not_picked":["Runic Dome","Coffee Dripper"],"picked":"Busted Crown"}],"items_purged_floors":[10],"is_endless":false,"potions_floor_spawned":[1,8,11,13,14,18,25,27,28],"killed_by":"Slavers","ascension_level":12}}