{"host":"ixtszv54kd1m8623","time":1608998777,"event":{"mods":["Act Like it!","Aspiration","BaseMod","Beaked The Cultist","ChefMod","Colored Map","Colored Powertips","Conspire","Downfall","Gensokyo","Halation","Hermit","Hubris","Infinite Spire","Jorbs\u0027s Wanderer Trilogy","Minty Spire (QoL Compilation)","Replay The Spire","Robot Space Explorer","Shade Mod","Shop Mod","StSLib","The Blackbeard","The Bug Knight","The Cursed","The Dragon Tamer","The Marked","The Runesmith"],"gold_per_floor":[109,109,121,137,31,58,58,74,74,88,117,117,117,136,136,234,234,247,264,280,555,165,192,192,203,203,259,274,274,274,274],"floor_reached":29,"playtime":1713,"items_purged":[],"score":257,"play_id":"12ead4ed-a2e2-43a8-a37a-33789aabfddd","local_time":"20201226080617","is_ascension_mode":false,"metric_token":1747,"campfire_choices":[{"data":"DTMod:DragonDance","floor":7,"key":"SMITH"},{"floor":12,"key":"REST"},{"floor":15,"key":"REST"},{"floor":24,"key":"REST"}],"dtmod_dragon_data":[0,50,1,-1,12,0],"circlet_count":0,"master_deck":["DTMod:Strike","DTMod:Strike","DTMod:Strike","DTMod:Strike","DTMod:DoubleHit","DTMod:TargetDefense","DTMod:TargetDefense","DTMod:TargetDefense","DTMod:TargetDefense","DTMod:SwitchingTactic+1","DTMod:CrossStep+1","DTMod:ShieldDrain","DTMod:HeatWave","DTMod:DragonDance+1","DTMod:Observe","DTMod:CleansingStrike","DTMod:BreakAttack","DTMod:Coolant","DTMod:Overwhelm","DTMod:ComboAttack","DTMod:LightShield+1","CurseOfTheBell","DTMod:Hide","DTMod:ComboAttack","DTMod:GhostSkin","Regret","DTMod:CalculatedDefense+1","DTMod:Prediction+1","DTMod:Observe+1","DTMod:FierySynthesis+1","DTMod:ComboAttack","ReplayTheSpireMod:Splinters","DTMod:BlazingStrike","DTMod:Training+1"],"relics":["DTMod:PactStone","aspiration:Nostalgia","PureWater","halation:StarCompass","Runesmith:AutoHammer","Golden Egg","halation:WeightlessCrab","Calling Bell","aspiration:EmptySkull","halation:SelfBoilingWater","Pondfish Scales","Anchor","Replay:Mystery Machine","Boot"],"acts_visited":["Exordium","TheCity"],"potions_floor_usage":[11,20,28,29],"damage_taken":[{"damage":0,"enemies":"Small Slimes","floor":1,"turns":3},{"damage":0,"enemies":"Jaw Worm","floor":3,"turns":3},{"damage":0,"enemies":"Cultist","floor":4,"turns":2},{"damage":24,"enemies":"Gremlin Nob","floor":6,"turns":5},{"damage":0,"enemies":"3 Louse","floor":8,"turns":4},{"damage":6,"enemies":"Large Slime","floor":10,"turns":4},{"damage":12,"enemies":"3 Sentries","floor":11,"turns":6},{"damage":6,"enemies":"Blue Slaver","floor":14,"turns":4},{"damage":7,"enemies":"Fading Forest","floor":16,"turns":11},{"damage":0,"enemies":"Spheric Guardian","floor":18,"turns":4},{"damage":8,"enemies":"Chosen","floor":19,"turns":5},{"damage":0,"enemies":"Snake Plant","floor":20,"turns":4},{"damage":18,"enemies":"Nightmare","floor":23,"turns":8},{"damage":14,"enemies":"Cultist and Chosen","floor":25,"turns":9},{"damage":0,"enemies":"Centurion and Healer","floor":28,"turns":6},{"damage":31,"enemies":"3 Cultists","floor":29,"turns":6}],"seed_played":"-4904166966618802756","potions_obtained":[{"floor":1,"key":"FearPotion"},{"floor":6,"key":"DistilledChaos"},{"floor":10,"key":"DuplicationPotion"},{"floor":25,"key":"PowerPotion"},{"floor":27,"key":"LiquidMemories"}],"is_trial":false,"path_per_floor":["M","?","M","M","$","E","R","M","T","M","E","R","?","M","R","B",null,"M","M","M","?","$","NM","R","M","T","?","M","M"],"character_chosen":"THE_DT","items_purchased":["DTMod:DragonDance","DTMod:Observe","DTMod:CalculatedDefense","DTMod:Prediction","DTMod:Observe","Anchor"],"campfire_rested":3,"item_purchase_floors":[5,5,22,22,22,22],"current_hp_per_floor":[45,45,45,45,45,21,21,21,21,15,3,16,7,1,14,17,45,45,37,37,37,37,19,32,18,18,18,18,0,0,0],"gold":274,"neow_bonus":"NOSTALGIA","is_daily":false,"chose_seed":false,"campfire_upgraded":1,"win_rate":0.0,"timestamp":1608998777,"path_taken":["M","?","M","M","$","E","R","M","T","M","E","R","?","M","R","BOSS","M","M","M","?","$","NM","R","?","T","?","M","M"],"items_purchased_type":["Card","Card","Card","Card","Card","Relic"],"build_version":"2020-12-22","purchased_purges":0,"victory":false,"max_hp_per_floor":[45,45,45,45,45,45,45,45,45,45,45,45,45,45,45,45,45,45,45,45,45,45,45,45,45,45,45,45,45,45,45],"card_choices":[{"not_picked":["DTMod:MagicField","DTMod:Conduct"],"picked":"DTMod:CrossStep","floor":1},{"not_picked":["DTMod:GhostSkin","DTMod:StarRain"],"picked":"DTMod:ShieldDrain","floor":3},{"not_picked":["DTMod:Punisher","DTMod:BlazingStrike"],"picked":"DTMod:HeatWave","floor":4},{"not_picked":["DTMod:WarmUp","DTMod:DarkBreath"],"picked":"DTMod:CleansingStrike","floor":6},{"not_picked":["DTMod:BizarreTactic","DTMod:Cover"],"picked":"DTMod:BreakAttack","floor":8},{"not_picked":["DTMod:Hide","DTMod:DarkBreath"],"picked":"DTMod:Coolant","floor":10},{"not_picked":["DTMod:PurifyingFlame","DTMod:InvisibleFlame"],"picked":"DTMod:Overwhelm","floor":11},{"not_picked":["DTMod:Punisher","DTMod:MagiciansMark"],"picked":"DTMod:ComboAttack","floor":14},{"not_picked":["DTMod:Safeguard","DTMod:TriAttack"],"picked":"DTMod:LightShield","floor":16},{"not_picked":["DTMod:DragonDance","DTMod:Cover"],"picked":"DTMod:Hide","floor":18},{"not_picked":["DTMod:Threaten","DTMod:DeepFocus"],"picked":"DTMod:ComboAttack","floor":19},{"not_picked":["DTMod:MagicField","DTMod:BurningForce"],"picked":"DTMod:GhostSkin","floor":20},{"not_picked":["DTMod:BurningEnergy","DTMod:Safeguard"],"picked":"DTMod:FierySynthesis","floor":23},{"not_picked":["DTMod:InvisibleFlame","DTMod:BlueScale"],"picked":"DTMod:ComboAttack","floor":25},{"not_picked":["DTMod:BurningEnergy","DTMod:CleansingStrike"],"picked":"DTMod:BlazingStrike","floor":27},{"not_picked":["DTMod:ForkedFire+1","DTMod:Cover+1"],"picked":"DTMod:Training+1","floor":28}],"player_experience":138677,"relics_obtained":[{"floor":6,"key":"Runesmith:AutoHammer"},{"floor":9,"key":"Golden Egg"},{"floor":11,"key":"halation:WeightlessCrab"},{"floor":17,"key":"aspiration:EmptySkull"},{"floor":17,"key":"halation:SelfBoilingWater"},{"floor":17,"key":"Pondfish Scales"},{"floor":23,"key":"Replay:Mystery Machine"},{"floor":26,"key":"Boot"}],"event_choices":[{"damage_healed":0,"gold_gain":0,"player_choice":"Entered Light","damage_taken":9,"max_hp_gain":0,"max_hp_loss":0,"event_name":"Shining Light","floor":13,"gold_loss":0,"cards_upgraded":["DTMod:CrossStep","DTMod:SwitchingTactic"]},{"damage_healed":0,"gold_gain":275,"player_choice":"Desecrate","damage_taken":0,"max_hp_gain":0,"max_hp_loss":0,"event_name":"Golden Shrine","floor":21,"gold_loss":0,"cards_obtained":["Regret"]}],"is_beta":false,"boss_relics":[{"not_picked":["conspire:SeveredTorchhead","Runic Pyramid"],"picked":"Calling Bell"}],"items_purged_floors":[],"is_endless":true,"potions_floor_spawned":[1,6,10,25,28],"killed_by":"3 Cultists","ascension_level":0}}