{"host":"3ek78t4i81ecmdy1","time":1608948957,"event":{"mods":["2.2 Compatiblity","AchievementEnabler","BaseMod","Colored Map","DeckTracker","Filter the Spire","Keyboard Shortcuts","Minty Spire (QoL Compilation)","Permanent Neow","Quick Restart","SuperFastMode","everything is the same but u backflip on backflip"],"gold_per_floor":[16,16,16,35,35,35,51,51,105,105,121,154,170,214,214,338,338,354,354,369,390,68,109,109,153,153,169,190,190,210,210,210,329,329,345,48,111,111,127,160,160,160,160],"floor_reached":42,"playtime":1569,"items_purged":["Strike_R"],"score":550,"play_id":"58eb0f1f-054d-4f34-a16c-a3e3f2c6ae37","local_time":"20201226111557","is_ascension_mode":true,"campfire_choices":[{"floor":6.0,"key":"DIG"},{"floor":8.0,"key":"DIG"},{"floor":15.0,"key":"DIG"},{"floor":24.0,"key":"DIG"},{"floor":29.0,"key":"DIG"},{"data":"Heavy Blade","floor":32.0,"key":"SMITH"},{"floor":41,"key":"DIG"}],"circlet_count":0,"master_deck":["Strike_R","Strike_R","Defend_R","Defend_R","Defend_R","Bash","Inflame","Ghostly Armor","Power Through","Twin Strike","Immolate","Disarm","Shockwave","Spot Weakness+1","Cleave+1","Heavy Blade+1","Dramatic Entrance","Sword Boomerang","Blood for Blood+1","True Grit+1","Sentinel","Master of Strategy","Feel No Pain","Havoc","Warcry+1","Impervious"],"relics":["Burning Blood","Shovel","Golden Idol","Orichalcum","Ancient Tea Set","Nunchaku","Regal Pillow","Dream Catcher","Bronze Scales","Black Star","Vajra","Bottled Flame","Juzu Bracelet","Kunai","Omamori","Torii","Thread and Needle","Pocketwatch","Calling Bell","PreservedInsect","Self Forming Clay","Dead Branch","Bird Faced Urn","Sundial","Strawberry","Potion Belt"],"acts_visited":["Exordium","TheCity","TheBeyond"],"potions_floor_usage":[40],"damage_taken":[{"damage":16.0,"enemies":"Jaw Worm","floor":1.0,"turns":4.0},{"damage":2.0,"enemies":"Small Slimes","floor":4.0,"turns":4.0},{"damage":3.0,"enemies":"Cultist","floor":7.0,"turns":5.0},{"damage":0.0,"enemies":"Large Slime","floor":11.0,"turns":5.0},{"damage":11.0,"enemies":"Lagavulin","floor":12.0,"turns":5.0},{"damage":0.0,"enemies":"2 Fungi Beasts","floor":13.0,"turns":2.0},{"damage":6.0,"enemies":"Gremlin Nob","floor":14.0,"turns":4.0},{"damage":7.0,"enemies":"Slime Boss","floor":16.0,"turns":6.0},{"damage":8.0,"enemies":"Shell Parasite","floor":18.0,"turns":6.0},{"damage":13.0,"enemies":"2 Thieves","floor":20.0,"turns":3.0},{"damage":13.0,"enemies":"Cultist and Chosen","floor":21.0,"turns":6.0},{"damage":22.0,"enemies":"Book of Stabbing","floor":23.0,"turns":5.0},{"damage":15.0,"enemies":"Gremlin Leader","floor":25.0,"turns":5.0},{"damage":3.0,"enemies":"Snake Plant","floor":27.0,"turns":4.0},{"damage":0.0,"enemies":"Shelled Parasite and Fungi","floor":28.0,"turns":3.0},{"damage":0.0,"enemies":"Centurion and Healer","floor":30.0,"turns":4.0},{"damage":29.0,"enemies":"Collector","floor":33.0,"turns":7.0},{"damage":15.0,"enemies":"3 Shapes","floor":35.0,"turns":4.0},{"damage":4.0,"enemies":"Mind Bloom Boss Battle","floor":37.0,"turns":7.0},{"damage":2.0,"enemies":"3 Darklings","floor":39.0,"turns":5.0},{"damage":60,"enemies":"Giant Head","floor":40,"turns":7},{"damage":35,"enemies":"Nemesis","floor":42,"turns":3}],"seed_played":"1593034199470698492","potions_obtained":[{"floor":3.0,"key":"CultistPotion"},{"floor":3.0,"key":"DistilledChaos"},{"floor":3.0,"key":"Ancient Potion"},{"floor":4.0,"key":"PowerPotion"},{"floor":11.0,"key":"Block Potion"},{"floor":12.0,"key":"Strength Potion"},{"floor":18.0,"key":"SpeedPotion"},{"floor":20.0,"key":"Block Potion"},{"floor":27.0,"key":"Energy Potion"},{"floor":35.0,"key":"Dexterity Potion"},{"floor":37.0,"key":"GamblersBrew"},{"floor":40,"key":"AttackPotion"}],"is_trial":false,"path_per_floor":["M","?","?","M","?","R","M","R","T","?","M","E","M","E","R","B",null,"M","?","M","M","$","E","R","E","T","M","M","R","M","T","R","B",null,"M","$","?","?","M","E","R","E"],"character_chosen":"IRONCLAD","items_purchased":["Vajra","Dramatic Entrance","Master of Strategy","Feel No Pain","Havoc"],"campfire_rested":0,"item_purchase_floors":[22,22,36,36,36],"current_hp_per_floor":[70,50,50,54,47,47,50,50,50,50,56,51,57,57,57,56,80,78,78,71,64,64,48,48,39,39,42,48,48,54,54,54,31,80,71,71,73,73,79,34,34,3,3],"gold":160,"neow_bonus":"ONE_RARE_RELIC","is_daily":false,"chose_seed":false,"campfire_upgraded":1,"win_rate":0.0,"timestamp":1608948957,"path_taken":["M","?","?","?","?","R","M","R","T","?","M","E","M","E","R","BOSS","M","?","M","M","$","E","R","E","T","M","M","R","M","?","R","BOSS","M","$","?","?","M","E","R","E"],"items_purchased_type":["Relic","Card","Card","Card","Card"],"build_version":"2020-12-22","purchased_purges":1,"victory":false,"max_hp_per_floor":[80,80,80,80,80,80,80,80,80,80,80,80,80,80,80,80,80,80,80,80,80,80,80,80,80,80,80,80,80,80,80,80,80,80,80,80,80,80,80,87,87,87,87],"card_choices":[{"not_picked":["Flex","Perfected Strike"],"picked":"Pummel","floor":1.0},{"not_picked":["Hemokinesis","Body Slam"],"picked":"Inflame","floor":4.0},{"not_picked":["Wild Strike","Second Wind"],"picked":"Ghostly Armor","floor":7.0},{"not_picked":["Bloodletting","Pommel Strike"],"picked":"Twin Strike","floor":11.0},{"not_picked":["Clothesline","Cleave"],"picked":"Immolate","floor":12.0},{"not_picked":["Perfected Strike","Warcry"],"picked":"Disarm","floor":13.0},{"not_picked":["Iron Wave","Thunderclap"],"picked":"Shockwave","floor":14.0},{"not_picked":["Dropkick","Headbutt"],"picked":"Spot Weakness+1","floor":18.0},{"not_picked":["Wild Strike","Thunderclap+1"],"picked":"Cleave+1","floor":20.0},{"not_picked":["Flex","Second Wind"],"picked":"Heavy Blade","floor":21.0},{"not_picked":["Shrug It Off","Sever Soul"],"picked":"Sword Boomerang","floor":23.0},{"not_picked":["Perfected Strike","Thunderclap"],"picked":"Blood for Blood+1","floor":25.0},{"not_picked":["Dual Wield","Pommel Strike+1","Thunderclap"],"picked":"SKIP","floor":27.0},{"not_picked":["Flex","Immolate"],"picked":"True Grit+1","floor":28.0},{"not_picked":["Perfected Strike","Metallicize","Searing Blow"],"picked":"SKIP","floor":30.0},{"not_picked":["Infernal Blade","Rupture"],"picked":"Sentinel","floor":35.0},{"not_picked":["Shrug It Off+1","Anger"],"picked":"Warcry+1","floor":37.0},{"not_picked":["Pommel Strike+1","Shrug It Off"],"picked":"Impervious","floor":39.0},{"not_picked":["Inflame","Havoc+1","Shrug It Off+1"],"picked":"SKIP","floor":40}],"player_experience":39112,"relics_obtained":[{"floor":6.0,"key":"Orichalcum"},{"floor":8.0,"key":"Ancient Tea Set"},{"floor":9.0,"key":"Nunchaku"},{"floor":12.0,"key":"Regal Pillow"},{"floor":14.0,"key":"Dream Catcher"},{"floor":15.0,"key":"Bronze Scales"},{"floor":23.0,"key":"Bottled Flame"},{"floor":23.0,"key":"Juzu Bracelet"},{"floor":24.0,"key":"Kunai"},{"floor":25.0,"key":"Omamori"},{"floor":25.0,"key":"Torii"},{"floor":26.0,"key":"Thread and Needle"},{"floor":29.0,"key":"Pocketwatch"},{"floor":34.0,"key":"PreservedInsect"},{"floor":34.0,"key":"Self Forming Clay"},{"floor":34.0,"key":"Dead Branch"},{"floor":37.0,"key":"Bird Faced Urn"},{"floor":40,"key":"Sundial"},{"floor":40,"key":"Strawberry"},{"floor":41,"key":"Potion Belt"}],"event_choices":[{"damage_healed":0.0,"max_hp_gain":0.0,"max_hp_loss":0.0,"gold_gain":0.0,"event_name":"Golden Idol","player_choice":"Take Damage","floor":2.0,"gold_loss":0.0,"damage_taken":20.0,"relics_obtained":["Golden Idol"]},{"damage_healed":0.0,"max_hp_gain":0.0,"max_hp_loss":0.0,"gold_gain":0.0,"event_name":"Lab","player_choice":"Got Potions","floor":3.0,"gold_loss":0.0,"damage_taken":0.0},{"cards_removed":["Strike_R"],"damage_healed":0.0,"max_hp_gain":0.0,"max_hp_loss":0.0,"gold_gain":0.0,"event_name":"Golden Wing","player_choice":"Card Removal","floor":5.0,"gold_loss":0.0,"damage_taken":7.0},{"damage_healed":0.0,"max_hp_gain":0.0,"max_hp_loss":0.0,"gold_gain":0.0,"cards_transformed":["Defend_R"],"event_name":"Living Wall","player_choice":"Change","floor":10.0,"gold_loss":0.0,"damage_taken":0.0,"cards_obtained":["Power Through"]},{"cards_removed":["Strike_R"],"damage_healed":0.0,"max_hp_gain":0.0,"max_hp_loss":0.0,"gold_gain":0.0,"event_name":"Back to Basics","player_choice":"Elegance","floor":19.0,"gold_loss":0.0,"damage_taken":0.0},{"damage_healed":0.0,"max_hp_gain":0.0,"max_hp_loss":0.0,"gold_gain":0.0,"event_name":"MindBloom","player_choice":"Fight","floor":37.0,"gold_loss":0.0,"damage_taken":0.0},{"cards_removed":["Pummel"],"damage_healed":0.0,"max_hp_gain":0.0,"max_hp_loss":0.0,"gold_gain":0.0,"event_name":"Falling","player_choice":"Removed Attack","floor":38.0,"gold_loss":0.0,"damage_taken":0.0}],"is_beta":false,"boss_relics":[{"not_picked":["Pandora\u0027s Box","Velvet Choker"],"picked":"Black Star"},{"not_picked":["Astrolabe","Runic Dome"],"picked":"Calling Bell"}],"items_purged_floors":[22],"is_endless":false,"potions_floor_spawned":[4,11,12,18,20,27,35,37,40],"killed_by":"Nemesis","ascension_level":1}}