{"host":"phniwng9zo19jwdb","time":1608989616,"event":{"mods":["AchievementEnabler","BaseMod","Colored Powertips","Faster Ascension Climbing","GifTheSpireLib","Minty Spire (QoL Compilation)","Permanent Neow","Quick Restart","Rare Cards Sparkle","StSLib"],"gold_per_floor":[118,118,134,234,246,246,280,280,280,280,280],"floor_reached":10,"playtime":282,"items_purged":[],"score":112,"play_id":"bc8a4f9a-9b4b-41be-a5f9-620018e4683b","local_time":"20201226143336","is_ascension_mode":true,"campfire_choices":[{"data":"Apotheosis","floor":6,"key":"SMITH"},{"data":"True Grit","floor":8,"key":"SMITH"}],"circlet_count":0,"master_deck":["AscendersBane","Strike_R","Strike_R","Strike_R","Strike_R","Strike_R","Defend_R","Defend_R","Defend_R","Defend_R","Bash","Apotheosis+1","Cleave","Regret","True Grit+1","Warcry","Searing Blow"],"relics":["Burning Blood","The Courier","Regal Pillow","Meat on the Bone"],"acts_visited":["Exordium"],"potions_floor_usage":[7],"damage_taken":[{"damage":4,"enemies":"Small Slimes","floor":1,"turns":4},{"damage":13,"enemies":"2 Louse","floor":3,"turns":4},{"damage":6,"enemies":"Cultist","floor":5,"turns":4},{"damage":39,"enemies":"3 Sentries","floor":7,"turns":10},{"damage":16,"enemies":"Gremlin Nob","floor":10,"turns":3}],"seed_played":"-8487425162457296190","potions_obtained":[{"floor":3,"key":"ElixirPotion"},{"floor":5,"key":"DuplicationPotion"}],"is_trial":false,"path_per_floor":["M","?","M","?","M","R","E","R","T","E"],"character_chosen":"IRONCLAD","items_purchased":[],"campfire_rested":0,"item_purchase_floors":[],"current_hp_per_floor":[68,68,61,61,61,61,28,28,28,12,12],"gold":280,"neow_bonus":"RANDOM_COLORLESS_2","is_daily":false,"chose_seed":false,"campfire_upgraded":2,"win_rate":0.0,"timestamp":1608989616,"path_taken":["M","?","M","?","M","R","E","R","T","E"],"items_purchased_type":[],"build_version":"2020-12-22","purchased_purges":0,"victory":false,"max_hp_per_floor":[68,68,68,68,68,68,68,68,68,68,68],"card_choices":[{"not_picked":["HandOfGreed","Metamorphosis"],"picked":"Apotheosis","floor":0},{"not_picked":["Anger","Warcry"],"picked":"Cleave","floor":1},{"not_picked":["Infernal Blade","Second Wind"],"picked":"True Grit","floor":3},{"not_picked":["Bloodletting","Dark Embrace"],"picked":"Warcry","floor":5},{"not_picked":["Twin Strike","Sword Boomerang"],"picked":"Searing Blow","floor":7}],"player_experience":17553,"relics_obtained":[{"floor":7,"key":"Regal Pillow"},{"floor":9,"key":"Meat on the Bone"}],"event_choices":[{"damage_healed":0,"gold_gain":0,"player_choice":"Box","damage_taken":0,"relics_obtained":["The Courier"],"max_hp_gain":0,"max_hp_loss":0,"event_name":"Big Fish","floor":2,"gold_loss":0,"cards_obtained":["Regret"]},{"damage_healed":0,"gold_gain":100,"player_choice":"Pray","damage_taken":0,"max_hp_gain":0,"max_hp_loss":0,"event_name":"Golden Shrine","floor":4,"gold_loss":0}],"is_beta":false,"boss_relics":[],"items_purged_floors":[],"is_endless":false,"potions_floor_spawned":[3,5],"killed_by":"Gremlin Nob","ascension_level":14}}