{"host":"agbyy69nq62afhwx","time":1608983285,"event":{"mods":["BaseMod","Colored Map","DeckTracker","Highlight Path","Keyboard Shortcuts","Minty Spire (QoL Compilation)","Quick Restart","StSLib","SuperFastMode","everything is the same but u backflip on backflip"],"gold_per_floor":[111,180,25,45,65,65,90,90,117,117,117,133,151,162,162,259,259,274,47,47,63,94,94,104,104,104,135,234,257,272,25,25,130,130,146,171,71,71,84,113,113,124,173,173,173,186,186,205,205,205],"floor_reached":51,"playtime":1252,"items_purged":["Strike_G","Strike_G"],"score":1107,"play_id":"4f753841-4bd4-49ed-9c1f-6485ed473c1d","local_time":"20201226204805","is_ascension_mode":true,"campfire_choices":[{"data":"Wraith Form v2","floor":6.0,"key":"SMITH"},{"data":"Blade Dance","floor":8.0,"key":"SMITH"},{"data":"Blade Dance","floor":10.0,"key":"SMITH"},{"data":"Cloak And Dagger","floor":15.0,"key":"SMITH"},{"data":"Accuracy","floor":23.0,"key":"SMITH"},{"data":"Adrenaline","floor":25.0,"key":"SMITH"},{"data":"Finisher","floor":32.0,"key":"SMITH"},{"data":"Panache","floor":41,"key":"SMITH"},{"data":"After Image","floor":44,"key":"SMITH"},{"floor":47,"key":"REST"},{"data":"Storm of Steel","floor":49,"key":"SMITH"}],"circlet_count":0,"master_deck":["AscendersBane","Strike_G","Strike_G","Defend_G","Defend_G","Defend_G","Defend_G","Survivor","Neutralize","Unload+1","Blade Dance+1","Wraith Form v2+1","Blade Dance+1","Finisher","Leg Sweep","Cloak And Dagger+1","Adrenaline+1","Finisher+1","Accuracy+1","Backflip","Panache+1","After Image+1","Storm of Steel+1"],"relics":["Ring of the Serpent","TwistedFunnel","Anchor","Strawberry","WristBlade","Sling","Red Mask","Juzu Bracelet","Tiny Chest","Toy Ornithopter","Boot","Blood Vial","Bronze Scales"],"acts_visited":["Exordium","TheCity","TheBeyond"],"potions_floor_usage":[50,50],"damage_taken":[{"damage":3.0,"enemies":"Cultist","floor":1.0,"turns":4.0},{"damage":0.0,"enemies":"2 Louse","floor":4.0,"turns":2.0},{"damage":1.0,"enemies":"Small Slimes","floor":5.0,"turns":3.0},{"damage":29.0,"enemies":"3 Sentries","floor":7.0,"turns":11.0},{"damage":0.0,"enemies":"Red Slaver","floor":12.0,"turns":2.0},{"damage":0.0,"enemies":"Large Slime","floor":13.0,"turns":2.0},{"damage":0.0,"enemies":"3 Louse","floor":14.0,"turns":2.0},{"damage":40.0,"enemies":"The Guardian","floor":16.0,"turns":16.0},{"damage":6.0,"enemies":"Spheric Guardian","floor":18.0,"turns":3.0},{"damage":0.0,"enemies":"Chosen","floor":21.0,"turns":3.0},{"damage":0.0,"enemies":"Masked Bandits","floor":22.0,"turns":2.0},{"damage":2.0,"enemies":"3 Cultists","floor":24.0,"turns":3.0},{"damage":3.0,"enemies":"Book of Stabbing","floor":27.0,"turns":3.0},{"damage":0.0,"enemies":"Snake Plant","floor":30.0,"turns":2.0},{"damage":33.0,"enemies":"Automaton","floor":33.0,"turns":6.0},{"damage":2,"enemies":"3 Darklings","floor":35,"turns":5},{"damage":0,"enemies":"3 Shapes","floor":39,"turns":3},{"damage":8,"enemies":"Nemesis","floor":40,"turns":4},{"damage":12,"enemies":"Writhing Mass","floor":42,"turns":3},{"damage":10,"enemies":"Maw","floor":46,"turns":5},{"damage":23,"enemies":"Sphere and 2 Shapes","floor":48,"turns":4},{"damage":42,"enemies":"Donu and Deca","floor":50,"turns":6}],"seed_played":"-7322362664776318414","potions_obtained":[{"floor":5.0,"key":"Fruit Juice"},{"floor":7.0,"key":"Explosive Potion"},{"floor":12.0,"key":"AttackPotion"},{"floor":14.0,"key":"DistilledChaos"},{"floor":16.0,"key":"AttackPotion"},{"floor":18.0,"key":"Explosive Potion"},{"floor":24.0,"key":"CunningPotion"},{"floor":30.0,"key":"Fruit Juice"},{"floor":40,"key":"Explosive Potion"},{"floor":48,"key":"Explosive Potion"}],"is_trial":false,"path_per_floor":["M","?","$","M","M","R","E","R","T","R","?","M","M","M","R","B",null,"M","$","?","M","?","R","M","R","T","E","?","T","M","$","R","B",null,"M","T","$","$","M","E","R","M","T","R","?","M","R","M","R","B",null],"character_chosen":"THE_SILENT","items_purchased":["TwistedFunnel","Accuracy","Sling","Panache"],"campfire_rested":1,"item_purchase_floors":[3,19,19,31],"current_hp_per_floor":[60,60,60,60,64,64,35,35,42,42,42,42,42,42,42,2,62,56,56,56,56,56,56,54,54,54,51,51,51,61,61,61,33,74,72,72,72,72,72,64,64,54,54,54,54,46,72,51,51,21],"gold":205,"neow_bonus":"ONE_RANDOM_RARE_CARD","is_daily":false,"chose_seed":false,"campfire_upgraded":10,"win_rate":0.0,"timestamp":1608983285,"path_taken":["M","?","$","M","M","R","E","R","T","R","?","M","?","M","R","BOSS","M","$","?","?","?","R","M","R","T","E","?","?","M","?","R","BOSS","M","?","?","$","M","E","R","M","T","R","?","M","R","M","R","BOSS"],"items_purchased_type":["Relic","Card","Relic","Card"],"build_version":"2020-12-22","purchased_purges":2,"victory":true,"max_hp_per_floor":[70,70,70,70,75,75,75,75,82,82,82,82,82,82,82,82,82,82,82,82,82,82,82,82,82,82,82,82,82,87,87,87,87,87,87,87,87,87,87,87,87,87,87,87,87,87,87,87,87,87],"card_choices":[{"not_picked":["Cloak And Dagger","Terror"],"picked":"Blade Dance","floor":1.0},{"not_picked":["Blur","Slice","Prepared"],"picked":"SKIP","floor":4.0},{"not_picked":["Dagger Throw","Deadly Poison"],"picked":"Wraith Form v2","floor":5.0},{"not_picked":["Flechettes","Noxious Fumes"],"picked":"Blade Dance","floor":7.0},{"not_picked":["Backstab","Acrobatics"],"picked":"Finisher","floor":12.0},{"not_picked":["Underhanded Strike","Blade Dance"],"picked":"Leg Sweep","floor":13.0},{"not_picked":["Blade Dance","Dagger Spray"],"picked":"Cloak And Dagger","floor":14.0},{"not_picked":["Phantasmal Killer","Wraith Form v2"],"picked":"Adrenaline","floor":16.0},{"not_picked":["Eviscerate","Noxious Fumes+1"],"picked":"Finisher","floor":18.0},{"not_picked":["Predator","Dagger Throw","Well Laid Plans"],"picked":"SKIP","floor":21.0},{"not_picked":["Reflex","Sucker Punch"],"picked":"Backflip","floor":24.0},{"not_picked":["Quick Slash","Terror","Prepared"],"picked":"SKIP","floor":27.0},{"not_picked":["Flying Knee","Sucker Punch","Outmaneuver"],"picked":"SKIP","floor":30.0},{"not_picked":["Storm of Steel","Unload"],"picked":"After Image","floor":33.0},{"not_picked":["Underhanded Strike","Reflex","Bane"],"picked":"SKIP","floor":35},{"not_picked":["Dodge and Roll","Outmaneuver","Sucker Punch"],"picked":"SKIP","floor":39},{"not_picked":["Acrobatics","Wraith Form v2","Deadly Poison"],"picked":"SKIP","floor":40},{"not_picked":["Blade Dance+1","Setup","Dodge and Roll"],"picked":"SKIP","floor":42},{"not_picked":["Deflect","Blade Dance+1","Eviscerate"],"picked":"SKIP","floor":46},{"not_picked":["Dagger Spray","Masterful Stab"],"picked":"Storm of Steel","floor":48}],"player_experience":382004,"relics_obtained":[{"floor":7.0,"key":"Anchor"},{"floor":9.0,"key":"Strawberry"},{"floor":22.0,"key":"Red Mask"},{"floor":26.0,"key":"Juzu Bracelet"},{"floor":27.0,"key":"Tiny Chest"},{"floor":29.0,"key":"Toy Ornithopter"},{"floor":36,"key":"Boot"},{"floor":40,"key":"Blood Vial"},{"floor":43,"key":"Bronze Scales"}],"event_choices":[{"damage_healed":0.0,"max_hp_gain":0.0,"max_hp_loss":0.0,"gold_gain":69.0,"event_name":"Golden Wing","player_choice":"Gained Gold","floor":2.0,"gold_loss":0.0,"damage_taken":0.0},{"damage_healed":0.0,"max_hp_gain":0.0,"max_hp_loss":0.0,"gold_gain":0.0,"event_name":"Accursed Blacksmith","player_choice":"Forge","floor":11.0,"gold_loss":0.0,"damage_taken":0.0,"cards_upgraded":["Unload"]},{"cards_removed":["Strike_G"],"damage_healed":0.0,"max_hp_gain":0.0,"max_hp_loss":0.0,"gold_gain":0.0,"event_name":"Purifier","player_choice":"Purged","floor":20.0,"gold_loss":0.0,"damage_taken":0.0},{"damage_healed":0.0,"max_hp_gain":0.0,"max_hp_loss":0.0,"gold_gain":0.0,"event_name":"Masked Bandits","player_choice":"Fought Bandits","floor":22.0,"gold_loss":0.0,"damage_taken":0.0},{"damage_healed":0.0,"max_hp_gain":0.0,"max_hp_loss":0.0,"gold_gain":99.0,"event_name":"Nest","player_choice":"Stole From Cult","floor":28.0,"gold_loss":0.0,"damage_taken":0.0},{"cards_removed":["Defend_G"],"damage_healed":0,"gold_gain":0,"player_choice":"Removed Skill","damage_taken":0,"max_hp_gain":0,"max_hp_loss":0,"event_name":"Falling","floor":45,"gold_loss":0}],"is_beta":false,"boss_relics":[{"not_picked":["SacredBark","Astrolabe"],"picked":"WristBlade"},{"not_picked":["Philosopher\u0027s Stone","Velvet Choker"],"picked":"Ring of the Serpent"}],"items_purged_floors":[31,37],"is_endless":false,"potions_floor_spawned":[5,7,12,14,16,18,21,24,30,40,48],"ascension_level":12}}