{"host":"rqgzkpsifhykr0rp","time":1608957440,"event":{"mods":["BaseMod","Colored Map","Downfall","Minty Spire (QoL Compilation)","StSLib"],"gold_per_floor":[99,549,549,146,146,166,193,43,71,71,84,84,84,84],"floor_reached":12,"playtime":834,"items_purged":["Slimebound:Icky"],"score":64,"play_id":"b0bf5249-d7a1-497f-8c89-80630cd1b5d4","local_time":"20201225233720","is_ascension_mode":false,"campfire_choices":[{"floor":1,"key":"RECALL"},{"data":"champ:Taunt","floor":8,"key":"SMITH"},{"data":"champ:Backstep","floor":10,"key":"SMITH"}],"circlet_count":0,"master_deck":["champ:Strike","champ:Strike","champ:Strike","champ:Strike","champ:Defend","champ:Defend","champ:Defend","champ:Defend","champ:Execute","champ:Taunt+1","Slimebound:Icky","Slimebound:Icky","champ:PreciseThrust","champ:Backstep+1","champ:ArenaPreparation","champ:StanceDance","champ:SkillfulDodge","champ:GladiatorsShout"],"relics":["champ:ChampionCrown","downfall:HeartsMalice","Molten Egg 2","downfall:HeartBlessingRed","downfall:HeartBlessingBlue","Odd Mushroom"],"acts_visited":["Exordium"],"potions_floor_usage":[12],"damage_taken":[{"damage":0,"enemies":"2 Louse","floor":3,"turns":1},{"damage":0,"enemies":"downfall:FleeingMerchant","floor":4,"turns":1},{"damage":0,"enemies":"Jaw Worm","floor":5,"turns":1},{"damage":28,"enemies":"Small Slimes","floor":6,"turns":3},{"damage":53,"enemies":"The Mushroom Lair","floor":9,"turns":6},{"damage":22,"enemies":"Red Slaver","floor":11,"turns":3},{"damage":55,"enemies":"Gremlin Nob","floor":12,"turns":5}],"seed_played":"-4270309064584508048","potions_obtained":[{"floor":6,"key":"Fruit Juice"},{"floor":9,"key":"DuplicationPotion"},{"floor":11,"key":"LiquidMemories"}],"is_trial":false,"path_per_floor":["R","?","M","$","M","M","T","R","?","R","M","E"],"character_chosen":"THE_CHAMP","items_purchased":["Molten Egg 2","champ:ArenaPreparation"],"campfire_rested":0,"item_purchase_floors":[4,4],"current_hp_per_floor":[90,90,90,90,90,82,82,92,49,49,47,0,0,0],"gold":84,"neow_bonus":"THREE_ENEMY_KILL","is_daily":false,"chose_seed":false,"campfire_upgraded":2,"win_rate":0.0,"timestamp":1608957440,"path_taken":["R","?","M","?","M","M","T","R","?","R","M","E"],"items_purchased_type":["Relic","Card"],"build_version":"2020-12-22","purchased_purges":1,"victory":false,"max_hp_per_floor":[90,90,90,90,90,90,90,100,100,100,100,100,100,100],"card_choices":[{"not_picked":["champ:CalledShot","champ:TornadoPunch"],"picked":"champ:PreciseThrust","floor":3},{"not_picked":["champ:ShieldThrow","champ:BladeFlurry"],"picked":"champ:Backstep","floor":4},{"not_picked":["champ:HeartStrike+1","champ:BerserkersShout"],"picked":"champ:StanceDance","floor":5},{"not_picked":["champ:EndlessRage","champ:RecklessLeap+1","champ:Circumvent"],"picked":"SKIP","floor":6},{"not_picked":["champ:FanOfKnives+1","champ:BerserkersShout"],"picked":"champ:SkillfulDodge","floor":9},{"not_picked":["champ:BerserkersShout","champ:GutPunch+1"],"picked":"champ:GladiatorsShout","floor":11}],"player_experience":310903,"relics_obtained":[{"floor":9,"key":"Odd Mushroom"}],"event_choices":[{"damage_healed":0,"gold_gain":0,"player_choice":"Fought Mushrooms","damage_taken":0,"max_hp_gain":0,"max_hp_loss":0,"event_name":"Mushrooms","floor":9,"gold_loss":0}],"is_beta":false,"boss_relics":[],"items_purged_floors":[4],"is_endless":false,"potions_floor_spawned":[6,9,11],"killed_by":"Gremlin Nob","ascension_level":0}}