{"host":"7k2a2omxz3voj5ax","time":1608984419,"event":{"mods":["BaseMod","Marisa£¨ìFÓê¡¡Ä§ÀíÉ³£©","Minty Spire (QoL Compilation)","Quick Restart","Spicy Shops","StSLib","Starting Relic: Pandora\u0027s Box","óô»ðÖ¸ÄÏ"],"gold_per_floor":[999,598,608,72,72,104,118,148,148,164,197,8,8,27,27,104,104,119,134,184,184,195,195,195],"floor_reached":23,"playtime":1054,"items_purged":["Armaments","Heavy Blade"],"score":522,"play_id":"ce1f7ca0-e479-4428-a038-5a7c934dd46b","local_time":"20201226210659","is_ascension_mode":true,"campfire_choices":[{"data":"Dark Embrace","floor":13,"key":"SMITH"},{"data":"Armaments","floor":15,"key":"SMITH"}],"circlet_count":0,"master_deck":["AscendersBane","Shockwave+1","Armaments+1","Dark Embrace+1","Seeing Red+1","Clothesline","Entrench","Second Wind","Double Tap","Burning Pact","Clothesline","Immolate","Seeing Red+1","Barricade+1","Blood for Blood+1","Fire Breathing+1","Decay"],"relics":["Pandora\u0027s Box","NeowsBlessing","Sundial","War Paint","Singing Bowl","Tiny Chest","Bottled Tornado","Red Skull","Membership Card","Astrolabe"],"acts_visited":["Exordium","TheCity"],"potions_floor_usage":[16,23],"damage_taken":[{"damage":0.0,"enemies":"Cultist","floor":1.0,"turns":1.0},{"damage":0.0,"enemies":"Jaw Worm","floor":3.0,"turns":1.0},{"damage":0.0,"enemies":"3 Sentries","floor":6.0,"turns":2.0},{"damage":4.0,"enemies":"Small Slimes","floor":7.0,"turns":4.0},{"damage":15.0,"enemies":"Lagavulin","floor":8.0,"turns":7.0},{"damage":15.0,"enemies":"3 Louse","floor":10.0,"turns":6.0},{"damage":0.0,"enemies":"Gremlin Nob","floor":11.0,"turns":2.0},{"damage":12,"enemies":"Exordium Thugs","floor":14,"turns":3},{"damage":13,"enemies":"Hexaghost","floor":16,"turns":7},{"damage":12,"enemies":"3 Byrds","floor":18,"turns":4},{"damage":20,"enemies":"Spheric Guardian","floor":19,"turns":4},{"damage":18,"enemies":"Snake Plant","floor":22,"turns":2},{"damage":30,"enemies":"Slavers","floor":23,"turns":1}],"seed_played":"6884728401783708066","potions_obtained":[{"floor":3.0,"key":"PowerPotion"},{"floor":5.0,"key":"LiquidBronze"},{"floor":5.0,"key":"ElixirPotion"},{"floor":10.0,"key":"Dexterity Potion"},{"floor":14,"key":"DistilledChaos"},{"floor":22,"key":"BlessingOfTheForge"}],"is_trial":false,"path_per_floor":["M","$","M","$","?","E","M","E","T","M","E","$","R","M","R","B",null,"M","M","?","?","M","E"],"character_chosen":"IRONCLAD","items_purchased":["Second Wind","Sundial","War Paint","Singing Bowl","Membership Card","Clothesline"],"campfire_rested":0,"item_purchase_floors":[2,2,4,4,12,12],"current_hp_per_floor":[68,68,68,68,68,68,64,51,51,38,40,40,40,30,30,17,67,57,37,37,37,21,0,0],"gold":195,"neow_bonus":"THREE_ENEMY_KILL","is_daily":false,"chose_seed":false,"campfire_upgraded":2,"win_rate":0.0,"timestamp":1608984419,"path_taken":["M","?","M","$","?","E","?","E","T","M","E","$","R","M","R","BOSS","M","M","?","?","M","E"],"items_purchased_type":["Card","Relic","Relic","Relic","Relic","Card"],"build_version":"2020-12-22","purchased_purges":2,"victory":false,"max_hp_per_floor":[75,75,75,75,75,75,75,77,77,79,81,81,81,83,83,83,83,85,85,85,85,87,87,87],"card_choices":[{"not_picked":["Cleave","Shrug It Off"],"picked":"Entrench","floor":1.0},{"not_picked":["Shockwave","Heavy Blade","Dark Embrace"],"picked":"SKIP","floor":3.0},{"not_picked":["Thunderclap","Wild Strike"],"picked":"Double Tap","floor":6.0},{"not_picked":["Havoc","Sword Boomerang"],"picked":"Burning Pact","floor":7.0},{"not_picked":["Rage","Headbutt","Wild Strike"],"picked":"Singing Bowl","floor":8.0},{"not_picked":["Hemokinesis","Metallicize","Spot Weakness"],"picked":"Singing Bowl","floor":10.0},{"not_picked":["Infernal Blade","Headbutt","Twin Strike"],"picked":"Singing Bowl","floor":11.0},{"not_picked":["Combust","Cleave","Heavy Blade"],"picked":"Singing Bowl","floor":14},{"not_picked":["Feed","Berserk"],"picked":"Immolate","floor":16},{"not_picked":["Uppercut","Havoc","Armaments"],"picked":"Singing Bowl","floor":18},{"not_picked":["Perfected Strike","Infernal Blade+1"],"picked":"Fire Breathing+1","floor":19},{"not_picked":["Headbutt","Heavy Blade","Sword Boomerang"],"picked":"Singing Bowl","floor":22}],"player_experience":361404,"relics_obtained":[{"floor":6.0,"key":"Tiny Chest"},{"floor":8.0,"key":"Bottled Tornado"},{"floor":11.0,"key":"Red Skull"}],"event_choices":[{"damage_healed":0.0,"max_hp_gain":0.0,"max_hp_loss":0.0,"gold_gain":0.0,"event_name":"Lab","player_choice":"Got Potions","floor":5.0,"gold_loss":0.0,"damage_taken":0.0},{"damage_healed":0,"gold_gain":50,"player_choice":"Stole From Cult","damage_taken":0,"max_hp_gain":0,"max_hp_loss":0,"event_name":"Nest","floor":20,"gold_loss":0},{"damage_healed":0,"gold_gain":0,"player_choice":"Cursed","damage_taken":0,"max_hp_gain":0,"max_hp_loss":0,"event_name":"Wheel of Change","floor":21,"gold_loss":0,"cards_obtained":["Decay"]}],"is_beta":false,"boss_relics":[{"not_picked":["Fusion Hammer","Runic Pyramid"],"picked":"Astrolabe"}],"items_purged_floors":[2,4],"is_endless":false,"potions_floor_spawned":[3,10,14,22],"killed_by":"Slavers","ascension_level":20}}