{"host":"ds1yr10zonoc6w4a","time":1608942573,"event":{"mods":["2.2 Compatiblity","AchievementEnabler","Act Like it!","BaseMod","Downfall","Elementarium","Gensokyo","Infinite Spire","Jorbs\u0027s Wanderer Trilogy","Koishi","Menagerie","Minty Spire (QoL Compilation)","Pale of the Ancients","StSLib","The Animator","Wandering Minibosses","vexMod","??????REMEMod"],"gold_per_floor":[114,114,145,33,46,90,90,124,148,333,258,278,208,235,235,336,336,350,366,280,280,280,280,280],"floor_reached":23,"playtime":3895,"items_purged":["animator:Defend"],"score":382,"play_id":"90f735e3-b6fe-49b1-8529-b57253b055ae","local_time":"20201225172933","is_ascension_mode":true,"campfire_choices":[{"data":"animator:LeleiLaLalena","floor":7,"key":"SMITH"},{"floor":15,"key":"REST"}],"circlet_count":0,"master_deck":["AscendersBane","animator:Strike_HitsugiNoChaika","animator:Defend_HitsugiNoChaika","animator:Strike","animator:Strike","animator:Strike","animator:Defend+1","animator:AcuraAkari","animator:Gillette","animator:MisaKurobane","Sentinel","animator:DolaCouronne+1","animator:LeleiLaLalena+1","animator:PandorasActor","animator:Guy","animator:Tatsumaki+1","animator:Shalltear+1","animator:DolaSchwi","animator:Jibril+1","animator:Shiro","animator:Tatsumaki+1","Elementarium:IceblessedBlade"],"relics":["animator:LivingPicture","animator:TheMissingPiece","REME_ComplimentaryCards","HornCleat","Lantern","infinitespire:Beetle Shell","Du-Vu Doll","Calipers","Dream Catcher","Sozu","Matryoshka"],"acts_visited":["Gensokyo:Gensokyo","Elementarium:Elementarium"],"potions_floor_usage":[6,8,16],"damage_taken":[{"damage":0,"enemies":"Gensokyo:Python","floor":1,"turns":3},{"damage":6,"enemies":"Gensokyo:Gryphon","floor":3,"turns":5},{"damage":0,"enemies":"Gensokyo:2_Kodama","floor":5,"turns":5},{"damage":9,"enemies":"Gensokyo:Cirno","floor":6,"turns":9},{"damage":0,"enemies":"Gensokyo:Mamizou","floor":8,"turns":7},{"damage":0,"enemies":"Gensokyo:Cirno","floor":10,"turns":6},{"damage":0,"enemies":"Gensokyo:Gryphon_and_Rabbit","floor":12,"turns":5},{"damage":5,"enemies":"Gensokyo:Kokoro","floor":16,"turns":9},{"damage":5,"enemies":"Elementarium:2_ELEMENTALS","floor":18,"turns":4},{"damage":16,"enemies":"Elementarium:Cyclone","floor":19,"turns":7},{"damage":50,"enemies":"Elementarium:FIRE_NOBILITY","floor":23,"turns":6}],"seed_played":"5496135806533164631","potions_obtained":[{"floor":3,"key":"Slimebound:ThreeZeroPotion"},{"floor":6,"key":"PowerPotion"},{"floor":10,"key":"SpeedPotion"},{"floor":12,"key":"DistilledChaos"}],"is_trial":false,"path_per_floor":["M","?","M","COS","M","E","R","E","T","E","$","M","?","T","R","B",null,"M","M","?","?","?","E"],"character_chosen":"THE_ANIMATOR","items_purchased":[],"campfire_rested":1,"item_purchase_floors":[],"current_hp_per_floor":[59,59,53,53,53,46,46,46,46,46,46,46,46,46,65,60,65,60,44,44,44,44,0,0],"gold":280,"neow_bonus":"RANDOM_COLORLESS","is_daily":false,"chose_seed":false,"campfire_upgraded":1,"win_rate":0.0,"timestamp":1608942573,"path_taken":["M","?","M","COS","M","E","R","E","T","E","$","?","?","?","R","BOSS","M","M","?","?","?","E"],"items_purchased_type":[],"build_version":"2020-12-22","purchased_purges":1,"victory":false,"max_hp_per_floor":[66,66,66,66,66,66,66,66,66,66,66,66,66,66,66,66,66,66,66,66,66,66,66,66],"card_choices":[{"not_picked":["animator:Canti","animator:Urushihara"],"picked":"animator:MisaKurobane","floor":0},{"not_picked":["animator:Shuna","animator:IzunaHatsuse"],"picked":"animator:DolaCouronne","floor":1},{"not_picked":["animator:DolaRiku","animator:PandorasActor"],"picked":"animator:LeleiLaLalena","floor":3},{"not_picked":["animator:DolaStephanie","animator:ChlammyZell"],"picked":"animator:PandorasActor","floor":5},{"not_picked":["animator:Gillette","animator:Layla"],"picked":"animator:Guy","floor":6},{"not_picked":["animator:Geryuganshoop","animator:GazelDwargon"],"picked":"animator:Tatsumaki","floor":8},{"not_picked":["animator:KrulTepes","animator:Guy"],"picked":"animator:Shalltear","floor":10},{"not_picked":["animator:KrulTepes","animator:Millim"],"picked":"animator:DolaSchwi","floor":12},{"not_picked":["animator:Shion","animator:Megumin"],"picked":"animator:Jibril","floor":15},{"not_picked":["animator:FeridBathory","animator:Boros"],"picked":"animator:Shiro","floor":16},{"not_picked":["animator:Genos","animator:MetalKnight"],"picked":"animator:Tatsumaki","floor":18},{"not_picked":["animator:Kazuma","animator:Guren","animator:Darkness"],"picked":"SKIP","floor":19}],"player_experience":551062,"relics_obtained":[{"floor":6,"key":"HornCleat"},{"floor":8,"key":"Lantern"},{"floor":9,"key":"infinitespire:Beetle Shell"},{"floor":10,"key":"Calipers"},{"floor":14,"key":"Dream Catcher"}],"event_choices":[{"damage_healed":0,"gold_gain":0,"player_choice":"Gold","damage_taken":0,"relics_obtained":["Matryoshka"],"max_hp_gain":0,"max_hp_loss":0,"event_name":"Elementarium:ShatteredPortal","floor":20,"gold_loss":86},{"damage_healed":0,"gold_gain":0,"player_choice":"Meditate","damage_taken":0,"max_hp_gain":0,"max_hp_loss":0,"event_name":"Elementarium:SculptureGarden","floor":21,"gold_loss":0,"cards_upgraded":["animator:Tatsumaki","animator:Shalltear","animator:Jibril","animator:Tatsumaki"]},{"damage_healed":0,"gold_gain":0,"player_choice":"Take","damage_taken":0,"max_hp_gain":0,"max_hp_loss":0,"event_name":"Elementarium:BladeSeller","floor":22,"gold_loss":0,"cards_obtained":["Elementarium:IceblessedBlade"]}],"is_beta":false,"boss_relics":[{"not_picked":["REME_DuelDisc","Black Star"],"picked":"Sozu"}],"items_purged_floors":[11],"is_endless":false,"potions_floor_spawned":[3,6,10,12],"killed_by":"Elementarium:FIRE_NOBILITY","ascension_level":11}}