{"host":"3b5lda25ezqra65h","time":1608997444,"event":{"mods":["BaseMod","BetterRewards","Colored Map","Minty Spire (QoL Compilation)","The Disciple"],"gold_per_floor":[109,109,284,296,308,308,0,25,25,25,44,44,78,78,78,174,174,193,193,210,210,229,263,263,279,279,279,279,379,391,391,391],"floor_reached":31,"playtime":1598,"items_purged":[],"score":424,"play_id":"a87ee626-07a8-49b1-8b1e-688ec7d48b51","local_time":"20201226164404","is_ascension_mode":true,"campfire_choices":[{"floor":6,"key":"RECALL"},{"floor":12,"key":"REST"},{"floor":15,"key":"REST"},{"floor":24,"key":"REST"},{"floor":27,"key":"REST"}],"circlet_count":0,"master_deck":["Strike_G","Strike_G","Strike_G","Strike_G","Strike_G","Defend_G","Defend_G","Defend_G","Defend_G","Defend_G","Survivor","Neutralize","Trip","Catalyst","Crippling Poison","Deadly Poison+1","Dagger Throw+1","Corpse Explosion+1","All Out Attack+1","Deadly Poison+1","Infinite Blades+1","Venomology+1"],"relics":["Ring of the Serpent","Toxic Egg 2","InkBottle","Molten Egg 2","Bag of Marbles","The Specimen","Singing Bowl"],"acts_visited":["Exordium","TheCity"],"potions_floor_usage":[5,16,16,22,22,23,30,31,31],"damage_taken":[{"damage":0,"enemies":"Cultist","floor":1,"turns":3},{"damage":1,"enemies":"Small Slimes","floor":4,"turns":5},{"damage":2,"enemies":"Jaw Worm","floor":5,"turns":5},{"damage":27,"enemies":"Gremlin Nob","floor":8,"turns":4},{"damage":10,"enemies":"Exordium Wildlife","floor":11,"turns":5},{"damage":32,"enemies":"3 Sentries","floor":13,"turns":12},{"damage":33,"enemies":"Slime Boss","floor":16,"turns":6},{"damage":0,"enemies":"Chosen","floor":18,"turns":4},{"damage":0,"enemies":"Spheric Guardian","floor":20,"turns":2},{"damage":21,"enemies":"3 Cultists","floor":22,"turns":4},{"damage":41,"enemies":"Slavers","floor":23,"turns":4},{"damage":33,"enemies":"Snecko","floor":25,"turns":5},{"damage":11,"enemies":"Sentry and Sphere","floor":30,"turns":5},{"damage":10,"enemies":"Snake Plant","floor":31,"turns":3}],"seed_played":"4676642321632412265","potions_obtained":[{"floor":4,"key":"Ancient Potion"},{"floor":8,"key":"EssenceOfSteel"},{"floor":13,"key":"SteroidPotion"},{"floor":18,"key":"ColorlessPotion"},{"floor":20,"key":"EssenceOfSteel"},{"floor":30,"key":"PowerPotion"}],"is_trial":false,"path_per_floor":["M","?","?","M","M","R","$","E","T","T","M","R","E","?","R","B",null,"M","?","M","?","M","E","R","M","T","R","?","?","M","M"],"character_chosen":"THE_SILENT","items_purchased":["Fire Potion","Toxic Egg 2","Deadly Poison+1"],"campfire_rested":4,"item_purchase_floors":[0,7,7],"current_hp_per_floor":[70,70,70,69,67,67,67,40,40,40,30,51,19,19,40,7,70,70,70,70,80,59,18,42,9,9,33,18,18,9,0,0],"gold":391,"neow_bonus":"","is_daily":false,"chose_seed":false,"campfire_upgraded":0,"win_rate":0.0,"timestamp":1608997444,"path_taken":["M","?","?","M","M","R","$","E","T","?","?","R","E","?","R","BOSS","M","?","?","?","?","E","R","M","T","R","?","?","?","M"],"items_purchased_type":["Potion","Relic","Card"],"build_version":"2020-12-22","purchased_purges":0,"victory":false,"max_hp_per_floor":[70,70,70,70,70,70,70,70,70,70,70,70,70,70,70,70,70,70,70,70,80,80,80,80,80,80,80,85,85,87,87,87],"card_choices":[{"not_picked":["Outmaneuver","PiercingWail"],"picked":"Catalyst","floor":1},{"not_picked":["Blur","Endless Agony"],"picked":"Crippling Poison","floor":4},{"not_picked":["Acrobatics","Flying Knee","Setup"],"picked":"SKIP","floor":5},{"not_picked":["Slice","Escape Plan+1","Dash"],"picked":"SKIP","floor":8},{"not_picked":["Outmaneuver+1","Leg Sweep+1"],"picked":"Dagger Throw+1","floor":11},{"not_picked":["Setup+1","Predator+1"],"picked":"Infinite Blades","floor":13},{"not_picked":["Storm of Steel+1","Wraith Form v2"],"picked":"Die Die Die+1","floor":16},{"not_picked":["Endless Agony+1","Dagger Throw+1"],"picked":"All Out Attack+1","floor":18},{"not_picked":["Leg Sweep+1","Expertise+1","Blade Dance+1"],"picked":"SKIP","floor":20},{"not_picked":["Deflect+1","Flying Knee+1"],"picked":"Deadly Poison+1","floor":22},{"not_picked":["Heel Hook+1","Outmaneuver+1"],"picked":"Infinite Blades+1","floor":23},{"not_picked":["Outmaneuver+1","Bane+1"],"picked":"Venomology+1","floor":25},{"not_picked":["Deflect+1","Endless Agony+1","Outmaneuver+1"],"picked":"Singing Bowl","floor":30}],"player_experience":207641,"relics_obtained":[{"floor":8,"key":"InkBottle"},{"floor":10,"key":"Molten Egg 2"},{"floor":13,"key":"Bag of Marbles"},{"floor":23,"key":"The Specimen"},{"floor":26,"key":"Singing Bowl"}],"event_choices":[{"damage_healed":0,"gold_gain":0,"player_choice":"Ignored","damage_taken":0,"max_hp_gain":0,"max_hp_loss":0,"event_name":"Golden Wing","floor":2,"gold_loss":0},{"damage_healed":0,"gold_gain":175,"player_choice":"AGREE","damage_taken":0,"max_hp_gain":0,"max_hp_loss":0,"event_name":"Liars Game","floor":3,"gold_loss":0,"cards_obtained":["Doubt"]},{"damage_healed":0,"gold_gain":0,"cards_transformed":["Infinite Blades"],"player_choice":"Transformed","damage_taken":0,"max_hp_gain":0,"max_hp_loss":0,"event_name":"Transmorgrifier","floor":14,"gold_loss":0,"cards_obtained":["Corpse Explosion"]},{"cards_removed":["Doubt"],"damage_healed":0,"gold_gain":0,"player_choice":"Removed Curses","damage_taken":0,"max_hp_gain":0,"max_hp_loss":0,"event_name":"Fountain of Cleansing","floor":19,"gold_loss":0},{"cards_removed":["Die Die Die"],"damage_healed":0,"gold_gain":0,"player_choice":"Offered Rare","damage_taken":0,"max_hp_gain":10,"max_hp_loss":0,"event_name":"Bonfire Elementals","floor":21,"gold_loss":0},{"damage_healed":0,"gold_gain":0,"player_choice":"Shed Blood","damage_taken":20,"max_hp_gain":5,"max_hp_loss":0,"event_name":"Forgotten Altar","floor":28,"gold_loss":0},{"damage_healed":0,"gold_gain":100,"player_choice":"Pray","damage_taken":0,"max_hp_gain":0,"max_hp_loss":0,"event_name":"Golden Shrine","floor":29,"gold_loss":0}],"is_beta":false,"boss_relics":[{"not_picked":["Tiny House","HoveringKite"],"picked":"Ring of the Serpent"}],"items_purged_floors":[],"is_endless":false,"potions_floor_spawned":[4,8,13,18,20,30],"killed_by":"Snake Plant","ascension_level":2}}