{"host":"2461dio7vetlq1z3","time":1608947773,"event":{"mods":["2.2 Compatiblity","AchievementEnabler","Aspiration","BaseMod","Better Skull","Better Third Choice","Friendly Minions","Hermit","Hubris","Minty Spire (QoL Compilation)","Relic Stats","Spicy Shops","StSLib","Waifu the Spire"],"gold_per_floor":[118,118,131,206,220,220,240,240,266,266,292,310,320,352,352,352,352],"floor_reached":16,"playtime":613,"items_purged":[],"score":224,"play_id":"38bf6d83-a788-40e7-8b19-6550a9129c42","local_time":"20201226025613","is_ascension_mode":true,"campfire_choices":[{"floor":6,"key":"REST"},{"data":"1","floor":8,"key":"LIFT"},{"data":"2","floor":10,"key":"LIFT"},{"data":"3","floor":15,"key":"LIFT"}],"circlet_count":0,"master_deck":["AscendersBane","Strike_G","Strike_G","Strike_G","Strike_G","Strike_G","Defend_G","Defend_G","Defend_G","Defend_G","Defend_G","Survivor","Neutralize","Dagger Spray","Bouncing Flask","Dagger Spray","Skewer","All Out Attack","PiercingWail","Dagger Spray","Unload"],"relics":["Ring of the Snake","Girya","Centennial Puzzle","hubris:ToyBattleship","aspiration:VileToxins","Potion Belt"],"acts_visited":["Exordium"],"potions_floor_usage":[16,16],"damage_taken":[{"damage":14,"enemies":"Jaw Worm","floor":1,"turns":7},{"damage":1,"enemies":"Cultist","floor":3,"turns":4},{"damage":0,"enemies":"2 Louse","floor":5,"turns":2},{"damage":4,"enemies":"Blue Slaver","floor":7,"turns":4},{"damage":12,"enemies":"Lagavulin","floor":11,"turns":6},{"damage":0,"enemies":"2 Fungi Beasts","floor":12,"turns":2},{"damage":4,"enemies":"Large Slime","floor":13,"turns":7},{"damage":5,"enemies":"3 Sentries","floor":14,"turns":2},{"damage":17,"enemies":"The Guardian","floor":16,"turns":9}],"seed_played":"4437043150531843938","potions_obtained":[{"floor":1,"key":"SmokeBomb"},{"floor":7,"key":"Swift Potion"},{"floor":12,"key":"Swift Potion"}],"is_trial":false,"path_per_floor":["M","?","M","?","M","R","M","R","T","R","E","M","M","E","R","B"],"character_chosen":"THE_SILENT","items_purchased":[],"campfire_rested":1,"item_purchase_floors":[],"current_hp_per_floor":[30,30,29,18,18,37,33,33,33,33,21,21,17,12,12,0,0],"gold":352,"neow_bonus":"ONE_RARE_RELIC","is_daily":false,"chose_seed":false,"campfire_upgraded":0,"win_rate":0.0,"timestamp":1608947773,"path_taken":["M","?","?","?","M","R","M","R","T","R","E","M","M","E","R","BOSS"],"items_purchased_type":[],"build_version":"2020-12-22","purchased_purges":0,"victory":false,"max_hp_per_floor":[66,66,66,66,66,66,66,66,66,66,66,66,66,66,66,66,66],"relic_stats":{"Centennial Puzzle":[18],"counters":[9,43],"obtain_stats":[{"aspiration:VileToxins":11,"Potion Belt":14,"Girya":0,"Centennial Puzzle":2,"hubris:ToyBattleship":9,"Ring of the Snake":0},{"aspiration:VileToxins":5,"Potion Belt":8,"Girya":0,"Centennial Puzzle":1,"hubris:ToyBattleship":4,"Ring of the Snake":0},{"aspiration:VileToxins":23,"Potion Belt":34,"Girya":0,"Centennial Puzzle":7,"hubris:ToyBattleship":17,"Ring of the Snake":0}],"Ring of the Snake":[18]},"card_choices":[{"not_picked":["Choke","Underhanded Strike"],"picked":"Dagger Spray","floor":1},{"not_picked":["Blur","Crippling Poison"],"picked":"Bouncing Flask","floor":3},{"not_picked":["Blade Dance","Sucker Punch"],"picked":"Dagger Spray","floor":5},{"not_picked":["Concentrate","Caltrops"],"picked":"Skewer","floor":7},{"not_picked":["Dagger Throw","Finisher"],"picked":"All Out Attack","floor":11},{"not_picked":["Reflex","Poisoned Stab"],"picked":"PiercingWail","floor":12},{"not_picked":["hubris:Sniper","Deflect"],"picked":"Dagger Spray","floor":13},{"not_picked":["Reflex","Quick Slash"],"picked":"Unload","floor":14}],"player_experience":920853,"relics_obtained":[{"floor":9,"key":"hubris:ToyBattleship"},{"floor":11,"key":"aspiration:VileToxins"},{"floor":14,"key":"Potion Belt"}],"event_choices":[{"damage_healed":0,"gold_gain":0,"player_choice":"Gave Potion","damage_taken":0,"relics_obtained":["Centennial Puzzle"],"max_hp_gain":0,"max_hp_loss":0,"event_name":"WeMeetAgain","floor":2,"gold_loss":0},{"damage_healed":0,"gold_gain":75,"player_choice":"Gold","damage_taken":11,"max_hp_gain":0,"max_hp_loss":0,"event_name":"betterThird:BetterGoop","floor":4,"gold_loss":0}],"is_beta":false,"boss_relics":[],"items_purged_floors":[],"is_endless":false,"potions_floor_spawned":[1,7,12],"killed_by":"The Guardian","ascension_level":20}}