{"host":"uwh382mre4waz4ff","time":1608944924,"event":{"mods":["AchievementEnabler","BaseMod","Better Note","Better Third Choice","BetterRewards","Minty Spire (QoL Compilation)","StSLib"],"gold_per_floor":[111,111,111,11,61,61,85,85,85,108,121,121,136,157,157,282,282,302,326,326,326,346,346,381,431,513,513,55,95,114,150,150,150,150],"floor_reached":33,"playtime":3312,"items_purged":["Strike_G","Defend_G"],"score":345,"play_id":"d56269e1-3015-4fb2-b355-e603d8104cfe","local_time":"20201226090844","is_ascension_mode":false,"campfire_choices":[{"data":"Prepared","floor":6.0,"key":"SMITH"},{"data":"Cloak And Dagger","floor":8.0,"key":"SMITH"},{"data":"After Image","floor":12.0,"key":"SMITH"},{"data":"Blade Dance","floor":15.0,"key":"SMITH"},{"data":"Adrenaline","floor":23.0,"key":"SMITH"},{"floor":27.0,"key":"DIG"},{"data":"1","floor":32.0,"key":"LIFT"}],"circlet_count":0,"master_deck":["Strike_G","Strike_G","Strike_G","Defend_G","Defend_G","Defend_G","Defend_G","Survivor","Neutralize","Prepared+1","Infinite Blades","Cloak And Dagger+1","Blade Dance+1","Prepared","Cloak And Dagger","After Image+1","Cloak And Dagger","Prepared","Adrenaline+1","Escape Plan+1","Blade Dance+1"],"relics":["Ring of the Snake","Art of War","FaceOfCleric","Prayer Wheel","Tiny Chest","Golden Idol","Orichalcum","Ornamental Fan","Busted Crown","SsserpentHead","Shovel","Gambling Chip","Meat on the Bone","Turnip","Medical Kit","Girya","Lantern","Pear"],"acts_visited":["Exordium","TheCity"],"potions_floor_usage":[],"damage_taken":[{"damage":0.0,"enemies":"Jaw Worm","floor":1.0,"turns":7.0},{"damage":0.0,"enemies":"2 Louse","floor":7.0,"turns":4.0},{"damage":0.0,"enemies":"Cultist","floor":10.0,"turns":3.0},{"damage":0.0,"enemies":"2 Fungi Beasts","floor":11.0,"turns":3.0},{"damage":0.0,"enemies":"Red Slaver","floor":13.0,"turns":3.0},{"damage":0.0,"enemies":"Exordium Wildlife","floor":14.0,"turns":6.0},{"damage":2.0,"enemies":"Slime Boss","floor":16.0,"turns":15.0},{"damage":0.0,"enemies":"Chosen","floor":18.0,"turns":6.0},{"damage":0.0,"enemies":"2 Thieves","floor":19.0,"turns":4.0},{"damage":2.0,"enemies":"Sentry and Sphere","floor":22.0,"turns":8.0},{"damage":27.0,"enemies":"Book of Stabbing","floor":24.0,"turns":9.0},{"damage":0.0,"enemies":"Slavers","floor":29.0,"turns":6.0},{"damage":5.0,"enemies":"Snecko","floor":30.0,"turns":6.0},{"damage":30.0,"enemies":"Gremlin Leader","floor":31.0,"turns":6.0},{"damage":37,"enemies":"Collector","floor":33,"turns":9}],"seed_played":"2268914426407343106","potions_obtained":[{"floor":1.0,"key":"DistilledChaos"},{"floor":7.0,"key":"BlessingOfTheForge"},{"floor":16.0,"key":"Explosive Potion"},{"floor":19.0,"key":"CunningPotion"},{"floor":29.0,"key":"Energy Potion"}],"is_trial":false,"path_per_floor":["M","?","?","$","T","R","M","R","T","M","M","R","M","M","R","B",null,"M","M","?","?","M","R","E","T","T","R","$","E","M","E","R","B"],"character_chosen":"THE_SILENT","items_purchased":["Tiny Chest","Medical Kit","Girya"],"campfire_rested":0,"item_purchase_floors":[0,28,28],"current_hp_per_floor":[23,16,16,16,16,16,17,17,17,18,19,19,20,21,21,20,72,73,74,74,74,73,73,47,47,47,47,47,48,44,37,37,0,0],"gold":150,"neow_bonus":"","is_daily":false,"chose_seed":false,"campfire_upgraded":5,"win_rate":0.0,"timestamp":1608944924,"path_taken":["M","?","?","?","?","R","?","R","T","M","M","R","M","M","R","BOSS","M","M","?","?","M","R","E","?","T","R","$","E","M","E","R","BOSS"],"items_purchased_type":["Relic","Relic","Relic"],"build_version":"2020-12-22","purchased_purges":2,"victory":false,"max_hp_per_floor":[71,71,66,66,66,66,67,67,67,68,69,69,70,71,71,72,72,73,74,74,74,75,75,76,76,76,76,76,77,78,89,89,89,89],"card_choices":[{"not_picked":["Underhanded Strike","Slice"],"picked":"Prepared","floor":1.0},{"not_picked":["Dagger Throw","Quick Slash","PiercingWail"],"picked":"SKIP","floor":1.0},{"not_picked":["Slice","Terror"],"picked":"Infinite Blades","floor":7.0},{"not_picked":["Underhanded Strike","Prepared"],"picked":"Cloak And Dagger","floor":7.0},{"not_picked":["Outmaneuver","Dodge and Roll"],"picked":"Blade Dance","floor":10.0},{"not_picked":["Deflect","Slice"],"picked":"Prepared","floor":10.0},{"not_picked":["Underhanded Strike","Dagger Spray"],"picked":"Cloak And Dagger","floor":11.0},{"not_picked":["Leg Sweep","Catalyst"],"picked":"After Image","floor":11.0},{"not_picked":["Dodge and Roll","Deflect"],"picked":"Cloak And Dagger","floor":13.0},{"not_picked":["Backstab","Outmaneuver","Acrobatics"],"picked":"SKIP","floor":13.0},{"not_picked":["Outmaneuver","Blur"],"picked":"Prepared","floor":14.0},{"not_picked":["Distraction","Quick Slash","Heel Hook"],"picked":"SKIP","floor":14.0},{"not_picked":["Phantasmal Killer","Wraith Form v2"],"picked":"Adrenaline","floor":16.0},{"not_picked":[],"picked":"Escape Plan+1","floor":18.0},{"not_picked":["Quick Slash+1"],"picked":"SKIP","floor":18.0},{"not_picked":["Poisoned Stab"],"picked":"SKIP","floor":19.0},{"not_picked":["Bane"],"picked":"SKIP","floor":19.0},{"not_picked":["PiercingWail"],"picked":"SKIP","floor":22.0},{"not_picked":["Eviscerate"],"picked":"SKIP","floor":22.0},{"not_picked":[],"picked":"Blade Dance+1","floor":24.0},{"not_picked":["Bane+1"],"picked":"SKIP","floor":29.0},{"not_picked":["Endless Agony"],"picked":"SKIP","floor":30.0},{"not_picked":["Predator"],"picked":"SKIP","floor":30.0},{"not_picked":["Unload"],"picked":"SKIP","floor":31.0}],"player_experience":67019,"relics_obtained":[{"floor":5.0,"key":"Orichalcum"},{"floor":9.0,"key":"Ornamental Fan"},{"floor":24.0,"key":"Shovel"},{"floor":25.0,"key":"Gambling Chip"},{"floor":26.0,"key":"Meat on the Bone"},{"floor":27.0,"key":"Turnip"},{"floor":29.0,"key":"Lantern"},{"floor":31.0,"key":"Pear"}],"event_choices":[{"cards_removed":["Strike_G"],"damage_healed":0.0,"max_hp_gain":0.0,"max_hp_loss":0.0,"gold_gain":0.0,"event_name":"Golden Wing","player_choice":"Card Removal","floor":2.0,"gold_loss":0.0,"damage_taken":7.0},{"damage_healed":0.0,"max_hp_gain":0.0,"max_hp_loss":5.0,"gold_gain":0.0,"event_name":"Golden Idol","player_choice":"Lose Max HP","floor":3.0,"gold_loss":0.0,"damage_taken":0.0,"relics_obtained":["Golden Idol"]},{"cards_removed":["Defend_G"],"damage_healed":0.0,"max_hp_gain":0.0,"max_hp_loss":0.0,"gold_gain":0.0,"event_name":"betterNote:BetterNote","player_choice":"Give","floor":20.0,"gold_loss":0.0,"damage_taken":0.0,"cards_obtained":["Strike_G"]},{"damage_healed":0.0,"max_hp_gain":0.0,"max_hp_loss":0.0,"gold_gain":0.0,"event_name":"FaceTrader","player_choice":"Trade","floor":21.0,"gold_loss":0.0,"damage_taken":0.0,"relics_obtained":["SsserpentHead"]}],"is_beta":false,"boss_relics":[{"not_picked":["Black Star","Runic Pyramid"],"picked":"Busted Crown"}],"items_purged_floors":[0,4],"is_endless":false,"potions_floor_spawned":[1,7,16,19,29],"killed_by":"Collector","ascension_level":0}}