{"host":"q9718omregw4er46","time":1608998208,"event":{"mods":["BaseMod","Colored Powertips","Minty Spire (QoL Compilation)","Quick Restart","Relic Stats"],"gold_per_floor":[119,119,134,150,150,150,176,188,188,222,222,90,90,106,106,183,183,197,79,79,124,47,77,91,116,116,129,129,129,141,155,155,228,228,241,257,257,275,286,286,319,319,319],"floor_reached":42,"playtime":1895,"items_purged":["Strike_P"],"score":1056,"play_id":"bf3036ab-106e-423a-af5d-d5ffb85a44e9","local_time":"20201226205648","is_ascension_mode":true,"campfire_choices":[{"floor":6.0,"key":"REST"},{"data":"FearNoEvil","floor":13.0,"key":"SMITH"},{"data":"EmptyMind","floor":15.0,"key":"SMITH"},{"data":"1","floor":29.0,"key":"LIFT"},{"data":"2","floor":32.0,"key":"LIFT"},{"data":"3","floor":40.0,"key":"LIFT"}],"circlet_count":0,"master_deck":["AscendersBane","Defend_P+1","Defend_P+1","Eruption+1","Vigilance+1","DeusExMachina+1","FearNoEvil+1","EmptyMind+1","Conclude+1","SandsOfTime+1","SashWhip+1","EmptyFist+1","LessonLearned+1","Adaptation+1","WheelKick+1","MentalFortress+1","CrushJoints+1","ReachHeaven+1","DevaForm+1","DeusExMachina+1","Consecrate+1","CutThroughFate+1","Evaluate+1","Indignation+1","MentalFortress"],"relics":["PureWater","Molten Egg 2","Pantograph","Pear","Coffee Dripper","Enchiridion","Oddly Smooth Stone","TeardropLocket","Girya","Question Card","Astrolabe","Bottled Lightning"],"acts_visited":["Exordium","TheCity","TheBeyond"],"potions_floor_usage":[],"damage_taken":[{"damage":1.0,"enemies":"2 Louse","floor":1.0,"turns":2.0},{"damage":4.0,"enemies":"Small Slimes","floor":3.0,"turns":3.0},{"damage":2.0,"enemies":"Cultist","floor":4.0,"turns":3.0},{"damage":32.0,"enemies":"Gremlin Nob","floor":7.0,"turns":4.0},{"damage":1.0,"enemies":"Looter","floor":8.0,"turns":4.0},{"damage":12.0,"enemies":"3 Sentries","floor":10.0,"turns":5.0},{"damage":0.0,"enemies":"Exordium Wildlife","floor":14.0,"turns":2.0},{"damage":19.0,"enemies":"The Guardian","floor":16.0,"turns":9.0},{"damage":6.0,"enemies":"2 Thieves","floor":18.0,"turns":2.0},{"damage":11.0,"enemies":"Slavers","floor":23.0,"turns":5.0},{"damage":0.0,"enemies":"Chosen","floor":24.0,"turns":2.0},{"damage":20.0,"enemies":"Book of Stabbing","floor":25.0,"turns":3.0},{"damage":9.0,"enemies":"Snake Plant","floor":27.0,"turns":2.0},{"damage":0.0,"enemies":"Snecko","floor":30.0,"turns":4.0},{"damage":1.0,"enemies":"Centurion and Healer","floor":31.0,"turns":2.0},{"damage":18.0,"enemies":"Automaton","floor":33.0,"turns":6.0},{"damage":3.0,"enemies":"3 Shapes","floor":35.0,"turns":5.0},{"damage":0.0,"enemies":"3 Darklings","floor":36.0,"turns":4.0},{"damage":38.0,"enemies":"Jaw Worm Horde","floor":38.0,"turns":4.0},{"damage":0.0,"enemies":"Transient","floor":39.0,"turns":6.0},{"damage":0.0,"enemies":"Giant Head","floor":41.0,"turns":4.0},{"damage":30,"enemies":"Maw","floor":42,"turns":2}],"seed_played":"-8599976598416272094","potions_obtained":[{"floor":3.0,"key":"SkillPotion"},{"floor":8.0,"key":"EntropicBrew"},{"floor":10.0,"key":"SteroidPotion"},{"floor":23.0,"key":"Fruit Juice"},{"floor":24.0,"key":"AttackPotion"},{"floor":27.0,"key":"Ancient Potion"},{"floor":31.0,"key":"DuplicationPotion"},{"floor":35.0,"key":"Strength Potion"}],"is_trial":false,"path_per_floor":["M","?","M","M","?","R","E","M","T","E","?","$","R","M","R","B",null,"M","$","?","T","$","E","M","E","T","M","?","R","M","M","R","B",null,"M","M","$","M","M","R","E","M"],"character_chosen":"WATCHER","items_purchased":["SashWhip+1","Adaptation","WheelKick+1","MentalFortress"],"campfire_rested":1,"item_purchase_floors":[12,19,19,22],"current_hp_per_floor":[60,60,56,54,47,67,35,34,34,32,32,32,32,32,32,38,68,62,62,41,41,41,30,30,15,15,6,6,6,6,5,5,12,65,62,62,62,24,24,24,24,0,0],"gold":319,"neow_bonus":"ONE_RANDOM_RARE_CARD","is_daily":false,"chose_seed":false,"campfire_upgraded":2,"win_rate":0.0,"timestamp":1608998208,"path_taken":["M","?","M","M","?","R","E","M","T","E","?","$","R","M","R","BOSS","M","?","?","?","$","E","M","E","T","M","?","R","M","M","R","BOSS","M","M","$","?","M","R","E","M"],"items_purchased_type":["Card","Card","Card","Card"],"build_version":"2020-12-22","purchased_purges":1,"victory":false,"max_hp_per_floor":[68,68,68,68,68,68,68,68,68,78,78,78,78,78,78,78,78,78,78,78,78,78,78,78,83,83,83,83,83,83,83,83,83,83,83,83,83,83,83,83,83,83,83],"relic_stats":{"counters":[22,83],"Pantograph":50,"Astrolabe":["DeusExMachina","Consecrate","CutThroughFate"],"Question Card":10,"obtain_stats":[{"Girya":25,"Pear":10,"Pantograph":9,"Astrolabe":34,"Enchiridion":20,"Oddly Smooth Stone":21,"Molten Egg 2":7,"Coffee Dripper":17,"TeardropLocket":23,"Bottled Lightning":41,"PureWater":0,"Question Card":26},{"Girya":12,"Pear":6,"Pantograph":5,"Astrolabe":16,"Enchiridion":9,"Oddly Smooth Stone":9,"Molten Egg 2":4,"Coffee Dripper":8,"TeardropLocket":10,"Bottled Lightning":21,"PureWater":0,"Question Card":12},{"Girya":44,"Pear":21,"Pantograph":16,"Astrolabe":58,"Enchiridion":34,"Oddly Smooth Stone":34,"Molten Egg 2":12,"Coffee Dripper":32,"TeardropLocket":39,"Bottled Lightning":81,"PureWater":0,"Question Card":44}]},"card_choices":[{"not_picked":["ThirdEye","Prostrate","PathToVictory"],"picked":"SKIP","floor":1.0},{"not_picked":["Crescendo","SignatureMove"],"picked":"FearNoEvil","floor":3.0},{"not_picked":["SignatureMove","Sanctity","PathToVictory"],"picked":"SKIP","floor":4.0},{"not_picked":["Judgement","ThirdEye"],"picked":"EmptyMind","floor":7.0},{"not_picked":["SandsOfTime+1","Consecrate+1"],"picked":"Conclude+1","floor":8.0},{"not_picked":["Protect","Crescendo"],"picked":"SandsOfTime+1","floor":10.0},{"not_picked":["EmptyBody","SandsOfTime+1"],"picked":"EmptyFist+1","floor":14.0},{"not_picked":["Scrawl","Blasphemy"],"picked":"LessonLearned+1","floor":16.0},{"not_picked":["EmptyFist+1","SignatureMove+1","DeceiveReality"],"picked":"SKIP","floor":18.0},{"not_picked":["ClearTheMind","Swivel","FearNoEvil+1"],"picked":"SKIP","floor":23.0},{"not_picked":["ClearTheMind","Protect"],"picked":"CrushJoints+1","floor":24.0},{"not_picked":["Halt","ThirdEye","Establishment"],"picked":"SKIP","floor":25.0},{"not_picked":["PathToVictory","SandsOfTime+1","Evaluate","Consecrate+1"],"picked":"SKIP","floor":27.0},{"not_picked":["Evaluate","Crescendo","SandsOfTime+1","BowlingBash+1"],"picked":"SKIP","floor":30.0},{"not_picked":["EmptyFist+1","SashWhip+1","CutThroughFate+1"],"picked":"ReachHeaven+1","floor":31.0},{"not_picked":["ConjureBlade","DeusExMachina","MasterReality"],"picked":"DevaForm","floor":33.0},{"not_picked":["FlurryOfBlows+1","ThirdEye","WreathOfFlame+1"],"picked":"Evaluate+1","floor":35.0},{"not_picked":["BowlingBash+1","EmptyFist+1","WreathOfFlame"],"picked":"Indignation+1","floor":36.0},{"not_picked":["ThirdEye","PathToVictory","ForeignInfluence+1","ReachHeaven+1"],"picked":"SKIP","floor":38.0},{"not_picked":["EmptyBody","CarveReality+1","Study"],"picked":"MentalFortress","floor":39.0},{"not_picked":["Establishment","Conclude+1","Halt+1","FlurryOfBlows+1"],"picked":"SKIP","floor":41.0}],"player_experience":1121309,"relics_obtained":[{"floor":7.0,"key":"Molten Egg 2"},{"floor":9.0,"key":"Pantograph"},{"floor":10.0,"key":"Pear"},{"floor":20.0,"key":"Enchiridion"},{"floor":21.0,"key":"Oddly Smooth Stone"},{"floor":23.0,"key":"TeardropLocket"},{"floor":25.0,"key":"Girya"},{"floor":26.0,"key":"Question Card"},{"floor":41.0,"key":"Bottled Lightning"}],"event_choices":[{"damage_healed":0.0,"max_hp_gain":0.0,"max_hp_loss":0.0,"gold_gain":0.0,"event_name":"Living Wall","player_choice":"Grow","floor":2.0,"gold_loss":0.0,"damage_taken":0.0,"cards_upgraded":["DeusExMachina"]},{"cards_removed":["Strike_P"],"damage_healed":0.0,"max_hp_gain":0.0,"max_hp_loss":0.0,"gold_gain":0.0,"event_name":"Golden Wing","player_choice":"Card Removal","floor":5.0,"gold_loss":0.0,"damage_taken":7.0},{"cards_removed":["Defend_P"],"damage_healed":0.0,"max_hp_gain":0.0,"max_hp_loss":0.0,"gold_gain":0.0,"event_name":"Bonfire Elementals","player_choice":"Offered Basic","floor":11.0,"gold_loss":0.0,"damage_taken":0.0},{"damage_healed":0.0,"max_hp_gain":0.0,"max_hp_loss":0.0,"gold_gain":0.0,"event_name":"Cursed Tome","player_choice":"Obtained Book","floor":20.0,"gold_loss":0.0,"damage_taken":21.0},{"damage_healed":0.0,"max_hp_gain":0.0,"max_hp_loss":0.0,"gold_gain":0.0,"event_name":"Upgrade Shrine","player_choice":"Upgraded","floor":28.0,"gold_loss":0.0,"damage_taken":0.0,"cards_upgraded":["Adaptation"]}],"is_beta":false,"boss_relics":[{"not_picked":["Empty Cage","Runic Pyramid"],"picked":"Coffee Dripper"},{"not_picked":["Busted Crown","SacredBark"],"picked":"Astrolabe"}],"items_purged_floors":[12],"is_endless":false,"potions_floor_spawned":[3,8,10,23,24,27,31,35],"killed_by":"Maw","ascension_level":20}}