{"host":"uwh382mre4waz4ff","time":1608982104,"event":{"mods":["AchievementEnabler","BaseMod","Better Note","Better Third Choice","BetterRewards","Minty Spire (QoL Compilation)","Quick Restart","Shop Mod","StSLib"],"gold_per_floor":[119,119,69,69,87,87,108,121,121,178,196,196,206,225,225,329,329,345,345,270,283,383,398,423,423,449,449,449],"floor_reached":27,"playtime":1574,"items_purged":["Strike_B"],"score":273,"play_id":"c8cb978c-62ad-4ad6-89aa-82de8ce933b8","local_time":"20201226192824","is_ascension_mode":false,"campfire_choices":[{"floor":6.0,"key":"RECALL"},{"floor":15.0,"key":"REST"}],"circlet_count":0,"master_deck":["Strike_B","Strike_B","Defend_B","Defend_B","Defend_B","Defend_B","Gash+1","Flash of Steel","Gash","Gash+1","Scrape","Reboot","Hologram+1","Fusion"],"relics":["Cracked Core","FossilizedHelix","Odd Mushroom","Regal Pillow","Nuclear Battery","Pen Nib","Whetstone"],"acts_visited":["Exordium","TheCity"],"potions_floor_usage":[24,27,27,27],"damage_taken":[{"damage":0.0,"enemies":"Jaw Worm","floor":1.0,"turns":4.0},{"damage":0.0,"enemies":"2 Louse","floor":5.0,"turns":3.0},{"damage":17.0,"enemies":"The Mushroom Lair","floor":7.0,"turns":4.0},{"damage":0.0,"enemies":"Small Slimes","floor":8.0,"turns":2.0},{"damage":14.0,"enemies":"Lagavulin Event","floor":10.0,"turns":5.0},{"damage":0.0,"enemies":"Looter","floor":11.0,"turns":3.0},{"damage":0.0,"enemies":"2 Fungi Beasts","floor":13.0,"turns":2.0},{"damage":0.0,"enemies":"3 Louse","floor":14.0,"turns":3.0},{"damage":0.0,"enemies":"Slime Boss","floor":16.0,"turns":7.0},{"damage":9,"enemies":"Shell Parasite","floor":18,"turns":3},{"damage":16,"enemies":"3 Byrds","floor":21,"turns":3},{"damage":17,"enemies":"Centurion and Healer","floor":23,"turns":3},{"damage":27,"enemies":"Slavers","floor":24,"turns":6},{"damage":10,"enemies":"Snecko","floor":27,"turns":3}],"seed_played":"-5851174171709474553","potions_obtained":[{"floor":1.0,"key":"SneckoOil"},{"floor":5.0,"key":"Swift Potion"},{"floor":11.0,"key":"Fruit Juice"},{"floor":14.0,"key":"FearPotion"},{"floor":16.0,"key":"PowerPotion"},{"floor":23,"key":"Swift Potion"},{"floor":24,"key":"Strength Potion"}],"is_trial":false,"path_per_floor":["M","?","?","$","M","R","?","M","T","?","M","?","M","M","R","B",null,"M","?","$","M","?","M","E","?","T","M"],"character_chosen":"DEFECT","items_purchased":["Gash","Flash of Steel","Gash"],"campfire_rested":1,"item_purchase_floors":[0,0,0],"current_hp_per_floor":[40,40,40,40,40,40,23,23,23,9,14,14,14,14,53,53,80,71,65,65,49,49,32,5,5,5,0,0],"gold":449,"neow_bonus":"","is_daily":false,"chose_seed":false,"campfire_upgraded":0,"win_rate":0.0,"timestamp":1608982104,"path_taken":["M","?","?","?","M","R","?","M","T","?","?","?","M","M","R","BOSS","M","?","?","M","?","M","E","?","T","M"],"items_purchased_type":["Card","Card","Card"],"build_version":"2020-12-22","purchased_purges":1,"victory":false,"max_hp_per_floor":[75,75,75,75,75,75,75,75,75,75,80,80,80,80,80,80,80,80,80,80,80,80,80,80,80,80,80,80],"card_choices":[{"not_picked":["Go for the Eyes","Hologram"],"picked":"Gash","floor":1.0},{"not_picked":["Coolheaded","Recycle","Hello World"],"picked":"SKIP","floor":5.0},{"not_picked":["Darkness","Thunder Strike","Conserve Battery"],"picked":"SKIP","floor":8.0},{"not_picked":["Steam","Coolheaded"],"picked":"Scrape","floor":11.0},{"not_picked":["Turbo","Streamline","Undo"],"picked":"SKIP","floor":13.0},{"not_picked":["BootSequence","Auto Shields","Stack"],"picked":"SKIP","floor":14.0},{"not_picked":["Core Surge","Multi-Cast"],"picked":"Reboot","floor":16.0},{"not_picked":["Cold Snap","Coolheaded","Steam+1"],"picked":"SKIP","floor":18},{"not_picked":["White Noise","Fusion+1","Genetic Algorithm"],"picked":"SKIP","floor":21},{"not_picked":["Cold Snap+1","Compile Driver"],"picked":"Hologram+1","floor":23},{"not_picked":["Static Discharge+1","Genetic Algorithm","Creative AI"],"picked":"SKIP","floor":24}],"player_experience":91709,"relics_obtained":[{"floor":7.0,"key":"Odd Mushroom"},{"floor":10.0,"key":"Regal Pillow"},{"floor":24,"key":"Pen Nib"},{"floor":26,"key":"Whetstone"}],"event_choices":[{"cards_removed":["Dualcast"],"damage_healed":0.0,"max_hp_gain":0.0,"max_hp_loss":0.0,"gold_gain":0.0,"event_name":"Living Wall","player_choice":"Forget","floor":2.0,"gold_loss":0.0,"damage_taken":0.0},{"cards_removed":["Zap"],"damage_healed":0.0,"max_hp_gain":0.0,"max_hp_loss":0.0,"gold_gain":0.0,"event_name":"The Cleric","player_choice":"Card Removal","floor":3.0,"gold_loss":50.0,"damage_taken":0.0},{"damage_healed":0.0,"max_hp_gain":0.0,"max_hp_loss":0.0,"gold_gain":0.0,"event_name":"Mushrooms","player_choice":"Fought Mushrooms","floor":7.0,"gold_loss":0.0,"damage_taken":0.0},{"damage_healed":0.0,"max_hp_gain":0.0,"max_hp_loss":0.0,"gold_gain":0.0,"event_name":"Dead Adventurer","player_choice":"Searched \u00271\u0027 times","floor":10.0,"gold_loss":0.0,"damage_taken":0.0},{"damage_healed":14.0,"max_hp_gain":0.0,"max_hp_loss":80.0,"gold_gain":0.0,"event_name":"betterThird:BetterShining","player_choice":"Leave","floor":12.0,"gold_loss":0.0,"damage_taken":0.0},{"damage_healed":0,"gold_gain":0,"player_choice":"","damage_taken":6,"max_hp_gain":0,"max_hp_loss":0,"event_name":"Knowing Skull","floor":19,"potions_obtained":[],"gold_loss":0,"cards_obtained":[]},{"damage_healed":0,"gold_gain":100,"player_choice":"Pray","damage_taken":0,"max_hp_gain":0,"max_hp_loss":0,"event_name":"Golden Shrine","floor":22,"gold_loss":0},{"damage_healed":0,"gold_gain":0,"cards_transformed":["Strike_B"],"player_choice":"Transformed","damage_taken":0,"max_hp_gain":0,"max_hp_loss":0,"event_name":"Transmorgrifier","floor":25,"gold_loss":0,"cards_obtained":["Fusion"]}],"is_beta":false,"boss_relics":[{"not_picked":["Pandora\u0027s Box","Philosopher\u0027s Stone"],"picked":"Nuclear Battery"}],"items_purged_floors":[20],"is_endless":false,"potions_floor_spawned":[1,5,11,14,16,23,24],"killed_by":"Snecko","ascension_level":0}}