{"host":"x5anfo2w8aotfuta","time":1608943555,"event":{"mods":["AchievementEnabler","BaseMod","Bestiary","Block Reminder","Colored Map","Colored Powertips","DeckTracker","Highlight Path","Minty Spire (QoL Compilation)","Quick Restart","Rare Cards Sparkle","Relic Stats","StSLib"],"gold_per_floor":[209,56,56,66,82,82,108,127,154,154,187,199,199,214,214,319,319,338,357,369,447,72,72,101,101,101,131,145,165,165,179,179,283,283,300,313,333,18,18,18,45,395,420,420,454,454,472,503,503,503,503,503,46,81,81],"floor_reached":56,"playtime":6323,"items_purged":["Strike_R","Strike_R"],"score":1771,"play_id":"f0f2ed53-e4ff-4884-8727-05132662ce2e","local_time":"20201225164555","is_ascension_mode":true,"campfire_choices":[{"data":"Rampage","floor":6,"key":"SMITH"},{"data":"Metallicize","floor":10,"key":"SMITH"},{"data":"True Grit","floor":13,"key":"SMITH"},{"data":"Hemokinesis","floor":15,"key":"SMITH"},{"data":"Feel No Pain","floor":23,"key":"SMITH"},{"data":"Uppercut","floor":25,"key":"SMITH"},{"data":"Bash","floor":32,"key":"SMITH"},{"data":"Feel No Pain","floor":40,"key":"SMITH"},{"floor":44,"key":"RECALL"},{"data":"Sever Soul","floor":49,"key":"SMITH"},{"data":"Shrug It Off","floor":52,"key":"SMITH"}],"circlet_count":0,"master_deck":["Defend_R+1","Defend_R","Defend_R+1","Defend_R","Bash+1","Rampage+1","Metallicize+1","Iron Wave+1","Battle Trance","Shrug It Off+1","True Grit+1","Hemokinesis+1","Corruption","Sever Soul+1","Feel No Pain+1","Uppercut+1","Metallicize+1","Intimidate+1","Feed","Barricade","Entrench+1","Feel No Pain+1","Double Tap+1","Feed","Metallicize","Shrug It Off+1"],"relics":["Burning Blood","Strawberry","Bag of Preparation","Blood Vial","Snecko Eye","White Beast Statue","Oddly Smooth Stone","Singing Bowl","Paper Frog","Toxic Egg 2","Busted Crown","OrangePellets","War Paint","Old Coin","Pocketwatch","CaptainsWheel","TheAbacus","Vajra","Sundial"],"acts_visited":["Exordium","TheCity","TheBeyond","TheEnding"],"potions_floor_usage":[16,16,16,16,16,24,31,33,33,36,37,41,41,45,48,49,50,50,55,55],"damage_taken":[{"damage":4,"enemies":"Small Slimes","floor":1,"turns":4},{"damage":0,"enemies":"Cultist","floor":4,"turns":4},{"damage":0,"enemies":"2 Louse","floor":5,"turns":2},{"damage":18,"enemies":"Lagavulin","floor":7,"turns":8},{"damage":6,"enemies":"Exordium Thugs","floor":8,"turns":5},{"damage":27,"enemies":"Gremlin Nob","floor":11,"turns":5},{"damage":0,"enemies":"Exordium Wildlife","floor":12,"turns":5},{"damage":2,"enemies":"2 Fungi Beasts","floor":14,"turns":4},{"damage":17,"enemies":"Slime Boss","floor":16,"turns":8},{"damage":4,"enemies":"Chosen","floor":18,"turns":4},{"damage":13,"enemies":"Spheric Guardian","floor":19,"turns":4},{"damage":8,"enemies":"Centurion and Healer","floor":20,"turns":5},{"damage":0,"enemies":"Book of Stabbing","floor":24,"turns":4},{"damage":20,"enemies":"Gremlin Leader","floor":27,"turns":6},{"damage":0,"enemies":"Chosen and Byrds","floor":28,"turns":6},{"damage":8,"enemies":"3 Cultists","floor":29,"turns":6},{"damage":0,"enemies":"Centurion and Healer","floor":31,"turns":5},{"damage":34,"enemies":"Automaton","floor":33,"turns":10},{"damage":12,"enemies":"Orb Walker","floor":35,"turns":4},{"damage":7,"enemies":"3 Shapes","floor":36,"turns":5},{"damage":2,"enemies":"Transient","floor":37,"turns":5},{"damage":6,"enemies":"Giant Head","floor":41,"turns":11},{"damage":2,"enemies":"Mind Bloom Boss Battle","floor":42,"turns":3},{"damage":10,"enemies":"Reptomancer","floor":45,"turns":5},{"damage":0,"enemies":"4 Shapes","floor":47,"turns":6},{"damage":8,"enemies":"Giant Head","floor":48,"turns":6},{"damage":4,"enemies":"Donu and Deca","floor":50,"turns":8},{"damage":22,"enemies":"Shield and Spear","floor":54,"turns":10},{"damage":8,"enemies":"The Heart","floor":55,"turns":10}],"seed_played":"1199926971939152391","potions_obtained":[{"floor":1,"key":"Explosive Potion"},{"floor":8,"key":"EntropicBrew"},{"floor":11,"key":"Block Potion"},{"floor":18,"key":"EssenceOfSteel"},{"floor":24,"key":"CultistPotion"},{"floor":27,"key":"Dexterity Potion"},{"floor":31,"key":"EssenceOfSteel"},{"floor":33,"key":"Weak Potion"},{"floor":35,"key":"Energy Potion"},{"floor":36,"key":"ElixirPotion"},{"floor":37,"key":"Ancient Potion"},{"floor":41,"key":"CultistPotion"},{"floor":42,"key":"Dexterity Potion"},{"floor":45,"key":"EssenceOfSteel"},{"floor":47,"key":"DistilledChaos"},{"floor":48,"key":"Fruit Juice"},{"floor":54,"key":"LiquidMemories"}],"is_trial":false,"path_per_floor":["M","$","?","M","M","R","E","M","T","R","E","M","R","M","R","B",null,"M","M","M","T","$","R","E","R","T","E","M","M","?","M","R","B",null,"M","M","M","$","?","R","E","?","T","R","E","?","M","E","R","B",null,"R","$","E","B",null],"character_chosen":"IRONCLAD","items_purchased":["Rampage","Metallicize","Feel No Pain","Oddly Smooth Stone","Uppercut","Feel No Pain","OrangePellets","Metallicize","TheAbacus","Vajra","Shrug It Off+1","BlessingOfTheForge"],"campfire_rested":0,"item_purchase_floors":[2,2,22,22,22,38,38,53,53,53,53,53],"current_hp_per_floor":[74,74,74,80,80,80,75,75,75,75,54,62,62,68,68,59,80,84,79,79,79,79,79,89,89,89,75,85,87,87,93,93,68,89,87,93,99,99,99,99,101,108,108,108,109,109,118,119,124,132,132,132,132,121,124],"gold":81,"neow_bonus":"HUNDRED_GOLD","is_daily":false,"chose_seed":false,"campfire_upgraded":10,"win_rate":0.0,"timestamp":1608943555,"path_taken":["M","$","?","M","M","R","E","M","T","R","E","M","R","M","R","BOSS","M","M","M","?","$","R","E","R","T","E","M","M","?","M","R","BOSS","M","M","M","$","?","R","E","?","T","R","E","?","M","E","R","BOSS","R","$","E","BOSS"],"items_purchased_type":["Card","Card","Card","Relic","Card","Card","Relic","Card","Relic","Relic","Card","Potion"],"build_version":"2020-12-22","purchased_purges":2,"victory":true,"max_hp_per_floor":[80,80,80,80,80,80,87,87,87,87,87,87,87,87,87,87,87,87,87,87,87,87,87,89,89,89,89,91,93,93,93,93,96,96,98,103,103,103,103,103,103,108,108,108,113,113,118,121,126,132,132,132,132,137,140],"relic_stats":{"Singing Bowl":18,"counters":[29,168],"Bag of Preparation":[48],"War Paint":["Defend_R","Defend_R"],"Burning Blood":156,"Blood Vial":36,"OrangePellets":[17],"Busted Crown":18,"TheAbacus":[72],"Sundial":[4],"Snecko Eye":[158,177,164,155],"obtain_stats":[{"Singing Bowl":24,"Oddly Smooth Stone":22,"Vajra":53,"Bag of Preparation":9,"War Paint":41,"Burning Blood":0,"White Beast Statue":21,"Old Coin":42,"Blood Vial":11,"OrangePellets":38,"CaptainsWheel":48,"Busted Crown":34,"TheAbacus":53,"Sundial":54,"Strawberry":7,"Snecko Eye":17,"Toxic Egg 2":27,"Paper Frog":26,"Pocketwatch":45},{"Singing Bowl":13,"Oddly Smooth Stone":12,"Vajra":27,"Bag of Preparation":5,"War Paint":22,"Burning Blood":0,"White Beast Statue":12,"Old Coin":23,"Blood Vial":6,"OrangePellets":21,"CaptainsWheel":26,"Busted Crown":18,"TheAbacus":27,"Sundial":28,"Strawberry":4,"Snecko Eye":9,"Toxic Egg 2":14,"Paper Frog":13,"Pocketwatch":24},{"Singing Bowl":62,"Oddly Smooth Stone":58,"Vajra":148,"Bag of Preparation":23,"War Paint":120,"Burning Blood":0,"White Beast Statue":58,"Old Coin":123,"Blood Vial":28,"OrangePellets":109,"CaptainsWheel":140,"Busted Crown":95,"TheAbacus":148,"Sundial":158,"Strawberry":18,"Snecko Eye":45,"Toxic Egg 2":68,"Paper Frog":62,"Pocketwatch":128}],"Pocketwatch":[15]},"card_choices":[{"not_picked":["Rage","Havoc","Clash"],"picked":"SKIP","floor":1},{"not_picked":["Sword Boomerang","Heavy Blade"],"picked":"Iron Wave","floor":4},{"not_picked":["Burning Pact","Thunderclap","Seeing Red"],"picked":"SKIP","floor":5},{"not_picked":["Rupture","Entrench"],"picked":"Battle Trance","floor":7},{"not_picked":["Body Slam","Rage"],"picked":"Shrug It Off","floor":8},{"not_picked":["Rage","Infernal Blade"],"picked":"True Grit","floor":11},{"not_picked":["Pommel Strike","Headbutt","Dropkick"],"picked":"SKIP","floor":12},{"not_picked":["Thunderclap","Blood for Blood"],"picked":"Hemokinesis","floor":14},{"not_picked":["Impervious","Bludgeon"],"picked":"Corruption","floor":16},{"not_picked":["Dropkick+1","Power Through+1","True Grit"],"picked":"SKIP","floor":18},{"not_picked":["Pommel Strike","Thunderclap","Power Through+1"],"picked":"SKIP","floor":19},{"not_picked":["Anger","Corruption","Sever Soul"],"picked":"SKIP","floor":20},{"not_picked":["Anger","Corruption"],"picked":"Sever Soul","floor":20},{"not_picked":["Twin Strike","Armaments","Havoc"],"picked":"Singing Bowl","floor":24},{"not_picked":["Feel No Pain+1","Sword Boomerang"],"picked":"Metallicize+1","floor":27},{"not_picked":["Sword Boomerang","Anger","Armaments+1"],"picked":"Singing Bowl","floor":28},{"not_picked":["Heavy Blade+1","Sword Boomerang","Evolve"],"picked":"Singing Bowl","floor":29},{"not_picked":["Pommel Strike","Hemokinesis+1"],"picked":"Feed","floor":31},{"not_picked":["Berserk","Limit Break+1"],"picked":"Barricade","floor":33},{"not_picked":["Heavy Blade"],"picked":"Singing Bowl","floor":35},{"not_picked":["Iron Wave"],"picked":"Singing Bowl","floor":36},{"not_picked":[],"picked":"Entrench+1","floor":37},{"not_picked":[],"picked":"Double Tap+1","floor":41},{"not_picked":["Infernal Blade+1"],"picked":"Singing Bowl","floor":42},{"not_picked":["Thunderclap+1"],"picked":"Singing Bowl","floor":45},{"not_picked":["Thunderclap"],"picked":"Singing Bowl","floor":47},{"not_picked":[],"picked":"Feed","floor":48},{"not_picked":["Perfected Strike+1"],"picked":"Singing Bowl","floor":54}],"player_experience":382565,"relics_obtained":[{"floor":7,"key":"Strawberry"},{"floor":9,"key":"Bag of Preparation"},{"floor":11,"key":"Blood Vial"},{"floor":21,"key":"White Beast Statue"},{"floor":24,"key":"Singing Bowl"},{"floor":26,"key":"Paper Frog"},{"floor":27,"key":"Toxic Egg 2"},{"floor":41,"key":"War Paint"},{"floor":42,"key":"Old Coin"},{"floor":45,"key":"Pocketwatch"},{"floor":48,"key":"CaptainsWheel"},{"floor":54,"key":"Sundial"}],"event_choices":[{"cards_removed":["Strike_R"],"damage_healed":0,"gold_gain":0,"player_choice":"Purged","damage_taken":0,"max_hp_gain":0,"max_hp_loss":0,"event_name":"Purifier","floor":3,"gold_loss":0},{"damage_healed":0,"gold_gain":0,"cards_transformed":["Strike_R","Strike_R"],"player_choice":"Became Test Subject","damage_taken":0,"max_hp_gain":0,"max_hp_loss":0,"event_name":"Drug Dealer","floor":30,"gold_loss":0,"cards_obtained":["Intimidate","Blood for Blood"]},{"cards_removed":["Blood for Blood"],"damage_healed":0,"gold_gain":0,"player_choice":"Removed Attack","damage_taken":0,"max_hp_gain":0,"max_hp_loss":0,"event_name":"Falling","floor":39,"gold_loss":0},{"damage_healed":0,"gold_gain":0,"player_choice":"Fight","damage_taken":0,"max_hp_gain":0,"max_hp_loss":0,"event_name":"MindBloom","floor":42,"gold_loss":0},{"damage_healed":0,"gold_gain":0,"player_choice":"Forge","damage_taken":0,"max_hp_gain":0,"max_hp_loss":0,"event_name":"Accursed Blacksmith","floor":46,"gold_loss":0,"cards_upgraded":["Iron Wave"]}],"is_beta":false,"boss_relics":[{"not_picked":["Fusion Hammer","Calling Bell"],"picked":"Snecko Eye"},{"not_picked":["Cursed Key","Sozu"],"picked":"Busted Crown"}],"items_purged_floors":[22,38],"is_endless":false,"potions_floor_spawned":[1,8,11,12,18,24,27,28,29,31,33,35,36,37,41,42,45,47,48,54],"ascension_level":6}}