{"host":"nukjzc0ca34w6eem","time":1608957303,"event":{"mods":["2.2 Compatiblity","AchievementEnabler","BaseMod","Colored Powertips","Downfall","Minty Spire (QoL Compilation)","StSLib"],"gold_per_floor":[99,116,129,129,144,160,208,225,289,306,231,246,246,291,321,435,447,384,408,390,406,406,418,418,418,343,353,371,400,400,418,433,538,538,538,573,590,603,180,199,248,26,26,52,70,70,70,90,101,101,101,136,21,21,21,21],"floor_reached":55,"playtime":4516,"items_purged":[],"score":808,"play_id":"9ef0f223-0963-4320-a442-f95c2e125fc2","local_time":"20201225203503","is_ascension_mode":true,"campfire_choices":[{"floor":1.0,"key":"RECALL"},{"floor":11.0,"key":"REST"},{"data":"sneckomod:UnknownClassSLIMEBOUND","floor":18.0,"key":"SMITH"},{"data":"sneckomod:UnknownClassHEXA_GHOST_PURPLE","floor":26.0,"key":"SMITH"},{"data":"sneckomod:Unknown3Cost","floor":30.0,"key":"SMITH"},{"data":"sneckomod:UnknownX","floor":35.0,"key":"SMITH"},{"floor":43,"key":"REST"},{"data":"sneckomod:UnknownClassGUARDIAN","floor":47,"key":"SMITH"},{"floor":54,"key":"REST"}],"circlet_count":0,"master_deck":["sneckomod:TailWhip","sneckomod:SnekBite+1","sneckomod:Unknown","sneckomod:Unknown+2","sneckomod:UnknownWeak","sneckomod:QuickMove","sneckomod:SnekBeam+1","sneckomod:UnknownDexterity","sneckomod:RainOfDice","sneckomod:UnknownClassRED","sneckomod:UnknownClassGUARDIAN+1","sneckomod:UnknownUncommonSkill","sneckomod:UnknownBlock","sneckomod:UnknownClassHEXA_GHOST_PURPLE+1","sneckomod:TrashToTreasure","sneckomod:UnknownClassSLIMEBOUND+1","sneckomod:ImprovisedGuard","sneckomod:UnknownStrike+1","sneckomod:Unknown1Cost","sneckomod:UnknownBlock+1","sneckomod:UnknownStrike","sneckomod:UnknownCommonAttack","sneckomod:Unknown0Cost+1","sneckomod:UnknownUncommonAttack+1","sneckomod:Unknown3Cost+1","sneckomod:UnknownVulnerable","sneckomod:UnknownCommonSkill+1","sneckomod:UnknownX+1","sneckomod:UnknownEthereal","sneckomod:UnknownRareSkill","sneckomod:Unknown0Cost+1","sneckomod:Unknown1Cost+1","sneckomod:TrashToTreasure","sneckomod:PureSnecko+1","sneckomod:UnknownUncommonPower+1","sneckomod:SoulDraw","sneckomod:Cheat","sneckomod:UnknownStrike","sneckomod:UnknownRareAttack","sneckomod:UnknownUncommonSkill","sneckomod:UnknownStrength","sneckomod:UnknownUncommonPower+1","sneckomod:UnknownClassPURPLE","sneckomod:UnknownStrength","sneckomod:UnknownX+1","sneckomod:UnknownWeak+1","sneckomod:UnknownUncommonPower+1","sneckomod:SlitherStrike"],"relics":["sneckomod:SneckoSoul","Akabeko","Orichalcum","downfall:HeartBlessingRed","MawBank","Pear","Pandora\u0027s Box","downfall:HeartBlessingGreen","downfall:HeartBlessingBlue","Frozen Egg 2","Sozu","Strange Spoon","Whetstone","Frozen Eye","Smiling Mask","Pocketwatch"],"acts_visited":["Exordium","TheCity","TheBeyond","TheEnding"],"potions_floor_usage":[],"damage_taken":[{"damage":7.0,"enemies":"Small Slimes","floor":2.0,"turns":3.0},{"damage":19.0,"enemies":"Cultist","floor":3.0,"turns":5.0},{"damage":5.0,"enemies":"Jaw Worm","floor":5.0,"turns":4.0},{"damage":19.0,"enemies":"Exordium Thugs","floor":6.0,"turns":4.0},{"damage":0.0,"enemies":"Gremlin Gang","floor":8.0,"turns":1.0},{"damage":6.0,"enemies":"Lagavulin Event","floor":9.0,"turns":4.0},{"damage":0.0,"enemies":"Red Slaver","floor":10.0,"turns":3.0},{"damage":6.0,"enemies":"2 Fungi Beasts","floor":12.0,"turns":3.0},{"damage":10.0,"enemies":"3 Sentries","floor":14.0,"turns":4.0},{"damage":0.0,"enemies":"Exordium Wildlife","floor":15.0,"turns":2.0},{"damage":26.0,"enemies":"downfall:Defect","floor":16.0,"turns":5.0},{"damage":30.0,"enemies":"3 Byrds","floor":19.0,"turns":6.0},{"damage":12.0,"enemies":"downfall:FleeingMerchant","floor":20.0,"turns":4.0},{"damage":0.0,"enemies":"Chosen","floor":21.0,"turns":4.0},{"damage":7.0,"enemies":"Snake Plant","floor":23.0,"turns":4.0},{"damage":4.0,"enemies":"Sentry and Sphere","floor":27.0,"turns":2.0},{"damage":25.0,"enemies":"Shelled Parasite and Fungi","floor":28.0,"turns":6.0},{"damage":0.0,"enemies":"Slavers","floor":29.0,"turns":2.0},{"damage":20.0,"enemies":"3 Cultists","floor":31.0,"turns":5.0},{"damage":14.0,"enemies":"Centurion and Healer","floor":32.0,"turns":4.0},{"damage":56.0,"enemies":"downfall:Silent","floor":33.0,"turns":8.0},{"damage":4.0,"enemies":"Orb Walker","floor":36.0,"turns":5.0},{"damage":19.0,"enemies":"3 Darklings","floor":37.0,"turns":3.0},{"damage":16.0,"enemies":"Jaw Worm Horde","floor":38.0,"turns":2.0},{"damage":4.0,"enemies":"downfall:FleeingMerchant","floor":39.0,"turns":4.0},{"damage":36.0,"enemies":"Spire Growth","floor":40.0,"turns":6.0},{"damage":7.0,"enemies":"downfall:FleeingMerchant","floor":42.0,"turns":3.0},{"damage":8,"enemies":"4 Shapes","floor":45,"turns":2},{"damage":9,"enemies":"Sphere and 2 Shapes","floor":48,"turns":3},{"damage":46,"enemies":"Writhing Mass","floor":49,"turns":5},{"damage":47,"enemies":"downfall:Watcher","floor":50,"turns":9},{"damage":133,"enemies":"downfall:CharBossMerchant","floor":52,"turns":9},{"damage":0,"enemies":"downfall:NeowBoss","floor":55,"turns":2}],"seed_played":"-762146033574186018","potions_obtained":[{"floor":4.0,"key":"EssenceOfSteel"},{"floor":4.0,"key":"PowerPotion"},{"floor":4.0,"key":"Ancient Potion"},{"floor":5.0,"key":"ColorlessPotion"},{"floor":10.0,"key":"Swift Potion"},{"floor":12.0,"key":"Explosive Potion"},{"floor":14.0,"key":"Energy Potion"},{"floor":15.0,"key":"Slimebound:ThreeZeroPotion"},{"floor":19.0,"key":"AttackPotion"},{"floor":28.0,"key":"DuplicationPotion"},{"floor":29.0,"key":"Dexterity Potion"},{"floor":31.0,"key":"Swift Potion"}],"is_trial":false,"path_per_floor":["R","M","M","?","M","M","T","M","?","M","R","M","?","E","M","B",null,"R","M","$","M","?","M","T","?","R","M","M","E","R","M","M","B",null,"R","M","M","M","$","M","T","$","R","T","M","?","R","M","M","B",null,"E","$","R","B"],"character_chosen":"THE_SNECKO","items_purchased":["sneckomod:UnknownCommonAttack","sneckomod:UnknownUncommonPower+1","sneckomod:SoulDraw","Strange Spoon","sneckomod:Cheat","sneckomod:UnknownStrike","sneckomod:UnknownRareAttack","sneckomod:UnknownUncommonSkill","sneckomod:UnknownStrength","sneckomod:UnknownUncommonPower+1","Frozen Eye","sneckomod:UnknownUncommonPower+1","sneckomod:SlitherStrike"],"campfire_rested":3,"item_purchase_floors":[20,39,39,39,39,42,42,42,42,42,42,53,53],"current_hp_per_floor":[90,84,65,65,70,52,52,52,47,48,76,73,66,67,68,47,111,111,84,74,75,75,69,69,126,136,137,113,114,114,95,90,50,142,142,143,125,109,106,94,94,94,139,139,132,132,132,124,79,52,153,31,32,78,78,78],"gold":21,"neow_bonus":"REMOVE_CARD","is_daily":false,"chose_seed":false,"campfire_upgraded":5,"win_rate":0.0,"timestamp":1608957303,"path_taken":["R","M","M","?","M","?","T","M","?","M","R","M","?","E","M","BOSS","R","M","$","M","?","?","T","?","R","M","?","E","R","M","M","BOSS","R","M","M","M","$","M","T","$","R","?","M","?","R","M","M","BOSS","E","$","R","BOSS"],"items_purchased_type":["Card","Card","Card","Relic","Card","Card","Card","Card","Card","Card","Relic","Card","Card"],"build_version":"2020-12-22","purchased_purges":0,"victory":false,"max_hp_per_floor":[90,91,91,91,91,92,92,92,93,94,94,95,95,106,107,108,111,111,112,114,115,115,116,116,126,136,137,138,139,139,140,141,142,142,142,143,144,144,145,145,145,150,150,150,151,151,151,152,153,153,153,154,155,155,155,155],"card_choices":[{"not_picked":["sneckomod:DiceCrush","sneckomod:Nope"],"picked":"sneckomod:UnknownWeak","floor":2.0},{"not_picked":["sneckomod:UnknownClassBLUE","sneckomod:DiceCrush"],"picked":"sneckomod:QuickMove","floor":3.0},{"not_picked":["sneckomod:SoulDraw","sneckomod:QuickMove"],"picked":"sneckomod:SnekBeam","floor":5.0},{"not_picked":["sneckomod:UnknownEthereal","sneckomod:UnknownCommonSkill"],"picked":"sneckomod:UnknownDexterity","floor":6.0},{"not_picked":["sneckomod:DiceCrush","sneckomod:SoulDraw"],"picked":"sneckomod:RainOfDice","floor":8.0},{"not_picked":["sneckomod:QuickBite","sneckomod:SoulRoll"],"picked":"sneckomod:UnknownClassRED","floor":9.0},{"not_picked":["sneckomod:UnknownUncommonSkill","sneckomod:IronFang"],"picked":"sneckomod:UnknownClassGUARDIAN","floor":10.0},{"not_picked":["sneckomod:Nope","sneckomod:DiceCrush"],"picked":"sneckomod:UnknownUncommonSkill","floor":12.0},{"not_picked":["sneckomod:UnknownClassPURPLE","sneckomod:WideSting"],"picked":"sneckomod:UnknownBlock","floor":14.0},{"not_picked":["sneckomod:DiceBoulder","sneckomod:RainOfDice"],"picked":"sneckomod:UnknownClassHEXA_GHOST_PURPLE","floor":15.0},{"not_picked":["sneckomod:SerpentMind","sneckomod:SoulExchange"],"picked":"sneckomod:UnknownRareSkill","floor":16.0},{"not_picked":["sneckomod:DiceBoulder","sneckomod:QuickBite"],"picked":"sneckomod:UnknownBlock+1","floor":19.0},{"not_picked":["sneckomod:Mudshield","sneckomod:Unknown1Cost"],"picked":"sneckomod:UnknownStrike","floor":20.0},{"not_picked":["sneckomod:UnknownClassBLUE","sneckomod:RainOfDice"],"picked":"sneckomod:Unknown0Cost","floor":21.0},{"not_picked":["sneckomod:QuickBite","sneckomod:UnknownCommonAttack"],"picked":"sneckomod:UnknownUncommonAttack+1","floor":23.0},{"not_picked":["sneckomod:ImprovisedGuard","sneckomod:SerpentIdol"],"picked":"sneckomod:Unknown3Cost","floor":27.0},{"not_picked":["sneckomod:DiceCrush","sneckomod:UnknownCommonAttack"],"picked":"sneckomod:UnknownVulnerable","floor":28.0},{"not_picked":["sneckomod:IronFang+1","sneckomod:UnknownCommonAttack"],"picked":"sneckomod:UnknownCommonSkill+1","floor":29.0},{"not_picked":["sneckomod:QuickBite","sneckomod:Rotation"],"picked":"sneckomod:UnknownX","floor":31.0},{"not_picked":["sneckomod:Rotation","sneckomod:RainOfDice"],"picked":"sneckomod:UnknownEthereal","floor":32.0},{"not_picked":["sneckomod:Mudshield+1","sneckomod:Cheat"],"picked":"sneckomod:UnknownRareSkill","floor":33.0},{"not_picked":["sneckomod:IronFang+1","sneckomod:UnknownClassGREEN+1"],"picked":"sneckomod:Unknown0Cost+1","floor":36.0},{"not_picked":["sneckomod:SerpentIdol+1","sneckomod:UnknownCommonSkill"],"picked":"sneckomod:Unknown1Cost+1","floor":37.0},{"not_picked":["sneckomod:TrashToTreasure","sneckomod:IronFang","sneckomod:QuickMove"],"picked":"SKIP","floor":38.0},{"not_picked":["sneckomod:IronFang","sneckomod:QuickMove"],"picked":"sneckomod:TrashToTreasure","floor":38.0},{"not_picked":["sneckomod:SerpentIdol","sneckomod:UnknownWeak"],"picked":"sneckomod:PureSnecko+1","floor":39.0},{"not_picked":["sneckomod:UnknownVulnerable","sneckomod:UnknownWeak"],"picked":"sneckomod:WideSting+1","floor":40.0},{"not_picked":["sneckomod:UnknownWeak+1","sneckomod:Unknown1Cost"],"picked":"sneckomod:UnknownClassPURPLE","floor":45},{"not_picked":["sneckomod:UnknownClassGREEN","sneckomod:DiceBlock"],"picked":"sneckomod:UnknownStrength","floor":48},{"not_picked":["sneckomod:UnknownBlock","sneckomod:UnlimitedRolls+1"],"picked":"sneckomod:UnknownX+1","floor":49},{"not_picked":["sneckomod:SoulRoll+1","sneckomod:IronFang"],"picked":"sneckomod:UnknownWeak+1","floor":52}],"player_experience":459654,"relics_obtained":[{"floor":7.0,"key":"Akabeko"},{"floor":9.0,"key":"Orichalcum"},{"floor":14.0,"key":"Pear"},{"floor":29.0,"key":"Frozen Egg 2"},{"floor":41.0,"key":"Whetstone"},{"floor":44,"key":"Smiling Mask"},{"floor":52,"key":"Pocketwatch"}],"event_choices":[{"damage_healed":0.0,"max_hp_gain":0.0,"max_hp_loss":0.0,"gold_gain":0.0,"event_name":"Lab","player_choice":"Got Potions","floor":4.0,"gold_loss":0.0,"damage_taken":0.0},{"damage_healed":0.0,"max_hp_gain":0.0,"max_hp_loss":0.0,"gold_gain":0.0,"event_name":"Scrap Ooze","player_choice":"Success","floor":13.0,"gold_loss":0.0,"damage_taken":7.0,"relics_obtained":["MawBank"]},{"damage_healed":0.0,"max_hp_gain":0.0,"max_hp_loss":0.0,"gold_gain":0.0,"event_name":"Upgrade Shrine","player_choice":"Upgraded","floor":22.0,"gold_loss":0.0,"damage_taken":0.0,"cards_upgraded":["sneckomod:Unknown0Cost"]},{"cards_removed":["sneckomod:UnknownRareSkill"],"damage_healed":47.0,"max_hp_gain":10.0,"max_hp_loss":0.0,"gold_gain":0.0,"event_name":"Bonfire Elementals","player_choice":"Offered Rare","floor":25.0,"gold_loss":0.0,"damage_taken":0.0},{"cards_removed":["sneckomod:WideSting"],"damage_healed":0,"gold_gain":0,"player_choice":"Removed Attack","damage_taken":0,"max_hp_gain":0,"max_hp_loss":0,"event_name":"Falling","floor":46,"gold_loss":0}],"is_beta":false,"boss_relics":[{"not_picked":["Empty Cage","SacredBark"],"picked":"Pandora\u0027s Box"},{"not_picked":["Calling Bell","Runic Pyramid"],"picked":"Sozu"}],"items_purged_floors":[],"is_endless":false,"potions_floor_spawned":[5,10,12,14,15,19,28,29,31,38,40,48],"killed_by":"downfall:NeowBoss","ascension_level":1}}