{"host":"q9718omregw4er46","time":1608996234,"event":{"mods":["BaseMod","Colored Powertips","Minty Spire (QoL Compilation)","Quick Restart","Relic Stats"],"gold_per_floor":[117,117,129,141,154,154,183,183,206,241,87,105,105,132,132,209,209,228,240,240,140,158,158,158,191,215,234,268,268,294,314,314,392,392,406,179,179,225,235,235,266,79,79,79,0,14,24,51,51,51,51,51,51,8,40,40,40],"floor_reached":56,"playtime":3442,"items_purged":["Strike_P","Decay","Defend_P","Strike_P"],"score":2316,"play_id":"c1898dcf-23b4-4286-8964-c08b618e3930","local_time":"20201226202354","is_ascension_mode":true,"campfire_choices":[{"data":"Wallop","floor":6.0,"key":"SMITH"},{"data":"WindmillStrike","floor":8.0,"key":"SMITH"},{"data":"SpiritShield","floor":15.0,"key":"SMITH"},{"data":"DeusExMachina","floor":23.0,"key":"SMITH"},{"data":"WaveOfTheHand","floor":29.0,"key":"SMITH"},{"data":"WheelKick","floor":32.0,"key":"SMITH"},{"floor":40.0,"key":"RECALL"},{"data":"LikeWater","floor":49.0,"key":"SMITH"},{"data":"Vigilance","floor":53.0,"key":"SMITH"}],"circlet_count":0,"master_deck":["AscendersBane","Strike_P","Defend_P","Defend_P","Eruption","Vigilance+1","DeusExMachina+1","WheelKick+1","Wallop+1","WindmillStrike+1","Consecrate","Tantrum","SpiritShield+1","MasterReality","EmptyBody+1","DeusExMachina+1","WaveOfTheHand+1","Omniscience","MentalFortress+1","LikeWater+1"],"relics":["PureWater","PreservedInsect","Vajra","Centennial Puzzle","Dead Branch","SlaversCollar","Ancient Tea Set","Pen Nib","Darkstone Periapt","Art of War","Snecko Eye","Membership Card","MawBank","Happy Flower","Eternal Feather","Red Mask","Strawberry","Bronze Scales"],"acts_visited":["Exordium","TheCity","TheBeyond","TheEnding"],"potions_floor_usage":[56,56],"damage_taken":[{"damage":0.0,"enemies":"Jaw Worm","floor":1.0,"turns":5.0},{"damage":0.0,"enemies":"Cultist","floor":3.0,"turns":2.0},{"damage":0.0,"enemies":"2 Louse","floor":4.0,"turns":3.0},{"damage":6.0,"enemies":"Looter","floor":5.0,"turns":3.0},{"damage":4.0,"enemies":"Lagavulin","floor":7.0,"turns":6.0},{"damage":0.0,"enemies":"3 Sentries","floor":10.0,"turns":3.0},{"damage":2.0,"enemies":"Gremlin Gang","floor":12.0,"turns":3.0},{"damage":0.0,"enemies":"Lagavulin","floor":14.0,"turns":3.0},{"damage":7.0,"enemies":"The Guardian","floor":16.0,"turns":6.0},{"damage":0.0,"enemies":"Chosen","floor":18.0,"turns":3.0},{"damage":0.0,"enemies":"2 Thieves","floor":19.0,"turns":3.0},{"damage":0.0,"enemies":"Sentry and Sphere","floor":22.0,"turns":5.0},{"damage":13.0,"enemies":"Book of Stabbing","floor":25.0,"turns":3.0},{"damage":0.0,"enemies":"Snake Plant","floor":27.0,"turns":2.0},{"damage":0.0,"enemies":"Gremlin Leader","floor":28.0,"turns":5.0},{"damage":0.0,"enemies":"Book of Stabbing","floor":30.0,"turns":1.0},{"damage":0.0,"enemies":"Shelled Parasite and Fungi","floor":31.0,"turns":3.0},{"damage":0.0,"enemies":"Automaton","floor":33.0,"turns":4.0},{"damage":1.0,"enemies":"3 Shapes","floor":35.0,"turns":3.0},{"damage":0.0,"enemies":"Orb Walker","floor":39.0,"turns":1.0},{"damage":3.0,"enemies":"Nemesis","floor":41.0,"turns":5.0},{"damage":2.0,"enemies":"Jaw Worm Horde","floor":46.0,"turns":3.0},{"damage":0.0,"enemies":"Sphere and 2 Shapes","floor":47.0,"turns":6.0},{"damage":0.0,"enemies":"Giant Head","floor":48.0,"turns":2.0},{"damage":13.0,"enemies":"Awakened One","floor":50.0,"turns":10.0},{"damage":50.0,"enemies":"Time Eater","floor":51.0,"turns":7.0},{"damage":2,"enemies":"Shield and Spear","floor":55,"turns":5},{"damage":71,"enemies":"The Heart","floor":56,"turns":8}],"seed_played":"-9055617718768343041","potions_obtained":[{"floor":3.0,"key":"Dexterity Potion"},{"floor":4.0,"key":"Block Potion"},{"floor":10.0,"key":"Strength Potion"},{"floor":14.0,"key":"Ancient Potion"},{"floor":18.0,"key":"SkillPotion"},{"floor":25.0,"key":"DistilledChaos"},{"floor":33.0,"key":"LiquidMemories"},{"floor":55,"key":"EntropicBrew"}],"is_trial":false,"path_per_floor":["M","?","M","M","M","R","E","R","T","E","$","M","?","E","R","B",null,"M","M","?","$","M","R","?","E","T","M","E","R","E","M","R","B",null,"M","$","?","T","M","R","E","$","T","?","?","M","M","E","R","B","B",null,"R","$","E","B"],"character_chosen":"WATCHER","items_purchased":["Tantrum","Membership Card","LikeWater","Happy Flower","StancePotion"],"campfire_rested":0,"item_purchase_floors":[11,36,42,42,54],"current_hp_per_floor":[61,61,61,61,55,55,51,51,51,51,51,49,42,42,42,35,60,60,60,60,60,60,60,60,47,47,47,47,47,47,47,47,47,63,62,62,62,62,62,62,59,59,59,59,59,57,57,64,72,59,9,56,68,68,66,0,0],"gold":40,"neow_bonus":"ONE_RANDOM_RARE_CARD","is_daily":false,"chose_seed":false,"campfire_upgraded":8,"win_rate":0.0,"timestamp":1608996234,"path_taken":["M","?","M","M","M","R","E","R","T","E","$","?","?","E","R","BOSS","M","M","?","$","?","R","?","E","T","?","E","R","E","M","R","BOSS","M","?","?","?","M","R","E","$","T","?","?","?","M","E","R","BOSS","BOSS","R","$","E","BOSS"],"items_purchased_type":["Card","Relic","Card","Relic","Potion"],"build_version":"2020-12-22","purchased_purges":4,"victory":false,"max_hp_per_floor":[68,68,68,68,68,68,68,68,68,68,68,68,68,68,68,68,68,68,68,68,68,68,68,68,68,68,68,68,68,68,68,68,68,68,68,68,68,68,68,68,68,68,68,65,65,65,65,72,72,72,72,72,72,72,72,72,72],"relic_stats":{"Darkstone Periapt":0,"Happy Flower":[13],"counters":[28,113],"Dead Branch":[206],"Eternal Feather":20,"PreservedInsect":449,"Pen Nib":[17],"MawBank":12,"Centennial Puzzle":[27],"Bronze Scales":[96],"Snecko Eye":[101,82,97,94],"Art of War":[5],"obtain_stats":[{"Darkstone Periapt":28,"Happy Flower":42,"Dead Branch":14,"Vajra":9,"Eternal Feather":43,"PreservedInsect":7,"Pen Nib":26,"Ancient Tea Set":25,"MawBank":41,"SlaversCollar":17,"Centennial Puzzle":10,"Strawberry":48,"Bronze Scales":55,"Snecko Eye":34,"Art of War":30,"Red Mask":45,"Membership Card":36,"PureWater":0},{"Darkstone Periapt":15,"Happy Flower":21,"Dead Branch":8,"Vajra":5,"Eternal Feather":21,"PreservedInsect":5,"Pen Nib":13,"Ancient Tea Set":13,"MawBank":21,"SlaversCollar":9,"Centennial Puzzle":6,"Strawberry":24,"Bronze Scales":27,"Snecko Eye":18,"Art of War":16,"Red Mask":21,"Membership Card":19,"PureWater":0},{"Darkstone Periapt":55,"Happy Flower":72,"Dead Branch":28,"Vajra":19,"Eternal Feather":72,"PreservedInsect":19,"Pen Nib":48,"Ancient Tea Set":48,"MawBank":72,"SlaversCollar":34,"Centennial Puzzle":22,"Strawberry":83,"Bronze Scales":105,"Snecko Eye":63,"Art of War":56,"Red Mask":72,"Membership Card":66,"PureWater":0}]},"card_choices":[{"not_picked":["ThirdEye","Perseverance"],"picked":"WheelKick","floor":1.0},{"not_picked":["EmptyBody","JustLucky","ClearTheMind"],"picked":"SKIP","floor":3.0},{"not_picked":["Vengeance","PathToVictory"],"picked":"WindmillStrike","floor":4.0},{"not_picked":["FlurryOfBlows","ReachHeaven"],"picked":"Consecrate","floor":5.0},{"not_picked":["Brilliance","PathToVictory","ClearTheMind"],"picked":"SKIP","floor":7.0},{"not_picked":["Consecrate","FlyingSleeves","ForeignInfluence"],"picked":"SKIP","floor":10.0},{"not_picked":["WreathOfFlame","Fasting2","FlurryOfBlows"],"picked":"SKIP","floor":12.0},{"not_picked":["Conclude","Nirvana"],"picked":"SpiritShield","floor":14.0},{"not_picked":["Ragnarok","Judgement"],"picked":"MasterReality","floor":16.0},{"not_picked":["BowlingBash","Vengeance"],"picked":"EmptyBody+1","floor":18.0},{"not_picked":["SashWhip","Evaluate","Pray+1"],"picked":"SKIP","floor":19.0},{"not_picked":["Crescendo+1","Brilliance"],"picked":"Wireheading+1","floor":22.0},{"not_picked":["Nirvana","BowlingBash+1","LikeWater"],"picked":"SKIP","floor":25.0},{"not_picked":["WreathOfFlame","Prostrate"],"picked":"WaveOfTheHand","floor":27.0},{"not_picked":["EmptyMind","FlyingSleeves","SashWhip"],"picked":"SKIP","floor":28.0},{"not_picked":["Conclude","BattleHymn","CutThroughFate"],"picked":"SKIP","floor":30.0},{"not_picked":["EmptyBody","Evaluate+1","Halt"],"picked":"SKIP","floor":31.0},{"not_picked":["Blasphemy","SpiritShield"],"picked":"Omniscience","floor":33.0},{"not_picked":["Crescendo+1","Consecrate","ForeignInfluence+1"],"picked":"SKIP","floor":35.0},{"not_picked":["ThirdEye+1","Pray+1","Prostrate"],"picked":"SKIP","floor":39.0},{"not_picked":["Consecrate","CrushJoints"],"picked":"MentalFortress+1","floor":41.0},{"not_picked":["BowlingBash","CarveReality","CutThroughFate"],"picked":"SKIP","floor":46.0},{"not_picked":["DeusExMachina","PathToVictory+1","CutThroughFate"],"picked":"SKIP","floor":47.0},{"not_picked":["ClearTheMind","WaveOfTheHand+1","DeceiveReality"],"picked":"SKIP","floor":48.0},{"not_picked":["EmptyMind","Swivel+1","SashWhip+1"],"picked":"SKIP","floor":55}],"player_experience":1117867,"relics_obtained":[{"floor":7.0,"key":"PreservedInsect"},{"floor":9.0,"key":"Vajra"},{"floor":10.0,"key":"Centennial Puzzle"},{"floor":14.0,"key":"Dead Branch"},{"floor":25.0,"key":"Ancient Tea Set"},{"floor":26.0,"key":"Pen Nib"},{"floor":28.0,"key":"Darkstone Periapt"},{"floor":30.0,"key":"Art of War"},{"floor":41.0,"key":"MawBank"},{"floor":43.0,"key":"Eternal Feather"},{"floor":48.0,"key":"Strawberry"},{"floor":55,"key":"Bronze Scales"}],"event_choices":[{"damage_healed":0.0,"max_hp_gain":0.0,"max_hp_loss":0.0,"gold_gain":0.0,"cards_transformed":["Strike_P"],"event_name":"Transmorgrifier","player_choice":"Transformed","floor":2.0,"gold_loss":0.0,"damage_taken":0.0,"cards_obtained":["Wallop"]},{"cards_removed":["Defend_P"],"damage_healed":0.0,"max_hp_gain":0.0,"max_hp_loss":0.0,"gold_gain":0.0,"event_name":"Golden Wing","player_choice":"Card Removal","floor":13.0,"gold_loss":0.0,"damage_taken":7.0},{"damage_healed":0.0,"max_hp_gain":0.0,"max_hp_loss":0.0,"gold_gain":0.0,"event_name":"Match and Keep!","player_choice":"1 cards matched","floor":20.0,"gold_loss":0.0,"damage_taken":0.0,"cards_obtained":["Decay"]},{"damage_healed":0.0,"max_hp_gain":0.0,"max_hp_loss":0.0,"gold_gain":0.0,"event_name":"Duplicator","player_choice":"Copied","floor":24.0,"gold_loss":0.0,"damage_taken":0.0,"cards_obtained":["DeusExMachina"]},{"cards_removed":["Wireheading"],"damage_healed":0.0,"max_hp_gain":0.0,"max_hp_loss":0.0,"gold_gain":0.0,"event_name":"Falling","player_choice":"Removed Power","floor":37.0,"gold_loss":0.0,"damage_taken":0.0},{"damage_healed":0.0,"max_hp_gain":0.0,"max_hp_loss":3.0,"gold_gain":0.0,"event_name":"Winding Halls","player_choice":"Max HP","floor":44.0,"gold_loss":0.0,"damage_taken":0.0},{"damage_healed":0.0,"max_hp_gain":0.0,"max_hp_loss":0.0,"gold_gain":0.0,"event_name":"Tomb of Lord Red Mask","player_choice":"Paid","floor":45.0,"gold_loss":79.0,"damage_taken":0.0,"relics_obtained":["Red Mask"]}],"is_beta":false,"boss_relics":[{"not_picked":["Tiny House","HolyWater"],"picked":"SlaversCollar"},{"not_picked":["Coffee Dripper","Astrolabe"],"picked":"Snecko Eye"}],"items_purged_floors":[11,21,36,42],"is_endless":false,"potions_floor_spawned":[3,4,10,14,18,19,25,30,31,33,41,46,48,55],"killed_by":"The Heart","ascension_level":20}}