{"host":"c9wjytal7yz6nwo6","time":1608957317,"event":{"mods":["AchievementEnabler","BaseMod","Bestiary","Colored Map","Curses Come First","Downfall","Highlight Path","Minty Spire (QoL Compilation)","Quick Restart","StSLib","SuperFastMode"],"gold_per_floor":[109,119,139,65,65,65,100,118,141,141,158,158,158,174,174,302,302,315,405,205,23,41,41,75,100,100,100,114,114,114],"floor_reached":29,"playtime":1069,"items_purged":["Injury"],"score":245,"play_id":"6b9a40b0-f3b4-4549-bc92-4713ef8f815a","local_time":"20201225223517","is_ascension_mode":false,"campfire_choices":[{"data":"Infinite Blades","floor":6,"key":"SMITH"},{"data":"Terror","floor":10,"key":"SMITH"},{"floor":15,"key":"REST"},{"floor":23,"key":"REST"},{"floor":27,"key":"REST"}],"circlet_count":0,"master_deck":["Strike_G","Strike_G","Strike_G","Strike_G+1","Defend_G","Defend_G","Survivor","Neutralize","Deadly Poison","Backstab","Bouncing Flask","Infinite Blades+1","Terror+1","Dash+1","Slice","Blade Dance","Adrenaline","Infinite Blades+1","Poisoned Stab+1","Caltrops+1","Blur","Footwork","Sucker Punch","Noxious Fumes","Outmaneuver","Deflect"],"relics":["Ring of the Snake","Potion Belt","Nunchaku","Golden Idol","Astrolabe","Bag of Marbles","Girya"],"acts_visited":["Exordium","TheCity"],"potions_floor_usage":[7,24,24,24,29],"damage_taken":[{"damage":1,"enemies":"Cultist","floor":1,"turns":4},{"damage":5,"enemies":"Small Slimes","floor":2,"turns":4},{"damage":5,"enemies":"Jaw Worm","floor":3,"turns":3},{"damage":22,"enemies":"Gremlin Nob","floor":7,"turns":4},{"damage":10,"enemies":"Looter","floor":8,"turns":2},{"damage":0,"enemies":"Exordium Thugs","floor":11,"turns":3},{"damage":0,"enemies":"Red Slaver","floor":14,"turns":2},{"damage":16,"enemies":"Hexaghost","floor":16,"turns":7},{"damage":15,"enemies":"Shell Parasite","floor":18,"turns":3},{"damage":30,"enemies":"2 Thieves","floor":22,"turns":3},{"damage":8,"enemies":"Gremlin Leader","floor":24,"turns":5},{"damage":18,"enemies":"3 Cultists","floor":25,"turns":4},{"damage":36,"enemies":"Centurion and Healer","floor":28,"turns":5},{"damage":15,"enemies":"Slavers","floor":29,"turns":2}],"seed_played":"-8725238182582022141","potions_obtained":[{"floor":2,"key":"BlessingOfTheForge"},{"floor":3,"key":"sneckomod:MuddlingPotion"},{"floor":8,"key":"Block Potion"},{"floor":14,"key":"Weak Potion"},{"floor":22,"key":"Strength Potion"},{"floor":24,"key":"GamblersBrew"}],"is_trial":false,"path_per_floor":["M","M","M","$","?","R","E","M","T","R","M","?","?","M","R","B",null,"M","?","$","$","M","R","E","M","T","R","M","E"],"character_chosen":"THE_SILENT","items_purchased":["Infinite Blades","Footwork","Sucker Punch","Noxious Fumes","GhostInAJar"],"campfire_rested":3,"item_purchase_floors":[4,20,20,21,21],"current_hp_per_floor":[76,71,66,66,66,66,44,34,34,34,34,19,19,19,42,26,77,62,50,50,50,20,43,35,17,17,40,4,0,0],"gold":114,"neow_bonus":"TEN_PERCENT_HP_BONUS","is_daily":false,"chose_seed":false,"campfire_upgraded":2,"win_rate":0.0,"timestamp":1608957317,"path_taken":["M","M","?","$","?","R","E","M","T","R","?","?","?","M","R","BOSS","M","?","?","$","M","R","E","M","T","R","M","E"],"items_purchased_type":["Card","Card","Card","Card","Potion"],"build_version":"2020-12-22","purchased_purges":1,"victory":false,"max_hp_per_floor":[77,77,77,77,77,77,77,77,77,77,77,77,77,77,77,77,77,77,77,77,77,77,77,77,77,77,77,77,77,77],"card_choices":[{"not_picked":["Acrobatics","PiercingWail"],"picked":"Deadly Poison","floor":1},{"not_picked":["PiercingWail","Outmaneuver"],"picked":"Backstab","floor":2},{"not_picked":["Infinite Blades","Skewer"],"picked":"Bouncing Flask","floor":3},{"not_picked":["Dodge and Roll","Acrobatics"],"picked":"Terror","floor":7},{"not_picked":["Bullet Time","Prepared"],"picked":"Dash","floor":8},{"not_picked":["Backflip","Choke"],"picked":"Slice","floor":11},{"not_picked":["Escape Plan","Quick Slash"],"picked":"Blade Dance","floor":14},{"not_picked":["Glass Knife","Bullet Time"],"picked":"Adrenaline","floor":16},{"not_picked":["Acrobatics+1","Backstab"],"picked":"Blur","floor":18},{"not_picked":["Deadly Poison","Outmaneuver","Reflex"],"picked":"SKIP","floor":22},{"not_picked":["Well Laid Plans+1","Dagger Throw","Acrobatics"],"picked":"SKIP","floor":24},{"not_picked":["Heel Hook+1","Dagger Throw+1"],"picked":"Outmaneuver","floor":25},{"not_picked":["Deadly Poison","Choke+1"],"picked":"Deflect","floor":28}],"player_experience":2889,"relics_obtained":[{"floor":7,"key":"Potion Belt"},{"floor":9,"key":"Nunchaku"},{"floor":24,"key":"Bag of Marbles"},{"floor":26,"key":"Girya"}],"event_choices":[{"cards_removed":["Defend_G"],"damage_healed":0,"gold_gain":0,"player_choice":"Purged","damage_taken":0,"max_hp_gain":0,"max_hp_loss":0,"event_name":"Purifier","floor":5,"gold_loss":0},{"damage_healed":0,"gold_gain":0,"player_choice":"Entered Light","damage_taken":15,"max_hp_gain":0,"max_hp_loss":0,"event_name":"Shining Light","floor":12,"gold_loss":0,"cards_upgraded":["Dash","Strike_G"]},{"damage_healed":0,"gold_gain":0,"player_choice":"Take Wound","damage_taken":0,"relics_obtained":["Golden Idol"],"max_hp_gain":0,"max_hp_loss":0,"event_name":"Golden Idol","floor":13,"gold_loss":0,"cards_obtained":["Injury"]},{"damage_healed":0,"gold_gain":90,"player_choice":"GOLD ","damage_taken":12,"max_hp_gain":0,"max_hp_loss":0,"event_name":"Knowing Skull","floor":19,"potions_obtained":[],"gold_loss":0,"cards_obtained":[]}],"is_beta":false,"boss_relics":[{"not_picked":["Snecko Eye","Empty Cage"],"picked":"Astrolabe"}],"items_purged_floors":[20],"is_endless":false,"potions_floor_spawned":[2,3,8,14,22,24],"killed_by":"Slavers","ascension_level":0}}