{"host":"ttx8tv95o5vka1nm","time":1608947882,"event":{"mods":["BaseMod","Downfall","Minty Spire (QoL Compilation)","Replay The Spire","StSLib"],"gold_per_floor":[99,99,110,123,141,141,141,161,174,174,188,188,188,218,0,31,47,152,152,152,168,178,4,4,4,4,0,28,28,56,76,31,65,79,177,177,177,195,211,331,331,331,358,358,373,16,36,63,63,76,89,89],"floor_reached":53,"playtime":6892,"items_purged":["Slimebound:Defend_Slimebound","Slimebound:Strike_Slimebound"],"score":959,"play_id":"3e8211b7-37c2-4320-b8d4-2cfa6e933c10","local_time":"20201226115801","is_ascension_mode":false,"campfire_choices":[{"data":"Slimebound:CorrosiveSpit","floor":1.0,"key":"SMITH"},{"data":"Slimebound:Split","floor":6.0,"key":"SMITH"},{"data":"Slimebound:SplitMire","floor":10.0,"key":"SMITH"},{"data":"Slimebound:MegaLick","floor":37.0,"key":"SMITH"},{"data":"Slimebound:OneTwoCombo","floor":42.0,"key":"SMITH"},{"floor":49.0,"key":"DIG"}],"circlet_count":0,"master_deck":["Slimebound:Strike_Slimebound","Slimebound:Strike_Slimebound+1","Slimebound:Tackle","Slimebound:Defend_Slimebound","Slimebound:Defend_Slimebound","Slimebound:Defend_Slimebound+1","Slimebound:Split+1","Slimebound:CorrosiveSpit+1","Slimebound:LeechEnergy","Slimebound:SplitMire+1","Slimebound:RollThrough","Slimebound:GrowthPunch","Slimebound:ViciousTackle","Slimebound:RejuvenatingLick","Slimebound:Schlurp","Slimebound:OozeBath","Slimebound:ComboTackle","Slimebound:MegaLick+1","Slimebound:SplitMire","Slimebound:LeechLife","Slimebound:LeechEnergy","Slimebound:SplitAcid","Slimebound:Schlurp+1","Slimebound:SplitBruiser","Slimebound:RainOfGoop","Slimebound:HauntingLick","Slimebound:SplitAcid+1","Necronomicurse","Slimebound:ProtectTheBoss+1","Slimebound:LeadByExample+1","Slimebound:SamplingLick","Slimebound:OneTwoCombo+1","Slimebound:Gluttony+1","Slimebound:Gluttony+1","Slimebound:LevelUp+1","expansioncontent:DecasProtection","Slimebound:FinishingTackle","Slimebound:LevelUp+1","Slimebound:SplitAcid","Slimebound:MassFeed","Slimebound:RollThrough+1","Slimebound:SplitBruiser","Slimebound:Teamwork","Slimebound:ComboTackle+1","Slimebound:Prepare+1","Slimebound:LivingWall+1","Slimebound:SplitLeeching+1","Slimebound:Darklings","Slimebound:SplitMire+1","Slimebound:SplitAcid+1","Slimebound:LeadByExample+1","Slimebound:SlimeTap+1","Slimebound:RejuvenatingLick+1","Slimebound:SplitBruiser","Slimebound:MassRepurpose","Slimebound:GoopSpray+1","Slimebound:AcidTongue+1"],"relics":["Slimebound:AbsorbEndCombatUpgraded","Matryoshka","The Courier","Black Star","Slimebound:AggressiveSlimeRelic","Frozen Egg 2","Pondfish Scales","HornCleat","Necronomicon","Prayer Wheel","Pantograph","Replay:Rubber Ducky","Replay:Ringing Soul","Bottled Tornado","Onion Ring","Replay:Baseball","Red Mask","downfall:RedIOUUpgrade","Shovel","HandDrill","Chameleon Ring","Strawberry","Iron Hammer"],"acts_visited":["Exordium","TheCity","TheBeyond"],"potions_floor_usage":[],"damage_taken":[{"damage":4.0,"enemies":"2 Louse","floor":3.0,"turns":2.0},{"damage":7.0,"enemies":"Small Slimes","floor":4.0,"turns":3.0},{"damage":14.0,"enemies":"Jaw Worm","floor":5.0,"turns":3.0},{"damage":9.0,"enemies":"2 Fungi Beasts","floor":8.0,"turns":3.0},{"damage":13.0,"enemies":"Exordium Wildlife","floor":9.0,"turns":2.0},{"damage":12.0,"enemies":"2 Fungi Beasts","floor":11.0,"turns":3.0},{"damage":28.0,"enemies":"Gremlin Nob","floor":14.0,"turns":3.0},{"damage":20.0,"enemies":"downfall:FleeingMerchant","floor":15.0,"turns":4.0},{"damage":44.0,"enemies":"3 Sentries","floor":16.0,"turns":5.0},{"damage":12.0,"enemies":"Large Slime","floor":17.0,"turns":4.0},{"damage":50.0,"enemies":"downfall:Watcher","floor":18.0,"turns":8.0},{"damage":18.0,"enemies":"Spheric Guardian","floor":21.0,"turns":3.0},{"damage":16.0,"enemies":"Chosen","floor":22.0,"turns":3.0},{"damage":18.0,"enemies":"downfall:FleeingMerchant","floor":23.0,"turns":4.0},{"damage":33.0,"enemies":"downfall:FleeingMerchant","floor":27.0,"turns":4.0},{"damage":89.0,"enemies":"Slavers","floor":28.0,"turns":5.0},{"damage":27.0,"enemies":"Book of Stabbing","floor":30.0,"turns":4.0},{"damage":19.0,"enemies":"Snecko","floor":31.0,"turns":4.0},{"damage":16.0,"enemies":"downfall:FleeingMerchant","floor":32.0,"turns":3.0},{"damage":15.0,"enemies":"Replay:Snechameleon","floor":33.0,"turns":5.0},{"damage":12.0,"enemies":"Sentry and Sphere","floor":34.0,"turns":4.0},{"damage":24.0,"enemies":"downfall:Ironclad","floor":35.0,"turns":6.0},{"damage":20.0,"enemies":"3 Darklings","floor":38.0,"turns":4.0},{"damage":14.0,"enemies":"Orb Walker","floor":39.0,"turns":2.0},{"damage":8.0,"enemies":"4 Shapes","floor":45.0,"turns":2.0},{"damage":20.0,"enemies":"Writhing Mass","floor":47.0,"turns":3.0},{"damage":37.0,"enemies":"Reptomancer","floor":48.0,"turns":3.0},{"damage":36.0,"enemies":"Maw","floor":50.0,"turns":4.0},{"damage":24.0,"enemies":"Spire Growth","floor":51.0,"turns":3.0},{"damage":24,"enemies":"downfall:Defect","floor":52,"turns":2}],"seed_played":"463970085277135628","potions_obtained":[{"floor":5.0,"key":"Fire Potion"},{"floor":11.0,"key":"Milkshake"},{"floor":16.0,"key":"AttackPotion"},{"floor":18.0,"key":"FearPotion"},{"floor":25.0,"key":"CultistPotion"},{"floor":28.0,"key":"Dexterity Potion"},{"floor":34.0,"key":"Explosive Potion"},{"floor":35.0,"key":"sneckomod:MuddlingPotion"},{"floor":39.0,"key":"SteroidPotion"},{"floor":40.0,"key":"Slimebound:SpawnSlimePotion"},{"floor":45.0,"key":"FearPotion"},{"floor":48.0,"key":"Flashbang"},{"floor":51,"key":"hexamod:EctoCoolerPotion"}],"is_trial":false,"path_per_floor":["R","?","M","M","M","R","T","M","M","R","M","PTL","PTL","E","$","E","M","B",null,"R","M","M","$","?","?","T","$","E","?","E","M","$","E","M","B",null,"R","M","M","?","?","R","T","?","M","$","M","E","R","M","M","B",null],"character_chosen":"SLIMEBOUND","items_purchased":["Slimebound:OozeBath","Slimebound:ComboTackle","Slimebound:SplitBruiser","Slimebound:RainOfGoop","Replay:Rubber Ducky","Slimebound:Gluttony+1","Slimebound:LevelUp+1","expansioncontent:DecasProtection","Shovel","HandDrill"],"campfire_rested":0,"item_purchase_floors":[15,15,23,23,32,32,32,32,46,46],"current_hp_per_floor":[66,71,71,71,71,71,71,68,71,71,71,71,71,63,71,63,71,58,71,71,69,71,71,71,71,71,70,30,14,27,42,71,71,77,80,80,80,83,86,68,71,71,71,71,82,82,89,107,107,111,114,114],"gold":89,"neow_bonus":"TEN_PERCENT_HP_BONUS","is_daily":false,"chose_seed":false,"campfire_upgraded":5,"win_rate":0.0,"timestamp":1608947881,"path_taken":["R","?","M","M","M","R","T","M","M","R","M","PTL","PTL","E","$","E","M","BOSS","R","M","M","$","?","?","T","?","E","?","E","M","?","E","M","BOSS","R","M","M","?","?","R","T","?","?","?","?","E","R","M","M","BOSS"],"items_purchased_type":["Card","Card","Card","Card","Relic","Card","Card","Card","Relic","Relic"],"build_version":"2020-12-22","purchased_purges":2,"victory":true,"max_hp_per_floor":[66,71,71,71,71,71,71,71,71,71,71,71,71,71,71,71,71,71,71,71,71,71,71,71,71,71,71,71,71,71,71,71,74,77,80,80,80,83,86,89,92,92,92,92,95,95,98,108,108,111,114,114],"card_choices":[{"not_picked":["Slimebound:SlimeSpikes","Slimebound:SlimeBrawl"],"picked":"Slimebound:LeechEnergy","floor":3.0},{"not_picked":["Slimebound:SlimeSpikes","Slimebound:PressTheAttack"],"picked":"Slimebound:SplitMire","floor":4.0},{"not_picked":["Slimebound:PrepareCrush","Slimebound:ItLooksTasty"],"picked":"Slimebound:Equalize","floor":5.0},{"not_picked":["Slimebound:SlimeSpikes","Slimebound:PressTheAttack"],"picked":"Slimebound:RollThrough","floor":8.0},{"not_picked":["Slimebound:Schlurp","Slimebound:RollThrough"],"picked":"Slimebound:GrowthPunch","floor":9.0},{"not_picked":["Slimebound:Chomp","Slimebound:SplitAcid"],"picked":"Slimebound:ViciousTackle","floor":11.0},{"not_picked":["Slimebound:HauntingLick","Slimebound:Equalize"],"picked":"Slimebound:RejuvenatingLick","floor":14.0},{"not_picked":["Slimebound:PrepareCrush","Slimebound:SpikyOuterGoop"],"picked":"Slimebound:Schlurp","floor":15.0},{"not_picked":["Slimebound:SpikyOuterGoop","Slimebound:LeechingTouch"],"picked":"Slimebound:MegaLick","floor":16.0},{"not_picked":["Slimebound:SlimeBrawl","Slimebound:RollThrough"],"picked":"Slimebound:SplitMire","floor":17.0},{"not_picked":["Slimebound:MassRepurpose","Slimebound:MinionMaster"],"picked":"Slimebound:LeechLife","floor":18.0},{"not_picked":["Slimebound:GrowthPunch","Slimebound:Dissolve"],"picked":"Slimebound:LeechEnergy","floor":21.0},{"not_picked":["Slimebound:ProtectTheBoss","Slimebound:MegaLick"],"picked":"Slimebound:SplitAcid","floor":22.0},{"not_picked":["Slimebound:ViciousTackle","Slimebound:SlimeTap"],"picked":"Slimebound:Schlurp+1","floor":23.0},{"not_picked":["Slimebound:RollThrough","Slimebound:PrepareCrush"],"picked":"Slimebound:HauntingLick","floor":27.0},{"not_picked":["Slimebound:ComboTackle","Slimebound:PrepareCrush"],"picked":"Slimebound:SplitAcid+1","floor":28.0},{"not_picked":["Slimebound:SplitBruiser","Slimebound:GrowthPunch+1"],"picked":"Slimebound:ProtectTheBoss+1","floor":30.0},{"not_picked":["Slimebound:PressTheAttack","Slimebound:LivingWall+1"],"picked":"Slimebound:LeadByExample+1","floor":31.0},{"not_picked":["Slimebound:BestDefense+1","Slimebound:ViciousTackle"],"picked":"Slimebound:SamplingLick","floor":31.0},{"not_picked":["Slimebound:SplitBruiser","Slimebound:GrowthPunch"],"picked":"Slimebound:OneTwoCombo","floor":32.0},{"not_picked":["Slimebound:Grow+1","Slimebound:GrowthPunch"],"picked":"Slimebound:FinishingTackle","floor":33.0},{"not_picked":["Slimebound:ViciousTackle","Slimebound:RejuvenatingLick"],"picked":"Slimebound:LevelUp+1","floor":34.0},{"not_picked":["Slimebound:ViciousTackle","Slimebound:SamplingLick"],"picked":"Slimebound:SplitAcid","floor":34.0},{"not_picked":["Slimebound:DouseInSlime","Slimebound:LeechLife"],"picked":"Slimebound:MassFeed","floor":35.0},{"not_picked":["Slimebound:FlameTackle+1","Slimebound:LeechEnergy"],"picked":"Slimebound:RollThrough+1","floor":38.0},{"not_picked":["Slimebound:Schlurp","Slimebound:SlimeSpikes+1"],"picked":"Slimebound:SplitBruiser","floor":38.0},{"not_picked":["Slimebound:ViciousTackle","Slimebound:RollThrough"],"picked":"Slimebound:Teamwork","floor":39.0},{"not_picked":["Slimebound:Gluttony+1","Slimebound:FlameTackle"],"picked":"Slimebound:ComboTackle+1","floor":39.0},{"not_picked":["Slimebound:SplitMire+1","Slimebound:SlimeSpikes+1"],"picked":"Slimebound:Prepare+1","floor":40.0},{"not_picked":["Slimebound:Grow+1","Slimebound:RollThrough+1"],"picked":"Slimebound:LivingWall+1","floor":40.0},{"not_picked":["Slimebound:SplitMire+1","Slimebound:PressTheAttack"],"picked":"Slimebound:SplitLeeching+1","floor":40.0},{"not_picked":["Slimebound:FinishingTackle","Slimebound:Gluttony+1"],"picked":"Slimebound:SplitMire+1","floor":45.0},{"not_picked":["Slimebound:ItLooksTasty","Slimebound:GrowthPunch"],"picked":"Slimebound:SplitAcid+1","floor":45.0},{"not_picked":["Slimebound:RollThrough+1","Slimebound:LeechEnergy+1"],"picked":"Slimebound:LeadByExample+1","floor":47.0},{"not_picked":["Slimebound:Grow+1","Slimebound:Schlurp"],"picked":"Slimebound:SlimeTap+1","floor":47.0},{"not_picked":["Slimebound:Dissolve+1","Slimebound:FormOfPuddle"],"picked":"Slimebound:RejuvenatingLick+1","floor":48.0},{"not_picked":["Slimebound:FinishingTackle","Slimebound:ProtectTheBoss+1"],"picked":"Slimebound:SplitBruiser","floor":50.0},{"not_picked":["Slimebound:ComboTackle+1","Slimebound:SlimeBarrage+1"],"picked":"Slimebound:MassRepurpose","floor":50.0},{"not_picked":["Slimebound:SplitLeeching+1","Slimebound:BestDefense+1"],"picked":"Slimebound:GoopSpray+1","floor":51},{"not_picked":["Slimebound:SplitMire","Slimebound:LeechEnergy+1"],"picked":"Slimebound:AcidTongue+1","floor":51}],"player_experience":411475,"relics_obtained":[{"floor":7.0,"key":"Simple Rune"},{"floor":14.0,"key":"Matryoshka"},{"floor":16.0,"key":"The Courier"},{"floor":26.0,"key":"Slimebound:AggressiveSlimeRelic"},{"floor":26.0,"key":"Frozen Egg 2"},{"floor":28.0,"key":"Pondfish Scales"},{"floor":28.0,"key":"HornCleat"},{"floor":29.0,"key":"Necronomicon"},{"floor":30.0,"key":"Prayer Wheel"},{"floor":30.0,"key":"Pantograph"},{"floor":33.0,"key":"Replay:Ringing Soul"},{"floor":33.0,"key":"Bottled Tornado"},{"floor":40.0,"key":"Onion Ring"},{"floor":43.0,"key":"Replay:Baseball"},{"floor":48.0,"key":"Chameleon Ring"},{"floor":48.0,"key":"Strawberry"},{"floor":49.0,"key":"Iron Hammer"}],"event_choices":[{"damage_healed":0.0,"max_hp_gain":5.0,"max_hp_loss":0.0,"gold_gain":0.0,"event_name":"Big Fish","player_choice":"Donut","floor":2.0,"gold_loss":0.0,"damage_taken":0.0},{"damage_healed":0.0,"max_hp_gain":0.0,"max_hp_loss":0.0,"gold_gain":0.0,"event_name":"Ghosts","player_choice":"Ignored","floor":20.0,"gold_loss":0.0,"damage_taken":0.0}],"is_beta":false,"boss_relics":[{"not_picked":["Replay:Ancient Bell","Replay:Drink Me"],"picked":"Black Star"},{"not_picked":["Ring of Chaos","Kintsugi"],"picked":"Slimebound:AbsorbEndCombatUpgraded"}],"items_purged_floors":[23,32],"is_endless":false,"potions_floor_spawned":[5,11,16,18,28,31,34,35,38,39,45,48,51],"ascension_level":0}}