{"host":"z9811rt50ti81n54","time":1608992260,"event":{"mods":["BaseMod","Minty Spire (QoL Compilation)"],"gold_per_floor":[117,117,292,292,242,274,287,287,287,302,315,334,16,27,27,127,127,144,69,169,185,197,197,197,197,224,224,17,30,30,60,60,60,60],"floor_reached":33,"playtime":949,"items_purged":["Strike_G"],"score":408,"play_id":"03def715-b987-4fe8-ab47-8dd4a94271fe","local_time":"20201226231740","is_ascension_mode":true,"campfire_choices":[{"data":"Neutralize","floor":8.0,"key":"SMITH"},{"data":"Apotheosis","floor":15.0,"key":"SMITH"},{"data":"After Image","floor":23.0,"key":"SMITH"},{"data":"Well Laid Plans","floor":25.0,"key":"SMITH"},{"data":"Noxious Fumes","floor":27.0,"key":"SMITH"},{"floor":32.0,"key":"REST"}],"circlet_count":0,"master_deck":["Strike_G+1","Strike_G","Strike_G","Defend_G","Defend_G","Defend_G","Defend_G","Defend_G","Survivor","Neutralize+1","Blade Dance+1","Deadly Poison","Night Terror+1","Dagger Spray","Poisoned Stab","Setup","Apotheosis+1","Well Laid Plans+1","Acrobatics","Bane","Blur","After Image+1","Noxious Fumes+1","Blur+1","Outmaneuver","Apotheosis+1","Deadly Poison","PiercingWail","Terror"],"relics":["Ring of the Serpent","NeowsBlessing","Mercury Hourglass","Juzu Bracelet","Omamori","DollysMirror","The Courier"],"acts_visited":["Exordium","TheCity"],"potions_floor_usage":[33,33],"damage_taken":[{"damage":0.0,"enemies":"2 Louse","floor":1.0,"turns":1.0},{"damage":0.0,"enemies":"Gremlin Nob","floor":6.0,"turns":1.0},{"damage":0.0,"enemies":"Small Slimes","floor":7.0,"turns":1.0},{"damage":0.0,"enemies":"Jaw Worm","floor":10.0,"turns":3.0},{"damage":4.0,"enemies":"Gremlin Gang","floor":11.0,"turns":3.0},{"damage":1.0,"enemies":"Red Slaver","floor":12.0,"turns":3.0},{"damage":0.0,"enemies":"3 Louse","floor":14.0,"turns":2.0},{"damage":0.0,"enemies":"Slime Boss","floor":16.0,"turns":5.0},{"damage":8.0,"enemies":"3 Byrds","floor":18.0,"turns":4.0},{"damage":9.0,"enemies":"Spheric Guardian","floor":21.0,"turns":6.0},{"damage":7.0,"enemies":"Snecko","floor":22.0,"turns":4.0},{"damage":3.0,"enemies":"Cultist and Chosen","floor":29.0,"turns":6.0},{"damage":19.0,"enemies":"Gremlin Leader","floor":31.0,"turns":7.0},{"damage":63,"enemies":"Collector","floor":33,"turns":5}],"seed_played":"-8629318242181624737","potions_obtained":[{"floor":10.0,"key":"SteroidPotion"},{"floor":12.0,"key":"Fire Potion"},{"floor":16.0,"key":"PowerPotion"},{"floor":22.0,"key":"FearPotion"},{"floor":31.0,"key":"DuplicationPotion"}],"is_trial":false,"path_per_floor":["M","?","?","?","?","E","M","R","T","M","M","M","$","M","R","B",null,"M","$","?","M","M","R","?","R","T","R","$","M","$","E","R","B"],"character_chosen":"THE_SILENT","items_purchased":["Apotheosis","Well Laid Plans","Acrobatics","Bane","DollysMirror","Deadly Poison"],"campfire_rested":1,"item_purchase_floors":[13,13,13,13,28,28],"current_hp_per_floor":[70,56,56,56,56,56,56,56,56,56,52,51,51,51,51,51,70,62,62,62,53,46,46,46,46,46,46,46,43,43,24,45,0,0],"gold":60,"neow_bonus":"THREE_ENEMY_KILL","is_daily":false,"chose_seed":false,"campfire_upgraded":5,"win_rate":0.0,"timestamp":1608992260,"path_taken":["M","?","?","?","?","E","M","R","T","M","M","M","?","M","R","BOSS","M","$","?","M","M","R","?","R","T","R","$","M","?","E","R","BOSS"],"items_purchased_type":["Card","Card","Card","Card","Relic","Card"],"build_version":"2020-12-22","purchased_purges":1,"victory":false,"max_hp_per_floor":[70,70,70,70,70,70,70,70,70,70,70,70,70,70,70,70,70,70,70,70,70,70,70,70,70,70,70,70,70,70,70,70,70,70],"card_choices":[{"not_picked":["Quick Slash","Outmaneuver"],"picked":"Blade Dance","floor":1.0},{"not_picked":["Heel Hook","Tactician"],"picked":"Deadly Poison","floor":6.0},{"not_picked":["Outmaneuver","Acrobatics"],"picked":"Night Terror","floor":7.0},{"not_picked":["Acrobatics","Deadly Poison"],"picked":"Dagger Spray","floor":10.0},{"not_picked":["Deflect","Outmaneuver"],"picked":"Poisoned Stab","floor":11.0},{"not_picked":["Dagger Throw","Dagger Spray"],"picked":"Setup","floor":12.0},{"not_picked":["Escape Plan","Dagger Spray"],"picked":"Blur","floor":14.0},{"not_picked":["Grand Finale","Phantasmal Killer"],"picked":"After Image","floor":16.0},{"not_picked":["Slice","Endless Agony"],"picked":"Noxious Fumes","floor":18.0},{"not_picked":["Masterful Stab+1","Bane+1"],"picked":"Blur+1","floor":21.0},{"not_picked":["Expertise","Slice"],"picked":"Outmaneuver","floor":22.0},{"not_picked":["Acrobatics","Dagger Throw"],"picked":"PiercingWail","floor":29.0},{"not_picked":["Dodge and Roll+1","Night Terror"],"picked":"Terror","floor":31.0}],"player_experience":232823,"relics_obtained":[{"floor":6.0,"key":"Mercury Hourglass"},{"floor":9.0,"key":"Juzu Bracelet"},{"floor":26.0,"key":"Omamori"},{"floor":31.0,"key":"The Courier"}],"event_choices":[{"damage_healed":0.0,"max_hp_gain":0.0,"max_hp_loss":0.0,"gold_gain":0.0,"event_name":"Shining Light","player_choice":"Entered Light","floor":2.0,"gold_loss":0.0,"damage_taken":14.0,"cards_upgraded":["Strike_G","Blade Dance"]},{"damage_healed":0.0,"max_hp_gain":0.0,"max_hp_loss":0.0,"gold_gain":175.0,"event_name":"Liars Game","player_choice":"AGREE","floor":3.0,"gold_loss":0.0,"damage_taken":0.0,"cards_obtained":["Doubt"]},{"cards_removed":["Doubt"],"damage_healed":0.0,"max_hp_gain":0.0,"max_hp_loss":0.0,"gold_gain":0.0,"event_name":"Living Wall","player_choice":"Forget","floor":4.0,"gold_loss":0.0,"damage_taken":0.0},{"cards_removed":["Strike_G"],"damage_healed":0.0,"max_hp_gain":0.0,"max_hp_loss":0.0,"gold_gain":0.0,"event_name":"The Cleric","player_choice":"Card Removal","floor":5.0,"gold_loss":50.0,"damage_taken":0.0},{"damage_healed":0.0,"max_hp_gain":0.0,"max_hp_loss":0.0,"gold_gain":100.0,"event_name":"Golden Shrine","player_choice":"Pray","floor":20.0,"gold_loss":0.0,"damage_taken":0.0},{"damage_healed":0.0,"max_hp_gain":0.0,"max_hp_loss":0.0,"gold_gain":0.0,"event_name":"Upgrade Shrine","player_choice":"Upgraded","floor":24.0,"gold_loss":0.0,"damage_taken":0.0,"cards_upgraded":["Night Terror"]}],"is_beta":false,"boss_relics":[{"not_picked":["Calling Bell","Busted Crown"],"picked":"Ring of the Serpent"}],"items_purged_floors":[19],"is_endless":false,"potions_floor_spawned":[10,12,16,22,29,31],"killed_by":"Collector","ascension_level":4}}