{"host":"6to8m083wj0ro91z","time":1608980988,"event":{"mods":["Arknights The Spire","BaseMod","Better Third Choice","BetterRewards","CatGirl Mod","ChefMod","Friendly Minions","Hubris","Luminous","Mad Scientist","Marisa????????","Minty Spire (QoL Compilation)","Shade Mod","Spicy Shops","StSLib","The Blackbeard","The Death Knight","The Dragon Tamer","The Gatherer","The Marked","The Mystic","The Necromancer","The Servant 0.9.4"],"gold_per_floor":[118,131,81,81,95,95,95,95],"floor_reached":7,"playtime":625,"items_purged":["ats:Strike S","ats:Strike V"],"score":41,"play_id":"fe1171a4-5cb7-42bf-96e3-e916ac10b2d3","local_time":"20201226120948","is_ascension_mode":false,"campfire_choices":[{"data":"ats:Ignite","floor":6,"key":"SMITH"}],"circlet_count":0,"master_deck":["ats:Armor Crushing Shot","ats:Defend","ats:Defend","ats:Defend","ats:Defend","ats:Emotion Absorption","ats:Ignite","ats:Ignite+1","ats:Thermite Blade"],"relics":["ats:Sanity","Kunai","Matryoshka","ats:MaxSp3"],"acts_visited":["Exordium"],"potions_floor_usage":[],"damage_taken":[{"damage":3,"enemies":"Cultist","floor":1,"turns":5},{"damage":3,"enemies":"2 Louse","floor":2,"turns":5},{"damage":5,"enemies":"Small Slimes","floor":5,"turns":4},{"damage":30,"enemies":"3 Sentries","floor":7,"turns":8}],"seed_played":"-4029049533305836369","potions_obtained":[{"floor":2,"key":"Strength Potion"}],"is_trial":false,"path_per_floor":["M","M","?","?","M","R","E"],"character_chosen":"DOCTOR_CLASS","items_purchased":["Kunai","Matryoshka","ats:MaxSp3","BlessingOfTheForge"],"campfire_rested":0,"item_purchase_floors":[0,0,0,0],"current_hp_per_floor":[37,34,34,34,29,29,0,0],"gold":95,"neow_bonus":"","is_daily":false,"chose_seed":false,"campfire_upgraded":1,"win_rate":0.0,"timestamp":1608980988,"path_taken":["M","?","?","?","M","R","E"],"items_purchased_type":["Relic","Relic","Relic","Potion"],"build_version":"2020-12-22","purchased_purges":2,"victory":false,"max_hp_per_floor":[72,72,72,72,72,72,72,72],"card_choices":[{"not_picked":["ats:LN2 Cannon","ats:Revitalization"],"picked":"ats:Ignite","floor":1},{"not_picked":["ats:Cat Scratch","ats:Shell Defense"],"picked":"ats:Ignite","floor":2},{"not_picked":["ats:Ignite","ats:Curse Doll"],"picked":"ats:Thermite Blade","floor":5}],"player_experience":1040135,"relics_obtained":[],"event_choices":[{"cards_removed":["ats:Strike G"],"damage_healed":0,"gold_gain":0,"player_choice":"Card Removal","damage_taken":0,"max_hp_gain":0,"max_hp_loss":0,"event_name":"The Cleric","floor":3,"gold_loss":50},{"cards_removed":["ats:Strike C"],"damage_healed":0,"gold_gain":0,"player_choice":"Forget","damage_taken":0,"max_hp_gain":0,"max_hp_loss":0,"event_name":"Living Wall","floor":4,"gold_loss":0}],"is_beta":false,"boss_relics":[],"items_purged_floors":[0,0],"is_endless":false,"potions_floor_spawned":[2],"killed_by":"3 Sentries","ascension_level":0}}