{"host":"xa2omnxk3uapc4qp","time":1608958326,"event":{"mods":["BaseMod","Lobotomy","Minty Spire (QoL Compilation)","StSLib"],"gold_per_floor":[115,132,82,82,93,122,122,142,165,178,193,193,207,220,220,315,315,332,350,362,362,380,380,135,146,146,146,146,146],"floor_reached":28,"playtime":1286,"items_purged":[],"score":251,"play_id":"ed65d13b-9772-411e-b9ed-107a3ec434f1","local_time":"20201226125206","is_ascension_mode":false,"campfire_choices":[{"data":"Metallicize","floor":7.0,"key":"SMITH"},{"data":"Feed","floor":15.0,"key":"SMITH"},{"data":"Barricade","floor":23,"key":"SMITH"},{"data":"Double Tap","floor":27,"key":"SMITH"}],"circlet_count":0,"master_deck":["Strike_R","Strike_R","Strike_R+1","Strike_R+1","Defend_R","Defend_R","Defend_R","Defend_R","Bash","Dropkick","Scorched","UniverseFragment","QueenOfHatred","Metallicize+1","CrumblingArmor","Iron Wave","BigBadWolf","Double Tap+1","LaLuna","Feed+1","Thunderclap","HappyTeddy","Barricade+1","LittlePrince","Dark Embrace+1","BigBird","Rudolta","BeautyBeast","BodiesMountain","Blood for Blood"],"relics":["Burning Blood","CogitoBucket","CultistMask","Bag of Preparation","Whetstone","AdjustmentMirror","Red Skull","Mark of Pain","SkinProphecy","Kunai","Orichalcum"],"acts_visited":["Exordium","TheCity"],"potions_floor_usage":[16],"damage_taken":[{"damage":0.0,"enemies":"Small Slimes","floor":1.0,"turns":5.0},{"damage":11.0,"enemies":"Jaw Worm","floor":2.0,"turns":3.0},{"damage":0.0,"enemies":"Cultist","floor":5.0,"turns":3.0},{"damage":32.0,"enemies":"3 Sentries","floor":6.0,"turns":6.0},{"damage":3.0,"enemies":"Exordium Thugs","floor":8.0,"turns":4.0},{"damage":36.0,"enemies":"Large Slime","floor":10.0,"turns":3.0},{"damage":0.0,"enemies":"Lots of Slimes","floor":11.0,"turns":1.0},{"damage":0.0,"enemies":"Gremlin Gang","floor":13.0,"turns":2.0},{"damage":5.0,"enemies":"3 Louse","floor":14.0,"turns":3.0},{"damage":51,"enemies":"The Guardian","floor":16,"turns":9},{"damage":70,"enemies":"Shell Parasite","floor":18,"turns":4},{"damage":0,"enemies":"Spheric Guardian","floor":19,"turns":1},{"damage":0,"enemies":"Shelled Parasite and Fungi","floor":20,"turns":1},{"damage":7,"enemies":"Centurion and Healer","floor":22,"turns":3},{"damage":3,"enemies":"Cultist and Chosen","floor":25,"turns":5},{"damage":170,"enemies":"Shelled Parasite and Fungi","floor":28,"turns":5}],"seed_played":"-1991748008949763783","potions_obtained":[{"floor":1.0,"key":"FairyPotion"},{"floor":2.0,"key":"PowerPotion"},{"floor":6.0,"key":"Regen Potion"},{"floor":8.0,"key":"BlessingOfTheForge"},{"floor":10.0,"key":"Explosive Potion"}],"is_trial":false,"path_per_floor":["M","M","?","?","M","E","R","M","T","M","M","?","M","M","R","B",null,"M","M","M","?","M","R","$","M","T","R","M"],"character_chosen":"IRONCLAD","items_purchased":["Kunai"],"campfire_rested":0,"item_purchase_floors":[24],"current_hp_per_floor":[80,75,75,75,80,57,57,60,60,36,42,42,57,67,67,34,83,25,27,29,58,53,53,53,52,52,52,0,0],"gold":146,"neow_bonus":"","is_daily":false,"chose_seed":false,"campfire_upgraded":4,"win_rate":0.0,"timestamp":1608958326,"path_taken":["M","M","?","?","M","E","R","M","T","M","?","?","M","?","R","BOSS","M","?","M","?","M","R","$","M","T","R","M"],"items_purchased_type":["Relic"],"build_version":"2020-12-22","purchased_purges":0,"victory":false,"max_hp_per_floor":[80,80,80,80,80,80,80,80,80,80,80,80,80,83,83,83,83,83,85,87,87,89,89,89,91,91,91,99,99],"card_choices":[{"not_picked":["Anger","Uppercut"],"picked":"Dropkick","floor":1.0},{"not_picked":["BlackArmy","WallGazer"],"picked":"Scorched","floor":1.0},{"not_picked":["OldLady","WhitesApple"],"picked":"UniverseFragment","floor":2.0},{"not_picked":["Pommel Strike","Clash","Flex"],"picked":"SKIP","floor":2.0},{"not_picked":["OSAHOGD","Wellcheers"],"picked":"QueenOfHatred","floor":5.0},{"not_picked":["Anger","Heavy Blade","Havoc"],"picked":"SKIP","floor":5.0},{"not_picked":["Anger","Heavy Blade","Havoc"],"picked":"SKIP","floor":5.0},{"not_picked":["Warcry","Seeing Red"],"picked":"Metallicize","floor":6.0},{"not_picked":["Porccubus","LongBird"],"picked":"CrumblingArmor","floor":6.0},{"not_picked":["Body Slam","Pommel Strike"],"picked":"Iron Wave","floor":8.0},{"not_picked":["MHz","CherryBlossoms"],"picked":"Freischutz","floor":8.0},{"not_picked":["Dual Wield","Evolve"],"picked":"Shrug It Off","floor":10.0},{"not_picked":["VoidDream","PunishingBird"],"picked":"BigBadWolf","floor":10.0},{"not_picked":["Sword Boomerang","Pommel Strike"],"picked":"Double Tap","floor":11.0},{"not_picked":["MeatLantern","FieryBird"],"picked":"Wellcheers","floor":11.0},{"not_picked":["WallGazer","RedShoes"],"picked":"LaLuna","floor":13.0},{"not_picked":["Anger","Armaments"],"picked":"Feed","floor":13.0},{"not_picked":["Armaments","Body Slam"],"picked":"Thunderclap","floor":14.0},{"not_picked":["PunishingBird","WallGazer"],"picked":"HappyTeddy","floor":14.0},{"not_picked":["Brutality","Fiend Fire"],"picked":"Barricade","floor":16},{"not_picked":["PunishingBird","WallGazer"],"picked":"SnowQueen","floor":16},{"not_picked":["MeltingLove","MHz"],"picked":"LittlePrince","floor":18},{"not_picked":["Uppercut","Iron Wave"],"picked":"Dark Embrace+1","floor":18},{"not_picked":["SpiderBud","Murderer"],"picked":"BigBird","floor":19},{"not_picked":["Iron Wave","Entrench","Twin Strike"],"picked":"SKIP","floor":19},{"not_picked":["BlackSwan","SpiderBud"],"picked":"Rudolta","floor":20},{"not_picked":["Uppercut","Armaments","Clash+1"],"picked":"SKIP","floor":20},{"not_picked":["Uppercut","Armaments","Clash+1"],"picked":"SKIP","floor":20},{"not_picked":["OSAHOGD","Bloodbath"],"picked":"BeautyBeast","floor":22},{"not_picked":["Pommel Strike","True Grit","Clothesline"],"picked":"SKIP","floor":22},{"not_picked":["WhitesApple","Woodsman"],"picked":"BodiesMountain","floor":25},{"not_picked":["Heavy Blade","Combust"],"picked":"Blood for Blood","floor":25}],"player_experience":260144,"relics_obtained":[{"floor":6.0,"key":"Bag of Preparation"},{"floor":9.0,"key":"Whetstone"},{"floor":26,"key":"Orichalcum"}],"event_choices":[{"cards_removed":["Strike_R"],"damage_healed":0.0,"max_hp_gain":0.0,"max_hp_loss":0.0,"gold_gain":0.0,"event_name":"The Cleric","player_choice":"Card Removal","floor":3.0,"gold_loss":50.0,"damage_taken":0.0},{"damage_healed":0.0,"max_hp_gain":0.0,"max_hp_loss":0.0,"gold_gain":0.0,"event_name":"FaceTrader","player_choice":"Trade","floor":4.0,"gold_loss":0.0,"damage_taken":0.0,"relics_obtained":["CultistMask"]},{"cards_removed":["Shrug It Off"],"damage_healed":0.0,"max_hp_gain":0.0,"max_hp_loss":0.0,"gold_gain":0.0,"event_name":"WeMeetAgain","player_choice":"Gave Card","floor":12.0,"gold_loss":0.0,"damage_taken":0.0,"relics_obtained":["Red Skull"]},{"damage_healed":29,"gold_gain":0,"player_choice":"Heal","damage_taken":0,"max_hp_gain":0,"max_hp_loss":0,"event_name":"The Library","floor":21,"gold_loss":0}],"is_beta":false,"boss_relics":[{"not_picked":["SacredBark","Cursed Key"],"picked":"Mark of Pain"}],"items_purged_floors":[],"is_endless":false,"potions_floor_spawned":[1,2,6,8,10],"killed_by":"Shelled Parasite and Fungi","ascension_level":0}}