{"host":"0cgp910o8339lr91","time":1608945546,"event":{"mods":["BaseMod","Colored Map","Filter the Spire","Minty Spire (QoL Compilation)","Relic Stats","Slay-I","ojb\u0027s Better Paths Mod","ojb\u0027s Info Mod"],"gold_per_floor":[119,134,152,163,181,207,217,217,217,251,270,283,318,283,283,360,360,377,377,2,22,37,68,83,115,161,161,161],"floor_reached":27,"playtime":1965,"items_purged":[],"score":658,"play_id":"46a2a4b9-4410-4562-bd0d-328a21215720","local_time":"20201226021906","is_ascension_mode":true,"campfire_choices":[{"data":"Cloak And Dagger","floor":8.0,"key":"SMITH"},{"data":"Noxious Fumes","floor":15.0,"key":"SMITH"}],"circlet_count":0,"master_deck":["AscendersBane","Strike_G","Strike_G","Strike_G","Strike_G","Strike_G","Defend_G","Defend_G","Defend_G","Defend_G","Defend_G","Survivor","Neutralize","Blade Dance","Eviscerate+1","Acrobatics","Cloak And Dagger+1","Noxious Fumes","Backstab+1","Noxious Fumes+1","Caltrops","Dagger Throw","A Thousand Cuts","Blade Dance","Ghostly","Ghostly","Ghostly","Footwork","Accuracy","Dodge and Roll","Outmaneuver","Footwork"],"relics":["Runic Pyramid","Shuriken","Matryoshka","Mummified Hand","Mercury Hourglass","WristBlade","Ninja Scroll","Pear","Anchor","Whetstone","Lantern"],"acts_visited":["Exordium","TheCity"],"potions_floor_usage":[],"damage_taken":[{"damage":0.0,"enemies":"Cultist","floor":1.0,"turns":5.0},{"damage":4.0,"enemies":"Small Slimes","floor":2.0,"turns":4.0},{"damage":0.0,"enemies":"Jaw Worm","floor":3.0,"turns":4.0},{"damage":4.0,"enemies":"Large Slime","floor":4.0,"turns":6.0},{"damage":3.0,"enemies":"Exordium Thugs","floor":5.0,"turns":7.0},{"damage":35.0,"enemies":"Lagavulin","floor":6.0,"turns":9.0},{"damage":0.0,"enemies":"2 Fungi Beasts","floor":7.0,"turns":4.0},{"damage":0.0,"enemies":"Gremlin Nob","floor":10.0,"turns":2.0},{"damage":10.0,"enemies":"3 Louse","floor":11.0,"turns":3.0},{"damage":0.0,"enemies":"Large Slime","floor":12.0,"turns":3.0},{"damage":0.0,"enemies":"3 Sentries","floor":13.0,"turns":5.0},{"damage":5.0,"enemies":"Hexaghost","floor":16.0,"turns":8.0},{"damage":5.0,"enemies":"Spheric Guardian","floor":18.0,"turns":3.0},{"damage":0,"enemies":"3 Byrds","floor":21,"turns":3},{"damage":0,"enemies":"Snake Plant","floor":22,"turns":2},{"damage":9,"enemies":"Book of Stabbing","floor":23,"turns":4},{"damage":1,"enemies":"Sentry and Sphere","floor":24,"turns":4},{"damage":5,"enemies":"Gremlin Leader","floor":25,"turns":7},{"damage":30,"enemies":"Book of Stabbing","floor":27,"turns":3}],"seed_played":"-6606758916687109974","potions_obtained":[{"floor":4.0,"key":"Poison Potion"},{"floor":6.0,"key":"Fire Potion"},{"floor":10.0,"key":"Ancient Potion"},{"floor":11.0,"key":"ColorlessPotion"},{"floor":12.0,"key":"Explosive Potion"},{"floor":21,"key":"FearPotion"},{"floor":25,"key":"Energy Potion"}],"is_trial":false,"path_per_floor":["M","M","M","M","M","E","M","R","T","E","M","M","E","?","R","B",null,"M","?","$","M","M","E","M","E","T","E"],"character_chosen":"THE_SILENT","items_purchased":["Ninja Scroll","Footwork","Poison Potion"],"campfire_rested":0,"item_purchase_floors":[20,20,20],"current_hp_per_floor":[59,55,55,51,48,13,13,13,13,13,3,3,3,19,19,14,53,48,33,33,33,33,34,33,28,28,0,0],"gold":161,"neow_bonus":"BOSS_RELIC","is_daily":false,"chose_seed":false,"campfire_upgraded":2,"win_rate":0.0,"timestamp":1608945546,"path_taken":["M","M","M","M","M","E","M","R","T","E","?","M","E","?","R","BOSS","M","?","$","M","M","E","M","E","T","E"],"items_purchased_type":["Relic","Card","Potion"],"build_version":"2020-12-22","purchased_purges":0,"victory":false,"max_hp_per_floor":[66,66,66,66,66,66,66,66,66,66,66,66,66,66,66,66,66,66,33,33,33,33,43,43,43,43,43,43],"relic_stats":{"counters":[19,86],"Shuriken":[33],"Mummified Hand":[25],"Whetstone":["Backstab","Eviscerate"],"obtain_stats":[{"Anchor":25,"Lantern":26,"Matryoshka":9,"Pear":23,"WristBlade":17,"Shuriken":6,"Mummified Hand":10,"Ninja Scroll":20,"Whetstone":26,"Ring of the Snake":0,"Runic Pyramid":0,"Mercury Hourglass":13},{"Anchor":18,"Lantern":18,"Matryoshka":7,"Pear":16,"WristBlade":12,"Shuriken":6,"Mummified Hand":8,"Ninja Scroll":13,"Whetstone":18,"Ring of the Snake":0,"Runic Pyramid":0,"Mercury Hourglass":11},{"Anchor":83,"Lantern":83,"Matryoshka":39,"Pear":72,"WristBlade":60,"Shuriken":35,"Mummified Hand":41,"Ninja Scroll":63,"Whetstone":83,"Ring of the Snake":0,"Runic Pyramid":0,"Mercury Hourglass":52}],"Mercury Hourglass":[105]},"card_choices":[{"not_picked":["Poisoned Stab","Backstab"],"picked":"Blade Dance","floor":1.0},{"not_picked":["Poisoned Stab","Predator"],"picked":"Eviscerate","floor":2.0},{"not_picked":["Deadly Poison","Bouncing Flask"],"picked":"Acrobatics","floor":3.0},{"not_picked":["Acrobatics","Backflip"],"picked":"Cloak And Dagger","floor":4.0},{"not_picked":["Dodge and Roll","A Thousand Cuts"],"picked":"Noxious Fumes","floor":5.0},{"not_picked":["Crippling Poison","Terror"],"picked":"Backstab","floor":6.0},{"not_picked":["Backflip","Well Laid Plans","Deadly Poison"],"picked":"SKIP","floor":7.0},{"not_picked":["Caltrops","Quick Slash"],"picked":"Noxious Fumes","floor":10.0},{"not_picked":["Slice","Skewer"],"picked":"Caltrops","floor":11.0},{"not_picked":["Acrobatics","Poisoned Stab"],"picked":"Dagger Throw","floor":12.0},{"not_picked":["Distraction","Bane","Flying Knee"],"picked":"SKIP","floor":13.0},{"not_picked":["Doppelganger","Unload"],"picked":"A Thousand Cuts","floor":16.0},{"not_picked":["Finisher","PiercingWail"],"picked":"Blade Dance","floor":18.0},{"not_picked":["Acrobatics","Quick Slash"],"picked":"Accuracy","floor":21},{"not_picked":["Skewer","Heel Hook","Predator"],"picked":"SKIP","floor":22},{"not_picked":["Riddle With Holes","Masterful Stab"],"picked":"Dodge and Roll","floor":23},{"not_picked":["Escape Plan","Choke"],"picked":"Outmaneuver","floor":24},{"not_picked":["Backflip","Setup"],"picked":"Footwork","floor":25}],"player_experience":1008127,"relics_obtained":[{"floor":6.0,"key":"Shuriken"},{"floor":9.0,"key":"Matryoshka"},{"floor":10.0,"key":"Mummified Hand"},{"floor":13.0,"key":"Mercury Hourglass"},{"floor":23,"key":"Pear"},{"floor":25,"key":"Anchor"},{"floor":26,"key":"Whetstone"},{"floor":26,"key":"Lantern"}],"event_choices":[{"damage_healed":16.0,"max_hp_gain":0.0,"max_hp_loss":0.0,"gold_gain":0.0,"event_name":"The Cleric","player_choice":"Healed","floor":14.0,"gold_loss":35.0,"damage_taken":0.0},{"damage_healed":0.0,"max_hp_gain":0.0,"max_hp_loss":33.0,"gold_gain":0.0,"event_name":"Ghosts","player_choice":"Became a Ghost","floor":19.0,"gold_loss":0.0,"damage_taken":0.0,"cards_obtained":["Ghostly","Ghostly","Ghostly"]}],"is_beta":false,"boss_relics":[{"not_picked":["Astrolabe","Velvet Choker"],"picked":"WristBlade"}],"items_purged_floors":[],"is_endless":false,"potions_floor_spawned":[4,6,7,10,11,12,21,22,25],"killed_by":"Book of Stabbing","ascension_level":20}}