{"host":"4edbuligkc8x13l4","time":1608989759,"event":{"mods":["BaseMod","Minty Spire (QoL Compilation)","StSLib","SuperFastMode"],"gold_per_floor":[212,212,212,212,230,230,47,66,90,106,133,133,58,73,73,148,148,167,367,4,22,39,39,67,67,67,77,77,77,90,103,103,103,103],"floor_reached":33,"playtime":1137,"items_purged":["Strike_R"],"score":521,"play_id":"49daf8a0-45e4-4118-a335-64d782603de9","local_time":"20201226213559","is_ascension_mode":true,"campfire_choices":[{"data":"Sword Boomerang","floor":6.0,"key":"SMITH"},{"data":"True Grit","floor":12.0,"key":"SMITH"},{"data":"Shrug It Off","floor":15.0,"key":"SMITH"},{"data":"Reaper","floor":23,"key":"SMITH"},{"data":"Evolve","floor":25,"key":"SMITH"},{"data":"Bloodletting","floor":32,"key":"SMITH"}],"circlet_count":0,"master_deck":["AscendersBane","Strike_R","Strike_R","Strike_R","Defend_R","Defend_R","Defend_R","Defend_R","Bash","Sword Boomerang+1","Evolve+1","Shrug It Off+1","True Grit+1","Reaper+1","Thunderclap+1","Rupture+1","Cleave+1","Dropkick+1","Intimidate+1","Bloodletting+1"],"relics":["Burning Blood","Bag of Preparation","Gremlin Horn","Happy Flower","Ancient Tea Set","Red Skull","Coffee Dripper","Ornamental Fan","Bronze Scales","Pocketwatch"],"acts_visited":["Exordium","TheCity"],"potions_floor_usage":[22,24,33],"damage_taken":[{"damage":7.0,"enemies":"Jaw Worm","floor":1.0,"turns":3.0},{"damage":3.0,"enemies":"2 Louse","floor":5.0,"turns":2.0},{"damage":6.0,"enemies":"Cultist","floor":8.0,"turns":4.0},{"damage":6.0,"enemies":"Red Slaver","floor":10.0,"turns":3.0},{"damage":25.0,"enemies":"3 Sentries","floor":11.0,"turns":9.0},{"damage":20.0,"enemies":"Exordium Wildlife","floor":14.0,"turns":6.0},{"damage":10.0,"enemies":"The Guardian","floor":16.0,"turns":9.0},{"damage":41.0,"enemies":"Spheric Guardian","floor":18.0,"turns":6.0},{"damage":20,"enemies":"2 Thieves","floor":21,"turns":3},{"damage":0,"enemies":"3 Cultists","floor":22,"turns":3},{"damage":49,"enemies":"Gremlin Leader","floor":24,"turns":7},{"damage":7,"enemies":"Chosen and Byrds","floor":27,"turns":4},{"damage":25,"enemies":"Centurion and Healer","floor":30,"turns":5},{"damage":13,"enemies":"Snecko","floor":31,"turns":4},{"damage":83,"enemies":"Automaton","floor":33,"turns":6}],"seed_played":"-3587380762399353718","potions_obtained":[{"floor":8.0,"key":"PowerPotion"},{"floor":14.0,"key":"DistilledChaos"},{"floor":22,"key":"LiquidBronze"},{"floor":30,"key":"Strength Potion"},{"floor":31,"key":"Explosive Potion"}],"is_trial":false,"path_per_floor":["M","?","?","T","M","R","$","M","T","M","E","R","?","M","R","B",null,"M","?","$","M","M","R","E","R","T","M","$","?","M","M","R","B"],"character_chosen":"IRONCLAD","items_purchased":["Happy Flower","Shrug It Off","Ornamental Fan"],"campfire_rested":0,"item_purchase_floors":[7,7,20],"current_hp_per_floor":[67,67,62,62,65,65,65,65,65,65,46,46,46,32,32,28,63,32,32,32,32,58,58,30,30,30,44,44,44,35,40,40,0,0],"gold":103,"neow_bonus":"HUNDRED_GOLD","is_daily":false,"chose_seed":false,"campfire_upgraded":6,"win_rate":0.0,"timestamp":1608989759,"path_taken":["M","?","?","?","M","R","$","M","T","M","E","R","?","M","R","BOSS","M","?","?","M","?","R","E","R","T","M","$","?","?","?","R","BOSS"],"items_purchased_type":["Relic","Card","Relic"],"build_version":"2020-12-22","purchased_purges":1,"victory":false,"max_hp_per_floor":[75,75,75,75,75,75,75,75,75,75,75,75,75,75,75,75,75,75,75,75,75,75,75,75,75,75,75,75,75,75,75,75,75,75],"card_choices":[{"not_picked":["True Grit","Twin Strike"],"picked":"Sword Boomerang","floor":1.0},{"not_picked":["Power Through","Metallicize"],"picked":"Evolve","floor":5.0},{"not_picked":["Flame Barrier","Thunderclap"],"picked":"True Grit","floor":8.0},{"not_picked":["Warcry","Clothesline","Reckless Charge"],"picked":"SKIP","floor":10.0},{"not_picked":["Rupture","Sword Boomerang","Thunderclap"],"picked":"SKIP","floor":11.0},{"not_picked":["Twin Strike","Heavy Blade","Iron Wave"],"picked":"SKIP","floor":14.0},{"not_picked":["Double Tap","Barricade"],"picked":"Reaper","floor":16.0},{"not_picked":["Burning Pact","Pommel Strike"],"picked":"Thunderclap+1","floor":18.0},{"not_picked":["Wild Strike","Brutality"],"picked":"Rupture+1","floor":21},{"not_picked":["Burning Pact","Intimidate","Dark Embrace+1"],"picked":"SKIP","floor":22},{"not_picked":["Anger+1","Thunderclap+1"],"picked":"Cleave+1","floor":24},{"not_picked":["Sever Soul","Heavy Blade"],"picked":"Dropkick","floor":27},{"not_picked":["Perfected Strike","Heavy Blade"],"picked":"Intimidate+1","floor":30},{"not_picked":["Battle Trance+1","Iron Wave"],"picked":"Bloodletting","floor":31}],"player_experience":922833,"relics_obtained":[{"floor":4.0,"key":"Gremlin Horn"},{"floor":9.0,"key":"Ancient Tea Set"},{"floor":11.0,"key":"Red Skull"},{"floor":24,"key":"Bronze Scales"},{"floor":26,"key":"Pocketwatch"}],"event_choices":[{"damage_healed":0.0,"max_hp_gain":0.0,"max_hp_loss":0.0,"gold_gain":0.0,"event_name":"Liars Game","player_choice":"Ignored","floor":2.0,"gold_loss":0.0,"damage_taken":0.0},{"damage_healed":0.0,"max_hp_gain":0.0,"max_hp_loss":0.0,"gold_gain":0.0,"event_name":"Scrap Ooze","player_choice":"Success","floor":3.0,"gold_loss":0.0,"damage_taken":5.0,"relics_obtained":["Bag of Preparation"]},{"cards_removed":["Strike_R"],"damage_healed":0.0,"max_hp_gain":0.0,"max_hp_loss":0.0,"gold_gain":0.0,"event_name":"The Cleric","player_choice":"Card Removal","floor":13.0,"gold_loss":75.0,"damage_taken":0.0},{"damage_healed":0,"gold_gain":250,"player_choice":"Bet on Owner","damage_taken":0,"max_hp_gain":0,"max_hp_loss":0,"event_name":"The Joust","floor":19,"gold_loss":50},{"damage_healed":0,"gold_gain":0,"player_choice":"Forge","damage_taken":0,"max_hp_gain":0,"max_hp_loss":0,"event_name":"Accursed Blacksmith","floor":29,"gold_loss":0,"cards_upgraded":["Dropkick"]}],"is_beta":false,"boss_relics":[{"not_picked":["Runic Dome","Cursed Key"],"picked":"Coffee Dripper"}],"items_purged_floors":[20],"is_endless":false,"potions_floor_spawned":[8,14,22,30,31],"killed_by":"Automaton","ascension_level":19}}