{"host":"1jyvlwrg3lqf29t2","time":1608991388,"event":{"mods":["BaseMod","Colored Powertips","Downfall","Hermit","Minty Spire (QoL Compilation)","StSLib","The Blackbeard","The Cursed","The Poker Player","TheBandit"],"gold_per_floor":[110,126,126,140,153,164,191,208,259,275,293,319,319,334,334,439,739,755,771,288,288,303,303,303,303],"floor_reached":24,"playtime":2520,"items_purged":["Pray"],"score":214,"play_id":"8cfce706-7879-49bc-9d85-5dd5cfb5c71c","local_time":"20201226080308","is_ascension_mode":false,"campfire_choices":[{"floor":13,"key":"REST"},{"floor":15,"key":"REST"},{"floor":23,"key":"REST"}],"circlet_count":0,"master_deck":["Strike_P","Strike_P","Strike_P","Strike_P","Defend_P","Defend_P","Defend_P","Defend_P","Eruption+1","Vigilance","Conclude","CutThroughFate","DeceiveReality","CarveReality","PathToVictory","DevaForm","MasterReality","CurseOfTheBell","PathToVictory"],"relics":["PureWater","Question Card","Bronze Scales","Juzu Bracelet","Calling Bell","Oddly Smooth Stone","Frozen Egg 2","MealTicket","Gremlin Horn","Nloth\u0027s Gift"],"acts_visited":["Exordium","TheCity"],"potions_floor_usage":[22],"damage_taken":[{"damage":5,"enemies":"2 Louse","floor":1,"turns":3},{"damage":0,"enemies":"Cultist","floor":2,"turns":2},{"damage":0,"enemies":"Small Slimes","floor":4,"turns":2},{"damage":4,"enemies":"Blue Slaver","floor":5,"turns":2},{"damage":8,"enemies":"Large Slime","floor":6,"turns":3},{"damage":11,"enemies":"Gremlin Nob","floor":7,"turns":3},{"damage":0,"enemies":"Looter","floor":8,"turns":2},{"damage":2,"enemies":"Lots of Slimes","floor":10,"turns":2},{"damage":0,"enemies":"3 Louse","floor":11,"turns":3},{"damage":20,"enemies":"Lagavulin","floor":12,"turns":6},{"damage":22,"enemies":"Large Slime","floor":14,"turns":4},{"damage":18,"enemies":"Slime Boss","floor":16,"turns":8},{"damage":17,"enemies":"Shell Parasite","floor":18,"turns":8},{"damage":25,"enemies":"2 Thieves","floor":19,"turns":4},{"damage":20,"enemies":"Sentry and Sphere","floor":22,"turns":5},{"damage":42,"enemies":"Centurion and Healer","floor":24,"turns":5}],"seed_played":"-6131239791072359323","potions_obtained":[{"floor":4,"key":"Strength Potion"},{"floor":6,"key":"StancePotion"},{"floor":7,"key":"ColorlessPotion"},{"floor":10,"key":"Energy Potion"}],"is_trial":false,"path_per_floor":["M","M","?","M","M","M","E","M","T","M","M","E","R","M","R","B",null,"M","M","$","?","M","R","M"],"character_chosen":"WATCHER","items_purchased":["MealTicket","Gremlin Horn"],"campfire_rested":3,"item_purchase_floors":[20,20],"current_hp_per_floor":[74,74,74,74,70,62,51,51,51,49,49,29,52,30,53,35,79,62,37,37,37,17,40,0,0],"gold":303,"neow_bonus":"TEN_PERCENT_HP_BONUS","is_daily":false,"chose_seed":false,"campfire_upgraded":0,"win_rate":0.0,"timestamp":1608991388,"path_taken":["M","M","?","M","?","M","E","M","T","M","M","E","R","M","R","BOSS","M","M","$","?","M","R","M"],"items_purchased_type":["Relic","Relic"],"build_version":"2020-12-22","purchased_purges":1,"victory":false,"max_hp_per_floor":[79,79,79,79,79,79,79,79,79,79,79,79,79,79,79,79,79,79,79,79,79,79,79,79,79],"card_choices":[{"not_picked":["EmptyBody","Consecrate"],"picked":"Conclude","floor":1},{"not_picked":["FlurryOfBlows","Nirvana"],"picked":"CutThroughFate","floor":2},{"not_picked":["CarveReality","Evaluate","CrushJoints"],"picked":"SKIP","floor":4},{"not_picked":["BowlingBash","ThirdEye","JustLucky"],"picked":"SKIP","floor":5},{"not_picked":["SignatureMove","Vault","CutThroughFate"],"picked":"SKIP","floor":6},{"not_picked":["Vengeance","Fasting2"],"picked":"DeceiveReality","floor":7},{"not_picked":["ClearTheMind","FlyingSleeves","Sanctity","Consecrate"],"picked":"SKIP","floor":8},{"not_picked":["CutThroughFate","Crescendo","Swivel"],"picked":"CarveReality","floor":10},{"not_picked":["SashWhip","DeceiveReality","Swivel"],"picked":"Pray","floor":11},{"not_picked":["CrushJoints","LikeWater","EmptyBody"],"picked":"PathToVictory","floor":12},{"not_picked":["EmptyBody","CutThroughFate","BowlingBash"],"picked":"DevaForm","floor":14},{"not_picked":["Brilliance","Judgement","ConjureBlade"],"picked":"MasterReality","floor":16},{"not_picked":["SandsOfTime+1","CarveReality","ReachHeaven"],"picked":"PathToVictory","floor":18},{"not_picked":["Vengeance+1","Indignation","FlyingSleeves","FlurryOfBlows"],"picked":"SKIP","floor":19},{"not_picked":["Consecrate+1","EmptyFist","Vault","FollowUp"],"picked":"SKIP","floor":22}],"player_experience":368786,"relics_obtained":[{"floor":7,"key":"Question Card"},{"floor":9,"key":"Bronze Scales"},{"floor":12,"key":"Juzu Bracelet"},{"floor":17,"key":"Oddly Smooth Stone"},{"floor":17,"key":"Frozen Egg 2"},{"floor":17,"key":"Old Coin"}],"event_choices":[{"damage_healed":0,"gold_gain":0,"player_choice":"Forge","damage_taken":0,"max_hp_gain":0,"max_hp_loss":0,"event_name":"Accursed Blacksmith","floor":3,"gold_loss":0,"cards_upgraded":["Eruption"]},{"damage_healed":0,"gold_gain":0,"player_choice":"Traded Relic","damage_taken":0,"relics_obtained":["Nloth\u0027s Gift"],"max_hp_gain":0,"max_hp_loss":0,"event_name":"N\u0027loth","floor":21,"relics_lost":["Old Coin"],"gold_loss":0}],"is_beta":false,"boss_relics":[{"not_picked":["Ectoplasm","Busted Crown"],"picked":"Calling Bell"}],"items_purged_floors":[20],"is_endless":false,"potions_floor_spawned":[4,6,7,10,11,14,18],"killed_by":"Centurion and Healer","ascension_level":0}}