{"host":"mniz8q056kux99zk","time":1608993481,"event":{"mods":["BaseMod","CapriCore","Highlight Path","Hubris","Infinite Spire","Minty Spire (QoL Compilation)","StSLib"],"gold_per_floor":[110,123,140,140,163,198,373,389,416,416,18,34,34,34,34,130,130,119,469,469,487,498,498,508,521,591,604,604,604,604],"floor_reached":29,"playtime":1278,"items_purged":[],"score":237,"play_id":"707cdae0-52f4-44f1-8bbd-d52f58f3238b","local_time":"20201226093801","is_ascension_mode":true,"campfire_choices":[{"floor":15,"key":"REST"},{"floor":23,"key":"RECALL"},{"data":"Alpha","floor":28,"key":"SMITH"}],"circlet_count":0,"master_deck":["Strike_P","Strike_P","Strike_P","Defend_P","Defend_P","Defend_P","Defend_P","Eruption","Vigilance","Consecrate","EmptyBody+1","SandsOfTime","Evaluate","TalkToTheHand","ForeignInfluence","Alpha+1","Wireheading","FlurryOfBlows","infinitespire:Gouge","DeusExMachina","Indignation+1","Prostrate+1","Ragnarok","EmptyMind","EmptyBody","SignatureMove+1","SashWhip+1"],"relics":["Sozu","Bronze Scales","Lantern","Spirit Poop","Orichalcum","Boot","Coffee Dripper","Old Coin","Tiny House","Toxic Egg 2"],"acts_visited":["Exordium","TheCity"],"potions_floor_usage":[],"damage_taken":[{"damage":0,"enemies":"Cultist","floor":1,"turns":2},{"damage":0,"enemies":"Jaw Worm","floor":2,"turns":2},{"damage":0,"enemies":"2 Louse","floor":3,"turns":4},{"damage":9,"enemies":"Gremlin Nob","floor":6,"turns":4},{"damage":9,"enemies":"Exordium Wildlife","floor":8,"turns":6},{"damage":1,"enemies":"Looter","floor":12,"turns":2},{"damage":15,"enemies":"The Guardian","floor":16,"turns":7},{"damage":9,"enemies":"2 Thieves","floor":18,"turns":4},{"damage":0,"enemies":"Chosen","floor":21,"turns":3},{"damage":14,"enemies":"3 Cultists","floor":22,"turns":3},{"damage":2,"enemies":"Centurion and Healer","floor":24,"turns":6},{"damage":23,"enemies":"Snake Plant","floor":25,"turns":4},{"damage":15,"enemies":"Cultist and Chosen","floor":27,"turns":6},{"damage":24,"enemies":"Nightmare","floor":29,"turns":4}],"seed_played":"7040553287932070023","potions_obtained":[],"is_trial":false,"path_per_floor":["M","M","M","?","T","E","?","M","T","?","$","M","?","?","R","B",null,"M","AVR","?","M","M","R","M","M","T","M","R","NM"],"character_chosen":"WATCHER","items_purchased":["Orichalcum","ForeignInfluence","Alpha","Wireheading"],"campfire_rested":1,"item_purchase_floors":[11,11,11,11],"current_hp_per_floor":[72,72,72,75,75,66,66,57,57,57,57,56,38,20,42,27,75,66,71,71,71,57,57,55,32,32,17,17,0,0],"gold":604,"neow_bonus":"BOSS_RELIC","is_daily":false,"chose_seed":false,"campfire_upgraded":1,"win_rate":0.0,"timestamp":1608993481,"path_taken":["M","M","M","?","?","E","?","?","T","?","$","?","?","?","R","BOSS","M","AVR","?","M","M","R","M","M","T","?","R","NM"],"items_purchased_type":["Relic","Card","Card","Card"],"build_version":"2020-12-22","purchased_purges":0,"victory":false,"max_hp_per_floor":[72,72,72,75,75,75,75,75,75,75,75,75,75,75,75,75,75,75,80,80,80,80,80,80,80,80,80,80,80,80],"card_choices":[{"not_picked":["Fasting2","SashWhip"],"picked":"Consecrate","floor":1},{"not_picked":["JustLucky","ClearTheMind"],"picked":"EmptyBody","floor":2},{"not_picked":["CrushJoints","Fasting2"],"picked":"SandsOfTime","floor":3},{"not_picked":["ConjureBlade","SignatureMove"],"picked":"Evaluate","floor":6},{"not_picked":["Protect","EmptyFist"],"picked":"TalkToTheHand","floor":8},{"not_picked":["Protect","InnerPeace"],"picked":"FlurryOfBlows","floor":12},{"not_picked":["infinitespire:Starlight","infinitespire:UltimateForm"],"picked":"infinitespire:Gouge","floor":13},{"not_picked":["Judgement","Blasphemy"],"picked":"DeusExMachina","floor":16},{"not_picked":["CutThroughFate","BowlingBash+1"],"picked":"Indignation+1","floor":18},{"not_picked":["CrushJoints","Evaluate"],"picked":"Prostrate+1","floor":19},{"not_picked":["SashWhip","Conclude+1"],"picked":"Ragnarok","floor":21},{"not_picked":["SignatureMove","CrushJoints"],"picked":"EmptyMind","floor":22},{"not_picked":["Consecrate","PathToVictory"],"picked":"EmptyBody","floor":24},{"not_picked":["Sanctity","Study"],"picked":"SignatureMove+1","floor":25},{"not_picked":["ClearTheMind+1","EmptyFist"],"picked":"SashWhip+1","floor":27}],"player_experience":97477,"relics_obtained":[{"floor":5,"key":"Bronze Scales"},{"floor":6,"key":"Lantern"},{"floor":26,"key":"Toxic Egg 2"}],"event_choices":[{"damage_healed":0,"gold_gain":175,"player_choice":"AGREE","damage_taken":0,"max_hp_gain":0,"max_hp_loss":0,"event_name":"Liars Game","floor":7,"gold_loss":0,"cards_obtained":["Doubt"]},{"cards_removed":["Doubt"],"damage_healed":0,"gold_gain":0,"player_choice":"Offered Curse","damage_taken":0,"relics_obtained":["Spirit Poop"],"max_hp_gain":0,"max_hp_loss":0,"event_name":"Bonfire Elementals","floor":10,"gold_loss":0},{"damage_healed":0,"gold_gain":0,"player_choice":"Success","damage_taken":18,"relics_obtained":["Boot"],"max_hp_gain":0,"max_hp_loss":0,"event_name":"Scrap Ooze","floor":14,"gold_loss":0},{"cards_removed":["Strike_P"],"damage_healed":0,"gold_gain":0,"player_choice":"Card Removal","damage_taken":0,"max_hp_gain":0,"max_hp_loss":0,"event_name":"Wheel of Change","floor":20,"gold_loss":0}],"is_beta":false,"boss_relics":[{"not_picked":["Runic Dome","hubris:CrackedHourglass"],"picked":"Coffee Dripper"}],"items_purged_floors":[],"is_endless":false,"potions_floor_spawned":[3,6,12,18,24],"killed_by":"Nightmare","ascension_level":1}}