{"host":"7mrmd33mpx7q5wx9","time":1608969535,"event":{"mods":["AchievementEnabler","BaseMod","Card Forge","Colored Map","Defuse TimeMaze Blight","Minty Spire (QoL Compilation)","Permanent Neow","Quick Restart","StSLib","SuperFastMode"],"gold_per_floor":[109,123,136,146,162,194,205,230,254,254,264,292,141,154,154,252,252,266,278,297,154,167,180,200,233,307,10,10,26,61,61,61,159,159,170,181,181,0,16,49,49,63,63,90,90,106,106,124,124,124,124,124,124,157,157,157],"floor_reached":55,"playtime":942,"items_purged":[],"score":1047,"play_id":"582b9055-7bfa-424f-af71-fbdbd4e315db","local_time":"20201226015855","is_ascension_mode":false,"campfire_choices":[{"floor":10,"key":"RECALL"},{"floor":15,"key":"REST"},{"data":"Flex","floor":32,"key":"SMITH"},{"data":"Pommel Strike","floor":41,"key":"SMITH"},{"floor":49,"key":"REST"},{"data":"Pommel Strike","floor":52,"key":"SMITH"}],"circlet_count":0,"master_deck":["Clash+1","Clash+1","Clash+1","Clash+1","Clash+1","Clash+1","Clash+1","Clash+1","Clash+1","Clash+1","Flex+1","Pommel Strike+1","Pommel Strike+1","Pommel Strike+1","Warcry","Clash+1"],"relics":["Black Blood","Hammer of Thor","Seething Fire","Anvil of the Gods","Ancient Tea Set","Self Forming Clay","Pen Nib","Turnip","Brimstone","Runic Dome","ClockworkSouvenir","Nunchaku","Shuriken","Anchor","Orichalcum","Bag of Preparation","Happy Flower","Red Mask","Blue Candle","Omamori","Molten Egg 2","Boot"],"acts_visited":["Exordium","TheCity","TheBeyond","TheEnding"],"potions_floor_usage":[50,55,55],"damage_taken":[{"damage":0,"enemies":"Cultist","floor":1,"turns":1},{"damage":0,"enemies":"Jaw Worm","floor":2,"turns":1},{"damage":0,"enemies":"2 Louse","floor":3,"turns":1},{"damage":0,"enemies":"Looter","floor":4,"turns":1},{"damage":0,"enemies":"3 Louse","floor":5,"turns":1},{"damage":0,"enemies":"Gremlin Nob","floor":6,"turns":2},{"damage":0,"enemies":"Red Slaver","floor":7,"turns":1},{"damage":0,"enemies":"3 Sentries","floor":8,"turns":2},{"damage":0,"enemies":"Exordium Wildlife","floor":11,"turns":1},{"damage":0,"enemies":"Lagavulin","floor":12,"turns":2},{"damage":0,"enemies":"Exordium Thugs","floor":14,"turns":1},{"damage":0,"enemies":"Slime Boss","floor":16,"turns":3},{"damage":0,"enemies":"Shell Parasite","floor":18,"turns":1},{"damage":0,"enemies":"Chosen","floor":19,"turns":1},{"damage":13,"enemies":"Centurion and Healer","floor":20,"turns":2},{"damage":0,"enemies":"Snake Plant","floor":22,"turns":1},{"damage":0,"enemies":"Snecko","floor":23,"turns":2},{"damage":0,"enemies":"Centurion and Healer","floor":24,"turns":2},{"damage":13,"enemies":"Gremlin Leader","floor":25,"turns":2},{"damage":0,"enemies":"Snake Plant","floor":29,"turns":1},{"damage":0,"enemies":"Slavers","floor":30,"turns":1},{"damage":0,"enemies":"Automaton","floor":33,"turns":2},{"damage":1,"enemies":"3 Shapes","floor":35,"turns":2},{"damage":0,"enemies":"3 Darklings","floor":36,"turns":2},{"damage":0,"enemies":"Transient","floor":39,"turns":5},{"damage":0,"enemies":"Reptomancer","floor":40,"turns":1},{"damage":8,"enemies":"4 Shapes","floor":42,"turns":2},{"damage":0,"enemies":"Nemesis","floor":44,"turns":1},{"damage":0,"enemies":"3 Darklings","floor":46,"turns":1},{"damage":0,"enemies":"Maw","floor":48,"turns":2},{"damage":38,"enemies":"Time Eater","floor":50,"turns":5},{"damage":0,"enemies":"Shield and Spear","floor":54,"turns":2},{"damage":89,"enemies":"The Heart","floor":55,"turns":3}],"seed_played":"1416399883343641312","potions_obtained":[{"floor":3,"key":"BlessingOfTheForge"},{"floor":6,"key":"PowerPotion"},{"floor":7,"key":"Block Potion"},{"floor":54,"key":"LiquidBronze"}],"is_trial":false,"path_per_floor":["M","M","M","M","M","E","M","E","T","R","M","E","$","M","R","B",null,"M","M","M","$","M","M","M","E","T","$","?","M","E","?","R","B",null,"M","M","?","?","M","E","R","M","T","E","?","M","T","M","R","B",null,"R","$","E","B"],"character_chosen":"IRONCLAD","items_purchased":["Brimstone","ClockworkSouvenir","Anchor","Orichalcum"],"campfire_rested":2,"item_purchase_floors":[13,21,27,27],"current_hp_per_floor":[80,80,80,80,80,80,80,80,80,80,80,80,80,80,80,80,80,80,80,73,73,79,80,80,73,73,73,73,79,80,80,80,80,80,80,80,80,80,80,80,80,80,80,80,76,76,76,76,76,50,76,76,76,76,0,0],"gold":157,"neow_bonus":"TRANSFORM_CARD","is_daily":false,"chose_seed":false,"campfire_upgraded":3,"win_rate":0.0,"timestamp":1608969535,"path_taken":["M","M","M","?","M","E","M","E","T","R","M","E","$","M","R","BOSS","M","M","M","$","M","M","M","E","T","$","?","?","E","?","R","BOSS","M","M","?","?","M","E","R","M","T","E","?","M","?","M","R","BOSS","R","$","E","BOSS"],"items_purchased_type":["Relic","Relic","Relic","Relic"],"build_version":"2020-12-22","purchased_purges":0,"victory":false,"max_hp_per_floor":[80,80,80,80,80,80,80,80,80,80,80,80,80,80,80,80,80,80,80,80,80,80,80,80,80,80,80,80,80,80,80,80,80,80,80,80,80,80,80,80,80,80,80,80,76,76,76,76,76,76,76,76,76,76,76,76],"card_choices":[{"not_picked":["Reckless Charge","Cleave"],"picked":"Flex","floor":1},{"not_picked":["Rampage","Anger","Combust"],"picked":"SKIP","floor":2},{"not_picked":["Searing Blow","Sword Boomerang","Reckless Charge"],"picked":"SKIP","floor":3},{"not_picked":["Headbutt","Wild Strike","True Grit"],"picked":"SKIP","floor":4},{"not_picked":["Shockwave","Infernal Blade"],"picked":"Pommel Strike","floor":5},{"not_picked":["Hemokinesis","Battle Trance","Shrug It Off"],"picked":"SKIP","floor":6},{"not_picked":["Twin Strike","Reaper"],"picked":"Shrug It Off","floor":7},{"not_picked":["Power Through","Iron Wave","Rupture"],"picked":"SKIP","floor":8},{"not_picked":["Combust","Carnage","Entrench"],"picked":"SKIP","floor":11},{"not_picked":["Havoc","Sword Boomerang","Double Tap"],"picked":"SKIP","floor":12},{"not_picked":["Rage","Ghostly Armor","Twin Strike"],"picked":"SKIP","floor":14},{"not_picked":["Clothesline","Shrug It Off","Cleave"],"picked":"SKIP","floor":18},{"not_picked":["Warcry+1","Metallicize","Clash"],"picked":"SKIP","floor":19},{"not_picked":["Searing Blow","Anger"],"picked":"Pommel Strike","floor":20},{"not_picked":["Armaments","Rage+1","Cleave"],"picked":"SKIP","floor":22},{"not_picked":["Blood for Blood","Dual Wield"],"picked":"Pommel Strike+1","floor":23},{"not_picked":["Corruption","Reckless Charge+1","Havoc"],"picked":"SKIP","floor":24},{"not_picked":["Iron Wave","Blood for Blood","Heavy Blade"],"picked":"SKIP","floor":25},{"not_picked":["Clothesline","Infernal Blade","Anger"],"picked":"SKIP","floor":29},{"not_picked":["Warcry","Carnage","Spot Weakness"],"picked":"SKIP","floor":30},{"not_picked":["Body Slam+1","Uppercut","Clothesline"],"picked":"SKIP","floor":35},{"not_picked":["Havoc+1","Bloodletting","Pommel Strike"],"picked":"SKIP","floor":36},{"not_picked":["Pommel Strike+1","Burning Pact+1","Cleave"],"picked":"SKIP","floor":39},{"not_picked":["Havoc","Limit Break","Headbutt+1"],"picked":"SKIP","floor":40},{"not_picked":["Clash+1","Rage+1","Headbutt"],"picked":"SKIP","floor":42},{"not_picked":["Wild Strike","Thunderclap+1","Shrug It Off"],"picked":"SKIP","floor":44},{"not_picked":["Havoc","Armaments+1","Anger"],"picked":"SKIP","floor":46},{"not_picked":["Reckless Charge+1","Whirlwind+1","Twin Strike+1"],"picked":"SKIP","floor":48},{"not_picked":["Heavy Blade+1","Searing Blow+1"],"picked":"Clash+1","floor":54}],"player_experience":341202,"relics_obtained":[{"floor":6,"key":"Ancient Tea Set"},{"floor":8,"key":"Self Forming Clay"},{"floor":9,"key":"Pen Nib"},{"floor":12,"key":"Turnip"},{"floor":25,"key":"Nunchaku"},{"floor":26,"key":"Shuriken"},{"floor":30,"key":"Happy Flower"},{"floor":40,"key":"Blue Candle"},{"floor":44,"key":"Omamori"},{"floor":47,"key":"Molten Egg 2"},{"floor":54,"key":"Boot"}],"event_choices":[{"cards_removed":["Shrug It Off"],"damage_healed":0,"gold_gain":0,"player_choice":"Gave Card","damage_taken":0,"relics_obtained":["Bag of Preparation"],"max_hp_gain":0,"max_hp_loss":0,"event_name":"WeMeetAgain","floor":28,"gold_loss":0},{"damage_healed":0,"gold_gain":0,"player_choice":"Read","damage_taken":0,"max_hp_gain":0,"max_hp_loss":0,"event_name":"The Library","floor":31,"gold_loss":0,"cards_obtained":["Warcry"]},{"damage_healed":0,"gold_gain":0,"player_choice":"Memory 1","damage_taken":0,"max_hp_gain":0,"max_hp_loss":0,"event_name":"SensoryStone","floor":37,"gold_loss":0},{"damage_healed":0,"gold_gain":0,"player_choice":"Paid","damage_taken":0,"relics_obtained":["Red Mask"],"max_hp_gain":0,"max_hp_loss":0,"event_name":"Tomb of Lord Red Mask","floor":38,"gold_loss":181},{"damage_healed":0,"gold_gain":0,"player_choice":"Max HP","damage_taken":0,"max_hp_gain":0,"max_hp_loss":4,"event_name":"Winding Halls","floor":45,"gold_loss":0}],"is_beta":false,"boss_relics":[{"not_picked":["Tiny House","SlaversCollar"],"picked":"Runic Dome"},{"not_picked":["Mark of Pain","Velvet Choker"],"picked":"Black Blood"}],"items_purged_floors":[],"is_endless":false,"potions_floor_spawned":[3,6,7,12,14,20,22,23,24,25,36,44,46,54],"killed_by":"The Heart","ascension_level":0}}