{"host":"6to8m083wj0ro91z","time":1608984816,"event":{"mods":["Arknights The Spire","BaseMod","Better Third Choice","BetterRewards","CatGirl Mod","ChefMod","Friendly Minions","Hubris","Mad Scientist","Marisa????????","Minty Spire (QoL Compilation)","Shade Mod","Spicy Shops","StSLib","The Blackbeard","The Death Knight","The Dragon Tamer","The Gatherer","The Marked","The Mystic","The Necromancer","The Servant 0.9.4"],"gold_per_floor":[119,119,119,139,150,180,180,207,207,207,207,207],"floor_reached":11,"playtime":453,"items_purged":[],"score":106,"play_id":"aa39ae25-92af-489e-8585-74940dd7bad0","local_time":"20201226131336","is_ascension_mode":false,"campfire_choices":[],"circlet_count":0,"master_deck":["ats:Strike C","ats:Strike G+1","ats:Strike S","ats:Armor Crushing Shot","ats:Defend","ats:Defend","ats:Defend","ats:Defend","ats:Emotion Absorption+1","ats:Shadow Raid","ats:Burning Ground"],"relics":["ats:Sanity","ats:Originium","Singing Bowl","ats:Originium","MealTicket","Pear","Pantograph"],"acts_visited":["Exordium"],"potions_floor_usage":[6,8,8],"damage_taken":[{"damage":1,"enemies":"Cultist","floor":1,"turns":3},{"damage":0,"enemies":"2 Louse","floor":4,"turns":3},{"damage":7,"enemies":"Jaw Worm","floor":5,"turns":4},{"damage":32,"enemies":"Gremlin Nob","floor":6,"turns":5},{"damage":9,"enemies":"3 Sentries","floor":8,"turns":6},{"damage":14,"enemies":"Gremlin Nob","floor":11,"turns":2}],"seed_played":"5806586463856884936","potions_obtained":[{"floor":1,"key":"CultistPotion"},{"floor":4,"key":"LiquidMemories"},{"floor":6,"key":"Explosive Potion"},{"floor":8,"key":"LiquidMemories"}],"is_trial":false,"path_per_floor":["M","?","?","M","M","E","?","E","T","$","E"],"character_chosen":"DOCTOR_CLASS","items_purchased":["Pantograph"],"campfire_rested":0,"item_purchase_floors":[10],"current_hp_per_floor":[78,62,62,62,55,25,18,11,21,5,0,0],"gold":207,"neow_bonus":"TEN_PERCENT_HP_BONUS","is_daily":false,"chose_seed":false,"campfire_upgraded":0,"win_rate":0.0,"timestamp":1608984816,"path_taken":["M","?","?","M","M","E","?","E","T","?","E"],"items_purchased_type":["Relic"],"build_version":"2020-12-22","purchased_purges":0,"victory":false,"max_hp_per_floor":[79,79,79,79,79,81,81,83,93,93,93,93],"card_choices":[{"not_picked":["ats:Spore Proliferation","ats:Powerful Strike"],"picked":"ats:Shadow Raid","floor":1},{"not_picked":["ats:Poison Spread","ats:Curse Doll"],"picked":"ats:Burning Ground","floor":4},{"not_picked":["ats:Revitalization","ats:Mental Burst","ats:Closed Bolt Burst Fire"],"picked":"SKIP","floor":5},{"not_picked":["ats:Charging Defense","ats:Neurotoxin","ats:Nebulous Foxfire"],"picked":"Singing Bowl","floor":6},{"not_picked":["ats:Automatic Cover","ats:Roar Of Ursus","ats:Apocalypse"],"picked":"Singing Bowl","floor":8}],"player_experience":1042855,"relics_obtained":[{"floor":6,"key":"ats:Originium"},{"floor":6,"key":"Singing Bowl"},{"floor":8,"key":"ats:Originium"},{"floor":8,"key":"MealTicket"},{"floor":9,"key":"Pear"}],"event_choices":[{"damage_healed":78,"gold_gain":0,"player_choice":"Upgrade","damage_taken":16,"max_hp_gain":0,"max_hp_loss":79,"event_name":"betterThird:BetterShining","floor":2,"gold_loss":0,"cards_upgraded":["ats:Emotion Absorption","ats:Strike G"]},{"damage_healed":0,"gold_gain":0,"player_choice":"Ignored","damage_taken":119,"max_hp_gain":0,"max_hp_loss":0,"event_name":"betterThird:BetterSerpent","floor":3,"gold_loss":0},{"cards_removed":["ats:Strike V"],"damage_healed":0,"gold_gain":0,"player_choice":"Card Removal","damage_taken":7,"max_hp_gain":0,"max_hp_loss":0,"event_name":"Golden Wing","floor":7,"gold_loss":0}],"is_beta":false,"boss_relics":[],"items_purged_floors":[],"is_endless":false,"potions_floor_spawned":[1,4,6,8],"killed_by":"Gremlin Nob","ascension_level":0}}