{"host":"gk9qdtkqd8dwfeg2","time":1608979748,"event":{"mods":["Act Like it!","Aspiration","BaseMod","Colored Powertips","Gensokyo","Minty Spire (QoL Compilation)","Quick Restart","Replay The Spire","Shop Mod","StSLib","TestMod","The Servant 0.9.4","Waifu the Spire","vexMod"],"gold_per_floor":[115,115,132,192,192,220,220,73,73,86,101,135,146,163,163,260,260,272,127,145,163,173,173,190,19,43,74,74,103,116,146,146,247,297,316,334,334,345,368,397,192,211,261,261,171,199,199,214,214,214,214,214,7,35,35],"floor_reached":56,"playtime":1714,"items_purged":[],"score":1698,"play_id":"3374c2f7-0026-4ef9-8900-fffc17c6de73","local_time":"20201226184908","is_ascension_mode":true,"campfire_choices":[{"data":"Armaments","floor":15.0,"key":"SMITH"},{"data":"Dual Wield","floor":23.0,"key":"SMITH"},{"data":"True Grit","floor":28.0,"key":"SMITH"},{"data":"ReplayTheSpireMod:Strike From Hell","floor":32.0,"key":"SMITH"},{"floor":49,"key":"RECALL"},{"data":"Abandon","floor":52,"key":"SMITH"}],"circlet_count":0,"master_deck":["Strike_R+1","Strike_R+1","Strike_R+1","Strike_R+1","Defend_R","Defend_R","Bash+1","Dual Wield+1","Abandon+1","Seeing Red","Armaments+1","ReplayTheSpireMod:Strike From Hell+1","Pommel Strike","Defy Death","Pommel Strike+1","Perfected Strike","True Grit+1","Rage","Brutality+1","Pommel Strike+1","Shrug It Off+1","Twin Strike+1","Second Wind","Gensokyo:CustomPotion","Abandon+1","Seeing Red+1","Purity","testmod-ShutDown","Dual Wield"],"relics":["Burning Blood","testmod-TestBox","testmod-HeartOfStrike","Ring of the Snake","Snack Pack","Pen Nib","MerchantsRug","Molten Egg 2","Replay:Wax Seal","Ice Cream","Bottled Lightning","Medical Kit","Centennial Puzzle","Anchor","TungstenRod","Membership Card","testmod-IndustrialRevolution"],"acts_visited":["Exordium","TheCity","TheCity","TheEnding"],"potions_floor_usage":[55,55],"damage_taken":[{"damage":0.0,"enemies":"Cultist","floor":1.0,"turns":2.0},{"damage":7.0,"enemies":"Small Slimes","floor":3.0,"turns":2.0},{"damage":10.0,"enemies":"3 Sentries","floor":6.0,"turns":4.0},{"damage":0.0,"enemies":"Jaw Worm","floor":10.0,"turns":1.0},{"damage":0.0,"enemies":"3 Louse","floor":11.0,"turns":1.0},{"damage":14.0,"enemies":"Gremlin Nob","floor":12.0,"turns":3.0},{"damage":6.0,"enemies":"Exordium Thugs","floor":13.0,"turns":2.0},{"damage":0.0,"enemies":"Looter","floor":14.0,"turns":1.0},{"damage":0.0,"enemies":"Fading Forest","floor":16.0,"turns":7.0},{"damage":0.0,"enemies":"Chosen","floor":18.0,"turns":1.0},{"damage":2.0,"enemies":"3 Byrds","floor":20.0,"turns":3.0},{"damage":12.0,"enemies":"Cultist and Chosen","floor":21.0,"turns":3.0},{"damage":24.0,"enemies":"Snake Plant","floor":22.0,"turns":2.0},{"damage":0.0,"enemies":"Snecko","floor":24.0,"turns":1.0},{"damage":0.0,"enemies":"Slavers","floor":27.0,"turns":1.0},{"damage":16.0,"enemies":"Gremlin Leader","floor":29.0,"turns":3.0},{"damage":7.0,"enemies":"Cultist and Chosen","floor":30.0,"turns":2.0},{"damage":13.0,"enemies":"Slavers","floor":31.0,"turns":4.0},{"damage":9.0,"enemies":"Collector","floor":33.0,"turns":7.0},{"damage":1.0,"enemies":"Gensokyo:AncientGuardian","floor":35.0,"turns":2.0},{"damage":0.0,"enemies":"Gensokyo:3_Boulders","floor":36.0,"turns":1.0},{"damage":0.0,"enemies":"Gensokyo:Sharpion","floor":38.0,"turns":1.0},{"damage":1.0,"enemies":"Gensokyo:Doremy","floor":40.0,"turns":2.0},{"damage":0.0,"enemies":"Gensokyo:SeedOfUnknown","floor":42.0,"turns":1.0},{"damage":0.0,"enemies":"Gensokyo:Marisa","floor":46.0,"turns":1.0},{"damage":5,"enemies":"Gensokyo:Dusk_and_Dawn","floor":48,"turns":2},{"damage":0,"enemies":"Gensokyo:Shinki","floor":50,"turns":4},{"damage":5,"enemies":"Shield and Spear","floor":54,"turns":2},{"damage":86,"enemies":"The Heart","floor":55,"turns":5}],"seed_played":"-3014351856094922228","potions_obtained":[{"floor":1.0,"key":"Strength Potion"},{"floor":4.0,"key":"ElixirPotion"},{"floor":4.0,"key":"Strength Potion"},{"floor":11.0,"key":"Fruit Juice"},{"floor":13.0,"key":"Toxic Potion"},{"floor":14.0,"key":"Swift Potion"},{"floor":29.0,"key":"Adrenaline Potion"}],"is_trial":false,"path_per_floor":["M","?","M","?","?","E","?","$","T","M","M","E","M","M","R","B",null,"M","$","M","M","M","R","M","$","T","E","R","E","M","E","R","B",null,"M","M","?","M","$","E","COS","M","T","?","?","E","?","M","R","B",null,"R","$","E","B",null],"character_chosen":"IRONCLAD","items_purchased":["Pen Nib","MerchantsRug","Perfected Strike","Replay:Bottled Eggs","Ice Cream","Membership Card","Purity","testmod-ShutDown"],"campfire_rested":0,"item_purchase_floors":[8,19,25,25,39,53,53,53],"current_hp_per_floor":[80,80,79,59,59,55,55,55,55,61,74,68,68,74,74,84,85,85,85,85,81,65,65,73,73,73,81,81,73,74,67,67,66,90,90,90,90,90,90,90,90,90,90,90,90,90,90,90,90,90,90,90,90,90,12],"gold":35,"neow_bonus":"NOSTALGIA","is_daily":false,"chose_seed":false,"campfire_upgraded":5,"win_rate":0.0,"timestamp":1608979748,"path_taken":["M","?","?","?","?","E","?","$","T","?","M","E","M","M","R","BOSS","M","$","M","M","M","R","M","$","T","E","R","E","M","E","R","BOSS","M","M","?","M","?","E","COS","M","T","?","?","E","?","?","R","BOSS","R","$","E","BOSS"],"items_purchased_type":["Relic","Relic","Card","Relic","Relic","Relic","Card","Card"],"build_version":"2020-12-22","purchased_purges":0,"victory":true,"max_hp_per_floor":[80,80,80,80,80,80,80,80,80,80,85,85,85,85,85,85,85,85,85,85,85,85,85,85,85,85,85,85,85,85,85,85,85,90,90,90,90,90,90,90,90,90,90,90,90,90,90,90,90,90,90,90,90,90,90],"card_choices":[{"not_picked":["Burning Pact","Pommel Strike"],"picked":"Dual Wield","floor":1.0},{"not_picked":["Cleave","Anger"],"picked":"Abandon","floor":3.0},{"not_picked":["Abandon","Blood for Blood"],"picked":"Seeing Red","floor":4.0},{"not_picked":["Wild Strike","Headbutt","Searing Blow"],"picked":"SKIP","floor":6.0},{"not_picked":["Perfected Strike","Heavy Blade","Ghostly Armor"],"picked":"SKIP","floor":10.0},{"not_picked":["Body Slam","Infernal Blade"],"picked":"Armaments","floor":11.0},{"not_picked":["Wild Strike","Headbutt"],"picked":"ReplayTheSpireMod:Strike From Hell","floor":12.0},{"not_picked":["Havoc","Armaments","Headbutt"],"picked":"SKIP","floor":13.0},{"not_picked":["Dropkick","Limit Break"],"picked":"Pommel Strike","floor":14.0},{"not_picked":["Pommel Strike","Havoc"],"picked":"Defy Death","floor":18.0},{"not_picked":["Wild Strike","Armaments","Replay:Undeath\u0027s Touch"],"picked":"SKIP","floor":20.0},{"not_picked":["Twin Strike","Dropkick+1"],"picked":"Pommel Strike+1","floor":21.0},{"not_picked":["Clothesline","Defy Death","Demon Form"],"picked":"SKIP","floor":22.0},{"not_picked":["ReplayTheSpireMod:Corrosion Curse","Dropkick","Anger"],"picked":"SKIP","floor":24.0},{"not_picked":["Life Link","Entrench"],"picked":"True Grit","floor":27.0},{"not_picked":["Flame Barrier","Feed+1","Run Through+1"],"picked":"SKIP","floor":29.0},{"not_picked":["Hemokinesis+1","Warcry","Clash+1"],"picked":"SKIP","floor":30.0},{"not_picked":["ReplayReversal","Headbutt+1"],"picked":"Rage","floor":31.0},{"not_picked":["Replay:Many Hands","Feed+1"],"picked":"Brutality","floor":33.0},{"not_picked":["Anger+1","Clothesline+1"],"picked":"Pommel Strike+1","floor":34.0},{"not_picked":["Clothesline+1","Juggernaut"],"picked":"Shrug It Off+1","floor":35.0},{"not_picked":["Anger+1","Life Link","Heavy Blade+1"],"picked":"SKIP","floor":36.0},{"not_picked":["Anger+1","Havoc+1","Twin Strike+1"],"picked":"SKIP","floor":38.0},{"not_picked":["Anger+1","Havoc+1"],"picked":"Twin Strike+1","floor":38.0},{"not_picked":["Entrench+1","Juggernaut","Run Through+1"],"picked":"SKIP","floor":40.0},{"not_picked":["Thunderclap+1","Run Through+1"],"picked":"Second Wind","floor":42.0},{"not_picked":["Metallicize+1","Hemokinesis+1"],"picked":"Abandon","floor":46.0},{"not_picked":["Blood for Blood+1","ReplayTheSpireMod:Corrosion Curse+1"],"picked":"Seeing Red+1","floor":48},{"not_picked":["Shrug It Off+1","Body Slam+1"],"picked":"Dual Wield","floor":54}],"player_experience":570802,"relics_obtained":[{"floor":4.0,"key":"Whetstone"},{"floor":6.0,"key":"Snack Pack"},{"floor":12.0,"key":"vexMod:RetaliationKit"},{"floor":26.0,"key":"Akabeko"},{"floor":27.0,"key":"aspiration:HiddenCompartment"},{"floor":29.0,"key":"Molten Egg 2"},{"floor":31.0,"key":"Replay:Wax Seal"},{"floor":40.0,"key":"Bottled Lightning"},{"floor":43.0,"key":"Centennial Puzzle"},{"floor":46.0,"key":"Anchor"},{"floor":54,"key":"testmod-IndustrialRevolution"}],"event_choices":[{"cards_removed":["Defend_R"],"damage_healed":0.0,"max_hp_gain":0.0,"max_hp_loss":0.0,"gold_gain":0.0,"event_name":"Bonfire Elementals","player_choice":"Offered Basic","floor":2.0,"gold_loss":0.0,"damage_taken":0.0},{"damage_healed":0.0,"max_hp_gain":0.0,"max_hp_loss":0.0,"gold_gain":0.0,"event_name":"Living Wall","player_choice":"Grow","floor":7.0,"gold_loss":0.0,"damage_taken":0.0,"cards_upgraded":["Abandon"]},{"damage_healed":0.0,"max_hp_gain":0.0,"max_hp_loss":0.0,"gold_gain":0.0,"event_name":"给自己的盒子","player_choice":"Swap Relic","floor":44.0,"relics_lost":["aspiration:Nostalgia"],"gold_loss":0.0,"damage_taken":0.0,"relics_obtained":["aspiration:Nostalgia"]}],"is_beta":false,"boss_relics":[{"not_picked":["Velvet Choker","testmod-KeyOfTheVoid"],"picked":"testmod-CardMagician"},{"not_picked":["Kintsugi","Replay:Wanted Poster"],"picked":"Tiny House"}],"items_purged_floors":[],"is_endless":false,"potions_floor_spawned":[1,11,13,14,16,22,27,29,30,33,36,48,54],"ascension_level":4}}