{"host":"ft2xazkv7v30fddt","time":1608991009,"event":{"mods":["AchievementEnabler","Act Like it!","Aspiration","Astrologer","Bard","BaseMod","Better Altar","Better Match","Better Note","Better Sensory Stone","Better Skull","CapriCore","Chen","Colored Powertips","Conspire","Downfall","Elementarium","Energized Spire","GifTheSpireLib","Gremlin Mod","Hermit","Hubris","Infinite Spire","KinomotoSakuraMod(????)","Koishi","Marisa????????","Minty Spire (QoL Compilation)","Pale of the Ancients","Permanent Neow","Potionbrewer","Prisma Mod","Replay The Spire","Slumbering Mod","StSLib","Stuff the Spire","The Blackbeard","The Bladedancer","The Construct","The Cursed","The Forsaken","The Gatherer","The Hayseed","The Hierophant","The Immortal","The Judge","The Runesmith","The Servant 0.9.4","The Showman","The Valiant","The Vixen","TheArtist","TheBandit","TheSwordswoman","Wandering Minibosses","thorton","vexMod"],"gold_per_floor":[99,118,133,145,145,35,35,49,49,78,228,228,248,268,278,278,278,278],"floor_reached":16,"playtime":1471,"items_purged":[],"score":104,"play_id":"84412e06-9ca6-4a5d-8b19-d8a599351ab3","local_time":"20201226215649","is_ascension_mode":false,"campfire_choices":[{"data":"champ:StrikeOfGenius","floor":1.0,"key":"SMITH"},{"data":"champ:DeathBlow","floor":9.0,"key":"SMITH"},{"data":"champ:CalledShot","floor":12.0,"key":"SMITH"}],"circlet_count":0,"master_deck":["champ:Strike","champ:Strike","champ:Strike","champ:Strike","champ:Defend","champ:Defend","champ:Defend","champ:Defend","champ:Execute","champ:Taunt","champ:StrikeOfGenius+1","champ:BringItOn","champ:GladiatorsShout","champ:CalledShot+1","Pain","champ:DeathBlow+1","ReplayTheSpireMod:Private Reserves","champ:GutPunch","champ:DancingMaster","Slimebound:Icky","champ:SkillfulDodge","champ:DefensiveShout"],"relics":["champ:ChampionCrown","WarpedTongs","potionbrewer:BottledElixir","theSlumbering:GlassShield"],"acts_visited":["Exordium"],"potions_floor_usage":[15],"damage_taken":[{"damage":0.0,"enemies":"conspire:RoseBush","floor":2.0,"turns":5.0},{"damage":5.0,"enemies":"2 Louse","floor":3.0,"turns":2.0},{"damage":6.0,"enemies":"Jaw Worm","floor":4.0,"turns":4.0},{"damage":12.0,"enemies":"downfall:FleeingMerchant","floor":6.0,"turns":4.0},{"damage":24.0,"enemies":"3 Louse","floor":8.0,"turns":5.0},{"damage":62.0,"enemies":"Lagavulin","floor":10.0,"turns":6.0},{"damage":20.0,"enemies":"Blue Slaver","floor":13.0,"turns":4.0},{"damage":4,"enemies":"Exordium Wildlife","floor":14,"turns":3},{"damage":46,"enemies":"conspire:2 RoseBushes","floor":15,"turns":4},{"damage":46,"enemies":"downfall:Silent","floor":16,"turns":8}],"seed_played":"7416640904457327604","potions_obtained":[{"floor":8.0,"key":"Swift Potion"},{"floor":10.0,"key":"conspire:TimeTravelPotion"},{"floor":14,"key":"Dexterity Potion"},{"floor":15,"key":"CultistPotion"}],"is_trial":false,"path_per_floor":["R","M","M","M","?","$","T","M","R","E","?","R","M","M","M","B"],"character_chosen":"THE_CHAMP","items_purchased":["ReplayTheSpireMod:Private Reserves"],"campfire_rested":0,"item_purchase_floors":[6],"current_hp_per_floor":[90,90,90,84,84,77,77,74,74,50,50,50,48,47,35,0,0,0],"gold":278,"neow_bonus":"ONE_RANDOM_RARE_CARD","is_daily":false,"chose_seed":false,"campfire_upgraded":3,"win_rate":0.0,"timestamp":1608991009,"path_taken":["R","M","?","M","?","$","T","?","R","E","?","R","M","M","M","BOSS"],"items_purchased_type":["Card"],"build_version":"2020-12-22","purchased_purges":0,"victory":false,"max_hp_per_floor":[90,90,90,90,90,90,90,90,90,90,90,90,90,90,90,90,90,90],"card_choices":[{"not_picked":["champ:Circumvent","champ:Riposte"],"picked":"champ:BringItOn","floor":2.0},{"not_picked":["champ:BladeFlurry","champ:BringItOn"],"picked":"champ:GladiatorsShout","floor":3.0},{"not_picked":["champ:CrookedStrike","champ:Duel"],"picked":"champ:CalledShot","floor":4.0},{"not_picked":["champ:FalseCounter","champ:PerfectedStrike"],"picked":"champ:DeathBlow","floor":6.0},{"not_picked":["champ:Backstep","champ:FaceSlap"],"picked":"champ:GutPunch","floor":8.0},{"not_picked":["champ:Backstep","champ:PreciseThrust"],"picked":"champ:DancingMaster","floor":10.0},{"not_picked":["champ:AdrenalArmor","champ:BerserkersShout"],"picked":"champ:SkillfulDodge","floor":13.0},{"not_picked":["champ:Backstep","champ:FlashCut"],"picked":"champ:DefensiveShout","floor":14},{"not_picked":["champ:BringItOn","champ:Backstep","champ:FlashCut"],"picked":"SKIP","floor":15}],"player_experience":1656147,"relics_obtained":[{"floor":7.0,"key":"potionbrewer:BottledElixir"},{"floor":10.0,"key":"theSlumbering:GlassShield"}],"event_choices":[{"damage_healed":0.0,"max_hp_gain":0.0,"max_hp_loss":0.0,"gold_gain":0.0,"event_name":"Accursed Blacksmith","player_choice":"Rummage","floor":5.0,"gold_loss":0.0,"damage_taken":0.0,"relics_obtained":["WarpedTongs"],"cards_obtained":["Pain"]}],"is_beta":false,"boss_relics":[],"items_purged_floors":[],"is_endless":false,"potions_floor_spawned":[8,10,14,15],"killed_by":"downfall:Silent","ascension_level":0}}