{"host":"rkizb0bayd67deyv","time":1608961263,"event":{"mods":["2.2 Compatiblity","AchievementEnabler","Astrologer","BaseMod","Beaked The Cultist","BetterRewards","CapriCore","Colored Map","Colored Powertips","GifTheSpireLib","Gremlin Mod","KinomotoSakuraMod(ñÿîVñ{?)","Koishi","Mad Scientist","MarisaÅiñ∂âJÅ@ñÇóùçπÅj","Minty Spire (QoL Compilation)","Quick Restart","StSLib","SuperFastMode","The Bladedancer","The Cursed","The Death Knight","The Immortal","The Mystic","The Poker Player","Unknown Chances","YoumuÅiç∞ÈÆódöÎÅj"],"gold_per_floor":[116,116,116,116,116,147,165,192,245,195,195,195,226,241,241,241,241],"floor_reached":16,"playtime":639,"items_purged":[],"score":174,"play_id":"2d11b5af-5af6-49cc-9c07-efdf62beee4c","local_time":"20201226144103","is_ascension_mode":true,"campfire_choices":[{"floor":12,"key":"REST"},{"data":"MadScienceMod:ClockworkAssistant","floor":15,"key":"SMITH"}],"circlet_count":0,"master_deck":["MadScienceMod:Strike_MadScience","MadScienceMod:Strike_MadScience","MadScienceMod:Strike_MadScience","MadScienceMod:Defend_MadScience","MadScienceMod:Defend_MadScience","MadScienceMod:Defend_MadScience","MadScienceMod:PoweredStrike","MadScienceMod:HideBehindJunk","MadScienceMod:Refuel","Blind","MadScienceMod:EnergyBarrier","MadScienceMod:ClockworkAssistant+1","MadScienceMod:ExtractOil","MadScienceMod:EnergyBarrier","MadScienceMod:MindControlBeam+1"],"relics":["MadScienceMod:FuelTank","MadScienceMod:DoomsdayDevice","Pocketwatch","Toxic Egg 2","Bag of Preparation","Omamori"],"acts_visited":["Exordium"],"potions_floor_usage":[16],"damage_taken":[{"damage":1,"enemies":"2 Louse","floor":1,"turns":4},{"damage":23,"enemies":"3 Sentries","floor":6,"turns":12},{"damage":4,"enemies":"Jaw Worm","floor":7,"turns":5},{"damage":24,"enemies":"Lagavulin","floor":8,"turns":11},{"damage":25,"enemies":"3 Sentries","floor":13,"turns":10},{"damage":0,"enemies":"Small Slimes","floor":14,"turns":3},{"damage":27,"enemies":"Hexaghost","floor":16,"turns":13}],"seed_played":"8825570401203557667","potions_obtained":[{"floor":6,"key":"Dexterity Potion"},{"floor":8,"key":"Energy Potion"},{"floor":11,"key":"AttackPotion"}],"is_trial":false,"path_per_floor":["M","?","?","T","?","E","M","E","T","?","?","R","E","M","R","B"],"character_chosen":"MAD_SCIENTIST","items_purchased":["MadScienceMod:Refuel","Blind"],"campfire_rested":1,"item_purchase_floors":[0,0],"current_hp_per_floor":[74,74,79,79,79,56,52,28,28,28,28,52,27,27,27,0,0],"gold":241,"neow_bonus":"","is_daily":false,"chose_seed":false,"campfire_upgraded":1,"win_rate":0.0,"timestamp":1608961263,"path_taken":["M","?","?","?","?","E","?","E","T","?","?","R","E","M","R","BOSS"],"items_purchased_type":["Card","Card"],"build_version":"2020-12-22","purchased_purges":0,"victory":false,"max_hp_per_floor":[75,75,80,80,80,80,80,80,80,80,80,80,80,80,80,80,80],"card_choices":[{"not_picked":["MadScienceMod:FlameCannon","MadScienceMod:RadioactiveSword"],"picked":"MadScienceMod:EnergyBarrier","floor":1},{"not_picked":["MadScienceMod:Poke","MadScienceMod:FlammableWall"],"picked":"MadScienceMod:ExtractOil","floor":6},{"not_picked":["MadScienceMod:NowOrNever","MadScienceMod:FragmentationGrenade"],"picked":"MadScienceMod:EnergyBarrier","floor":7},{"not_picked":["MadScienceMod:BandageBot","MadScienceMod:Tune+1","MadScienceMod:AntimatterBomb+1"],"picked":"SKIP","floor":8},{"not_picked":["MadScienceMod:JunkLaser","MadScienceMod:Virus","MadScienceMod:Inflate+1"],"picked":"SKIP","floor":13},{"not_picked":["MadScienceMod:JunkLaser","MadScienceMod:Virus","MadScienceMod:Inflate+1"],"picked":"SKIP","floor":13},{"not_picked":["MadScienceMod:Sprocket+1","MadScienceMod:ShrinkRay+1"],"picked":"MadScienceMod:MindControlBeam+1","floor":14}],"player_experience":260191,"relics_obtained":[{"floor":4,"key":"MadScienceMod:DoomsdayDevice"},{"floor":6,"key":"Pocketwatch"},{"floor":8,"key":"Toxic Egg 2"},{"floor":9,"key":"Bag of Preparation"},{"floor":13,"key":"Omamori"}],"event_choices":[{"damage_healed":0,"gold_gain":0,"player_choice":"Ignored","damage_taken":0,"max_hp_gain":0,"max_hp_loss":0,"event_name":"Liars Game","floor":2,"gold_loss":0},{"damage_healed":0,"gold_gain":0,"player_choice":"Donut","damage_taken":0,"max_hp_gain":5,"max_hp_loss":0,"event_name":"Big Fish","floor":3,"gold_loss":0},{"damage_healed":0,"gold_gain":0,"cards_transformed":["MadScienceMod:Strike_MadScience"],"player_choice":"Transformed","damage_taken":0,"max_hp_gain":0,"max_hp_loss":0,"event_name":"Transmorgrifier","floor":5,"gold_loss":0,"cards_obtained":["MadScienceMod:ClockworkAssistant"]},{"cards_removed":["MadScienceMod:Defend_MadScience"],"damage_healed":0,"gold_gain":0,"player_choice":"Card Removal","damage_taken":0,"max_hp_gain":0,"max_hp_loss":0,"event_name":"The Cleric","floor":10,"gold_loss":50},{"damage_healed":0,"gold_gain":0,"player_choice":"Got Potions","damage_taken":0,"max_hp_gain":0,"max_hp_loss":0,"event_name":"Lab","floor":11,"gold_loss":0}],"is_beta":false,"boss_relics":[],"items_purged_floors":[],"is_endless":false,"potions_floor_spawned":[6,8,13],"killed_by":"Hexaghost","ascension_level":1}}