{"host":"0i8dz4ityulxi1rd","time":1608983883,"event":{"mods":["BaseMod","Colored Map","Colored Powertips","Custom Start","Highlight Path","Infinite Spire","Keyboard Shortcuts","Minty Spire (QoL Compilation)","StSLib","SuperFastMode"],"gold_per_floor":[109,109,34,51,63,63,93,93,93,93,112,112,145,172,172,245,245,257,182,182,182,198,224,236,236,236,236,236,236],"floor_reached":28,"playtime":973,"items_purged":["Strike_P","Defend_P"],"score":542,"play_id":"ef103ea1-ca64-4fc9-ad8f-469c5319f3f6","local_time":"20201226205803","is_ascension_mode":true,"campfire_choices":[{"data":"Perseverance","floor":6.0,"key":"SMITH"},{"data":"Blasphemy","floor":12.0,"key":"SMITH"},{"floor":15.0,"key":"REST"},{"data":"infinitespire:Collect","floor":25,"key":"SMITH"}],"circlet_count":0,"master_deck":["AscendersBane","Defend_P","Eruption+1","Vigilance","WheelKick","Perseverance+1","FearNoEvil","Halt","Blasphemy+1","Study+1","Establishment+1","infinitespire:Collect+1","Omniscience","Halt"],"relics":["PureWater","Ornamental Fan","InkBottle","Frozen Egg 2","Lantern","Ancient Tea Set","Coffee Dripper","Pear","Happy Flower"],"acts_visited":["Exordium","TheCity"],"potions_floor_usage":[23,27],"damage_taken":[{"damage":0.0,"enemies":"Cultist","floor":1.0,"turns":2.0},{"damage":0.0,"enemies":"Jaw Worm","floor":4.0,"turns":2.0},{"damage":0.0,"enemies":"infinitespire:Voidling","floor":5.0,"turns":2.0},{"damage":0.0,"enemies":"Gremlin Nob","floor":7.0,"turns":3.0},{"damage":6.0,"enemies":"Exordium Wildlife","floor":11.0,"turns":4.0},{"damage":30.0,"enemies":"3 Sentries","floor":13.0,"turns":5.0},{"damage":15.0,"enemies":"The Guardian","floor":16.0,"turns":12.0},{"damage":0.0,"enemies":"Chosen","floor":18.0,"turns":3.0},{"damage":0.0,"enemies":"Shell Parasite","floor":22.0,"turns":2.0},{"damage":63,"enemies":"Slavers","floor":23,"turns":11},{"damage":0,"enemies":"Sentry and Sphere","floor":24,"turns":2},{"damage":14,"enemies":"Chosen and Byrds","floor":27,"turns":5},{"damage":99999,"enemies":"Cultist and Chosen","floor":28,"turns":2}],"seed_played":"-2973980435384365040","potions_obtained":[{"floor":4.0,"key":"Explosive Potion"},{"floor":7.0,"key":"DuplicationPotion"},{"floor":18.0,"key":"SpeedPotion"},{"floor":22.0,"key":"Regen Potion"},{"floor":24,"key":"SmokeBomb"}],"is_trial":false,"path_per_floor":["M","?","$","M","M","R","E","$","T","?","M","R","E","T","R","B",null,"M","?","AVR","?","M","E","M","R","T","M","M"],"character_chosen":"WATCHER","items_purchased":[],"campfire_rested":1,"item_purchase_floors":[],"current_hp_per_floor":[61,61,61,61,61,61,61,61,61,61,55,55,25,25,43,28,54,54,54,64,64,64,16,16,16,16,2,0,0],"gold":236,"neow_bonus":"TRANSFORM_TWO_CARDS","is_daily":false,"chose_seed":false,"campfire_upgraded":3,"win_rate":0.0,"timestamp":1608983883,"path_taken":["M","?","$","M","?","R","E","$","T","?","?","R","E","?","R","BOSS","M","?","AVR","?","?","E","M","R","T","M","M"],"items_purchased_type":[],"build_version":"2020-12-22","purchased_purges":2,"victory":false,"max_hp_per_floor":[62,62,62,62,62,62,62,62,62,62,62,62,62,62,62,62,62,62,62,72,72,72,72,72,72,72,72,72,72],"card_choices":[{"not_picked":["BowlingBash","Conclude"],"picked":"FearNoEvil","floor":1.0},{"not_picked":["Protect","FollowUp"],"picked":"Halt","floor":4.0},{"not_picked":["WaveOfTheHand","Consecrate","BowlingBash"],"picked":"SKIP","floor":5.0},{"not_picked":["WaveOfTheHand","Consecrate","BowlingBash"],"picked":"SKIP","floor":5.0},{"not_picked":["Protect","JustLucky"],"picked":"SandsOfTime","floor":7.0},{"not_picked":["Swivel","Wireheading+1"],"picked":"Blasphemy","floor":11.0},{"not_picked":["Consecrate","Vengeance"],"picked":"Study+1","floor":13.0},{"not_picked":["Ragnarok","SpiritShield"],"picked":"Establishment+1","floor":16.0},{"not_picked":["FollowUp","BowlingBash","ThirdEye"],"picked":"SKIP","floor":18.0},{"not_picked":["ForeignInfluence","Consecrate","ClearTheMind"],"picked":"SKIP","floor":22.0},{"not_picked":["EmptyFist","Study+1","Wallop"],"picked":"SKIP","floor":23},{"not_picked":["JustLucky","SashWhip","ThirdEye"],"picked":"SKIP","floor":24}],"player_experience":1264915,"relics_obtained":[{"floor":7.0,"key":"Ornamental Fan"},{"floor":9.0,"key":"InkBottle"},{"floor":13.0,"key":"Lantern"},{"floor":14.0,"key":"Ancient Tea Set"},{"floor":23,"key":"Happy Flower"}],"event_choices":[{"damage_healed":0.0,"max_hp_gain":0.0,"max_hp_loss":0.0,"gold_gain":0.0,"event_name":"Upgrade Shrine","player_choice":"Upgraded","floor":2.0,"gold_loss":0.0,"damage_taken":0.0,"cards_upgraded":["Eruption"]},{"cards_removed":["SandsOfTime"],"damage_healed":0.0,"max_hp_gain":0.0,"max_hp_loss":0.0,"gold_gain":0.0,"event_name":"WeMeetAgain","player_choice":"Gave Card","floor":10.0,"gold_loss":0.0,"damage_taken":0.0,"relics_obtained":["Frozen Egg 2"]},{"cards_removed":["Strike_P"],"damage_healed":0.0,"max_hp_gain":0.0,"max_hp_loss":0.0,"gold_gain":0.0,"event_name":"Beggar","player_choice":"Gave Gold","floor":19.0,"gold_loss":75.0,"damage_taken":0.0},{"damage_healed":0.0,"max_hp_gain":0.0,"max_hp_loss":0.0,"gold_gain":0.0,"cards_transformed":["Strike_P","Defend_P"],"event_name":"Drug Dealer","player_choice":"Became Test Subject","floor":21.0,"gold_loss":0.0,"damage_taken":0.0,"cards_obtained":["Omniscience","Halt"]}],"is_beta":false,"boss_relics":[{"not_picked":["SlaversCollar","Busted Crown"],"picked":"Coffee Dripper"}],"items_purged_floors":[3,20],"is_endless":false,"potions_floor_spawned":[4,7,18,22,24,27],"killed_by":"Cultist and Chosen","ascension_level":20}}