{"host":"49c2zf0lajbcs427","time":1608971382,"event":{"mods":["AchievementEnabler","BaseMod","Colored Map","Colored Powertips","Highlight Path","Key Reminder","Minty Spire (QoL Compilation)","Relic Stats","StSLib"],"gold_per_floor":[110,285,137,137,153,153,167,242,242,256,267,301,301,330,330,431,431,449,449,461,472,522,522,539,565,565,593,593,593,611,626,626,723,723,733,783,799,799,799,826,826,851,876,909,924,924,974,675,675,675,675,675,202,227,227],"floor_reached":56,"playtime":3370,"items_purged":["Doubt","Strike_R","Strike_R"],"score":1624,"play_id":"859cf3b9-b280-4e00-8051-329833396f05","local_time":"20201226212942","is_ascension_mode":true,"campfire_choices":[{"data":"Searing Blow","floor":6,"key":"SMITH"},{"data":"Searing Blow+1","floor":13,"key":"SMITH"},{"data":"Searing Blow+2","floor":15,"key":"SMITH"},{"data":"Searing Blow+3","floor":23,"key":"SMITH"},{"data":"Searing Blow+4","floor":29,"key":"SMITH"},{"data":"Searing Blow+5","floor":32,"key":"SMITH"},{"data":"Searing Blow+6","floor":41,"key":"SMITH"},{"data":"Searing Blow+7","floor":46,"key":"SMITH"},{"floor":49,"key":"RECALL"},{"data":"Searing Blow+8","floor":52,"key":"SMITH"}],"circlet_count":0,"master_deck":["Strike_R","Strike_R","Strike_R","Defend_R","Defend_R","Defend_R","Defend_R+1","Bash","Infernal Blade","Searing Blow+9","Double Tap+1","Shrug It Off","Heavy Blade","Shrug It Off","Shrug It Off","Second Wind","Burning Pact","Intimidate+1","Reaper","Uppercut+1","Shrug It Off+1","Shockwave","Flame Barrier+1","Barricade","Demon Form","Evolve+1","Fire Breathing+1"],"relics":["Coffee Dripper","War Paint","Boot","Lantern","Snecko Eye","Shuriken","PreservedInsect","Pear","Cursed Key","Calipers","Omamori","Dead Branch","Bag of Preparation","Bird Faced Urn","Toolbox","Orrery","Strawberry","Pantograph"],"acts_visited":["Exordium","TheCity","TheBeyond","TheEnding"],"potions_floor_usage":[14,21,24,24,27,33,55,55,55],"damage_taken":[{"damage":7,"enemies":"Jaw Worm","floor":1,"turns":3},{"damage":0,"enemies":"Cultist","floor":5,"turns":3},{"damage":2,"enemies":"2 Louse","floor":7,"turns":2},{"damage":0,"enemies":"2 Fungi Beasts","floor":10,"turns":3},{"damage":8,"enemies":"Blue Slaver","floor":11,"turns":2},{"damage":13,"enemies":"Lagavulin","floor":12,"turns":5},{"damage":4,"enemies":"3 Sentries","floor":14,"turns":5},{"damage":0,"enemies":"Slime Boss","floor":16,"turns":2},{"damage":6,"enemies":"Shell Parasite","floor":18,"turns":3},{"damage":0,"enemies":"Spheric Guardian","floor":20,"turns":1},{"damage":15,"enemies":"Snake Plant","floor":21,"turns":3},{"damage":0,"enemies":"Shelled Parasite and Fungi","floor":24,"turns":3},{"damage":14,"enemies":"Slavers","floor":25,"turns":5},{"damage":4,"enemies":"Book of Stabbing","floor":27,"turns":2},{"damage":0,"enemies":"Sentry and Sphere","floor":30,"turns":3},{"damage":0,"enemies":"Cultist and Chosen","floor":31,"turns":3},{"damage":25,"enemies":"Champ","floor":33,"turns":8},{"damage":12,"enemies":"3 Darklings","floor":35,"turns":4},{"damage":0,"enemies":"Mind Bloom Boss Battle","floor":36,"turns":3},{"damage":2,"enemies":"Orb Walker","floor":37,"turns":3},{"damage":0,"enemies":"Reptomancer","floor":40,"turns":1},{"damage":0,"enemies":"Nemesis","floor":42,"turns":3},{"damage":0,"enemies":"Reptomancer","floor":44,"turns":2},{"damage":12,"enemies":"Writhing Mass","floor":45,"turns":4},{"damage":0,"enemies":"2 Orb Walkers","floor":47,"turns":2},{"damage":49,"enemies":"Donu and Deca","floor":50,"turns":8},{"damage":6,"enemies":"Shield and Spear","floor":54,"turns":4},{"damage":35,"enemies":"The Heart","floor":55,"turns":4}],"seed_played":"-6928478797001352302","potions_obtained":[{"floor":1,"key":"Dexterity Potion"},{"floor":4,"key":"SkillPotion"},{"floor":4,"key":"DistilledChaos"},{"floor":11,"key":"Swift Potion"},{"floor":16,"key":"HeartOfIron"},{"floor":25,"key":"FearPotion"},{"floor":30,"key":"GamblersBrew"},{"floor":35,"key":"Strength Potion"},{"floor":36,"key":"LiquidBronze"},{"floor":44,"key":"BlessingOfTheForge"}],"is_trial":false,"path_per_floor":["M","?","$","?","M","R","M","?","T","M","M","E","R","E","R","B",null,"M","?","M","M","?","R","M","E","T","E","?","R","M","M","R","B",null,"M","?","M","?","?","E","R","E","T","E","M","R","?","$","R","B",null,"R","$","E","B",null],"character_chosen":"IRONCLAD","items_purchased":["Searing Blow","Toolbox","PowerPotion","Shockwave","Orrery","Strawberry"],"campfire_rested":0,"item_purchase_floors":[3,48,48,53,53,53],"current_hp_per_floor":[73,73,73,73,73,73,71,60,60,60,52,39,39,35,35,35,80,74,59,59,44,44,44,44,30,30,36,36,36,36,36,36,11,95,83,83,88,88,78,78,78,84,84,84,82,82,82,82,82,48,95,95,102,102,75],"gold":227,"neow_bonus":"BOSS_RELIC","is_daily":false,"chose_seed":false,"campfire_upgraded":9,"win_rate":0.0,"timestamp":1608971382,"path_taken":["M","?","$","?","M","R","?","?","T","M","M","E","R","E","R","BOSS","M","?","M","M","?","R","?","E","T","E","?","R","M","M","R","BOSS","M","?","M","?","?","E","R","E","T","E","?","R","?","$","R","BOSS","R","$","E","BOSS"],"items_purchased_type":["Card","Relic","Potion","Card","Relic","Relic"],"build_version":"2020-12-22","purchased_purges":3,"victory":true,"max_hp_per_floor":[80,80,80,80,80,80,80,80,80,80,80,80,80,80,80,80,80,80,85,85,85,85,85,85,85,85,95,95,95,95,95,95,95,95,95,95,95,95,95,95,95,95,95,95,95,95,95,95,95,95,95,95,102,102,102],"relic_stats":{"counters":[28,94],"Shuriken":[29],"Dead Branch":[85],"Bird Faced Urn":[20],"Pantograph":0,"Snecko Eye":[126,158,146,142],"PreservedInsect":273,"Bag of Preparation":[10],"War Paint":["Defend_R","Double Tap"],"Boot":[25],"Cursed Key":1,"obtain_stats":[{"Lantern":14,"Pear":27,"Calipers":36,"Dead Branch":42,"PreservedInsect":26,"Omamori":40,"Bag of Preparation":44,"War Paint":9,"Boot":12,"Cursed Key":34,"Burning Blood":0,"keyreminder:keyreminder":43,"Shuriken":25,"Bird Faced Urn":47,"Strawberry":53,"Pantograph":54,"Snecko Eye":17,"Toolbox":48,"Orrery":53,"Coffee Dripper":0},{"Lantern":7,"Pear":14,"Calipers":19,"Dead Branch":22,"PreservedInsect":13,"Omamori":21,"Bag of Preparation":23,"War Paint":3,"Boot":6,"Cursed Key":17,"Burning Blood":0,"keyreminder:keyreminder":22,"Shuriken":13,"Bird Faced Urn":25,"Strawberry":26,"Pantograph":27,"Snecko Eye":8,"Toolbox":25,"Orrery":26,"Coffee Dripper":0},{"Lantern":23,"Pear":42,"Calipers":63,"Dead Branch":70,"PreservedInsect":40,"Omamori":67,"Bag of Preparation":72,"War Paint":8,"Boot":18,"Cursed Key":56,"Burning Blood":0,"keyreminder:keyreminder":70,"Shuriken":40,"Bird Faced Urn":78,"Strawberry":86,"Pantograph":90,"Snecko Eye":25,"Toolbox":78,"Orrery":86,"Coffee Dripper":0}]},"card_choices":[{"not_picked":["Clash","Body Slam"],"picked":"Infernal Blade","floor":1},{"not_picked":["Rupture","Sever Soul","Cleave"],"picked":"SKIP","floor":5},{"not_picked":["Heavy Blade","Wild Strike"],"picked":"Double Tap","floor":7},{"not_picked":["Warcry","Dark Embrace","Intimidate"],"picked":"SKIP","floor":10},{"not_picked":["Blood for Blood","Hemokinesis","Perfected Strike"],"picked":"SKIP","floor":11},{"not_picked":["Seeing Red","Sentinel","Anger"],"picked":"SKIP","floor":12},{"not_picked":["Body Slam","Flex"],"picked":"Shrug It Off","floor":14},{"not_picked":["Wild Strike","Warcry"],"picked":"Heavy Blade","floor":18},{"not_picked":["Feel No Pain","Reckless Charge"],"picked":"Shrug It Off","floor":20},{"not_picked":["Spot Weakness","Thunderclap","Perfected Strike"],"picked":"SKIP","floor":21},{"not_picked":["Sword Boomerang","Pommel Strike"],"picked":"Shrug It Off","floor":24},{"not_picked":["Spot Weakness","Clash"],"picked":"Second Wind","floor":25},{"not_picked":["Inflame","Searing Blow"],"picked":"Burning Pact","floor":27},{"not_picked":["Entrench","Spot Weakness","Anger"],"picked":"SKIP","floor":30},{"not_picked":["Sword Boomerang+1","Twin Strike+1"],"picked":"Intimidate+1","floor":31},{"not_picked":["Offering","Impervious"],"picked":"Reaper","floor":33},{"not_picked":["Clothesline+1","Pommel Strike","Flex"],"picked":"SKIP","floor":35},{"not_picked":["Twin Strike","Clothesline+1"],"picked":"Uppercut+1","floor":37},{"not_picked":["Armaments","Flex+1","Iron Wave"],"picked":"SKIP","floor":40},{"not_picked":["True Grit","Metallicize"],"picked":"Shrug It Off+1","floor":42},{"not_picked":["Headbutt","Pommel Strike","Seeing Red"],"picked":"SKIP","floor":44},{"not_picked":["Intimidate","Headbutt","Iron Wave"],"picked":"SKIP","floor":45},{"not_picked":["True Grit","Feed"],"picked":"Flame Barrier+1","floor":53},{"not_picked":["Body Slam+1","Rage"],"picked":"Barricade","floor":53},{"not_picked":["Shrug It Off","Iron Wave+1"],"picked":"Demon Form","floor":53},{"not_picked":["Feed","Iron Wave"],"picked":"Evolve+1","floor":53},{"not_picked":["Havoc+1","Burning Pact+1"],"picked":"Fire Breathing+1","floor":53},{"not_picked":["Cleave","Twin Strike+1","Iron Wave"],"picked":"SKIP","floor":54}],"player_experience":2168020,"relics_obtained":[{"floor":9,"key":"War Paint"},{"floor":12,"key":"Boot"},{"floor":14,"key":"Lantern"},{"floor":25,"key":"Shuriken"},{"floor":26,"key":"PreservedInsect"},{"floor":27,"key":"Pear"},{"floor":36,"key":"Calipers"},{"floor":40,"key":"Omamori"},{"floor":42,"key":"Dead Branch"},{"floor":44,"key":"Bag of Preparation"},{"floor":47,"key":"Bird Faced Urn"},{"floor":54,"key":"Pantograph"}],"event_choices":[{"damage_healed":0,"gold_gain":175,"player_choice":"AGREE","damage_taken":0,"max_hp_gain":0,"max_hp_loss":0,"event_name":"Liars Game","floor":2,"gold_loss":0,"cards_obtained":["Doubt"]},{"damage_healed":0,"gold_gain":0,"player_choice":"Got Potions","damage_taken":0,"max_hp_gain":0,"max_hp_loss":0,"event_name":"Lab","floor":4,"gold_loss":0},{"damage_healed":0,"gold_gain":75,"player_choice":"Gather Gold","damage_taken":11,"max_hp_gain":0,"max_hp_loss":0,"event_name":"World of Goop","floor":8,"gold_loss":0},{"damage_healed":0,"gold_gain":0,"player_choice":"Shed Blood","damage_taken":20,"max_hp_gain":5,"max_hp_loss":0,"event_name":"Forgotten Altar","floor":19,"gold_loss":0},{"damage_healed":0,"gold_gain":100,"player_choice":"Bet on Murderer","damage_taken":0,"max_hp_gain":0,"max_hp_loss":0,"event_name":"The Joust","floor":22,"gold_loss":50},{"damage_healed":0,"gold_gain":0,"player_choice":"Ignored","damage_taken":0,"max_hp_gain":0,"max_hp_loss":0,"event_name":"Ghosts","floor":28,"gold_loss":0},{"damage_healed":0,"gold_gain":0,"player_choice":"Fight","damage_taken":0,"max_hp_gain":0,"max_hp_loss":0,"event_name":"MindBloom","floor":36,"gold_loss":0},{"damage_healed":0,"gold_gain":0,"player_choice":"Ignored","damage_taken":0,"max_hp_gain":0,"max_hp_loss":0,"event_name":"Tomb of Lord Red Mask","floor":38,"gold_loss":0},{"damage_healed":0,"gold_gain":0,"player_choice":"Memory 3","damage_taken":10,"max_hp_gain":0,"max_hp_loss":0,"event_name":"SensoryStone","floor":39,"gold_loss":0},{"damage_healed":0,"gold_gain":0,"player_choice":"Fight","damage_taken":0,"max_hp_gain":0,"max_hp_loss":0,"event_name":"Mysterious Sphere","floor":47,"gold_loss":0}],"is_beta":false,"boss_relics":[{"not_picked":["Busted Crown","Calling Bell"],"picked":"Snecko Eye"},{"not_picked":["Velvet Choker","Tiny House"],"picked":"Cursed Key"}],"items_purged_floors":[3,48,53],"is_endless":false,"potions_floor_spawned":[1,11,16,20,25,30,35,36,44,54],"ascension_level":2}}