{"host":"mgc7o2tpy0ck407l","time":1608957443,"event":{"mods":["Alarm Clock","AlwaysNeverKeys","BaseMod","Better Altar","Better Match","Better Note","Better Sensory Stone","Better Skull","Better Third Choice","Better Vampires","Block Reminder","Booster Modes","Challenge The Spire","Colored Map","Colored Powertips","Disable Question Mark Monsters","Emptier Cage","Infinite Spire","Minty Spire (QoL Compilation)","Permanent Neow","Quick Restart","Rare Cards Sparkle","Reorder Act Four","Replay The Spire","Spicy Shops","StSLib","Transform Curses","Unceasing Turn Reminder"],"gold_per_floor":[116,216,177,177,194,194,209,239,239,239,272,288,321,74,74,178,178,189,189,189,289,308,308,333,333,333,38,52,52,85,103,103,198,198,214,79,99,99,110,110,110,140,192,220,220,220,220,232,232,232,232,12,12,37,37],"floor_reached":56,"playtime":7023,"items_purged":["Doubt","Parasite"],"score":1409,"play_id":"199fb937-9b3c-4daf-b415-0d714ab87faa","local_time":"20201225233723","is_ascension_mode":true,"campfire_choices":[{"data":"Pommel Strike","floor":6.0,"key":"SMITH"},{"data":"Warcry","floor":15.0,"key":"SMITH"},{"data":"Limit Break","floor":23.0,"key":"SMITH"},{"data":"infinitespire:Starlight","floor":25.0,"key":"SMITH"},{"data":"Flex","floor":32.0,"key":"SMITH"},{"data":"Flex","floor":32.0,"key":"SMITH"},{"data":"Sword Boomerang","floor":40.0,"key":"SMITH"},{"data":"Double Tap","floor":40.0,"key":"SMITH"},{"data":"Poisoned Strike","floor":46.0,"key":"SMITH"},{"data":"Bash","floor":46.0,"key":"SMITH"},{"floor":53.0,"key":"REST"}],"circlet_count":0,"master_deck":["Bash+1","Pommel Strike+1","Armaments+1","Sword Boomerang+1","infinitespire:Starlight+1","Flex+1","Warcry+1","Master of Strategy+1","Limit Break+1","Cleave+1","Poisoned Strike+1","Warcry+1","Flex+1","Double Tap+1","infinitespire:OneForAll+1","Limit Break+1"],"relics":["Burning Blood","Art of War","Orichalcum","Iron Hammer","HornCleat","Nunchaku","Meat on the Bone","Strange Spoon","Black Star","Mango","Ancient Tea Set","Replay:Bottled Eggs","infinitespire:Lucky Rock","Replay:Arrowhead","infinitespire:Bottled Soul","Busted Crown","DollysMirror","ReplayTheSpireMod:CursedCoin","Lizard Tail","Pandora\u0027s Box","Kunai","Replay:Accelerometer","ReplayTheSpireMod:TigerMarble","Red Skull","Charon\u0027s Ashes","Ornamental Fan","Bottled Flame","Replay:Ringing Soul"],"acts_visited":["Exordium","TheCity","TheBeyond","TheEnding"],"potions_floor_usage":[54],"damage_taken":[{"damage":11.0,"enemies":"Small Slimes","floor":1.0,"turns":5.0},{"damage":1.0,"enemies":"Cultist","floor":5.0,"turns":3.0},{"damage":0.0,"enemies":"Jaw Worm","floor":7.0,"turns":3.0},{"damage":10.0,"enemies":"Replay:BlueRogue","floor":8.0,"turns":6.0},{"damage":8.0,"enemies":"3 Sentries","floor":11.0,"turns":11.0},{"damage":8.0,"enemies":"Exordium Wildlife","floor":12.0,"turns":7.0},{"damage":0.0,"enemies":"Lagavulin","floor":13.0,"turns":3.0},{"damage":63.0,"enemies":"Hexaghost","floor":16.0,"turns":9.0},{"damage":9.0,"enemies":"3 Byrds","floor":18.0,"turns":8.0},{"damage":0.0,"enemies":"Spheric Guardian","floor":22.0,"turns":3.0},{"damage":36.0,"enemies":"Replay:Snechameleon","floor":24.0,"turns":9.0},{"damage":33.0,"enemies":"Snecko","floor":28.0,"turns":5.0},{"damage":19.0,"enemies":"Gremlin Leader","floor":30.0,"turns":5.0},{"damage":2.0,"enemies":"Centurion and Healer","floor":31.0,"turns":5.0},{"damage":35.0,"enemies":"Collector","floor":33.0,"turns":4.0},{"damage":13.0,"enemies":"3 Darklings","floor":35.0,"turns":4.0},{"damage":6.0,"enemies":"Orb Walker","floor":37.0,"turns":3.0},{"damage":20.0,"enemies":"Transient","floor":39.0,"turns":4.0},{"damage":6.0,"enemies":"R_Hoarder","floor":42.0,"turns":5.0},{"damage":17.0,"enemies":"Nemesis","floor":44.0,"turns":3.0},{"damage":0.0,"enemies":"Spire Growth","floor":48.0,"turns":1.0},{"damage":39.0,"enemies":"Time Eater","floor":50.0,"turns":5.0},{"damage":0,"enemies":"Shield and Spear","floor":54,"turns":2},{"damage":100,"enemies":"The Heart","floor":55,"turns":5}],"seed_played":"5440245992439655041","potions_obtained":[{"floor":1.0,"key":"Explosive Potion"},{"floor":7.0,"key":"LiquidMemories"},{"floor":8.0,"key":"DuplicationPotion"},{"floor":13.0,"key":"LiquidMemories"},{"floor":30.0,"key":"GamblersBrew"},{"floor":33.0,"key":"Dexterity Potion"},{"floor":44.0,"key":"SkillPotion"},{"floor":47.0,"key":"LiquidMemories"},{"floor":47.0,"key":"GamblersBrew"},{"floor":47.0,"key":"FairyPotion"}],"is_trial":false,"path_per_floor":["M","?","$","T","M","R","M","E","T","?","E","M","E","$","R","B",null,"M","?","?","?","M","R","E","R","T","$","M","?","E","M","R","B",null,"M","$","M","AVR","M","R","?","E","T","E","?","R","?","M","R_BF","B",null,"$","R","E","B",null],"character_chosen":"IRONCLAD","items_purchased":["Armaments+1","Master of Strategy","Strange Spoon","Poisoned Strike","DollysMirror","ReplayTheSpireMod:CursedCoin","Lizard Tail","Ornamental Fan"],"campfire_rested":1,"item_purchase_floors":[3,14,14,27,36,36,36,52],"current_hp_per_floor":[75,75,75,75,80,80,80,76,76,55,68,80,80,80,80,50,80,80,94,94,94,94,94,79,79,79,79,82,82,69,73,73,59,94,87,87,87,87,88,88,88,88,88,77,77,77,77,83,94,61,94,91,91,94,35],"gold":37,"neow_bonus":"RANDOM_COMMON_RELIC","is_daily":false,"chose_seed":false,"campfire_upgraded":10,"win_rate":0.0,"timestamp":1608957443,"path_taken":["M","?","?","?","?","R","M","E","T","?","E","M","E","$","R","BOSS","M","?","?","?","?","R","E","R","T","?","M","?","E","M","R","BOSS","M","$","M","AVR","M","R","?","E","T","E","?","R","?","?","R_BF","BOSS","$","R","E","BOSS"],"items_purchased_type":["Card","Card","Relic","Card","Relic","Relic","Relic","Relic"],"build_version":"2020-12-22","purchased_purges":2,"victory":true,"max_hp_per_floor":[80,80,80,80,80,80,80,80,80,80,80,80,80,80,80,80,80,80,94,94,94,94,94,94,94,94,94,94,94,94,94,94,94,94,94,94,94,94,94,94,94,94,94,94,94,94,94,94,94,94,94,91,91,94,94],"card_choices":[{"not_picked":["Sword Boomerang","Dark Embrace"],"picked":"Pommel Strike","floor":1.0},{"not_picked":["Sever Soul","Perfected Strike"],"picked":"Sword Boomerang","floor":5.0},{"not_picked":["Rupture","Twin Strike","Exhume"],"picked":"SKIP","floor":7.0},{"not_picked":["Rampage","Dual Wield","Run Through"],"picked":"SKIP","floor":8.0},{"not_picked":["infinitespire:UltimateForm","infinitespire:Execution"],"picked":"infinitespire:Starlight","floor":10.0},{"not_picked":["ReplayTheSpireMod:Limb From Limb","Heavy Blade","Flame Barrier"],"picked":"SKIP","floor":11.0},{"not_picked":["Run Through","Clothesline"],"picked":"Flex","floor":12.0},{"not_picked":["Massacre","Carnage"],"picked":"Warcry","floor":13.0},{"not_picked":["Berserk","Corruption"],"picked":"Limit Break","floor":16.0},{"not_picked":["Second Wind","ReplayTheSpireMod:Strike From Hell+1","Armaments"],"picked":"SKIP","floor":18.0},{"not_picked":["Evolve+1","Rage"],"picked":"Cleave+1","floor":22.0},{"not_picked":["Sword Boomerang","Searing Blow","Hemokinesis"],"picked":"SKIP","floor":24.0},{"not_picked":["Clothesline","Shrug It Off"],"picked":"Warcry+1","floor":28.0},{"not_picked":["Bloodletting+1","ReplayReversal+1","ReplayTheSpireMod:Strike From Hell"],"picked":"SKIP","floor":30.0},{"not_picked":["Heavy Blade","Pommel Strike"],"picked":"Flex","floor":31.0},{"not_picked":["Barricade","Juggernaut"],"picked":"Double Tap","floor":33.0},{"not_picked":[],"picked":"infinitespire:OneForAll+1","floor":35.0},{"not_picked":["Replay:Undeath\u0027s Touch"],"picked":"SKIP","floor":37.0},{"not_picked":["Warcry"],"picked":"SKIP","floor":39.0},{"not_picked":["Heavy Blade"],"picked":"SKIP","floor":42.0},{"not_picked":["Corruption"],"picked":"SKIP","floor":44.0},{"not_picked":["Seeing Red+1"],"picked":"SKIP","floor":48.0},{"not_picked":["Rage"],"picked":"SKIP","floor":54}],"player_experience":696587,"relics_obtained":[{"floor":4.0,"key":"Orichalcum"},{"floor":8.0,"key":"Iron Hammer"},{"floor":9.0,"key":"HornCleat"},{"floor":11.0,"key":"Nunchaku"},{"floor":13.0,"key":"Meat on the Bone"},{"floor":24.0,"key":"Ancient Tea Set"},{"floor":24.0,"key":"Replay:Bottled Eggs"},{"floor":26.0,"key":"infinitespire:Lucky Rock"},{"floor":30.0,"key":"Replay:Arrowhead"},{"floor":30.0,"key":"infinitespire:Bottled Soul"},{"floor":42.0,"key":"Kunai"},{"floor":42.0,"key":"Replay:Accelerometer"},{"floor":43.0,"key":"ReplayTheSpireMod:TigerMarble"},{"floor":44.0,"key":"Red Skull"},{"floor":44.0,"key":"Charon\u0027s Ashes"},{"floor":54,"key":"Bottled Flame"},{"floor":54,"key":"Replay:Ringing Soul"}],"event_choices":[{"damage_healed":0.0,"max_hp_gain":0.0,"max_hp_loss":0.0,"gold_gain":100.0,"event_name":"Golden Shrine","player_choice":"Pray","floor":2.0,"gold_loss":0.0,"damage_taken":0.0},{"damage_healed":0.0,"max_hp_gain":0.0,"max_hp_loss":0.0,"gold_gain":0.0,"event_name":"WeMeetAgain","player_choice":"Gave Potion","floor":19.0,"gold_loss":0.0,"damage_taken":0.0,"relics_obtained":["Mango"]},{"cards_removed":["Pain"],"damage_healed":0.0,"max_hp_gain":0.0,"max_hp_loss":0.0,"gold_gain":0.0,"event_name":"Purifier","player_choice":"Purged","floor":20.0,"gold_loss":0.0,"damage_taken":0.0},{"damage_healed":0.0,"max_hp_gain":0.0,"max_hp_loss":0.0,"gold_gain":100.0,"event_name":"Golden Shrine","player_choice":"Pray","floor":21.0,"gold_loss":0.0,"damage_taken":0.0},{"damage_healed":0.0,"max_hp_gain":0.0,"max_hp_loss":0.0,"gold_gain":0.0,"event_name":"betterMatch:BetterMatch","player_choice":"3","floor":41.0,"gold_loss":0.0,"damage_taken":0.0,"cards_obtained":["betterMatch:RareCard"]},{"damage_healed":0.0,"max_hp_gain":0.0,"max_hp_loss":0.0,"gold_gain":3.0,"event_name":"betterStone:BetterStone","player_choice":"1","floor":45.0,"gold_loss":0.0,"damage_taken":0.0},{"damage_healed":0.0,"max_hp_gain":0.0,"max_hp_loss":0.0,"gold_gain":0.0,"event_name":"Lab","player_choice":"Got Potions","floor":47.0,"gold_loss":0.0,"damage_taken":0.0}],"is_beta":false,"boss_relics":[{"not_picked":["Replay:Wanted Poster","Ectoplasm"],"picked":"Black Star"},{"not_picked":["Abe\u0027s Treasure","Ring of Chaos"],"picked":"Busted Crown"}],"items_purged_floors":[36,52],"is_endless":false,"potions_floor_spawned":[1,7,8,13,18,28,30,33,44,48],"ascension_level":1}}