{"host":"12","time":1608999988,"event":{"mods":["ATMod(°¢èªMod)","Act Like it!","BaseMod","Colored Powertips","Minty Spire (QoL Compilation)","StSLib","¡¾¹¦ÄÜMod¡¿»ìãçÖ®»·ÐÞ¸´²¹¶¡"],"gold_per_floor":[114,126,145,165,9,9,25,25,71,71,82,109,123,133,133,207,207,218,218,218,118,192,192,223,241,241,276,276,291,311,346,346,346,346],"floor_reached":33,"playtime":1253,"items_purged":["Strike_P","Strike_P"],"score":718,"play_id":"66109cc9-1cf8-4ef9-a144-0c7a6cc76550","local_time":"20201227002628","is_ascension_mode":true,"campfire_choices":[{"data":"Eruption","floor":6.0,"key":"SMITH"},{"data":"AT_Desolate","floor":8.0,"key":"SMITH"},{"data":"TalkToTheHand","floor":10.0,"key":"SMITH"},{"data":"Ragnarok","floor":15.0,"key":"SMITH"},{"data":"BowlingBash","floor":23.0,"key":"SMITH"},{"data":"DeusExMachina","floor":32,"key":"SMITH"}],"circlet_count":0,"master_deck":["AscendersBane","Strike_P","Defend_P","Defend_P","Defend_P","Defend_P","Eruption+1","Vigilance","AT_Desolate+1","Wireheading","BowlingBash+1","Ragnarok+1","TalkToTheHand+1","TalkToTheHand","AT_ChampionStep","DeusExMachina+1","CurseOfTheBell","Ghostly+1","Ghostly+1","Ghostly+1","AT_MachinaRedman+1","WaveOfTheHand+1"],"relics":["PureWater","AT_ATBox","NeowsBlessing","Lantern","AT_GreenNoBalance","Calling Bell","Regal Pillow","Toxic Egg 2","AT_Kusabimaru","Singing Bowl","AT_RedTearstoneRing","InkBottle","Ancient Tea Set","Kunai"],"acts_visited":["Exordium","TheCity"],"potions_floor_usage":[],"damage_taken":[{"damage":0.0,"enemies":"Jaw Worm","floor":1.0,"turns":1.0},{"damage":0.0,"enemies":"Small Slimes","floor":2.0,"turns":2.0},{"damage":0.0,"enemies":"Cultist","floor":3.0,"turns":1.0},{"damage":19.0,"enemies":"Gremlin Gang","floor":4.0,"turns":6.0},{"damage":6.0,"enemies":"Blue Slaver","floor":7.0,"turns":4.0},{"damage":22.0,"enemies":"Lots of Slimes","floor":11.0,"turns":3.0},{"damage":15.0,"enemies":"3 Sentries","floor":12.0,"turns":3.0},{"damage":3.0,"enemies":"Looter","floor":13.0,"turns":3.0},{"damage":7.0,"enemies":"Red Slaver","floor":14.0,"turns":2.0},{"damage":19.0,"enemies":"The Guardian","floor":16.0,"turns":6.0},{"damage":0.0,"enemies":"Shell Parasite","floor":18.0,"turns":1.0},{"damage":0.0,"enemies":"Gremlin Leader","floor":24.0,"turns":4.0},{"damage":12.0,"enemies":"3 Byrds","floor":25.0,"turns":2.0},{"damage":4.0,"enemies":"Slavers","floor":27.0,"turns":5.0},{"damage":14,"enemies":"Cultist and Chosen","floor":29,"turns":6},{"damage":17,"enemies":"3 Cultists","floor":30,"turns":6},{"damage":0,"enemies":"Gremlin Leader","floor":31,"turns":4},{"damage":29,"enemies":"Collector","floor":33,"turns":2}],"seed_played":"2159266045864800966","potions_obtained":[{"floor":1.0,"key":"Swift Potion"},{"floor":7.0,"key":"Regen Potion"},{"floor":13.0,"key":"Weak Potion"},{"floor":14.0,"key":"Weak Potion"}],"is_trial":false,"path_per_floor":["M","M","M","M","$","R","M","R","T","R","M","E","M","M","R","B",null,"M","?","?","$","T","R","E","M","T","E","?","M","M","E","R","B"],"character_chosen":"WATCHER","items_purchased":["TalkToTheHand"],"campfire_rested":0,"item_purchase_floors":[5],"current_hp_per_floor":[61,61,61,42,42,42,36,36,36,36,23,8,31,27,27,15,55,34,34,34,34,34,34,17,5,5,15,15,6,4,22,22,0,0],"gold":346,"neow_bonus":"THREE_ENEMY_KILL","is_daily":false,"chose_seed":false,"campfire_upgraded":6,"win_rate":0.0,"timestamp":1608999988,"path_taken":["M","M","M","M","$","R","M","R","T","R","M","E","M","M","R","BOSS","M","?","?","$","?","R","E","M","T","E","?","?","M","E","R","BOSS"],"items_purchased_type":["Card"],"build_version":"2020-12-18","purchased_purges":2,"victory":false,"max_hp_per_floor":[68,68,68,68,68,68,68,68,68,68,68,68,68,68,68,68,68,68,34,34,34,34,34,34,34,34,36,36,38,40,42,42,42,42],"card_choices":[{"not_picked":["Perseverance","Protect"],"picked":"Wireheading","floor":1.0},{"not_picked":["AT_SoftenMuscles","Prostrate"],"picked":"BowlingBash","floor":2.0},{"not_picked":["CutThroughFate","PathToVictory","JustLucky"],"picked":"SKIP","floor":3.0},{"not_picked":["Consecrate","Evaluate"],"picked":"Ragnarok","floor":4.0},{"not_picked":["EmptyBody","CutThroughFate"],"picked":"TalkToTheHand","floor":7.0},{"not_picked":["FearNoEvil","FollowUp","Crescendo"],"picked":"SKIP","floor":11.0},{"not_picked":["Conclude","CutThroughFate","CrushJoints"],"picked":"SKIP","floor":12.0},{"not_picked":["Wireheading","CarveReality"],"picked":"AT_ChampionStep","floor":13.0},{"not_picked":["Meditate","Study","JustLucky"],"picked":"SKIP","floor":14.0},{"not_picked":["AT_ChampionKick","MasterReality"],"picked":"DeusExMachina","floor":16.0},{"not_picked":["CrushJoints","EmptyFist","SashWhip"],"picked":"SKIP","floor":18.0},{"not_picked":["Halt+1","EmptyFist"],"picked":"AT_MachinaRedman+1","floor":24.0},{"not_picked":["Crescendo+1","JustLucky"],"picked":"WaveOfTheHand+1","floor":25.0},{"not_picked":["Ragnarok","PathToVictory+1","Consecrate"],"picked":"Singing Bowl","floor":27.0},{"not_picked":["FlyingSleeves+1","Swivel+1","ClearTheMind+1"],"picked":"Singing Bowl","floor":29},{"not_picked":["ThirdEye+1","ClearTheMind+1","Prostrate+1"],"picked":"Singing Bowl","floor":30},{"not_picked":["AT_DivineConfetti+1","Halt+1","FearNoEvil"],"picked":"Singing Bowl","floor":31}],"player_experience":571450,"relics_obtained":[{"floor":9.0,"key":"Lantern"},{"floor":12.0,"key":"AT_SilverBalance"},{"floor":17.0,"key":"Regal Pillow"},{"floor":17.0,"key":"Toxic Egg 2"},{"floor":17.0,"key":"AT_Kusabimaru"},{"floor":22.0,"key":"Singing Bowl"},{"floor":24.0,"key":"AT_RedTearstoneRing"},{"floor":26.0,"key":"InkBottle"},{"floor":27.0,"key":"Ancient Tea Set"},{"floor":31,"key":"Kunai"}],"event_choices":[{"damage_healed":0.0,"max_hp_gain":0.0,"max_hp_loss":34.0,"gold_gain":0.0,"event_name":"Ghosts","player_choice":"Became a Ghost","floor":19.0,"gold_loss":0.0,"damage_taken":0.0,"cards_obtained":["Ghostly","Ghostly","Ghostly"]},{"damage_healed":0.0,"max_hp_gain":0.0,"max_hp_loss":0.0,"gold_gain":0.0,"event_name":"Vampires","player_choice":"Ignored","floor":20.0,"gold_loss":0.0,"damage_taken":0.0},{"cards_removed":["Strike_P"],"damage_healed":0.0,"max_hp_gain":0.0,"max_hp_loss":0.0,"gold_gain":0.0,"event_name":"Purifier","player_choice":"Purged","floor":28.0,"gold_loss":0.0,"damage_taken":0.0}],"is_beta":true,"boss_relics":[{"not_picked":["Runic Dome","Astrolabe"],"picked":"Calling Bell"}],"items_purged_floors":[5,21],"is_endless":false,"potions_floor_spawned":[1,7,13,14,24,29,30],"killed_by":"Collector","ascension_level":20}}