{"host":"htqwg582tjjtn9p7","time":1608994794,"event":{"mods":["2.2 Compatiblity","AchievementEnabler","Act Like it!","Aspiration","BaseMod","Better Third Choice","Colored Map","Conspire","Curses Come First","Displayed Cursed Tome","Energized Spire","Force Act Four","GifTheSpireLib","Hermit","Highlight Path","JesterMod","Mad Scientist","Minty Spire (QoL Compilation)","Pale of the Ancients","Permanent Neow","Random Character Button","Relic Stats","Replay The Spire","Robot Space Explorer","Somnambulant","Spicy Shops","Spikes Relics","StSLib","Stuff the Spire","The Blue Laboratory","The Disciple","The Dragon Tamer","The Forsaken","The Gatherer","The Judge","The Jungle","The Marked","The Runesmith","The Servant 0.9.4"],"gold_per_floor":[118,44,56,56,69,69,100,100,100,117,150,164,176,199,199,303,303,313,313,330,216,236,236,255,255,255,255,271,284,284,284,284],"floor_reached":31,"playtime":1531,"items_purged":["Pain"],"score":286,"play_id":"57af1c04-6f5c-4a60-ba13-41fcef771e9e","local_time":"20201226155954","is_ascension_mode":true,"campfire_choices":[{"data":"theMarked:Improvise","floor":6,"key":"SMITH"},{"floor":8,"key":"REST"},{"floor":15,"key":"REST"},{"floor":23,"key":"REST"},{"floor":27,"key":"REST"}],"circlet_count":0,"master_deck":["theMarked:Strike","theMarked:Strike","theMarked:Strike","theMarked:Strike","theMarked:Strike","theMarked:Defend","theMarked:Defend","theMarked:Defend","theMarked:Defend","theMarked:SoldierOfQuellstein","theMarked:RepellingDischarge","theMarked:MagicAdept","theMarked:Aftermath","theMarked:Improvise+1","theMarked:HeightenedSenses","theMarked:HeightenedSenses","theMarked:TakeOffHeels","theMarked:Electrocute","StuffTheSpire:Rapture","theMarked:Indomitable","theMarked:Polarize+1","theMarked:Electrocute+1","theMarked:Electrocute+1"],"relics":["energizedSpire:SpiderWeb","CultistMask","Anchor","Runesmith:Nanobots","conspire:DecoderRing","Odd Mushroom","Snecko Eye","Chameleon Ring"],"acts_visited":["Exordium","TheCity"],"potions_floor_usage":[7,11,16,16,29,31,31],"damage_taken":[{"damage":7,"enemies":"Jaw Worm","floor":1,"turns":5},{"damage":0,"enemies":"Cultist","floor":3,"turns":4},{"damage":4,"enemies":"Small Slimes","floor":5,"turns":5},{"damage":19,"enemies":"Lagavulin","floor":7,"turns":7},{"damage":7,"enemies":"Exordium Thugs","floor":10,"turns":5},{"damage":15,"enemies":"3 Sentries","floor":11,"turns":7},{"damage":5,"enemies":"Blue Slaver","floor":12,"turns":4},{"damage":4,"enemies":"Exordium Wildlife","floor":13,"turns":6},{"damage":0,"enemies":"The Mushroom Lair","floor":14,"turns":1},{"damage":21,"enemies":"Hexaghost","floor":16,"turns":10},{"damage":0,"enemies":"Shell Parasite","floor":18,"turns":4},{"damage":36,"enemies":"3 Byrds","floor":20,"turns":7},{"damage":2,"enemies":"Snake Plant","floor":22,"turns":5},{"damage":21,"enemies":"Sentry and Sphere","floor":24,"turns":5},{"damage":12,"enemies":"Centurion and Healer","floor":28,"turns":8},{"damage":0,"enemies":"Chosen and Byrds","floor":29,"turns":3},{"damage":27,"enemies":"Gremlin Leader","floor":31,"turns":8}],"seed_played":"7595960731439561620","potions_obtained":[{"floor":3,"key":"blueLaboratory:PolymorphPotion"},{"floor":5,"key":"Fire Potion"},{"floor":7,"key":"blueLaboratory:BottleOfVodka"},{"floor":11,"key":"blueLaboratory:FrostheartPotion"},{"floor":14,"key":"Regen Potion"},{"floor":16,"key":"blueLaboratory:HeartbeatPotion"},{"floor":18,"key":"SteroidPotion"},{"floor":25,"key":"blueLaboratory:StoneskinPotion"},{"floor":25,"key":"BlessingOfTheForge"},{"floor":29,"key":"Swift Potion"}],"is_trial":false,"path_per_floor":["M","$","M","?","M","R","E","R","T","M","E","M","M","?","R","B",null,"M","?","M","$","M","R","M","?","T","R","M","M","?","E"],"character_chosen":"THE_DEFAULT","items_purchased":["theMarked:MagicAdept","theMarked:Indomitable"],"campfire_rested":4,"item_purchase_floors":[2,21],"current_hp_per_floor":[63,63,63,63,59,59,40,61,61,54,39,34,30,30,51,45,70,70,70,34,34,32,53,32,32,32,53,41,41,41,14,14],"gold":284,"neow_bonus":"BOSS_RELIC","is_daily":false,"chose_seed":false,"campfire_upgraded":1,"win_rate":0.0,"timestamp":1608994794,"path_taken":["M","$","M","?","M","R","E","R","T","M","E","?","?","?","R","BOSS","M","?","M","$","M","R","M","?","T","R","M","?","?","E"],"items_purchased_type":["Card","Card"],"build_version":"2020-12-22","purchased_purges":1,"victory":false,"max_hp_per_floor":[70,70,70,70,70,70,70,70,70,70,70,70,70,70,70,70,70,70,70,70,70,70,70,70,70,70,70,70,70,70,70,70],"relic_stats":{"counters":[17,93],"Snecko Eye":[54,45,46,48],"obtain_stats":[{"theMarked:ArtifactOfAir":0,"Anchor":7,"Runesmith:Nanobots":9,"Chameleon Ring":26,"conspire:DecoderRing":11,"Snecko Eye":17,"CultistMask":4,"energizedSpire:SpiderWeb":0,"Odd Mushroom":14},{"theMarked:ArtifactOfAir":0,"Anchor":4,"Runesmith:Nanobots":4,"Chameleon Ring":14,"conspire:DecoderRing":6,"Snecko Eye":10,"CultistMask":2,"energizedSpire:SpiderWeb":0,"Odd Mushroom":9},{"theMarked:ArtifactOfAir":0,"Anchor":20,"Runesmith:Nanobots":20,"Chameleon Ring":74,"conspire:DecoderRing":32,"Snecko Eye":53,"CultistMask":9,"energizedSpire:SpiderWeb":0,"Odd Mushroom":43}]},"card_choices":[{"not_picked":["theMarked:Static","theMarked:ElectricStrings"],"picked":"theMarked:RepellingDischarge","floor":1},{"not_picked":["theMarked:BanishingStrike","theMarked:Frustration"],"picked":"theMarked:Aftermath","floor":3},{"not_picked":["theMarked:Aftermath","theMarked:WastefulAttack"],"picked":"theMarked:Improvise","floor":5},{"not_picked":["theMarked:SwordAndMagic","theMarked:Panic"],"picked":"theMarked:HeightenedSenses","floor":7},{"not_picked":["theMarked:Parkour","theMarked:SuspiciousRaven"],"picked":"theMarked:HeightenedSenses","floor":10},{"not_picked":["theMarked:CreepingChasm","theMarked:WastefulAttack","theMarked:EnhancedHearing"],"picked":"SKIP","floor":11},{"not_picked":["theMarked:ChainLightning","theMarked:HeightenedSenses","theMarked:RepellingDischarge"],"picked":"SKIP","floor":12},{"not_picked":["theMarked:WardOff","theMarked:ElectricStrings"],"picked":"theMarked:TakeOffHeels","floor":13},{"not_picked":["theMarked:WastefulAttack","theMarked:TwofoldDefense"],"picked":"theMarked:Electrocute","floor":14},{"not_picked":["theMarked:HeightenedSenses","theMarked:Reabsorb+1","theMarked:ResourceFulStrike"],"picked":"SKIP","floor":18},{"not_picked":["theMarked:EnhancedHearing","theMarked:Opportunist","theMarked:ChainLightning"],"picked":"SKIP","floor":20},{"not_picked":["theMarked:Seal","theMarked:Aftermath+1"],"picked":"theMarked:Polarize+1","floor":22},{"not_picked":["theMarked:Aftermath","theMarked:Frustration","theMarked:WastefulAttack"],"picked":"SKIP","floor":24},{"not_picked":["theMarked:DeterminationOfTheMarked","theMarked:EnhancedHearing"],"picked":"theMarked:Electrocute+1","floor":28},{"not_picked":["theMarked:ChainLightning","theMarked:GodGivenPower+1"],"picked":"theMarked:Electrocute+1","floor":29}],"player_experience":1794550,"relics_obtained":[{"floor":7,"key":"Anchor"},{"floor":9,"key":"Runesmith:Nanobots"},{"floor":11,"key":"conspire:DecoderRing"},{"floor":14,"key":"Odd Mushroom"},{"floor":26,"key":"Chameleon Ring"}],"event_choices":[{"damage_healed":0,"gold_gain":0,"player_choice":"Trade","damage_taken":0,"relics_obtained":["CultistMask"],"max_hp_gain":0,"max_hp_loss":0,"event_name":"FaceTrader","floor":4,"gold_loss":0},{"damage_healed":0,"gold_gain":0,"player_choice":"Fought Mushrooms","damage_taken":0,"max_hp_gain":0,"max_hp_loss":0,"event_name":"Mushrooms","floor":14,"gold_loss":0},{"damage_healed":0,"gold_gain":0,"player_choice":"Got Potions","damage_taken":0,"max_hp_gain":0,"max_hp_loss":0,"event_name":"Lab","floor":25,"gold_loss":0}],"is_beta":false,"boss_relics":[{"not_picked":["aspiration:FutureDiary","energizedSpire:HugeHouse"],"picked":"Snecko Eye"}],"items_purged_floors":[21],"is_endless":false,"potions_floor_spawned":[3,5,7,11,14,16,18,28,29],"killed_by":"Gremlin Leader","ascension_level":3}}