{"host":"qljq6nt1bltq73k9","time":1608958205,"event":{"mods":["BaseMod","Colored Map","Colored Powertips","Lobotomy","LobotomyExtend","Minty Spire (QoL Compilation)","Quick Restart","Replay The Spire","StSLib","[IsaacMod]ÒÔÈö¼âËþ"],"gold_per_floor":[99999,99983,99143,99101,98647,98561,98561,98561,98584,98561,98561,98561,97464,97464,97464,97312,97312,97358,96619,96619,96711,96711,96614,95943,95868,95868,95783,95762,94902,94902,94814,95114,94932,94932,94834,94834,93698,93698,92703,92371,92328,92108,92108,92079,92079,91512,91157,91169,91181,90782,90794],"floor_reached":52,"playtime":874,"items_purged":["Defend_B","Defend_B","Strike_B","Strike_B","Looming Evil","Writhe","Defend_B","Strike_B"],"score":1315,"play_id":"71ec58d2-e836-4742-8f20-9b85353755ff","local_time":"20201226125005","is_ascension_mode":false,"campfire_choices":[],"circlet_count":0,"master_deck":[],"relics":["Cracked Core","HushsDoor","TuHaoJin","CogitoBucket","RabbitCall","LetterFromLob","Replay:Wax Seal","Lantern","Chemical X","Toy Ornithopter","Strange Spoon","Juzu Bracelet","ReplayTheSpireMod:Ring of Challenge","Ring of Shattering","Geode","PillsDrop","Letter Opener","Bronze Scales","Guide Book","Replay:Bronze Core","GuppysCollar","Damocles","HellTrain","Sundial","Happy Flower","Replay:Bandana","PrismaticShard","MutagenicStrength","HowToJump","Replay:WaspNest","Tiny Chest","Replay:Bottled Eggs","Blue Doll","Gremlin Food","HandDrill","Pen Nib","Replay:Accelerometer","DoctorsRemote","Strawberry","Pet Ghost","Nunchaku","Cauldron","ReplayTheSpireMod:TigerMarble","Bottled Lightning","Prayer Wheel","Replay:Grab Bag","Succubus","Potion Belt","TreeSap","Molten Egg 2","Replay:Rubber Ducky","BFFS","ReplayTheSpireMod:Ninjato","Torii","Singing Bowl","UnicornStump","TheAbacus","Calipers","PreservedInsect","Thread and Needle","ReplayTheSpireMod:Lightbulb","Yang_Lob","Bag of Preparation","AnarchistCookbook","Leech","LuminousBracelet","AtMidnight","Void","Bag of Marbles","Bottled Tornado","MawBank"],"acts_visited":["Exordium","TheCity","TheBeyond"],"potions_floor_usage":[],"damage_taken":[{"damage":1.0,"enemies":"Cultist","floor":1.0,"turns":3.0},{"damage":0.0,"enemies":"2 Louse","floor":2.0,"turns":1.0},{"damage":0.0,"enemies":"Jaw Worm","floor":4.0,"turns":1.0},{"damage":0.0,"enemies":"Lagavulin","floor":6.0,"turns":1.0},{"damage":0.0,"enemies":"Hexaghost","floor":16.0,"turns":1.0},{"damage":0.0,"enemies":"Spheric Guardian","floor":18.0,"turns":1.0},{"damage":0.0,"enemies":"Book of Stabbing","floor":23.0,"turns":1.0},{"damage":5.0,"enemies":"2 Thieves","floor":28.0,"turns":1.0},{"damage":0.0,"enemies":"Replay:Snechameleon","floor":31.0,"turns":1.0},{"damage":0.0,"enemies":"Pondfish","floor":33.0,"turns":1.0},{"damage":0,"enemies":"3 Darklings","floor":35,"turns":1},{"damage":0,"enemies":"R_Hoarder","floor":40,"turns":1},{"damage":0,"enemies":"Orb Walker","floor":41,"turns":1},{"damage":0,"enemies":"Maw","floor":42,"turns":1},{"damage":0,"enemies":"4 Shapes","floor":44,"turns":1},{"damage":0,"enemies":"Writhing Mass","floor":46,"turns":1},{"damage":0,"enemies":"Giant Head","floor":47,"turns":1},{"damage":0,"enemies":"Time Eater","floor":50,"turns":1}],"seed_played":"6593407176568111572","potions_obtained":[{"floor":29.0,"key":"FairyPotion"},{"floor":29.0,"key":"PowerPotion"},{"floor":29.0,"key":"Ancient Potion"}],"is_trial":false,"path_per_floor":["M","M","$","M","$","E","?","?","T","?","?","?","$","?","R_BF","B",null,"M","$","?","?","?","E","$","?","T","?","M","$","?","E","R_BF","B",null,"M","T","$","?","$","E","M","M","T","M","?","M","E","?","R_BF","B",null,null],"character_chosen":"DEFECT","items_purchased":["Replay:Wax Seal","Lantern","Chemical X","Panache","Capacitor","Toxic Potion","Swift Potion","Venom Potion","Toy Ornithopter","Strange Spoon","Defragment+1","Letter Opener","Bronze Scales","Violence","Reboot","Guide Book","Regen Potion","GuppysCollar","Damocles","Happy Flower","Replay:Bandana","PrismaticShard","Machine Learning","Blue Doll","Gremlin Food","HandDrill","Hello World","Pet Ghost","Nunchaku","Mayhem","Static Discharge","Cauldron","Succubus","Electrodynamics","BFFS","ReplayTheSpireMod:Ninjato","Torii","Capacitor","Death Potion","Swift Potion","Singing Bowl","UnicornStump","TheAbacus","Rainbow+1"],"campfire_rested":0,"item_purchase_floors":[3,3,3,3,3,3,3,3,5,5,5,13,13,13,13,13,13,17,17,19,19,19,19,24,24,24,24,29,29,29,29,29,34,34,37,37,37,37,37,37,39,39,39,39],"current_hp_per_floor":[74,74,74,74,74,74,74,74,74,74,74,62,62,62,62,62,52,47,47,47,47,47,47,47,47,47,47,52,52,52,55,55,55,42,42,42,42,52,52,52,54,59,59,61,61,81,83,83,83,83,83],"gold":90806,"neow_bonus":"","is_daily":false,"chose_seed":false,"campfire_upgraded":0,"win_rate":0.0,"timestamp":1608958205,"path_taken":["M","M","$","M","$","E","?","?","T","?","?","?","$","?","R_BF","BOSS","M","$","?","?","?","E","$","?","T","?","M","$","?","E","R_BF","BOSS","M","?","$","?","$","E","M","M","T","M","?","M","E","?","R_BF","BOSS"],"items_purchased_type":["Relic","Card","Relic","Card","Card","Potion","Potion","Potion","Relic","Relic","Card","Relic","Relic","Card","Card","Relic","Potion","Relic","Relic","Relic","Relic","Relic","Card","Relic","Relic","Relic","Card","Relic","Relic","Card","Card","Relic","Relic","Card","Relic","Relic","Relic","Card","Potion","Potion","Relic","Relic","Relic","Card"],"build_version":"2020-12-22","purchased_purges":8,"victory":true,"max_hp_per_floor":[75,75,75,75,75,75,75,75,75,75,75,75,75,75,75,75,52,47,47,47,47,47,47,47,47,47,47,57,57,57,60,60,60,42,42,42,42,52,52,52,54,59,59,61,61,81,83,83,83,83,83],"card_choices":[{"not_picked":[],"picked":"DoctorFetus","floor":0.0},{"not_picked":["Wellcheers","MHz","OldLady"],"picked":"Singing Bowl","floor":1.0},{"not_picked":["UniverseFragment","Murderer"],"picked":"VoidDream","floor":1.0},{"not_picked":["Cold Snap","Crystallizer"],"picked":"Double Energy","floor":1.0},{"not_picked":["SpiderBud","MHz"],"picked":"OSAHOGD","floor":2.0},{"not_picked":["Barrage","Gash","Steam"],"picked":"SKIP","floor":2.0},{"not_picked":["MHz","Murderer","Bloodbath"],"picked":"Singing Bowl","floor":4.0},{"not_picked":["Cold Snap","Ball Lightning","ReplaySort"],"picked":"SKIP","floor":4.0},{"not_picked":["MeatLantern","Bloodbath"],"picked":"LongBird","floor":6.0},{"not_picked":["Ball Lightning","Leap"],"picked":"Chaos","floor":6.0},{"not_picked":["OldLady","BlackSwan","QueenBee"],"picked":"Singing Bowl","floor":16.0},{"not_picked":["Amplify","Biased Cognition"],"picked":"ReplayTheSpireMod:Fabricate Wheel","floor":16.0},{"not_picked":["SpiderBud","Murderer","CrumblingArmor"],"picked":"Singing Bowl","floor":18.0},{"not_picked":["Cold Snap","Beam Cell","Consume+1"],"picked":"SKIP","floor":18.0},{"not_picked":["Pommel Strike+1","Swift Strike+1"],"picked":"Die Die Die","floor":21.0},{"not_picked":["Underhanded Strike","ReplayTheSpireMod:Strike From Hell+1"],"picked":"Flying Knee","floor":21.0},{"not_picked":["LittleHelper","Porccubus"],"picked":"SnowQueen","floor":23.0},{"not_picked":["LifeForTheDareDevil","Dagger Spray"],"picked":"Spore+1","floor":23.0},{"not_picked":["FairyFestival","LittlePrince","FieryBird"],"picked":"Singing Bowl","floor":28.0},{"not_picked":["Redo","Underhanded Strike"],"picked":"CherryBlossom","floor":28.0},{"not_picked":["DreamingCurrent","SingingMachine","LaLuna"],"picked":"Singing Bowl","floor":31.0},{"not_picked":["Carnage","Tough"],"picked":"Doom and Gloom","floor":31.0},{"not_picked":["CherryBlossoms","UniverseFragment","Freischutz"],"picked":"Singing Bowl","floor":33.0},{"not_picked":["Twilight","DaCapo"],"picked":"A Thousand Cuts","floor":33.0},{"not_picked":["UniverseFragment","BlueStar","BigBadWolf"],"picked":"Singing Bowl","floor":35},{"not_picked":["Armaments","Backflip+1"],"picked":"Study","floor":35},{"not_picked":["Replay:Hum","ScreamingWedge+1"],"picked":"Entrench+1","floor":35},{"not_picked":["BlueScar+1","ReplaySort+1"],"picked":"MasterReality","floor":40},{"not_picked":["WhiteNight","Scorched"],"picked":"Scarecrow","floor":40},{"not_picked":["LittlePrince","QueenBee","Mercenary"],"picked":"Singing Bowl","floor":41},{"not_picked":["Freischutz","Wellcheers"],"picked":"Yin","floor":41},{"not_picked":["Rebound+1","CherryBlossom"],"picked":"Dark Embrace+1","floor":41},{"not_picked":["Prepared","Sweeping Beam+1","Go for the Eyes+1"],"picked":"Singing Bowl","floor":41},{"not_picked":["Prepared","Gash+1"],"picked":"Feel No Pain","floor":42},{"not_picked":["Dagger Spray+1","Backflip+1","Prepared+1"],"picked":"Singing Bowl","floor":42},{"not_picked":["HappyTeddy","WhitesApple","Porccubus"],"picked":"Singing Bowl","floor":44},{"not_picked":["Steam+1","Vengeance+1","LessonLearned+1"],"picked":"Singing Bowl","floor":44},{"not_picked":["Forethought+1","Lantern+1"],"picked":"Bomb","floor":44},{"not_picked":["Funeral","HappyTeddy","NakedNest"],"picked":"Singing Bowl","floor":46},{"not_picked":["CarveReality+1","Sweeping Beam+1"],"picked":"Specialist+1","floor":46},{"not_picked":["Expertise+1","FrostShard","Body Slam+1"],"picked":"Singing Bowl","floor":46},{"not_picked":["Variant","CENSORED","MHz"],"picked":"Singing Bowl","floor":47},{"not_picked":["Funeral","NakedNest"],"picked":"BodiesMountain","floor":47},{"not_picked":["Entrench+1","PiercingWail+1","RedEyes+1"],"picked":"Singing Bowl","floor":47}],"player_experience":344707,"relics_obtained":[{"floor":1.0,"key":"LetterFromLob"},{"floor":6.0,"key":"Juzu Bracelet"},{"floor":8.0,"key":"ReplayTheSpireMod:Ring of Challenge"},{"floor":8.0,"key":"Ring of Shattering"},{"floor":9.0,"key":"Geode"},{"floor":18.0,"key":"Sundial"},{"floor":21.0,"key":"HowToJump"},{"floor":23.0,"key":"Tiny Chest"},{"floor":23.0,"key":"Replay:Bottled Eggs"},{"floor":26.0,"key":"Pen Nib"},{"floor":28.0,"key":"DoctorsRemote"},{"floor":28.0,"key":"Strawberry"},{"floor":31.0,"key":"ReplayTheSpireMod:TigerMarble"},{"floor":31.0,"key":"Bottled Lightning"},{"floor":35,"key":"Potion Belt"},{"floor":35,"key":"Molten Egg 2"},{"floor":36,"key":"Replay:Rubber Ducky"},{"floor":40,"key":"Calipers"},{"floor":40,"key":"PreservedInsect"},{"floor":41,"key":"Thread and Needle"},{"floor":42,"key":"ReplayTheSpireMod:Lightbulb"},{"floor":42,"key":"Bag of Preparation"},{"floor":43,"key":"AnarchistCookbook"},{"floor":44,"key":"Leech"},{"floor":46,"key":"AtMidnight"},{"floor":46,"key":"Void"},{"floor":47,"key":"Bag of Marbles"},{"floor":47,"key":"Bottled Tornado"},{"floor":47,"key":"MawBank"}],"event_choices":[{"damage_healed":0.0,"max_hp_gain":0.0,"max_hp_loss":0.0,"gold_gain":0.0,"cards_transformed":["Strike_B"],"event_name":"Living Wall","player_choice":"Change","floor":7.0,"gold_loss":0.0,"damage_taken":0.0,"cards_obtained":["ReplayTheSpireMod:Reroute Power"]},{"damage_healed":0.0,"max_hp_gain":0.0,"max_hp_loss":0.0,"gold_gain":0.0,"event_name":"World of Goop","player_choice":"Left Gold","floor":10.0,"gold_loss":23.0,"damage_taken":0.0},{"damage_healed":0.0,"max_hp_gain":0.0,"max_hp_loss":0.0,"gold_gain":0.0,"event_name":"Liars Game","player_choice":"Ignored","floor":11.0,"gold_loss":0.0,"damage_taken":0.0},{"damage_healed":0.0,"max_hp_gain":0.0,"max_hp_loss":0.0,"gold_gain":0.0,"event_name":"Scrap Ooze","player_choice":"Success","floor":12.0,"gold_loss":0.0,"damage_taken":12.0,"relics_obtained":["PillsDrop"]},{"damage_healed":0.0,"max_hp_gain":0.0,"max_hp_loss":0.0,"gold_gain":0.0,"event_name":"Match and Keep!","player_choice":"1 cards matched","floor":15.0,"gold_loss":0.0,"damage_taken":0.0,"cards_obtained":["Core Surge"]},{"damage_healed":0.0,"max_hp_gain":0.0,"max_hp_loss":0.0,"gold_gain":0.0,"event_name":"Drug Dealer","player_choice":"Inject Mutagens","floor":20.0,"gold_loss":0.0,"damage_taken":0.0,"relics_obtained":["MutagenicStrength"]},{"damage_healed":0.0,"max_hp_gain":0.0,"max_hp_loss":0.0,"gold_gain":0.0,"event_name":"The Mausoleum","player_choice":"Opened","floor":22.0,"gold_loss":0.0,"damage_taken":0.0,"relics_obtained":["Replay:WaspNest"],"cards_obtained":["Writhe"]},{"cards_removed":["ReplayTheSpireMod:Splinters"],"damage_healed":0.0,"max_hp_gain":0.0,"max_hp_loss":0.0,"gold_gain":0.0,"event_name":"Beggar","player_choice":"Gave Gold","floor":25.0,"gold_loss":75.0,"damage_taken":0.0},{"damage_healed":0.0,"max_hp_gain":0.0,"max_hp_loss":0.0,"gold_gain":0.0,"event_name":"Addict","player_choice":"Obtained Relic","floor":27.0,"gold_loss":85.0,"damage_taken":0.0,"relics_obtained":["Replay:Accelerometer"]},{"cards_removed":["Defend_B"],"damage_healed":0.0,"max_hp_gain":0.0,"max_hp_loss":0.0,"gold_gain":0.0,"event_name":"Back to Basics","player_choice":"Elegance","floor":30.0,"gold_loss":0.0,"damage_taken":0.0},{"cards_removed":["Machine Learning"],"damage_healed":0,"gold_gain":0,"player_choice":"Offered Rare","damage_taken":0,"max_hp_gain":10,"max_hp_loss":0,"event_name":"Bonfire Elementals","floor":38,"gold_loss":0},{"cards_removed":["Hello World"],"damage_healed":0,"gold_gain":0,"player_choice":"Removed Power","damage_taken":0,"max_hp_gain":0,"max_hp_loss":0,"event_name":"Falling","floor":48,"gold_loss":0}],"is_beta":false,"boss_relics":[{"not_picked":["Astrolabe","Empty Cage"],"picked":"Replay:Bronze Core"},{"not_picked":[]},{"not_picked":["Nuclear Battery","ReplayTheSpireMod:DimensionalGlitch"],"picked":"Replay:Grab Bag"},{"not_picked":[]}],"items_purged_floors":[3,5,13,19,24,29,37,39],"is_endless":false,"potions_floor_spawned":[6,33,41],"ascension_level":0}}