{"host":"uwh382mre4waz4ff","time":1608999179,"event":{"mods":["AchievementEnabler","BaseMod","Better Note","Better Third Choice","BetterRewards","Minty Spire (QoL Compilation)","Quick Restart","Shop Mod","StSLib"],"gold_per_floor":[115,115,134,146,146,146,165,165,165,165,178,190,190,201,201,201,201],"floor_reached":16,"playtime":728,"items_purged":["Defend_B"],"score":94,"play_id":"880c9776-b76a-44f8-a60c-5c7392176711","local_time":"20201227001259","is_ascension_mode":false,"campfire_choices":[{"data":"Strike_B","floor":6,"key":"PURGE"},{"data":"Strike_B","floor":10,"key":"PURGE"},{"data":"Defragment","floor":13,"key":"SMITH"},{"data":"Defragment","floor":15,"key":"PURGE"}],"circlet_count":0,"master_deck":["Strike_B","Defend_B","Defend_B","Defend_B","Zap","Dualcast+1","Hologram","Defragment+1","Capacitor+1","Coolheaded","Sunder","Hologram"],"relics":["Cracked Core","FrozenCore","Turnip","Lantern","Peace Pipe","CaptainsWheel","Ginger"],"acts_visited":["Exordium"],"potions_floor_usage":[],"damage_taken":[{"damage":0,"enemies":"Jaw Worm","floor":1,"turns":4},{"damage":0,"enemies":"Small Slimes","floor":3,"turns":3},{"damage":0,"enemies":"Cultist","floor":4,"turns":3},{"damage":5,"enemies":"Lots of Slimes","floor":7,"turns":4},{"damage":1,"enemies":"Exordium Wildlife","floor":11,"turns":3},{"damage":2,"enemies":"Large Slime","floor":12,"turns":4},{"damage":0,"enemies":"2 Fungi Beasts","floor":14,"turns":3},{"damage":20,"enemies":"The Guardian","floor":16,"turns":2}],"seed_played":"3136613314871617146","potions_obtained":[{"floor":4,"key":"SpeedPotion"},{"floor":11,"key":"EssenceOfDarkness"}],"is_trial":false,"path_per_floor":["M","?","M","M","?","R","M","?","T","R","M","M","R","M","R","B"],"character_chosen":"DEFECT","items_purchased":["Hologram","Defragment","Lantern","Capacitor"],"campfire_rested":0,"item_purchase_floors":[0,0,0,0],"current_hp_per_floor":[40,25,25,25,22,22,17,17,17,17,16,14,14,14,14,0,0],"gold":201,"neow_bonus":"","is_daily":false,"chose_seed":false,"campfire_upgraded":1,"win_rate":0.0,"timestamp":1608999179,"path_taken":["M","?","M","M","?","R","?","?","T","R","?","M","R","?","R","BOSS"],"items_purchased_type":["Card","Card","Relic","Card"],"build_version":"2020-12-22","purchased_purges":1,"victory":false,"max_hp_per_floor":[75,75,75,75,75,75,75,75,75,75,75,75,75,75,75,75,75],"card_choices":[{"not_picked":["Streamline","Steam"],"picked":"Defragment","floor":1},{"not_picked":["Streamline","Beam Cell"],"picked":"Coolheaded","floor":3},{"not_picked":["Double Energy","Gash","Rip and Tear"],"picked":"SKIP","floor":4},{"not_picked":["Redo","Sweeping Beam"],"picked":"Sunder","floor":7},{"not_picked":["Reinforced Body","Coolheaded"],"picked":"Hologram","floor":11},{"not_picked":["Cold Snap","Force Field","Sweeping Beam"],"picked":"SKIP","floor":12},{"not_picked":["Undo","Force Field","Beam Cell"],"picked":"SKIP","floor":14}],"player_experience":94426,"relics_obtained":[{"floor":9,"key":"Ginger"}],"event_choices":[{"damage_healed":40,"gold_gain":0,"player_choice":"Upgrade","damage_taken":15,"max_hp_gain":0,"max_hp_loss":75,"event_name":"betterThird:BetterShining","floor":2,"gold_loss":0,"cards_upgraded":["Capacitor","Dualcast"]},{"damage_healed":0,"gold_gain":0,"player_choice":"Relic ","damage_taken":3,"max_hp_gain":0,"max_hp_loss":0,"event_name":"betterThird:BetterScrap","floor":5,"gold_loss":0,"cards_obtained":["Heel Hook"]},{"damage_healed":0,"gold_gain":0,"player_choice":"Gave Potion","damage_taken":0,"relics_obtained":["CaptainsWheel"],"max_hp_gain":0,"max_hp_loss":0,"event_name":"WeMeetAgain","floor":8,"gold_loss":0}],"is_beta":false,"boss_relics":[],"items_purged_floors":[0],"is_endless":false,"potions_floor_spawned":[4,11],"killed_by":"The Guardian","ascension_level":0}}