{"host":"zsm7nv3crm3m4x5c","time":1608960666,"event":{"mods":["AchievementEnabler","BaseMod","Colored Map","Colored Powertips","Minty Spire (QoL Compilation)","Shop Mod"],"gold_per_floor":[116,116,116,137,8,47,62,80,162,177,207,0,0,21,21,119,182,197,11,35,0,0,0,24,24,24,24,24,57,57,78,78,78,78],"floor_reached":33,"playtime":997,"items_purged":["Strike_R"],"score":522,"play_id":"9d77b0fc-920c-4362-ae37-4c2a5fd3d0d7","local_time":"20201226003106","is_ascension_mode":true,"campfire_choices":[{"data":"Fire Breathing","floor":13.0,"key":"SMITH"},{"data":"Wild Strike","floor":15.0,"key":"SMITH"},{"floor":23.0,"key":"REST"},{"data":"Apotheosis","floor":25.0,"key":"SMITH"},{"data":"Wild Strike","floor":28.0,"key":"SMITH"},{"floor":32,"key":"REST"}],"circlet_count":0,"master_deck":["AscendersBane","Strike_R","Strike_R","Defend_R","Defend_R","Defend_R","Bash","Wild Strike+1","Inflame","Ghostly Armor","Fire Breathing+1","Heavy Blade+1","Shrug It Off","Wild Strike+1","Apotheosis+1","Rupture","True Grit"],"relics":["Burning Blood","NeowsBlessing","Golden Idol","Champion Belt","InkBottle","Membership Card","Tiny House","Regal Pillow","Turnip","Orichalcum"],"acts_visited":["Exordium","TheCity"],"potions_floor_usage":[31,33],"damage_taken":[{"damage":0.0,"enemies":"Small Slimes","floor":1.0,"turns":1.0},{"damage":0.0,"enemies":"Jaw Worm","floor":4.0,"turns":1.0},{"damage":0.0,"enemies":"3 Sentries","floor":6.0,"turns":2.0},{"damage":6.0,"enemies":"2 Louse","floor":7.0,"turns":3.0},{"damage":1.0,"enemies":"Looter","floor":8.0,"turns":2.0},{"damage":6.0,"enemies":"2 Fungi Beasts","floor":10.0,"turns":3.0},{"damage":12.0,"enemies":"Blue Slaver","floor":14.0,"turns":4.0},{"damage":38.0,"enemies":"Slime Boss","floor":16.0,"turns":7.0},{"damage":30.0,"enemies":"Spheric Guardian","floor":18.0,"turns":4.0},{"damage":12.0,"enemies":"2 Thieves","floor":20.0,"turns":4.0},{"damage":16.0,"enemies":"Snake Plant","floor":24.0,"turns":4.0},{"damage":51.0,"enemies":"Slavers","floor":29.0,"turns":6.0},{"damage":10,"enemies":"Centurion and Healer","floor":31,"turns":5},{"damage":55,"enemies":"Champ","floor":33,"turns":9}],"seed_played":"-7345154264814005065","potions_obtained":[{"floor":4.0,"key":"ColorlessPotion"},{"floor":7.0,"key":"ColorlessPotion"},{"floor":14.0,"key":"AttackPotion"},{"floor":17.0,"key":"FearPotion"},{"floor":18.0,"key":"LiquidMemories"},{"floor":24.0,"key":"Energy Potion"},{"floor":29.0,"key":"Ancient Potion"}],"is_trial":false,"path_per_floor":["M","?","?","M","$","E","M","M","T","M","?","$","R","M","R","B",null,"M","$","M","?","?","R","M","R","T","?","R","E","?","M","R","B"],"character_chosen":"IRONCLAD","items_purchased":["Inflame","Ghostly Armor","Membership Card","Apotheosis","Regal Pillow"],"campfire_rested":2,"item_purchase_floors":[5,5,12,19,19],"current_hp_per_floor":[74,48,41,47,47,53,53,58,58,58,58,58,58,52,52,20,66,42,42,36,36,36,75,65,65,65,65,65,20,20,16,55,0,0],"gold":78,"neow_bonus":"THREE_ENEMY_KILL","is_daily":false,"chose_seed":false,"campfire_upgraded":4,"win_rate":0.0,"timestamp":1608960666,"path_taken":["M","?","?","M","$","E","M","M","T","M","?","?","R","M","R","BOSS","M","$","M","?","?","R","M","R","T","?","R","E","?","?","R","BOSS"],"items_purchased_type":["Card","Card","Relic","Card","Relic"],"build_version":"2020-12-22","purchased_purges":1,"victory":false,"max_hp_per_floor":[75,75,75,75,75,75,75,75,75,75,75,75,75,75,75,75,80,80,80,80,80,80,80,80,80,80,80,80,80,80,80,80,80,80],"card_choices":[{"not_picked":["Headbutt","Havoc","Wild Strike"],"picked":"SKIP","floor":1.0},{"not_picked":["Hemokinesis","Iron Wave"],"picked":"Wild Strike","floor":4.0},{"not_picked":["Bludgeon","Evolve"],"picked":"Fire Breathing","floor":6.0},{"not_picked":["Clash","Dark Embrace"],"picked":"Heavy Blade","floor":7.0},{"not_picked":["Pummel","Intimidate"],"picked":"Shrug It Off","floor":8.0},{"not_picked":["Sword Boomerang","Sever Soul","Rampage"],"picked":"SKIP","floor":10.0},{"not_picked":["Clothesline","Entrench","Pommel Strike"],"picked":"SKIP","floor":14.0},{"not_picked":["Rage","Intimidate"],"picked":"Wild Strike","floor":17.0},{"not_picked":["Pommel Strike","Havoc","Wild Strike"],"picked":"SKIP","floor":18.0},{"not_picked":["Sentinel","Pummel","Body Slam"],"picked":"SKIP","floor":20.0},{"not_picked":["Searing Blow","Metallicize","Perfected Strike"],"picked":"SKIP","floor":24.0},{"not_picked":["Clash+1","Headbutt+1","Armaments"],"picked":"SKIP","floor":29.0},{"not_picked":["Armaments","Entrench","Pommel Strike"],"picked":"SKIP","floor":31}],"player_experience":520278,"relics_obtained":[{"floor":6.0,"key":"Champion Belt"},{"floor":9.0,"key":"InkBottle"},{"floor":26.0,"key":"Turnip"},{"floor":29.0,"key":"Orichalcum"}],"event_choices":[{"damage_healed":0.0,"max_hp_gain":0.0,"max_hp_loss":0.0,"gold_gain":0.0,"event_name":"Golden Idol","player_choice":"Take Damage","floor":2.0,"gold_loss":0.0,"damage_taken":26.0,"relics_obtained":["Golden Idol"]},{"cards_removed":["Defend_R"],"damage_healed":0.0,"max_hp_gain":0.0,"max_hp_loss":0.0,"gold_gain":0.0,"event_name":"Golden Wing","player_choice":"Card Removal","floor":3.0,"gold_loss":0.0,"damage_taken":7.0},{"damage_healed":0.0,"max_hp_gain":0.0,"max_hp_loss":0.0,"gold_gain":30.0,"event_name":"Dead Adventurer","player_choice":"Searched \u00271\u0027 times","floor":11.0,"gold_loss":0.0,"damage_taken":0.0},{"damage_healed":0.0,"max_hp_gain":0.0,"max_hp_loss":0.0,"gold_gain":0.0,"event_name":"Masked Bandits","player_choice":"Paid Fearfully","floor":21.0,"gold_loss":35.0,"damage_taken":0.0},{"damage_healed":0.0,"max_hp_gain":0.0,"max_hp_loss":0.0,"gold_gain":0.0,"event_name":"The Mausoleum","player_choice":"Ignored","floor":22.0,"gold_loss":0.0,"damage_taken":0.0},{"damage_healed":0.0,"max_hp_gain":0.0,"max_hp_loss":0.0,"gold_gain":0.0,"cards_transformed":["Strike_R","Strike_R"],"event_name":"Drug Dealer","player_choice":"Became Test Subject","floor":27.0,"gold_loss":0.0,"damage_taken":0.0,"cards_obtained":["Rupture","True Grit"]}],"is_beta":false,"boss_relics":[{"not_picked":["Velvet Choker","SacredBark"],"picked":"Tiny House"}],"items_purged_floors":[12],"is_endless":false,"potions_floor_spawned":[4,7,14,18,24,29],"killed_by":"Champ","ascension_level":16}}