{"host":"7vm7pcne3nl3w29z","time":1608953942,"event":{"mods":["2.2 Compatiblity","AchievementEnabler","Aspiration","BaseMod","Best Route Mod","Better Note","BetterRewards","Colored Map","GifTheSpireLib","Halation","Minty Spire (QoL Compilation)","Quick Restart","Rare Cards Sparkle","Replay The Spire","StSLib","Stuff the Spire","Synergy Search","vexMod"],"gold_per_floor":[115,115,65,65,12,42,62,62,141,156,156,156,156],"floor_reached":12,"playtime":267,"items_purged":[],"score":106,"play_id":"5e956ea4-ceb1-4623-9b52-ea0f27176dff","local_time":"20201226103902","is_ascension_mode":true,"campfire_choices":[{"floor":8,"key":"RECALL"},{"data":"StuffTheSpire:Incursion","floor":11,"key":"SMITH"}],"circlet_count":0,"master_deck":["Strike_G","Strike_G","Strike_G","Strike_G","Defend_G","Defend_G","Defend_G","Defend_G","Survivor","Neutralize","Slice","StuffTheSpire:Incursion+1","Blade Dance"],"relics":["Ring of the Snake","NeowsBlessing","Chameleon Ring"],"acts_visited":["Exordium"],"potions_floor_usage":[],"damage_taken":[{"damage":0,"enemies":"2 Louse","floor":1,"turns":1},{"damage":0,"enemies":"Lagavulin","floor":6,"turns":1},{"damage":0,"enemies":"Jaw Worm","floor":7,"turns":1},{"damage":0,"enemies":"Small Slimes","floor":10,"turns":3},{"damage":27,"enemies":"3 Sentries","floor":12,"turns":6}],"seed_played":"4276004721728759601","potions_obtained":[{"floor":1,"key":"FearPotion"}],"is_trial":false,"path_per_floor":["M","?","?","?","$","E","M","R","T","M","R","E"],"character_chosen":"THE_SILENT","items_purchased":["Blade Dance"],"campfire_rested":0,"item_purchase_floors":[5],"current_hp_per_floor":[70,70,70,70,70,70,70,70,70,70,70,43,43],"gold":156,"neow_bonus":"THREE_ENEMY_KILL","is_daily":false,"chose_seed":false,"campfire_upgraded":1,"win_rate":0.0,"timestamp":1608953942,"path_taken":["M","?","?","?","$","E","?","R","T","M","R","E"],"items_purchased_type":["Card"],"build_version":"2020-12-22","purchased_purges":0,"victory":false,"max_hp_per_floor":[70,70,70,70,70,70,70,70,70,70,70,70,70],"card_choices":[{"not_picked":["Terror","PiercingWail"],"picked":"Slice","floor":1},{"not_picked":["Glass Knife","Setup","Catalyst"],"picked":"SKIP","floor":6},{"not_picked":["ReplayTheSpireMod:Shiv Toss","Outmaneuver","PiercingWail"],"picked":"SKIP","floor":7},{"not_picked":["StuffTheSpire:BumpUp","Sucker Punch","StuffTheSpire:Python"],"picked":"SKIP","floor":10}],"player_experience":117370,"relics_obtained":[{"floor":6,"key":"Chameleon Ring"}],"event_choices":[{"cards_removed":["Strike_G"],"damage_healed":0,"gold_gain":0,"player_choice":"Card Removal","damage_taken":0,"max_hp_gain":0,"max_hp_loss":0,"event_name":"The Cleric","floor":3,"gold_loss":50},{"damage_healed":0,"gold_gain":0,"cards_transformed":["Defend_G"],"player_choice":"Transformed","damage_taken":0,"max_hp_gain":0,"max_hp_loss":0,"event_name":"Transmorgrifier","floor":4,"gold_loss":0,"cards_obtained":["StuffTheSpire:Incursion"]}],"is_beta":false,"boss_relics":[],"items_purged_floors":[],"is_endless":false,"potions_floor_spawned":[1],"killed_by":"3 Sentries","ascension_level":1}}