{"host":"n8qcnfcud3b7cmys","time":1608953002,"event":{"mods":["BaseMod","Colored Map","Colored Powertips","Googly Eyes","Minty Spire (QoL Compilation)","Quick Restart","READ ME - Snecko Mod","StSLib","The IronCluck"],"gold_per_floor":[118,183,183,34,50,83,95,134,146,186,68,68,68,33,33,136,136,151,101,101,114,47,375,375,375,375],"floor_reached":25,"playtime":1267,"items_purged":["Regret"],"score":245,"play_id":"65adb9f6-f4c3-4959-aa59-2e0494de123e","local_time":"20201225212322","is_ascension_mode":true,"campfire_choices":[{"data":"Static Discharge","floor":7,"key":"SMITH"},{"floor":13,"key":"REST"},{"floor":15,"key":"REST"},{"floor":24,"key":"REST"}],"circlet_count":0,"master_deck":["Strike_B","Strike_B","Strike_B","Strike_B","Defend_B","Defend_B","Defend_B","Defend_B","Zap","Fission","Streamline","Static Discharge+1","Go for the Eyes","Core Surge","Self Repair","Leap+1","Stack+1","Electrodynamics","CurseOfTheBell","Lockon+1","Bandage Up+1","Auto Shields+1"],"relics":["Cracked Core","Pantograph","MawBank","Pen Nib","Toxic Egg 2","Matryoshka","Calling Bell","PreservedInsect","The Courier","Ginger","Old Coin"],"acts_visited":["Exordium","TheCity"],"potions_floor_usage":[5,6,16,23],"damage_taken":[{"damage":5,"enemies":"Small Slimes","floor":1,"turns":4},{"damage":2,"enemies":"Jaw Worm","floor":5,"turns":3},{"damage":25,"enemies":"3 Sentries","floor":6,"turns":5},{"damage":20,"enemies":"Gremlin Nob","floor":8,"turns":4},{"damage":21,"enemies":"Lagavulin","floor":10,"turns":7},{"damage":39,"enemies":"The Guardian","floor":16,"turns":8},{"damage":25,"enemies":"Shell Parasite","floor":18,"turns":5},{"damage":16,"enemies":"Chosen","floor":21,"turns":6},{"damage":22,"enemies":"Book of Stabbing","floor":23,"turns":3},{"damage":65,"enemies":"Slavers","floor":25,"turns":3}],"seed_played":"-7983745083581953304","potions_obtained":[{"floor":1,"key":"SkillPotion"},{"floor":5,"key":"Regen Potion"},{"floor":18,"key":"FocusPotion"}],"is_trial":false,"path_per_floor":["M","?","?","$","M","E","R","E","T","E","$","?","R","?","R","B",null,"M","?","$","M","$","E","R","E"],"character_chosen":"DEFECT","items_purchased":["Static Discharge","Stack+1","DuplicationPotion","Bandage Up+1"],"campfire_rested":3,"item_purchase_floors":[4,11,11,22],"current_hp_per_floor":[70,70,70,70,68,57,57,37,37,23,23,23,45,63,75,36,75,57,57,57,48,48,33,55,0,0],"gold":375,"neow_bonus":"TRANSFORM_CARD","is_daily":false,"chose_seed":false,"campfire_upgraded":1,"win_rate":0.0,"timestamp":1608953002,"path_taken":["M","?","?","$","M","E","R","E","T","E","$","?","R","?","R","BOSS","M","?","?","M","$","E","R","E"],"items_purchased_type":["Card","Card","Potion","Card"],"build_version":"2020-12-22","purchased_purges":1,"victory":false,"max_hp_per_floor":[75,75,75,75,75,75,75,75,75,75,75,75,75,75,75,75,75,75,75,75,75,75,75,75,75,75],"card_choices":[{"not_picked":["Loop","Compile Driver"],"picked":"Streamline","floor":1},{"not_picked":["Conserve Battery","Cold Snap"],"picked":"Go for the Eyes","floor":5},{"not_picked":["Hologram","Auto Shields"],"picked":"Core Surge","floor":6},{"not_picked":["Storm","Coolheaded"],"picked":"Self Repair","floor":8},{"not_picked":["Streamline","Steam+1"],"picked":"Leap+1","floor":10},{"not_picked":["All For One","Machine Learning"],"picked":"Electrodynamics","floor":16},{"not_picked":["Steam+1","Barrage+1","Genetic Algorithm+1"],"picked":"SKIP","floor":18},{"not_picked":["Self Repair","Stack+1"],"picked":"Lockon+1","floor":21},{"not_picked":["Hello World+1","Skim+1"],"picked":"Auto Shields+1","floor":23}],"player_experience":143245,"relics_obtained":[{"floor":6,"key":"MawBank"},{"floor":8,"key":"Pen Nib"},{"floor":9,"key":"Toxic Egg 2"},{"floor":10,"key":"Matryoshka"},{"floor":17,"key":"PreservedInsect"},{"floor":17,"key":"The Courier"},{"floor":17,"key":"Ginger"},{"floor":23,"key":"Old Coin"}],"event_choices":[{"damage_healed":0,"gold_gain":65,"player_choice":"Gained Gold","damage_taken":0,"max_hp_gain":0,"max_hp_loss":0,"event_name":"Golden Wing","floor":2,"gold_loss":0},{"damage_healed":0,"gold_gain":0,"player_choice":"Box","damage_taken":0,"relics_obtained":["Pantograph"],"max_hp_gain":0,"max_hp_loss":0,"event_name":"Big Fish","floor":3,"gold_loss":0,"cards_obtained":["Regret"]},{"damage_healed":0,"gold_gain":0,"player_choice":"Ignored","damage_taken":0,"max_hp_gain":0,"max_hp_loss":0,"event_name":"Liars Game","floor":12,"gold_loss":0},{"damage_healed":18,"gold_gain":0,"player_choice":"Healed","damage_taken":0,"max_hp_gain":0,"max_hp_loss":0,"event_name":"The Cleric","floor":14,"gold_loss":35},{"damage_healed":0,"gold_gain":0,"player_choice":"Bet on Murderer","damage_taken":0,"max_hp_gain":0,"max_hp_loss":0,"event_name":"The Joust","floor":19,"gold_loss":50}],"is_beta":false,"boss_relics":[{"not_picked":["Black Star","Coffee Dripper"],"picked":"Calling Bell"}],"items_purged_floors":[4],"is_endless":false,"potions_floor_spawned":[1,5,18],"killed_by":"Slavers","ascension_level":1}}