{"host":"ormi09wwzv7sq47a","time":1608944666,"event":{"mods":["2.2 Compatiblity","AchievementEnabler","Act Like it!","BaseMod","Bestiary","Better Altar","Better Note","Better Sensory Stone","Better Skull","Better Third Choice","Better Vampires","BetterRewards","Block Reminder","Colored Map","Colored Powertips","Curses Come First","DeckTracker","Downfall","Highlight Path","Minty Spire (QoL Compilation)","Permanent Neow","Quick Restart","Rare Cards Sparkle","Relic Stats","Shop Mod","StSLib","The Jungle","The Servant 0.9.4"],"gold_per_floor":[14,14,14,33,44,44,61,41,66,77,93,109,109,109,109,211,211,225,225,225,244,257,257,357,357,357,376,376,8,8,38,38,140,140,158,158,11,30,45,45,45,45,70,99,99,118,145,162,162,162],"floor_reached":51,"playtime":3239,"items_purged":["Guardian:Strike_Guardian","Guardian:Strike_Guardian"],"score":1452,"play_id":"cdbb9ee2-a775-4617-96b7-9e4d0765cabb","local_time":"20201225220426","is_ascension_mode":true,"campfire_choices":[{"data":"Guardian:CurlUp","floor":6.0,"key":"SMITH"},{"data":"Guardian:TwinSlam","floor":13.0,"key":"SMITH"},{"data":"Guardian:CrystalBeam","floor":15.0,"key":"SMITH"},{"data":"Guardian:PrismaticBeam","floor":23.0,"key":"SMITH"},{"data":"Guardian:StasisField","floor":25.0,"key":"SMITH"},{"data":"Guardian:PiercingHide","floor":28.0,"key":"SMITH"},{"data":"Guardian:SpikerProtocol","floor":30.0,"key":"SMITH"},{"floor":32.0,"key":"REST"},{"data":"Guardian:PrismaticBarrier","floor":40.0,"key":"SMITH"},{"data":"Guardian:ExploitGems","floor":42.0,"key":"SMITH"},{"data":"Guardian:GuardianWhirl","floor":45.0,"key":"SMITH"},{"data":"Guardian:CompilePackage","floor":49,"key":"SMITH"}],"circlet_count":0,"master_deck":["AscendersBane","Guardian:CurlUp+1","Guardian:TwinSlam+1","Guardian:FuturePlans","Guardian:FloatingOrbs","Guardian:ExploitGems+1","Guardian:CrystalBeam+1","Guardian:ChargeCore","Guardian:StasisField+1","CurseOfTheBell","Finesse","Mayhem","Guardian:PiercingHide+1","Guardian:SpikerProtocol+1","Guardian:PrismaticBeam+1","Guardian:DonusPower","Guardian:Repulse","Guardian:BronzeArmor","Guardian:RevengeProtocol","Guardian:PrimingBeam","Guardian:CompilePackage+1","Guardian:GuardianWhirl+1","Guardian:PrismaticBarrier+1","Guardian:Gem_Red","Guardian:SpikerProtocol+1","Writhe","Guardian:TemporalShield+1","Guardian:ArmoredProtocol+1","Guardian:EvasiveProtocol+1","Guardian:Gem_Purple","Guardian:Suspension+1","Guardian:TemporalShield+1"],"relics":["Guardian:ModeShifter","Lizard Tail","Anchor","Guardian:PickAxe","Calling Bell","PreservedInsect","Darkstone Periapt","Prayer Wheel","Ancient Tea Set","Lantern","Vajra","Pandora\u0027s Box","Oddly Smooth Stone","Orichalcum","Pen Nib","InkBottle"],"acts_visited":["Exordium","TheCity","TheBeyond"],"potions_floor_usage":[],"damage_taken":[{"damage":12.0,"enemies":"Jaw Worm","floor":1.0,"turns":4.0},{"damage":1.0,"enemies":"Cultist","floor":4.0,"turns":5.0},{"damage":0.0,"enemies":"2 Louse","floor":5.0,"turns":2.0},{"damage":5.0,"enemies":"Lots of Slimes","floor":7.0,"turns":5.0},{"damage":0.0,"enemies":"2 Fungi Beasts","floor":10.0,"turns":5.0},{"damage":6.0,"enemies":"3 Louse","floor":11.0,"turns":4.0},{"damage":8.0,"enemies":"Blue Slaver","floor":12.0,"turns":5.0},{"damage":17.0,"enemies":"Slime Boss","floor":16.0,"turns":9.0},{"damage":7.0,"enemies":"Shell Parasite","floor":18.0,"turns":5.0},{"damage":0.0,"enemies":"3 Byrds","floor":21.0,"turns":3.0},{"damage":13.0,"enemies":"Centurion and Healer","floor":22.0,"turns":7.0},{"damage":17.0,"enemies":"Snake Plant","floor":27.0,"turns":5.0},{"damage":6.0,"enemies":"Slavers","floor":31.0,"turns":4.0},{"damage":34.0,"enemies":"Champ","floor":33.0,"turns":9.0},{"damage":13.0,"enemies":"Orb Walker","floor":35.0,"turns":4.0},{"damage":31.0,"enemies":"3 Darklings","floor":38.0,"turns":5.0},{"damage":3.0,"enemies":"Jaw Worm Horde","floor":39.0,"turns":5.0},{"damage":13.0,"enemies":"Nemesis","floor":44.0,"turns":7.0},{"damage":0.0,"enemies":"Writhing Mass","floor":46.0,"turns":5.0},{"damage":11.0,"enemies":"Reptomancer","floor":47.0,"turns":7.0},{"damage":20,"enemies":"4 Shapes","floor":48,"turns":7},{"damage":11,"enemies":"Donu and Deca","floor":50,"turns":8}],"seed_played":"-6368876762310082502","potions_obtained":[{"floor":2.0,"key":"Fire Potion"},{"floor":5.0,"key":"GamblersBrew"},{"floor":8.0,"key":"Slimebound:ThreeZeroPotion"},{"floor":10.0,"key":"Dexterity Potion"},{"floor":16.0,"key":"Explosive Potion"},{"floor":27.0,"key":"Swift Potion"},{"floor":33.0,"key":"Guardian:DefensiveModePotion"},{"floor":39.0,"key":"SpeedPotion"}],"is_trial":false,"path_per_floor":["M","?","$","M","M","R","M","?","T","M","M","M","R","?","R","B",null,"M","?","?","M","M","R","?","R","T","M","R","$","R","E","R","B",null,"M","?","$","M","M","R","?","R","T","E","R","M","E","M","R","B",null],"character_chosen":"GUARDIAN","items_purchased":["Guardian:FuturePlans","Guardian:Gem_Yellow","Dexterity Potion","Lantern","Guardian:Gem_Crimson","Guardian:BronzeArmor","Oddly Smooth Stone"],"campfire_rested":1,"item_purchase_floors":[0,0,0,29,29,29,37],"current_hp_per_floor":[52,52,52,51,51,51,46,46,46,46,40,32,32,32,32,15,64,57,57,57,57,44,44,44,44,44,27,27,27,27,21,45,11,63,50,76,76,45,42,42,42,42,42,29,29,29,18,43,43,32],"gold":162,"neow_bonus":"","is_daily":false,"chose_seed":false,"campfire_upgraded":11,"win_rate":0.0,"timestamp":1608944666,"path_taken":["M","?","?","M","M","R","M","?","T","M","?","M","R","?","R","BOSS","M","?","?","M","M","R","?","R","T","?","R","$","R","E","R","BOSS","M","?","$","M","M","R","?","R","T","E","R","M","E","M","R","BOSS"],"items_purchased_type":["Card","Card","Potion","Relic","Card","Card","Relic"],"build_version":"2020-12-22","purchased_purges":2,"victory":true,"max_hp_per_floor":[80,80,80,80,80,80,80,80,80,80,80,80,80,80,80,80,80,80,80,80,80,80,80,80,80,80,80,80,80,80,80,80,80,80,80,86,86,86,86,86,86,86,86,86,86,86,86,86,86,86],"relic_stats":{"Darkstone Periapt":6,"Lizard Tail":43,"counters":[39,211],"Prayer Wheel":9,"Pandora\u0027s Box":["Guardian:Recover","Guardian:Gem_Green","Guardian:TemporalShield","Guardian:Gem_Purple","Guardian:Clone","Guardian:RevengeProtocol","Guardian:PrimingBeam","Guardian:CompilePackage","Guardian:GuardianWhirl","Guardian:PrismaticBarrier"],"PreservedInsect":152,"Pen Nib":[4],"Orichalcum":[0],"obtain_stats":[{"Darkstone Periapt":17,"Guardian:StasisSlotReductionRelic":17,"Lantern":29,"Golden Idol":13,"Guardian:ModeShifter":0,"Vajra":31,"Oddly Smooth Stone":37,"PreservedInsect":17,"Pen Nib":44,"Incense Burner":7,"Orichalcum":43,"Ancient Tea Set":26,"Guardian:PickAxe":14,"Calling Bell":17,"CaptainsWheel":9,"Dream Catcher":14,"Lizard Tail":0,"Anchor":9,"Sundial":30,"Pandora\u0027s Box":34,"Prayer Wheel":17,"Bottled Lightning":26,"InkBottle":47},{"Darkstone Periapt":25,"Guardian:StasisSlotReductionRelic":7,"Lantern":29,"Golden Idol":5,"Guardian:ModeShifter":0,"Vajra":30,"Oddly Smooth Stone":32,"PreservedInsect":25,"Pen Nib":35,"Incense Burner":4,"Orichalcum":34,"Ancient Tea Set":28,"Guardian:PickAxe":24,"Calling Bell":25,"CaptainsWheel":4,"Dream Catcher":6,"Lizard Tail":17,"Anchor":21,"Sundial":12,"Pandora\u0027s Box":14,"Prayer Wheel":25,"Bottled Lightning":10,"InkBottle":37},{"Darkstone Periapt":130,"Guardian:StasisSlotReductionRelic":38,"Lantern":150,"Golden Idol":22,"Guardian:ModeShifter":0,"Vajra":154,"Oddly Smooth Stone":167,"PreservedInsect":130,"Pen Nib":184,"Incense Burner":18,"Orichalcum":177,"Ancient Tea Set":145,"Guardian:PickAxe":121,"Calling Bell":130,"CaptainsWheel":18,"Dream Catcher":28,"Lizard Tail":91,"Anchor":107,"Sundial":61,"Pandora\u0027s Box":75,"Prayer Wheel":130,"Bottled Lightning":50,"InkBottle":196}],"InkBottle":[10]},"card_choices":[{"not_picked":["Guardian:RollAttack","Guardian:TemporalStrike"],"picked":"Guardian:Gem_Cyan","floor":1.0},{"not_picked":["Guardian:PiercingHide","Guardian:TemporalShield"],"picked":"Guardian:Gem_Cyan","floor":4.0},{"not_picked":["Guardian:Clone","Guardian:Gem_Green"],"picked":"Guardian:FloatingOrbs","floor":5.0},{"not_picked":["Guardian:FloatingOrbs","Guardian:Recover"],"picked":"Guardian:ExploitGems","floor":7.0},{"not_picked":["Guardian:Gem_Cyan","Guardian:ShieldCharger"],"picked":"Guardian:CrystalBeam","floor":10.0},{"not_picked":["Guardian:Harden","Guardian:ChargeUp"],"picked":"Guardian:ChargeCore","floor":11.0},{"not_picked":["Guardian:VentSteam","Guardian:PolyBeam"],"picked":"Guardian:Gem_Lightblue","floor":12.0},{"not_picked":["Guardian:ExploitGems","Guardian:FastForward"],"picked":"Guardian:StasisField","floor":16.0},{"not_picked":["Guardian:Gem_Cyan","Guardian:WalkerClaw"],"picked":"Guardian:Gem_Blue","floor":18.0},{"not_picked":["Guardian:Recover","Guardian:Gem_Cyan"],"picked":"Guardian:Gem_Crimson","floor":18.0},{"not_picked":["expansioncontent:HyperBeam","expansioncontent:QuickStudy"],"picked":"Finesse","floor":19.0},{"not_picked":["Purity","expansioncontent:QuickStudy"],"picked":"Mayhem","floor":19.0},{"not_picked":["Guardian:FuturePlans","Guardian:Reroute"],"picked":"Guardian:PiercingHide","floor":21.0},{"not_picked":["Guardian:RollAttack","Guardian:Recover"],"picked":"Guardian:Gem_White","floor":21.0},{"not_picked":["Guardian:Gem_Red","Guardian:RollAttack"],"picked":"Guardian:SpikerProtocol","floor":22.0},{"not_picked":["Guardian:DecasProtection","Guardian:ChargeCore+1"],"picked":"Guardian:PrismaticBeam","floor":22.0},{"not_picked":["Guardian:CrystalBeam","Guardian:Recover"],"picked":"Guardian:DonusPower","floor":27.0},{"not_picked":["Guardian:Gem_Red","Guardian:Incinerate"],"picked":"Guardian:Repulse","floor":27.0},{"not_picked":["Guardian:CrystalBeam","Guardian:HyperBeam_Guardian"],"picked":"Guardian:Gem_Cyan","floor":31.0},{"not_picked":["Guardian:SphericShield","Guardian:AncientConstruct"],"picked":"Guardian:Gem_Synthetic","floor":33.0},{"not_picked":["Guardian:TemporalStrike","Guardian:Gem_Lightblue"],"picked":"Guardian:Gem_Red","floor":35.0},{"not_picked":["Guardian:PrismaticBarrier","Guardian:TemporalShield"],"picked":"Guardian:SpikerProtocol+1","floor":35.0},{"not_picked":["Guardian:Gem_Red","Guardian:TemporalStrike+1"],"picked":"Guardian:TemporalShield+1","floor":38.0},{"not_picked":["Guardian:ShieldCharger","Guardian:TemporalShield","Guardian:GemFinder"],"picked":"SKIP","floor":38.0},{"not_picked":["Guardian:ShieldSpikes","Guardian:VentSteam"],"picked":"Guardian:ArmoredProtocol+1","floor":39.0},{"not_picked":["Guardian:SpikerProtocol","Guardian:TemporalStrike+1","Guardian:Reroute"],"picked":"SKIP","floor":39.0},{"not_picked":["Guardian:BronzeArmor","Guardian:DecasProtection+1"],"picked":"Guardian:EvasiveProtocol+1","floor":44.0},{"not_picked":["Guardian:VentSteam","Guardian:RollAttack+1"],"picked":"Guardian:Gem_Purple","floor":46.0},{"not_picked":["Guardian:ShieldCharger","Guardian:HyperBeam_Guardian","Guardian:FloatingOrbs"],"picked":"SKIP","floor":46.0},{"not_picked":["Guardian:ShieldCharger","Guardian:Gem_Lightblue"],"picked":"Guardian:Suspension+1","floor":47.0},{"not_picked":["Guardian:WalkerClaw+1","Guardian:Recover"],"picked":"Guardian:TemporalShield+1","floor":48},{"not_picked":["Guardian:Gem_Lightblue","Guardian:TemporalShield"],"picked":"Guardian:Gem_Yellow","floor":48}],"player_experience":758489,"relics_obtained":[{"floor":9.0,"key":"Anchor"},{"floor":17.0,"key":"PreservedInsect"},{"floor":17.0,"key":"Darkstone Periapt"},{"floor":17.0,"key":"Prayer Wheel"},{"floor":26.0,"key":"Ancient Tea Set"},{"floor":31.0,"key":"Vajra"},{"floor":43.0,"key":"Orichalcum"},{"floor":44.0,"key":"Pen Nib"},{"floor":47.0,"key":"InkBottle"}],"event_choices":[{"damage_healed":0.0,"max_hp_gain":0.0,"max_hp_loss":0.0,"gold_gain":0.0,"event_name":"Lab","player_choice":"Got Potions","floor":2.0,"gold_loss":0.0,"damage_taken":0.0},{"damage_healed":0.0,"max_hp_gain":0.0,"max_hp_loss":0.0,"gold_gain":0.0,"event_name":"The Woman in Blue","player_choice":"Bought 1 Potion","floor":8.0,"gold_loss":0.0,"damage_taken":0.0},{"damage_healed":0.0,"max_hp_gain":0.0,"max_hp_loss":0.0,"gold_gain":2.0,"event_name":"betterStone:BetterStone","player_choice":"1","floor":19.0,"gold_loss":0.0,"damage_taken":0.0},{"damage_healed":0.0,"max_hp_gain":0.0,"max_hp_loss":0.0,"gold_gain":100.0,"event_name":"Golden Shrine","player_choice":"Pray","floor":24.0,"gold_loss":0.0,"damage_taken":0.0},{"damage_healed":20.0,"max_hp_gain":0.0,"max_hp_loss":0.0,"gold_gain":0.0,"event_name":"Winding Halls","player_choice":"Writhe","floor":36.0,"gold_loss":0.0,"damage_taken":0.0,"cards_obtained":["Writhe"]}],"is_beta":false,"boss_relics":[{"not_picked":["Guardian:StasisSlotReductionRelic","Runic Dome"],"picked":"Calling Bell"},{"not_picked":["Busted Crown","Tiny House"],"picked":"Pandora\u0027s Box"}],"items_purged_floors":[0,29],"is_endless":false,"potions_floor_spawned":[5,10,16,27,33,39],"ascension_level":12}}