{"host":"fm9e0lfunjlbhzxv","time":1608957179,"event":{"mods":["2.2 Compatiblity","Astrologer","BaseMod","Better Match","Better Third Choice","Colored Map","Colored Powertips","Downfall","Energized Spire","Gremlin Mod","Key Reminder","Minty Spire (QoL Compilation)","Permanent Neow","Rare Cards Sparkle","Relic Stats","StSLib","The Administrix","The Bug Knight","The Disciple","The Mystic","The Vixen","slay the spire mod where everything is the same but ironclad has a cowboy hat"],"gold_per_floor":[99,113,113,124,224,149,149,162,162,205,216,231,231,107,118,219,219,219,235,235,254,273,299,299,224,74,183,216,216,228,278,308,425,437,449,474,505,532,569,627,686,712,649,696,708,180,180,180,207,207,207,232,40,40,40],"floor_reached":56,"playtime":7339,"items_purged":["sneckomod:Strike","sneckomod:Defend","hexamod:Haunted"],"score":1418,"play_id":"21a7eafa-760b-430e-a948-158f4f757601","local_time":"20201225203259","is_ascension_mode":true,"campfire_choices":[{"floor":1,"key":"RECALL"},{"data":"sneckomod:TailWhip","floor":6,"key":"SMITH"},{"data":"sneckomod:UnknownColorless","floor":9,"key":"SMITH"},{"floor":13,"key":"REST"},{"data":"sneckomod:Restock","floor":18,"key":"SMITH"},{"data":"sneckomod:Restock","floor":25,"key":"SMITH"},{"data":"Crippling Poison","floor":29,"key":"SMITH"},{"data":"sneckomod:UnknownRarePower","floor":35,"key":"SMITH"},{"data":"sneckomod:UnknownRarePower","floor":43,"key":"SMITH"},{"data":"sneckomod:SnekBite","floor":45,"key":"SMITH"},{"data":"sneckomod:QuickMove","floor":47,"key":"SMITH"},{"data":"expansioncontent:CaCaw","floor":54,"key":"SMITH"}],"circlet_count":0,"master_deck":["sneckomod:TailWhip+1","sneckomod:SnekBite+1","sneckomod:Unknown","sneckomod:Unknown","Crippling Poison+1","sneckomod:UnknownColorless+1","sneckomod:UnknownClassTHE_VIXEN_ORANGE","sneckomod:UnknownBlock","sneckomod:QuickMove+1","sneckomod:SlitherStrike","sneckomod:UnknownUncommonPower","sneckomod:UnknownBlock","sneckomod:Restock+1","sneckomod:Restock+1","sneckomod:SoulRoll+1","sneckomod:Rotation+1","sneckomod:ImprovisedGuard+1","sneckomod:UnknownClassBLUE","sneckomod:UnknownClassRED","sneckomod:UnknownUncommonPower","sneckomod:UnknownRarePower+1","sneckomod:UnknownVulnerable+1","sneckomod:UnknownRareAttack+1","sneckomod:DefensiveFlair+1","sneckomod:UnknownClassCHRONO_GOLD","sneckomod:UnknownRarePower+1","sneckomod:UnknownClassASTROLOGER+1","sneckomod:UnknownClassTHE_VIXEN_ORANGE+1","sneckomod:UnknownUncommonAttack+1","sneckomod:Unknown0Cost+1","sneckomod:SoulCleanse+1","sneckomod:Unknown0Cost+1","Parasite","sneckomod:UnknownWeak+1","Slimebound:Icky","sneckomod:UnknownClassLichGold","sneckomod:WideSting+1","sneckomod:SoulExchange","expansioncontent:CaCaw+1"],"relics":["sneckomod:SneckoSoul","Pen Nib","White Beast Statue","downfall:HeartBlessingRed","Dead Branch","Cursed Key","Oddly Smooth Stone","Pantograph","downfall:HeartBlessingGreen","HornCleat","MawBank","Astrolabe","The Courier","Dream Catcher","downfall:HeartBlessingBlue","Strawberry","sneckomod:ConfusingCodex","CaptainsWheel","Toy Ornithopter","Bag of Preparation"],"acts_visited":["Exordium","TheCity","TheBeyond","TheEnding"],"potions_floor_usage":[11,12,16,21,21,22,23,27,28,30,33,38,40,42,44,49,52,55,55,55,55,55,55],"damage_taken":[{"damage":7,"enemies":"Jaw Worm","floor":2,"turns":3},{"damage":7,"enemies":"2 Louse","floor":4,"turns":3},{"damage":31,"enemies":"downfall:LadyInBlue","floor":5,"turns":10},{"damage":0,"enemies":"Cultist","floor":8,"turns":2},{"damage":5,"enemies":"Lagavulin","floor":10,"turns":7},{"damage":15,"enemies":"Red Slaver","floor":11,"turns":4},{"damage":0,"enemies":"Lots of Slimes","floor":12,"turns":2},{"damage":0,"enemies":"downfall:FleeingMerchant","floor":14,"turns":4},{"damage":11,"enemies":"Red Slaver","floor":15,"turns":3},{"damage":19,"enemies":"downfall:Watcher","floor":16,"turns":7},{"damage":12,"enemies":"Spheric Guardian","floor":19,"turns":5},{"damage":15,"enemies":"Centurion and Healer","floor":21,"turns":9},{"damage":1,"enemies":"Shelled Parasite and Fungi","floor":22,"turns":4},{"damage":32,"enemies":"Slavers","floor":23,"turns":3},{"damage":0,"enemies":"downfall:FleeingMerchant","floor":27,"turns":4},{"damage":12,"enemies":"HollowMod:Nosk","floor":28,"turns":5},{"damage":3,"enemies":"Chosen and Byrds","floor":30,"turns":5},{"damage":0,"enemies":"Gremlin Leader","floor":31,"turns":2},{"damage":2,"enemies":"Snake Plant","floor":32,"turns":4},{"damage":16,"enemies":"downfall:Defect","floor":33,"turns":7},{"damage":0,"enemies":"3 Shapes","floor":36,"turns":4},{"damage":0,"enemies":"Orb Walker","floor":37,"turns":3},{"damage":0,"enemies":"Maw","floor":38,"turns":5},{"damage":3,"enemies":"HollowMod:StalkingDevout","floor":40,"turns":6},{"damage":22,"enemies":"Transient","floor":42,"turns":5},{"damage":0,"enemies":"Nemesis","floor":44,"turns":7},{"damage":13,"enemies":"Writhing Mass","floor":49,"turns":3},{"damage":26,"enemies":"downfall:Ironclad","floor":50,"turns":5},{"damage":24,"enemies":"downfall:CharBossMerchant","floor":52,"turns":7},{"damage":4,"enemies":"downfall:NeowBoss","floor":55,"turns":16}],"seed_played":"-4077264640016930437","potions_obtained":[{"floor":4,"key":"Ancient Potion"},{"floor":5,"key":"sneckomod:MuddlingPotion"},{"floor":5,"key":"sneckomod:MuddlingPotion"},{"floor":5,"key":"DuplicationPotion"},{"floor":8,"key":"Explosive Potion"},{"floor":11,"key":"SkillPotion"},{"floor":12,"key":"AttackPotion"},{"floor":14,"key":"hexamod:EctoCoolerPotion"},{"floor":16,"key":"ColorlessPotion"},{"floor":21,"key":"DuplicationPotion"},{"floor":21,"key":"AttackPotion"},{"floor":22,"key":"Strength Potion"},{"floor":23,"key":"SpeedPotion"},{"floor":27,"key":"Fruit Juice"},{"floor":28,"key":"Energy Potion"},{"floor":30,"key":"DistilledChaos"},{"floor":31,"key":"ColorlessPotion"},{"floor":32,"key":"DuplicationPotion"},{"floor":33,"key":"Guardian:BlockOnCardUsePotion"},{"floor":37,"key":"Fruit Juice"},{"floor":38,"key":"SkillPotion"},{"floor":40,"key":"LiquidMemories"},{"floor":42,"key":"Regen Potion"},{"floor":44,"key":"EssenceOfSteel"},{"floor":49,"key":"Fruit Juice"},{"floor":52,"key":"EntropicBrew"}],"is_trial":false,"path_per_floor":["R","M","?","M","?","R","T","M","R","E","M","M","R","$","M","B",null,"R","M","?","M","M","E","T","R","?","$","E","R","M","E","M","B",null,"R","M","M","M","?","E","T","M","R","E","R","$","R","?","M","B",null,"E","$","R","B",null],"character_chosen":"THE_SNECKO","items_purchased":["sneckomod:UnknownUncommonPower","sneckomod:UnknownClassRED","sneckomod:UnknownUncommonPower","sneckomod:ConfusingCodex","CaptainsWheel","Bag of Preparation","expansioncontent:CaCaw"],"campfire_rested":1,"item_purchase_floors":[14,27,27,46,46,53,53],"current_hp_per_floor":[81,74,62,55,25,25,25,26,26,21,7,7,40,41,31,12,113,113,101,101,86,85,53,53,53,123,126,120,120,119,125,133,127,139,139,140,140,146,146,144,144,126,136,151,151,151,151,151,147,154,165,141,141,141,170],"gold":40,"neow_bonus":"TWENTY_PERCENT_HP_BONUS","is_daily":false,"chose_seed":false,"campfire_upgraded":10,"win_rate":0.0,"timestamp":1608957179,"path_taken":["R","M","?","M","?","R","T","M","R","E","M","?","R","$","M","BOSS","R","M","?","M","?","E","T","R","?","?","E","R","M","E","M","BOSS","R","M","M","M","?","E","T","M","R","E","R","$","R","?","M","BOSS","E","$","R","BOSS"],"items_purchased_type":["Card","Card","Card","Relic","Relic","Relic","Card"],"build_version":"2020-12-22","purchased_purges":3,"victory":true,"max_hp_per_floor":[108,108,108,108,109,109,109,110,110,110,111,111,111,112,113,113,113,113,113,113,113,113,113,113,113,123,126,132,132,134,134,135,136,139,139,140,140,146,146,147,147,147,157,165,165,165,165,165,165,165,165,165,165,165,170],"relic_stats":{"Dream Catcher":0,"counters":[30,154],"Dead Branch":[463],"Pantograph":44,"Astrolabe":["sneckomod:UnknownClassASTROLOGER","sneckomod:UnknownClassTHE_VIXEN_ORANGE","sneckomod:UnknownUncommonAttack"],"Pen Nib":[36],"Bag of Preparation":[2],"Cursed Key":3,"MawBank":180,"obtain_stats":[{"downfall:HeartBlessingRed":6,"Dead Branch":7,"Astrolabe":34,"Oddly Smooth Stone":23,"downfall:HeartBlessingGreen":25,"Pen Nib":3,"The Courier":40,"Bag of Preparation":53,"sneckomod:SneckoSoul":0,"Cursed Key":17,"MawBank":31,"White Beast Statue":5,"keyreminder:keyreminder":1,"Dream Catcher":41,"CaptainsWheel":46,"HornCleat":28,"Ornamental Fan":10,"downfall:HeartBlessingBlue":43,"sneckomod:ConfusingCodex":46,"Pantograph":24,"Strawberry":44,"Toy Ornithopter":52},{"downfall:HeartBlessingRed":3,"Dead Branch":3,"Astrolabe":20,"Oddly Smooth Stone":14,"downfall:HeartBlessingGreen":14,"Pen Nib":1,"The Courier":24,"Bag of Preparation":29,"sneckomod:SneckoSoul":0,"Cursed Key":10,"MawBank":18,"White Beast Statue":3,"keyreminder:keyreminder":0,"Dream Catcher":24,"CaptainsWheel":26,"HornCleat":16,"Ornamental Fan":5,"downfall:HeartBlessingBlue":25,"sneckomod:ConfusingCodex":26,"Pantograph":14,"Strawberry":26,"Toy Ornithopter":29},{"downfall:HeartBlessingRed":16,"Dead Branch":16,"Astrolabe":93,"Oddly Smooth Stone":66,"downfall:HeartBlessingGreen":66,"Pen Nib":3,"The Courier":111,"Bag of Preparation":138,"sneckomod:SneckoSoul":0,"Cursed Key":45,"MawBank":82,"White Beast Statue":16,"keyreminder:keyreminder":0,"Dream Catcher":111,"CaptainsWheel":123,"HornCleat":75,"Ornamental Fan":25,"downfall:HeartBlessingBlue":116,"sneckomod:ConfusingCodex":123,"Pantograph":66,"Strawberry":123,"Toy Ornithopter":138}],"Toy Ornithopter":4},"card_choices":[{"not_picked":["sneckomod:RainOfDice","sneckomod:SoulDraw","sneckomod:DiceCrush"],"picked":"SKIP","floor":2},{"not_picked":["sneckomod:DiceBlock","sneckomod:DiceBoulder","sneckomod:WideSting"],"picked":"SKIP","floor":4},{"not_picked":["sneckomod:UnknownClassRED","sneckomod:SnekBeam"],"picked":"sneckomod:UnknownColorless","floor":5},{"not_picked":["sneckomod:SoulRoll","sneckomod:Nope"],"picked":"sneckomod:UnknownClassTHE_VIXEN_ORANGE","floor":8},{"not_picked":["sneckomod:DiceBlock","sneckomod:ImprovisedGuard","sneckomod:UnknownCommonAttack"],"picked":"SKIP","floor":10},{"not_picked":["sneckomod:UnknownCommonSkill","sneckomod:UnknownWeak"],"picked":"sneckomod:UnknownBlock","floor":11},{"not_picked":["sneckomod:QuickBite","sneckomod:IronFang"],"picked":"sneckomod:QuickMove","floor":12},{"not_picked":["sneckomod:UnknownClassGREEN","sneckomod:QuickBite"],"picked":"sneckomod:SlitherStrike","floor":14},{"not_picked":["sneckomod:DiceCrush","sneckomod:Unknown1Cost"],"picked":"sneckomod:UnknownBlock","floor":15},{"not_picked":["sneckomod:UnknownRareAttack","sneckomod:Unknown3Cost"],"picked":"sneckomod:Restock","floor":16},{"not_picked":["sneckomod:QuickMove","sneckomod:WideSting","sneckomod:QuickBite"],"picked":"SKIP","floor":19},{"not_picked":["sneckomod:UnknownBlock","sneckomod:UnknownCommonAttack"],"picked":"sneckomod:SoulRoll+1","floor":21},{"not_picked":["sneckomod:UnknownCommonAttack","sneckomod:RainOfDice"],"picked":"sneckomod:Rotation+1","floor":22},{"not_picked":["sneckomod:UnknownStrike+1","sneckomod:WideSting"],"picked":"sneckomod:ImprovisedGuard+1","floor":23},{"not_picked":["sneckomod:UnknownStrike","sneckomod:SoulDraw"],"picked":"sneckomod:UnknownClassBLUE","floor":27},{"not_picked":["sneckomod:QuickBite+1","sneckomod:RainOfDice"],"picked":"sneckomod:UnknownRarePower","floor":28},{"not_picked":["sneckomod:ImprovisedGuard","sneckomod:QuickMove"],"picked":"sneckomod:UnknownVulnerable+1","floor":30},{"not_picked":["sneckomod:Unknown+1","sneckomod:UnknownClassBUGKNIGHT_GRAY_COLOR+1"],"picked":"sneckomod:UnknownRareAttack+1","floor":30},{"not_picked":["sneckomod:UnknownUncommonSkill","sneckomod:SoulDraw"],"picked":"sneckomod:DefensiveFlair+1","floor":31},{"not_picked":["sneckomod:UnknownStrike","sneckomod:UnknownBlock"],"picked":"sneckomod:UnknownClassCHRONO_GOLD","floor":32},{"not_picked":["sneckomod:Restock","sneckomod:UnknownRareSkill"],"picked":"sneckomod:UnknownRarePower","floor":33},{"not_picked":["sneckomod:Nope","sneckomod:UnknownCommonAttack+1"],"picked":"sneckomod:Unknown0Cost+1","floor":36},{"not_picked":["sneckomod:UnknownCommonAttack+1","sneckomod:UnknownClassGUARDIAN+1"],"picked":"sneckomod:SoulCleanse+1","floor":37},{"not_picked":["sneckomod:Unknown1Cost","sneckomod:UnknownExhaust+1"],"picked":"sneckomod:Unknown0Cost+1","floor":38},{"not_picked":["sneckomod:QuickBite","sneckomod:UnknownCommonSkill+1"],"picked":"sneckomod:UnknownWeak+1","floor":40},{"not_picked":["sneckomod:DefensiveFlair+1","sneckomod:UnknownDexterity","sneckomod:UnknownCommonAttack+1"],"picked":"SKIP","floor":42},{"not_picked":["sneckomod:DangerNoodle","sneckomod:IronFang+1"],"picked":"sneckomod:UnknownClassLichGold","floor":44},{"not_picked":["sneckomod:UnknownCommonSkill+1","sneckomod:UnknownWeak+1"],"picked":"sneckomod:WideSting+1","floor":49},{"not_picked":["sneckomod:UnknownClassGREEN","sneckomod:QuickMove"],"picked":"sneckomod:SoulExchange","floor":52}],"player_experience":646303,"relics_obtained":[{"floor":5,"key":"White Beast Statue"},{"floor":7,"key":"Dead Branch"},{"floor":10,"key":"Ornamental Fan"},{"floor":23,"key":"Oddly Smooth Stone"},{"floor":24,"key":"Pantograph"},{"floor":28,"key":"HornCleat"},{"floor":31,"key":"MawBank"},{"floor":40,"key":"The Courier"},{"floor":41,"key":"Dream Catcher"},{"floor":44,"key":"Strawberry"},{"floor":52,"key":"Toy Ornithopter"}],"event_choices":[{"cards_removed":["sneckomod:Strike"],"damage_healed":0,"gold_gain":0,"player_choice":"Removed Attack","damage_taken":0,"max_hp_gain":0,"max_hp_loss":0,"event_name":"Falling","floor":48,"gold_loss":0}],"is_beta":false,"boss_relics":[{"not_picked":["Busted Crown","Tiny House"],"picked":"Cursed Key"},{"not_picked":["energizedSpire:MagnifyingGlass","energizedSpire:RedRose"],"picked":"Astrolabe"}],"items_purged_floors":[14,27,46],"is_endless":false,"potions_floor_spawned":[4,8,10,11,12,14,15,16,19,21,22,23,27,28,30,31,32,33,36,37,38,40,42,44,49,52],"ascension_level":1}}