{"host":"dl7h25vjpuplx29g","time":1608969472,"event":{"mods":["BaseMod","Colored Map","Minty Spire (QoL Compilation)"],"gold_per_floor":[114,114,125,144,163,163,163,198,198,198,236,257,257,217,217,312,312,325,339,362,272,293,293,33,33,57,80,101,121,134,173,173,263,263,287,32,32,53,68,112,112,152,152,152,172,210,210,230,230,230,230],"floor_reached":50,"playtime":34520,"items_purged":["Strike_B","Defend_B"],"score":959,"play_id":"ff64af74-4fdc-4fc0-85a2-655d152c7148","local_time":"20201226165752","is_ascension_mode":true,"campfire_choices":[{"data":"Rip and Tear","floor":6.0,"key":"SMITH"},{"data":"Dualcast","floor":10.0,"key":"SMITH"},{"data":"Tempest","floor":13.0,"key":"SMITH"},{"data":"Zap","floor":15.0,"key":"SMITH"},{"data":"Machine Learning","floor":23.0,"key":"SMITH"},{"floor":25.0,"key":"REST"},{"data":"Defragment","floor":32.0,"key":"SMITH"},{"data":"Hologram","floor":41,"key":"SMITH"},{"floor":44,"key":"REST"},{"floor":49,"key":"REST"}],"circlet_count":0,"master_deck":["AscendersBane","Strike_B","Strike_B","Defend_B+1","Defend_B+1","Defend_B","Zap+1","Dualcast+1","Conserve Battery","Rip and Tear+1","FTL","Gash+1","Tempest+1","Ball Lightning","Glacier","Machine Learning+1","Leap+1","Steam Power","Self Repair","Beam Cell","Defragment+1","Hologram+1","Panacea","Beam Cell+1","Ball Lightning+1","Rebound","Coolheaded","Conserve Battery","All For One","Scrape","Madness","Madness","Turbo","Gash","Defragment","Biased Cognition","Madness","Capacitor+1"],"relics":["Cracked Core","Golden Idol","MealTicket","Kunai","Ornamental Fan","Nuclear Battery","War Paint","Nunchaku","SlaversCollar","ClockworkSouvenir","Toy Ornithopter","Vajra","Mummified Hand"],"acts_visited":["Exordium","TheCity","TheBeyond"],"potions_floor_usage":[35,42,50,50],"damage_taken":[{"damage":5.0,"enemies":"Small Slimes","floor":1.0,"turns":3.0},{"damage":0.0,"enemies":"Cultist","floor":3.0,"turns":3.0},{"damage":7.0,"enemies":"Jaw Worm","floor":4.0,"turns":3.0},{"damage":0.0,"enemies":"Looter","floor":5.0,"turns":2.0},{"damage":8.0,"enemies":"Lagavulin","floor":8.0,"turns":5.0},{"damage":20.0,"enemies":"Gremlin Nob","floor":11.0,"turns":3.0},{"damage":3.0,"enemies":"Gremlin Gang","floor":12.0,"turns":4.0},{"damage":22.0,"enemies":"Slime Boss","floor":16.0,"turns":8.0},{"damage":6.0,"enemies":"3 Byrds","floor":18.0,"turns":3.0},{"damage":11.0,"enemies":"Chosen","floor":19.0,"turns":5.0},{"damage":13.0,"enemies":"Shelled Parasite and Fungi","floor":20.0,"turns":3.0},{"damage":16.0,"enemies":"Snake Plant","floor":22.0,"turns":3.0},{"damage":17.0,"enemies":"3 Cultists","floor":27.0,"turns":5.0},{"damage":0.0,"enemies":"Centurion and Healer","floor":28.0,"turns":5.0},{"damage":9.0,"enemies":"Snake Plant","floor":29.0,"turns":4.0},{"damage":6.0,"enemies":"Chosen and Byrds","floor":30.0,"turns":4.0},{"damage":8.0,"enemies":"Book of Stabbing","floor":31.0,"turns":5.0},{"damage":1.0,"enemies":"Automaton","floor":33.0,"turns":12.0},{"damage":11,"enemies":"3 Darklings","floor":35,"turns":6},{"damage":1,"enemies":"3 Shapes","floor":38,"turns":5},{"damage":40,"enemies":"Writhing Mass","floor":39,"turns":7},{"damage":16,"enemies":"Nemesis","floor":40,"turns":5},{"damage":31,"enemies":"Reptomancer","floor":42,"turns":6},{"damage":12,"enemies":"Spire Growth","floor":45,"turns":5},{"damage":10,"enemies":"Nemesis","floor":46,"turns":3},{"damage":14,"enemies":"Maw","floor":48,"turns":6},{"damage":48,"enemies":"Donu and Deca","floor":50,"turns":3}],"seed_played":"4045030344966690308","potions_obtained":[{"floor":1.0,"key":"Swift Potion"},{"floor":2.0,"key":"Ancient Potion"},{"floor":2.0,"key":"DistilledChaos"},{"floor":4.0,"key":"FearPotion"},{"floor":11.0,"key":"Strength Potion"},{"floor":14.0,"key":"Fire Potion"},{"floor":14.0,"key":"DuplicationPotion"},{"floor":16.0,"key":"Explosive Potion"},{"floor":22.0,"key":"Swift Potion"},{"floor":28.0,"key":"Weak Potion"},{"floor":29.0,"key":"Fire Potion"},{"floor":31.0,"key":"AttackPotion"},{"floor":33.0,"key":"PowerPotion"},{"floor":35,"key":"Fire Potion"},{"floor":46,"key":"SteroidPotion"}],"is_trial":false,"path_per_floor":["M","?","M","M","M","R","?","E","T","R","E","M","R","?","R","B",null,"M","M","M","?","M","R","$","R","T","M","M","M","M","E","R","B",null,"M","$","?","M","M","E","R","E","T","R","M","E","?","M","R","B"],"character_chosen":"DEFECT","items_purchased":["Defragment","Hologram","Panacea","ClockworkSouvenir"],"campfire_rested":3,"item_purchase_floors":[24,24,24,36],"current_hp_per_floor":[70,70,70,63,63,63,63,55,55,55,35,32,32,32,32,10,60,54,43,30,30,14,14,29,51,51,41,48,46,47,46,46,52,70,66,76,66,72,39,30,30,4,4,26,21,18,18,11,33,0,0],"gold":230,"neow_bonus":"TEN_PERCENT_HP_BONUS","is_daily":false,"chose_seed":false,"campfire_upgraded":7,"win_rate":0.0,"timestamp":1608969472,"path_taken":["M","?","M","M","?","R","?","E","T","R","E","M","R","?","R","BOSS","M","M","?","?","M","R","$","R","T","M","?","M","M","E","R","BOSS","M","$","?","M","M","E","R","E","T","R","M","E","?","M","R","BOSS"],"items_purchased_type":["Card","Card","Card","Relic"],"build_version":"2020-12-22","purchased_purges":2,"victory":false,"max_hp_per_floor":[82,82,82,82,82,82,76,76,76,76,76,76,76,76,76,76,76,76,76,76,76,76,76,76,76,76,76,76,76,76,76,76,76,76,76,76,76,76,76,76,76,76,76,76,76,76,76,76,76,76,76],"card_choices":[{"not_picked":["Fusion","Auto Shields"],"picked":"Conserve Battery","floor":1.0},{"not_picked":["Rebound","Hologram"],"picked":"Rip and Tear","floor":3.0},{"not_picked":["Rebound","Stack"],"picked":"FTL","floor":4.0},{"not_picked":["Steam","Recycle"],"picked":"Gash","floor":5.0},{"not_picked":["Compile Driver","Turbo"],"picked":"Tempest","floor":8.0},{"not_picked":["Turbo","Genetic Algorithm"],"picked":"Ball Lightning","floor":11.0},{"not_picked":["Leap","Reinforced Body"],"picked":"Glacier","floor":12.0},{"not_picked":["Seek","Meteor Strike"],"picked":"Machine Learning","floor":16.0},{"not_picked":["Gash","Coolheaded"],"picked":"Leap+1","floor":18.0},{"not_picked":["Leap","Stack"],"picked":"Steam Power","floor":19.0},{"not_picked":["Recycle","Lockon"],"picked":"Self Repair","floor":20.0},{"not_picked":["Cold Snap","Leap"],"picked":"Beam Cell","floor":22.0},{"not_picked":["Leap","Streamline"],"picked":"Beam Cell+1","floor":27.0},{"not_picked":["Rip and Tear","Redo"],"picked":"Ball Lightning+1","floor":28.0},{"not_picked":["Machine Learning","Static Discharge"],"picked":"Rebound","floor":29.0},{"not_picked":["Barrage","FTL"],"picked":"Coolheaded","floor":30.0},{"not_picked":["Barrage+1","Darkness"],"picked":"Conserve Battery","floor":31.0},{"not_picked":["Creative AI","Echo Form"],"picked":"All For One","floor":33.0},{"not_picked":["Coolheaded","Beam Cell"],"picked":"Scrape","floor":35},{"not_picked":["Compile Driver+1","Lockon+1","Sunder"],"picked":"SKIP","floor":38},{"not_picked":["Darkness","Beam Cell"],"picked":"Turbo","floor":39},{"not_picked":["Undo","Steam Power","Tempest"],"picked":"SKIP","floor":40},{"not_picked":["Barrage","Genetic Algorithm"],"picked":"Gash","floor":42},{"not_picked":["Turbo+1","BootSequence"],"picked":"Defragment","floor":45},{"not_picked":["Heatsinks","Melter+1"],"picked":"Biased Cognition","floor":46},{"not_picked":["Enlightenment","Master of Strategy"],"picked":"Madness","floor":47},{"not_picked":["Genetic Algorithm","Rebound"],"picked":"Capacitor+1","floor":48}],"player_experience":1174282,"relics_obtained":[{"floor":8.0,"key":"MealTicket"},{"floor":9.0,"key":"Kunai"},{"floor":11.0,"key":"Ornamental Fan"},{"floor":26.0,"key":"War Paint"},{"floor":31.0,"key":"Nunchaku"},{"floor":40,"key":"Toy Ornithopter"},{"floor":42,"key":"Vajra"},{"floor":46,"key":"Mummified Hand"}],"event_choices":[{"damage_healed":0.0,"max_hp_gain":0.0,"max_hp_loss":0.0,"gold_gain":0.0,"event_name":"Lab","player_choice":"Got Potions","floor":2.0,"gold_loss":0.0,"damage_taken":0.0},{"damage_healed":0.0,"max_hp_gain":0.0,"max_hp_loss":6.0,"gold_gain":0.0,"event_name":"Golden Idol","player_choice":"Lose Max HP","floor":7.0,"gold_loss":0.0,"damage_taken":0.0,"relics_obtained":["Golden Idol"]},{"damage_healed":0.0,"max_hp_gain":0.0,"max_hp_loss":0.0,"gold_gain":0.0,"event_name":"The Woman in Blue","player_choice":"Bought 3 Potions","floor":14.0,"gold_loss":0.0,"damage_taken":0.0},{"cards_removed":["Strike_B"],"damage_healed":0.0,"max_hp_gain":0.0,"max_hp_loss":0.0,"gold_gain":0.0,"event_name":"Designer","player_choice":"Upgrade and Remove","floor":21.0,"gold_loss":90.0,"damage_taken":0.0,"cards_upgraded":["Gash"]},{"damage_healed":0,"gold_gain":0,"player_choice":"Embrace Madness","damage_taken":10,"max_hp_gain":0,"max_hp_loss":0,"event_name":"Winding Halls","floor":37,"gold_loss":0,"cards_obtained":["Madness","Madness"]},{"damage_healed":0,"gold_gain":0,"player_choice":"Memory 1","damage_taken":0,"max_hp_gain":0,"max_hp_loss":0,"event_name":"SensoryStone","floor":47,"gold_loss":0}],"is_beta":false,"boss_relics":[{"not_picked":["Empty Cage","Inserter"],"picked":"Nuclear Battery"},{"not_picked":["Runic Dome","Calling Bell"],"picked":"SlaversCollar"}],"items_purged_floors":[24,36],"is_endless":false,"potions_floor_spawned":[1,4,11,12,16,22,28,29,30,31,33,35,38,39,46],"killed_by":"Donu and Deca","ascension_level":13}}