{"host":"0cgp910o8339lr91","time":1608942840,"event":{"mods":["BaseMod","Colored Map","Filter the Spire","Minty Spire (QoL Compilation)","Relic Stats","Slay-I","ojb\u0027s Better Paths Mod","ojb\u0027s Info Mod"],"gold_per_floor":[116,116,130,150,150,180,180,209,233,233,233,233],"floor_reached":11,"playtime":712,"items_purged":[],"score":162,"play_id":"de06293f-5877-4863-a9d8-fd4cb661f6a2","local_time":"20201226013400","is_ascension_mode":true,"campfire_choices":[{"data":"Deadly Poison","floor":7,"key":"SMITH"},{"data":"Wraith Form v2","floor":10,"key":"SMITH"}],"circlet_count":0,"master_deck":["AscendersBane","Strike_G","Strike_G","Strike_G","Strike_G+1","Strike_G","Defend_G","Defend_G","Defend_G","Defend_G+1","Defend_G","Survivor","Neutralize","Deadly Poison+1","Blur","Dagger Spray","Wraith Form v2+1"],"relics":["Runic Pyramid","Omamori","Smiling Mask","Happy Flower"],"acts_visited":["Exordium"],"potions_floor_usage":[6,6,8],"damage_taken":[{"damage":0.0,"enemies":"2 Louse","floor":1.0,"turns":5.0},{"damage":4.0,"enemies":"Small Slimes","floor":3.0,"turns":5.0},{"damage":4.0,"enemies":"Jaw Worm","floor":4.0,"turns":4.0},{"damage":4,"enemies":"Lagavulin","floor":6,"turns":10},{"damage":21,"enemies":"3 Sentries","floor":8,"turns":9},{"damage":31,"enemies":"Gremlin Nob","floor":11,"turns":3}],"seed_played":"5446900868601615096","potions_obtained":[{"floor":3.0,"key":"LiquidBronze"},{"floor":4.0,"key":"EntropicBrew"}],"is_trial":false,"path_per_floor":["M","?","M","M","?","E","R","E","T","R","E"],"character_chosen":"THE_SILENT","items_purchased":[],"campfire_rested":0,"item_purchase_floors":[],"current_hp_per_floor":[59,59,55,51,31,27,27,6,6,6,0,0],"gold":233,"neow_bonus":"BOSS_RELIC","is_daily":false,"chose_seed":false,"campfire_upgraded":2,"win_rate":0.0,"timestamp":1608942840,"path_taken":["M","?","M","M","?","E","R","E","T","R","E"],"items_purchased_type":[],"build_version":"2020-12-22","purchased_purges":0,"victory":false,"max_hp_per_floor":[66,66,66,66,66,66,66,66,66,66,66,66],"relic_stats":{"Happy Flower":[1],"counters":[6,36],"Smiling Mask":0,"obtain_stats":[{"Happy Flower":9,"Omamori":6,"Smiling Mask":8,"Ring of the Snake":0,"Runic Pyramid":0},{"Happy Flower":5,"Omamori":4,"Smiling Mask":5,"Ring of the Snake":0,"Runic Pyramid":0},{"Happy Flower":33,"Omamori":24,"Smiling Mask":33,"Ring of the Snake":0,"Runic Pyramid":0}]},"card_choices":[{"not_picked":["Slice","Deflect","Well Laid Plans"],"picked":"SKIP","floor":1.0},{"not_picked":["Outmaneuver","PiercingWail"],"picked":"Deadly Poison","floor":3.0},{"not_picked":["Deadly Poison","Riddle With Holes"],"picked":"Blur","floor":4.0},{"not_picked":["Well Laid Plans","Flying Knee"],"picked":"Dagger Spray","floor":6},{"not_picked":["Bane","Catalyst"],"picked":"Wraith Form v2","floor":8}],"player_experience":1007046,"relics_obtained":[{"floor":6,"key":"Omamori"},{"floor":8,"key":"Smiling Mask"},{"floor":9,"key":"Happy Flower"}],"event_choices":[{"damage_healed":0.0,"max_hp_gain":0.0,"max_hp_loss":0.0,"gold_gain":0.0,"event_name":"Liars Game","player_choice":"Ignored","floor":2.0,"gold_loss":0.0,"damage_taken":0.0},{"damage_healed":0.0,"max_hp_gain":0.0,"max_hp_loss":0.0,"gold_gain":0.0,"event_name":"Shining Light","player_choice":"Entered Light","floor":5.0,"gold_loss":0.0,"damage_taken":20.0,"cards_upgraded":["Defend_G","Strike_G"]}],"is_beta":false,"boss_relics":[],"items_purged_floors":[],"is_endless":false,"potions_floor_spawned":[3,4],"killed_by":"Gremlin Nob","ascension_level":20}}