{"host":"zm2copjc1o2b6hjv","time":1608941338,"event":{"mods":["AchievementEnabler","BaseMod","BetterRewards","Conspire","Downfall","Friendly Minions","Infinite Spire","Minty Spire (QoL Compilation)","Replay The Spire","StSLib"],"gold_per_floor":[116,154,169,169,169,169,227,253,267,267,267,267,267,277,105,125,125,221,221,239,256,256,268,288,288,288],"floor_reached":25,"playtime":1104,"items_purged":[],"score":176,"play_id":"35396116-841f-4ec4-a8c6-a72894efd3d9","local_time":"20201225190858","is_ascension_mode":true,"campfire_choices":[{"floor":10,"key":"REST"}],"circlet_count":0,"master_deck":["Strike_B","Strike_B","Strike_B","Strike_B","Defend_B","Defend_B","Defend_B","Defend_B","Zap","Dualcast","Self Repair","Replay:Dark Deal+1","ReplaySort","Aggregate","Sunder","Hyperbeam","Steam","Apotheosis","Defragment","Echo Form","ReplayTheSpireMod:Calculation Training","Undo+1","Redo+1"],"relics":["Cracked Core","Unceasing Top","Eternal Feather","ReplayFunnel","Onion Ring","Cables","Painkiller Herb"],"acts_visited":["Exordium","TheCity"],"potions_floor_usage":[7,7,8,21,23,24,25,25],"damage_taken":[{"damage":2,"enemies":"Jaw Worm","floor":1,"turns":4},{"damage":0,"enemies":"2 Louse","floor":3,"turns":2},{"damage":23,"enemies":"Gremlin Nob","floor":7,"turns":4},{"damage":38,"enemies":"3 Sentries","floor":8,"turns":6},{"damage":10,"enemies":"Small Slimes","floor":9,"turns":2},{"damage":3,"enemies":"Blue Slaver","floor":14,"turns":4},{"damage":0,"enemies":"Looter","floor":16,"turns":2},{"damage":26,"enemies":"Hexaghost","floor":18,"turns":4},{"damage":0,"enemies":"Chosen","floor":20,"turns":4},{"damage":0,"enemies":"Spheric Guardian","floor":21,"turns":2},{"damage":16,"enemies":"Shelled Parasite and Fungi","floor":23,"turns":6},{"damage":22,"enemies":"Chosen and Byrds","floor":24,"turns":6},{"damage":61,"enemies":"Slavers","floor":25,"turns":4}],"seed_played":"627312545794701431","potions_obtained":[{"floor":1,"key":"Adrenaline Potion"},{"floor":2,"key":"LiquidMemories"},{"floor":2,"key":"PotionOfCapacity"},{"floor":2,"key":"Toxic Potion"},{"floor":9,"key":"DuplicationPotion"},{"floor":16,"key":"Venom Potion"},{"floor":18,"key":"Block Potion"},{"floor":20,"key":"ColorlessPotion"},{"floor":23,"key":"GamblersBrew"},{"floor":24,"key":"Weak Potion"}],"is_trial":false,"path_per_floor":["M","?","M","PTL","PTL","?","?","E","M","R","T","?","T","M","$","M","R","B",null,"?","?","?","?","?","E"],"character_chosen":"DEFECT","items_purchased":["Self Repair","Replay:Dark Deal","Apotheosis"],"campfire_rested":1,"item_purchase_floors":[0,0,15],"current_hp_per_floor":[75,75,75,75,75,75,59,28,25,56,56,49,49,53,53,53,75,49,75,75,75,75,69,54,0,0],"gold":288,"neow_bonus":"","is_daily":false,"chose_seed":false,"campfire_upgraded":0,"win_rate":0.0,"timestamp":1608941338,"path_taken":["M","?","M","PTL","PTL","?","?","E","M","R","T","?","?","M","?","M","R","BOSS","?","?","?","?","?","E"],"items_purchased_type":["Card","Card","Card"],"build_version":"2020-12-22","purchased_purges":0,"victory":false,"max_hp_per_floor":[75,75,75,75,75,75,75,75,75,75,75,75,75,75,75,75,75,75,75,75,75,75,75,75,75,75],"card_choices":[{"not_picked":["Steam","Gash","Compile Driver"],"picked":"SKIP","floor":1},{"not_picked":["Blizzard","ReplayTheSpireMod:System Scan"],"picked":"ReplaySort","floor":2},{"not_picked":["Force Field","Rip and Tear","Stack"],"picked":"SKIP","floor":3},{"not_picked":["Hologram","Go for the Eyes"],"picked":"Aggregate","floor":7},{"not_picked":["Defragment","Sweeping Beam"],"picked":"Sunder","floor":8},{"not_picked":["Steam","BootSequence"],"picked":"Hyperbeam","floor":9},{"not_picked":["Turbo","Hologram"],"picked":"Steam","floor":14},{"not_picked":["Redo","Sweeping Beam"],"picked":"Defragment","floor":16},{"not_picked":["Fission","Reboot"],"picked":"Echo Form","floor":18},{"not_picked":["Compile Driver","Conserve Battery"],"picked":"ReplayTheSpireMod:Calculation Training","floor":20},{"not_picked":["Stack","Rebound+1"],"picked":"Undo+1","floor":21},{"not_picked":["Turbo","Gash+1"],"picked":"Redo+1","floor":23},{"not_picked":["Leap+1","ReplayTheSpireMod:Reroute Power","BasicCrystalCard"],"picked":"SKIP","floor":24}],"player_experience":183601,"relics_obtained":[{"floor":7,"key":"ReplayFunnel"},{"floor":8,"key":"Onion Ring"},{"floor":11,"key":"Cables"}],"event_choices":[{"damage_healed":0,"gold_gain":0,"player_choice":"Box","damage_taken":0,"relics_obtained":["Eternal Feather"],"max_hp_gain":0,"max_hp_loss":0,"event_name":"Big Fish","floor":6,"gold_loss":0,"cards_obtained":["Regret"]},{"damage_healed":0,"gold_gain":0,"player_choice":"Searched \u00272\u0027 times","damage_taken":0,"max_hp_gain":0,"max_hp_loss":0,"event_name":"Dead Adventurer","floor":7,"gold_loss":0},{"cards_removed":["Regret"],"damage_healed":0,"gold_gain":0,"player_choice":"Card Removal","damage_taken":7,"max_hp_gain":0,"max_hp_loss":0,"event_name":"Golden Wing","floor":12,"gold_loss":0}],"is_beta":false,"boss_relics":[{"not_picked":["Honey Jar","SlaversCollar"],"picked":"Painkiller Herb"}],"items_purged_floors":[],"is_endless":false,"potions_floor_spawned":[1,9,16,18,20,23,24],"killed_by":"Slavers","ascension_level":3}}