{"host":"qhhcmep1unj6mpf7","time":1608952876,"event":{"mods":["2.2 Compatiblity","AchievementEnabler","BaseMod","Colored Map","DeckTracker","Highlight Path","Keyboard Shortcuts","Minty Spire (QoL Compilation)","Permanent Neow","Quick Restart","Random Character Button","StSLib","SuperFastMode","everything is the same but u backflip on backflip"],"gold_per_floor":[114,127,147,162,179,179,179,211,282,22,22,40,68,80,80,80,80],"floor_reached":16,"playtime":454,"items_purged":["Strike_B"],"score":165,"play_id":"7d21edf3-0e69-4a86-beb9-d05b547d321c","local_time":"20201226122116","is_ascension_mode":true,"campfire_choices":[{"data":"Loop","floor":6.0,"key":"SMITH"},{"floor":11,"key":"REST"},{"floor":15,"key":"REST"}],"circlet_count":0,"master_deck":["Strike_B","Strike_B","Strike_B","Defend_B+1","Defend_B","Defend_B","Defend_B","Zap","Dualcast+1","Loop+1","Steam Power","Turbo","Hyperbeam","Self Repair","Consume","Loop"],"relics":["Cracked Core","Art of War","Omamori","Pantograph","Ginger"],"acts_visited":["Exordium"],"potions_floor_usage":[13],"damage_taken":[{"damage":7.0,"enemies":"Jaw Worm","floor":1.0,"turns":4.0},{"damage":0.0,"enemies":"Cultist","floor":2.0,"turns":3.0},{"damage":4.0,"enemies":"Small Slimes","floor":3.0,"turns":3.0},{"damage":16.0,"enemies":"Blue Slaver","floor":4.0,"turns":6.0},{"damage":9.0,"enemies":"3 Louse","floor":5.0,"turns":3.0},{"damage":8.0,"enemies":"Gremlin Nob","floor":8.0,"turns":3.0},{"damage":7,"enemies":"Looter","floor":12,"turns":4},{"damage":11,"enemies":"Lagavulin","floor":13,"turns":7},{"damage":16,"enemies":"Exordium Thugs","floor":14,"turns":4},{"damage":0,"enemies":"The Guardian","floor":16,"turns":1}],"seed_played":"-5265530114143233351","potions_obtained":[{"floor":1.0,"key":"Weak Potion"},{"floor":3.0,"key":"Dexterity Potion"},{"floor":4.0,"key":"Block Potion"},{"floor":5.0,"key":"FocusPotion"},{"floor":13,"key":"Ancient Potion"}],"is_trial":false,"path_per_floor":["M","M","M","M","M","R","?","E","T","$","R","M","E","M","R","B"],"character_chosen":"DEFECT","items_purchased":["Hyperbeam","Self Repair"],"campfire_rested":2,"item_purchase_floors":[10,10],"current_hp_per_floor":[61,61,57,41,32,32,17,9,9,9,31,31,27,11,33,58,58],"gold":80,"neow_bonus":"RANDOM_COMMON_RELIC","is_daily":false,"chose_seed":false,"campfire_upgraded":1,"win_rate":0.0,"timestamp":1608952876,"path_taken":["M","M","M","M","M","R","?","E","T","$","R","M","E","M","R","BOSS"],"items_purchased_type":["Card","Card"],"build_version":"2020-12-22","purchased_purges":1,"victory":false,"max_hp_per_floor":[75,75,75,75,75,75,75,75,75,75,75,75,75,75,75,75,75],"card_choices":[{"not_picked":["Conserve Battery","Scrape"],"picked":"Loop","floor":1.0},{"not_picked":["Hello World","Stack"],"picked":"Steam Power","floor":2.0},{"not_picked":["Leap","Turbo","Ball Lightning"],"picked":"SKIP","floor":3.0},{"not_picked":["Hologram","Steam"],"picked":"Turbo","floor":4.0},{"not_picked":["Sunder","Hologram","Steam"],"picked":"SKIP","floor":5.0},{"not_picked":["Leap","Rip and Tear","Turbo"],"picked":"SKIP","floor":8.0},{"not_picked":["Stack","Chaos","Steam"],"picked":"SKIP","floor":12},{"not_picked":["Reprogram","Go for the Eyes"],"picked":"Consume","floor":13},{"not_picked":["Loop","Heatsinks","Auto Shields"],"picked":"SKIP","floor":14},{"not_picked":["Heatsinks","Auto Shields"],"picked":"Loop","floor":14}],"player_experience":307996,"relics_obtained":[{"floor":8.0,"key":"Omamori"},{"floor":9.0,"key":"Pantograph"},{"floor":13,"key":"Ginger"}],"event_choices":[{"damage_healed":0.0,"max_hp_gain":0.0,"max_hp_loss":0.0,"gold_gain":0.0,"event_name":"Shining Light","player_choice":"Entered Light","floor":7.0,"gold_loss":0.0,"damage_taken":15.0,"cards_upgraded":["Dualcast","Defend_B"]}],"is_beta":false,"boss_relics":[],"items_purged_floors":[10],"is_endless":false,"potions_floor_spawned":[1,3,4,5,13],"killed_by":"The Guardian","ascension_level":9}}