{"host":"dwyzfvnzfcqffr30","time":1608995357,"event":{"mods":["2.2 Compatiblity","Act Like it!","BaseMod","Beaked The Cultist","Better Altar","Better Match","Better Note","Better Sensory Stone","Better Skull","Better Third Choice","Clockwork Mod","Colored Map","Colored Powertips","Conspire","Downfall","Elementarium","GifTheSpireLib","Halation","Hermit","Hubris","Infinite Spire","Ironclad Rager","Jedi Mod","Menagerie","Mimic Mod","Minty Spire (QoL Compilation)","Permanent Neow","Random Character Button","Replay The Spire","Spicy Shops","StSLib","Stuff the Spire","The Construct","The Disciple","The Druid","The Marked","TheFirefly","Trackpad","vexMod"],"gold_per_floor":[442,487,250,280,312,365,365,417,472,531,582,610,685,685,685,835,835,902,362,362,405,443,503,503,554,593,651,651,719,819,910,910,1102,1102,1196,1301,1301,1301,1226,1226,1226,1355,1355,1423,1423],"floor_reached":44,"playtime":4153,"items_purged":["theDruid:Strike_O+1"],"score":890,"play_id":"8de01809-e714-4b7b-87df-af0dd582f38c","local_time":"20201226070917","is_ascension_mode":true,"campfire_choices":[{"floor":7.0,"key":"REST"},{"floor":15,"key":"REST"},{"floor":24,"key":"REST"},{"floor":28,"key":"REST"},{"floor":32,"key":"REST"},{"floor":40,"key":"RECALL"}],"circlet_count":0,"master_deck":["AscendersBane","theDruid:Strike_O+1","theDruid:Strike_O+1","theDruid:Strike_O+1","theDruid:Defend_O+1","theDruid:Defend_O+1","theDruid:Defend_O+1","theDruid:Defend_O+1","theDruid:WildSlash+1","theDruid:Restoration+1","theDruid:ExposingSlash+1","theDruid:HailofThorns+1","theDruid:ThornStrike+1","theDruid:Starfall+1","theDruid:PouncingStrike+1","theDruid:Prowl+1","theDruid:PrimalStrength+1","theDruid:Guidance+1","theDruid:BriarArmor+1","Menagerie:Languish+1","theDruid:IronbarkArmor+1","theDruid:PouncingStrike+1","theDruid:HerbalismKit+1","MasterReality+1","theDruid:ApexPredator+1","theDruid:BristlingDefense+1","theDruid:IronClaw+1","theDruid:FuriousSlash+1","theDruid:Forage+1","theDruid:Stampede+1"],"relics":["theDruid:CrownOfTheWilds","hubris:EvacipatedBox","Juzu Bracelet","Molten Egg 2","Toxic Egg 2","Frozen Egg 2","Quantum Egg","infinitespire:EvilPickle","Membership Card","Replay:Baseball","StuffTheSpire:Mouthbags","construct:FoamFinger","Ornamental Fan","vexMod:FocusSash","construct:ClawGrip","Lee\u0027s Waffle","trackpad:WritersBlock","infinitespire:Satchel","halation:OrihimeAndHikoboshiSamaAndTears","Bottled Tornado","halation:SwordOfLegend","conspire:DeflatedDodgeball","Bronze Scales","hubris:BundleOfHerbs","vexMod:ConsolationPrize","conspire:TopHat","StuffTheSpire:RunicHypercube","MealTicket","ReplayFunnel"],"acts_visited":["Menagerie:Menagerie","TheCity","TheBeyond"],"potions_floor_usage":[16,21,21,22,23,23,25,26,26,26,29,33,33,42,42,44],"damage_taken":[{"damage":0.0,"enemies":"Menagerie:2_RABBITS","floor":1.0,"turns":4.0},{"damage":2.0,"enemies":"Menagerie:WhisperingWraith","floor":2.0,"turns":3.0},{"damage":2.0,"enemies":"Menagerie:StygianBoar","floor":4.0,"turns":2.0},{"damage":4.0,"enemies":"Menagerie:3_RABBITS","floor":5.0,"turns":3.0},{"damage":9.0,"enemies":"Menagerie:Hydra","floor":6.0,"turns":4.0},{"damage":12.0,"enemies":"Menagerie:VoidReaper","floor":8.0,"turns":3.0},{"damage":30.0,"enemies":"Menagerie:MaskedSummoner","floor":10.0,"turns":7.0},{"damage":3.0,"enemies":"Menagerie:MENAGERIE_WILDLIFE","floor":11.0,"turns":3.0},{"damage":5.0,"enemies":"Menagerie:MOSSY_WILDLIFE","floor":12.0,"turns":3.0},{"damage":7.0,"enemies":"Menagerie:Hydra","floor":13.0,"turns":3.0},{"damage":2,"enemies":"Menagerie:AVATARS","floor":16,"turns":4},{"damage":3,"enemies":"Spheric Guardian","floor":18,"turns":3},{"damage":12,"enemies":"Cultist and Chosen","floor":21,"turns":4},{"damage":7,"enemies":"conspire:HollyBat","floor":22,"turns":8},{"damage":20,"enemies":"Slavers","floor":23,"turns":4},{"damage":0,"enemies":"Shelled Parasite and Fungi","floor":25,"turns":4},{"damage":4,"enemies":"Centurion and Healer","floor":26,"turns":5},{"damage":1,"enemies":"Centurion and Healer","floor":27,"turns":3},{"damage":5,"enemies":"conspire:Head Lice","floor":29,"turns":6},{"damage":5,"enemies":"Colosseum Slavers","floor":30,"turns":3},{"damage":10,"enemies":"Colosseum Nobs","floor":30,"turns":4},{"damage":12,"enemies":"Replay:Snechameleon","floor":31,"turns":3},{"damage":32,"enemies":"Champ","floor":33,"turns":8},{"damage":2,"enemies":"Orb Walker","floor":35,"turns":3},{"damage":12,"enemies":"3 Shapes","floor":36,"turns":6},{"damage":18,"enemies":"R_Hoarder","floor":42,"turns":4},{"damage":77,"enemies":"3 Darklings","floor":44,"turns":8}],"seed_played":"1230809270839246765","potions_obtained":[{"floor":1.0,"key":"LiquidBronze"},{"floor":4.0,"key":"champ:CounterPotion"},{"floor":8.0,"key":"SpeedPotion"},{"floor":10.0,"key":"Energy Potion"},{"floor":23,"key":"Block Potion"},{"floor":25,"key":"LifebloodPotion"},{"floor":27,"key":"EssenceOfSteel"}],"is_trial":false,"path_per_floor":["M","M","$","M","M","E","R","E","T","E","M","?","E","?","R","B",null,"M","$","M","M","M","E","R","M","MIM","M","R","E","?","E","R","B",null,"M","M","?","?","?","R","?","E","T","M"],"character_chosen":"DRUID","items_purchased":["Membership Card","Replay:Baseball","theDruid:ThornStrike+1","Lee\u0027s Waffle","trackpad:WritersBlock","infinitespire:Satchel","halation:OrihimeAndHikoboshiSamaAndTears","Explosive Potion","theDruid:HerbalismKit+1"],"campfire_rested":5,"item_purchase_floors":[3,3,3,19,19,19,19,19,19],"current_hp_per_floor":[68,66,66,64,60,51,73,61,61,31,28,23,16,16,38,36,65,62,82,82,70,63,43,66,66,62,61,82,77,62,50,80,48,74,72,60,82,82,82,82,82,69,69,0,0],"gold":1423,"neow_bonus":"ONE_RANDOM_RARE_CARD","is_daily":false,"chose_seed":false,"campfire_upgraded":0,"win_rate":0.0,"timestamp":1608995357,"path_taken":["M","M","$","M","M","E","R","E","T","E","M","?","E","?","R","BOSS","M","$","M","M","M","E","R","M","MIM","M","R","E","?","E","R","BOSS","M","M","?","?","?","R","?","E","T","M"],"items_purchased_type":["Relic","Relic","Card","Relic","Relic","Relic","Relic","Potion","Card"],"build_version":"2020-12-22","purchased_purges":1,"victory":false,"max_hp_per_floor":[75,75,75,75,75,75,75,75,75,75,75,75,75,75,75,75,75,75,82,82,82,82,82,82,82,82,82,82,82,82,82,82,82,82,82,82,82,82,82,82,82,82,82,82,82],"card_choices":[{"not_picked":["theDruid:Prowl+1","theDruid:AstralShield+1"],"picked":"theDruid:ExposingSlash+1","floor":1.0},{"not_picked":["theDruid:BlessedStrike+1","theDruid:ThickHide+1"],"picked":"theDruid:HailofThorns+1","floor":2.0},{"not_picked":["theDruid:WildArmor+1","theDruid:PlagueClaw+1"],"picked":"theDruid:Starfall+1","floor":4.0},{"not_picked":["theDruid:Starfall+1","theDruid:Gore+1","theDruid:TwilightsCall+1"],"picked":"SKIP","floor":5.0},{"not_picked":["theDruid:CelestialSurge+1","theDruid:FaerieFire+1"],"picked":"theDruid:PouncingStrike+1","floor":6.0},{"not_picked":["theDruid:Moonbeam+1","theDruid:Gore+1"],"picked":"theDruid:Prowl+1","floor":8.0},{"not_picked":["theDruid:WildArmor+1","theDruid:FelineGrace+1"],"picked":"theDruid:PrimalStrength+1","floor":10.0},{"not_picked":["theDruid:Resupply+1","theDruid:Pathfinder+1"],"picked":"theDruid:Guidance+1","floor":11.0},{"not_picked":["theDruid:Rummage+1","theDruid:Gore+1","theDruid:TwinStars+1"],"picked":"SKIP","floor":13.0},{"not_picked":["Menagerie:DarkRitual+1","Menagerie:Staggershock+1"],"picked":"Menagerie:Languish+1","floor":14},{"not_picked":["theDruid:SurvivalCache+1","theDruid:Mutilate+1"],"picked":"theDruid:IronbarkArmor+1","floor":16},{"not_picked":["theDruid:Starfall+1","theDruid:Guidance+1"],"picked":"theDruid:PouncingStrike+1","floor":18},{"not_picked":["theDruid:ThickHide+1","theDruid:ThornStrike+1","theDruid:TwilightsCall+1"],"picked":"SKIP","floor":21},{"not_picked":["theDruid:SerratedFlesh+1","theDruid:Rummage+1","theDruid:Gore+1"],"picked":"SKIP","floor":22},{"not_picked":["theDruid:Prowl+1","theDruid:WallofRoots+1"],"picked":"theDruid:ApexPredator+1","floor":23},{"not_picked":["theDruid:Scavenge+1","theDruid:ForestsSoul+1"],"picked":"theDruid:BristlingDefense+1","floor":25},{"not_picked":["theDruid:Rummage+1","theDruid:Gore+1"],"picked":"theDruid:IronClaw+1","floor":27},{"not_picked":["theDruid:Resourcefulness+1","theDruid:ExposingSlash+1"],"picked":"theDruid:FuriousSlash+1","floor":29},{"not_picked":["theDruid:Thornburst+1","theDruid:Resupply+1","theDruid:Starburst+1"],"picked":"SKIP","floor":31},{"not_picked":["theDruid:Moonbeam+1","theDruid:FeralPlants+1","theDruid:IronClaw+1"],"picked":"SKIP","floor":35},{"not_picked":["theDruid:PlagueClaw+1","theDruid:BloodiedFur+1","theDruid:BackupSupplies+1"],"picked":"SKIP","floor":36},{"not_picked":["theDruid:Moonbeam+1","theDruid:Entangle+1"],"picked":"theDruid:Forage+1","floor":39},{"not_picked":["theDruid:Entangle+1","theDruid:Forage+1"],"picked":"theDruid:Stampede+1","floor":39},{"not_picked":["theDruid:Infestation+1","theDruid:Moonbeam+1","theDruid:WallofRoots+1"],"picked":"SKIP","floor":42}],"player_experience":2441420,"relics_obtained":[{"floor":6.0,"key":"StuffTheSpire:Mouthbags"},{"floor":8.0,"key":"construct:FoamFinger"},{"floor":10.0,"key":"Ornamental Fan"},{"floor":13.0,"key":"vexMod:FocusSash"},{"floor":23,"key":"halation:SwordOfLegend"},{"floor":26,"key":"conspire:DeflatedDodgeball"},{"floor":29,"key":"Bronze Scales"},{"floor":30,"key":"hubris:BundleOfHerbs"},{"floor":30,"key":"vexMod:ConsolationPrize"},{"floor":31,"key":"conspire:TopHat"},{"floor":42,"key":"MealTicket"},{"floor":43,"key":"ReplayFunnel"}],"event_choices":[{"damage_healed":0.0,"max_hp_gain":0.0,"max_hp_loss":0.0,"gold_gain":0.0,"event_name":"Menagerie:MossyPath","player_choice":"Detour","floor":12.0,"gold_loss":0.0,"damage_taken":0.0},{"damage_healed":0,"gold_gain":0,"player_choice":"Peek","damage_taken":0,"max_hp_gain":0,"max_hp_loss":0,"event_name":"Menagerie:OvergrownLibrary","floor":14,"gold_loss":0},{"damage_healed":0,"gold_gain":0,"player_choice":"Fight","damage_taken":0,"max_hp_gain":0,"max_hp_loss":0,"event_name":"Colosseum","floor":30,"gold_loss":0},{"damage_healed":0,"gold_gain":0,"player_choice":"Fought Nobs","damage_taken":0,"max_hp_gain":0,"max_hp_loss":0,"event_name":"Colosseum","floor":30,"gold_loss":0},{"damage_healed":22,"gold_gain":0,"player_choice":"Full Heal","damage_taken":0,"max_hp_gain":0,"max_hp_loss":0,"event_name":"Wheel of Change","floor":37,"gold_loss":0},{"damage_healed":0,"gold_gain":0,"player_choice":"3","damage_taken":0,"max_hp_gain":0,"max_hp_loss":0,"event_name":"betterMatch:BetterMatch","floor":39,"gold_loss":0,"cards_obtained":["betterMatch:UncommonCard"]},{"damage_healed":0,"gold_gain":0,"player_choice":"Ignored","damage_taken":0,"max_hp_gain":0,"max_hp_loss":0,"event_name":"Upgrade Shrine","floor":41,"gold_loss":0}],"is_beta":false,"boss_relics":[{"not_picked":["Replay:Wanted Poster","jedi:hotpepper","StuffTheSpire:RunicConfusion"],"picked":"construct:ClawGrip"},{"not_picked":["jedi:paperlyon","Coffee Dripper","jedi:battlestandard"],"picked":"StuffTheSpire:RunicHypercube"}],"items_purged_floors":[19],"is_endless":false,"potions_floor_spawned":[1,4,5,8,10,23,25,27,30,35],"killed_by":"3 Darklings","ascension_level":11}}