{"host":"mjau5a91be6b66g4","time":1608964891,"event":{"mods":["BaseMod","Minty Spire (QoL Compilation)","StSLib","The Bug Knight","The Jungle"],"gold_per_floor":[218,218,168,233,158,158,178,206,231,231,248,248,259,279,279,380,380,400,499,513,292,292,292,310,324,324,324,324,336,199,212,212,312,312,325,199,217,217,234,234,248,266,266,266,282,282,282,296,296,296,296],"floor_reached":50,"playtime":2534,"items_purged":["HollowMod:NailStrikeStart","HollowMod:CycloneSlash"],"score":473,"play_id":"076db499-8d58-4887-aa9a-01d887dac25e","local_time":"20201226144131","is_ascension_mode":false,"campfire_choices":[{"data":"HollowMod:BaldurShell","floor":6,"key":"SMITH"},{"floor":10,"key":"REST"},{"data":"HollowMod:SoulStrike","floor":12,"key":"SMITH"},{"data":"HollowMod:ChannelNail","floor":15,"key":"SMITH"},{"data":"HollowMod:SoulStrike","floor":23,"key":"SMITH"},{"floor":28,"key":"REST"},{"floor":32,"key":"REST"},{"floor":40,"key":"REST"},{"data":"HollowMod:VengefulSpirit","floor":44,"key":"SMITH"},{"floor":49,"key":"REST"}],"circlet_count":0,"master_deck":["HollowMod:NailStrikeStart","HollowMod:NailStrikeStart","HollowMod:NailStrikeStart","HollowMod:QuickDashStart","HollowMod:QuickDashStart","HollowMod:QuickDashStart","HollowMod:FocusHealStart","HollowMod:PogoStrike","HollowMod:HowlingWraiths","HollowMod:BaldurShell+1","HollowMod:NewLittleFool","HollowMod:SoulStrike+1","HollowMod:PerfectDash","HollowMod:ChannelNail+1","HollowMod:ZotesMagnificence","HollowMod:SoulStrike+1","HollowMod:VengefulSpirit+1","HollowMod:MonomonsArchive","HollowMod:GoodIntentions+1","HollowMod:DashSlash","HollowMod:BaldurShell+1","HollowMod:CloakDash+1","HollowMod:DesolateDive","HollowMod:FallenFury","HollowMod:ElderbugsWisdom","HollowMod:SoulShaman+1","HollowMod:ChannelNail","HollowMod:SoulVessel","HollowMod:DungDefenderAura","HollowMod:ChannelNail+1","HollowMod:GoodIntentions","HollowMod:CornifersMapStart+1","Madness","Madness","HollowMod:PureNailStrike"],"relics":["HollowMod:KingsSoulRelic","HollowMod:PaleOreRelic","Boot","Velvet Choker","Meat on the Bone","Peace Pipe"],"acts_visited":["Exordium","TheCity","TheBeyond"],"potions_floor_usage":[8,16,20,20,29,33,37,38,42],"damage_taken":[{"damage":14,"enemies":"Jaw Worm","floor":1,"turns":4},{"damage":10,"enemies":"2 Louse","floor":7,"turns":3},{"damage":24,"enemies":"Gremlin Nob","floor":8,"turns":5},{"damage":0,"enemies":"Small Slimes","floor":11,"turns":2},{"damage":1,"enemies":"Exordium Wildlife","floor":13,"turns":3},{"damage":10,"enemies":"Looter","floor":14,"turns":3},{"damage":15,"enemies":"Hexaghost","floor":16,"turns":9},{"damage":2,"enemies":"Chosen","floor":18,"turns":3},{"damage":5,"enemies":"2 Thieves","floor":20,"turns":2},{"damage":35,"enemies":"Snake Plant","floor":24,"turns":5},{"damage":3,"enemies":"Cultist and Chosen","floor":25,"turns":6},{"damage":21,"enemies":"Shelled Parasite and Fungi","floor":29,"turns":5},{"damage":19,"enemies":"Snecko","floor":31,"turns":7},{"damage":51,"enemies":"HollowMod:NKGrimm","floor":33,"turns":16},{"damage":16,"enemies":"Orb Walker","floor":35,"turns":5},{"damage":18,"enemies":"3 Darklings","floor":37,"turns":4},{"damage":0,"enemies":"Transient","floor":38,"turns":1},{"damage":12,"enemies":"Jaw Worm Horde","floor":39,"turns":6},{"damage":6,"enemies":"Sphere and 2 Shapes","floor":41,"turns":6},{"damage":3,"enemies":"3 Darklings","floor":42,"turns":7},{"damage":0,"enemies":"Transient","floor":45,"turns":5},{"damage":8,"enemies":"Sphere and 2 Shapes","floor":48,"turns":6},{"damage":75,"enemies":"Donu and Deca","floor":50,"turns":10}],"seed_played":"4587808961020830335","potions_obtained":[{"floor":1,"key":"SkillPotion"},{"floor":8,"key":"AttackPotion"},{"floor":16,"key":"DuplicationPotion"},{"floor":18,"key":"Explosive Potion"},{"floor":25,"key":"DuplicationPotion"},{"floor":31,"key":"FearPotion"},{"floor":33,"key":"Explosive Potion"},{"floor":37,"key":"SmokeBomb"},{"floor":41,"key":"EssenceOfSteel"}],"is_trial":false,"path_per_floor":["M","?","?","?","$","R","M","E","T","R","M","R","M","M","R","B",null,"M","?","M","$","?","R","M","M","T","?","R","M","$","M","R","B",null,"M","$","M","M","M","R","M","M","T","R","M","?","?","M","R","B"],"character_chosen":"THE_BUGKNIGHT","items_purchased":["HollowMod:BaldurShell","HollowMod:VengefulSpirit","HollowMod:MonomonsArchive","HollowMod:DesolateDive","HollowMod:ChannelNail","HollowMod:SoulVessel"],"campfire_rested":5,"item_purchase_floors":[5,21,21,30,36,36],"current_hp_per_floor":[67,67,67,67,67,67,63,39,39,61,61,61,66,62,62,57,75,73,73,68,68,68,68,39,36,36,36,58,49,49,42,64,35,75,65,65,53,53,47,69,73,75,75,75,75,66,66,58,75,0,0],"gold":296,"neow_bonus":"HUNDRED_GOLD","is_daily":false,"chose_seed":false,"campfire_upgraded":5,"win_rate":0.0,"timestamp":1608964891,"path_taken":["M","?","?","?","$","R","?","E","T","R","M","R","M","M","R","BOSS","M","?","M","$","?","R","M","M","T","?","R","?","?","M","R","BOSS","M","?","M","M","?","R","M","M","T","R","M","?","?","M","R","BOSS"],"items_purchased_type":["Card","Card","Card","Card","Card","Card"],"build_version":"2020-12-22","purchased_purges":2,"victory":false,"max_hp_per_floor":[75,75,75,75,75,75,75,75,75,75,75,75,75,75,75,75,75,75,75,75,75,75,75,75,75,75,75,75,75,75,75,75,75,75,75,75,75,75,75,75,75,75,75,75,75,75,75,75,75,75,75],"card_choices":[{"not_picked":["HollowMod:NewJinnsSoul","HollowMod:MantisMark"],"picked":"HollowMod:HowlingWraiths","floor":1},{"not_picked":["HollowMod:WraithStrike","HollowMod:InfectedAttack"],"picked":"HollowMod:NewLittleFool","floor":7},{"not_picked":["HollowMod:ShadowDash","HollowMod:SiblingsShadow"],"picked":"HollowMod:CycloneSlash","floor":8},{"not_picked":["HollowMod:WraithStrike","HollowMod:MothsMistake"],"picked":"HollowMod:SoulStrike","floor":11},{"not_picked":["HollowMod:DescendingDark","HollowMod:InfectionAssault"],"picked":"HollowMod:PerfectDash","floor":13},{"not_picked":["HollowMod:InfectedAttack","HollowMod:CornifersMapStart"],"picked":"HollowMod:ChannelNail","floor":14},{"not_picked":["HollowMod:HerrahsAnger","HollowMod:NewInfectedGuardian"],"picked":"HollowMod:ZotesMagnificence","floor":16},{"not_picked":["HollowMod:GrimmsGift","HollowMod:DoubleDash"],"picked":"HollowMod:SoulStrike","floor":18},{"not_picked":["HollowMod:TaintedHusks","HollowMod:WraithStrike","HollowMod:InfectedAttack"],"picked":"SKIP","floor":20},{"not_picked":["HollowMod:DescendingDark+1","HollowMod:InfectedAttack"],"picked":"HollowMod:GoodIntentions+1","floor":24},{"not_picked":["HollowMod:Grubsong","HollowMod:DoubleDash"],"picked":"HollowMod:DashSlash","floor":25},{"not_picked":["HollowMod:MonomonsArchive","HollowMod:HeavyBlow"],"picked":"HollowMod:CloakDash+1","floor":29},{"not_picked":["HollowMod:WraithStrike","HollowMod:InfectedAttack+1"],"picked":"HollowMod:FallenFury","floor":31},{"not_picked":["HollowMod:theNailsmith","HollowMod:MidwifesHunger"],"picked":"HollowMod:ElderbugsWisdom","floor":33},{"not_picked":["HollowMod:BrokenVessel+1","HollowMod:VengefulVoid+1"],"picked":"HollowMod:SoulShaman+1","floor":35},{"not_picked":["HollowMod:InfectedCysts+1","HollowMod:AbyssShriek"],"picked":"HollowMod:DungDefenderAura","floor":37},{"not_picked":["HollowMod:VengefulVoid+1","HollowMod:InfectedAttack"],"picked":"HollowMod:ChannelNail+1","floor":39},{"not_picked":["HollowMod:MonomonsArchive+1","HollowMod:ChannelNail+1"],"picked":"HollowMod:GoodIntentions","floor":41},{"not_picked":["HollowMod:ShadowDash+1","HollowMod:Grubsong+1"],"picked":"HollowMod:CornifersMapStart+1","floor":42},{"not_picked":["HollowMod:DescendingDark","HollowMod:InfectedAttack","HollowMod:LifebloodCocoon+1"],"picked":"SKIP","floor":45},{"not_picked":["HollowMod:InfectedCysts","HollowMod:LifebloodCocoon+1"],"picked":"HollowMod:PureNailStrike","floor":48}],"player_experience":232962,"relics_obtained":[{"floor":8,"key":"HollowMod:PaleOreRelic"},{"floor":9,"key":"Boot"},{"floor":26,"key":"Meat on the Bone"},{"floor":43,"key":"Peace Pipe"}],"event_choices":[{"cards_removed":["HollowMod:QuickDashStart"],"damage_healed":0,"gold_gain":0,"player_choice":"Card Removal","damage_taken":0,"max_hp_gain":0,"max_hp_loss":0,"event_name":"The Cleric","floor":3,"gold_loss":50},{"damage_healed":0,"gold_gain":65,"player_choice":"Gained Gold","damage_taken":0,"max_hp_gain":0,"max_hp_loss":0,"event_name":"Golden Wing","floor":4,"gold_loss":0},{"damage_healed":0,"gold_gain":99,"player_choice":"Stole From Cult","damage_taken":0,"max_hp_gain":0,"max_hp_loss":0,"event_name":"Nest","floor":19,"gold_loss":0},{"damage_healed":0,"gold_gain":0,"player_choice":"Copied","damage_taken":0,"max_hp_gain":0,"max_hp_loss":0,"event_name":"Duplicator","floor":27,"gold_loss":0,"cards_obtained":["HollowMod:BaldurShell"]},{"damage_healed":0,"gold_gain":0,"player_choice":"Embrace Madness","damage_taken":9,"max_hp_gain":0,"max_hp_loss":0,"event_name":"Winding Halls","floor":46,"gold_loss":0,"cards_obtained":["Madness","Madness"]},{"damage_healed":0,"gold_gain":0,"player_choice":"Ignored","damage_taken":0,"max_hp_gain":0,"max_hp_loss":0,"event_name":"Mysterious Sphere","floor":47,"gold_loss":0}],"is_beta":false,"boss_relics":[{"not_picked":["Coffee Dripper","Runic Pyramid"],"picked":"Velvet Choker"},{"not_picked":["HollowMod:VoidIdolRelic","Busted Crown"],"picked":"HollowMod:KingsSoulRelic"}],"items_purged_floors":[21,30],"is_endless":false,"potions_floor_spawned":[1,8,16,18,25,31,33,37,41],"killed_by":"Donu and Deca","ascension_level":0}}