{"host":"ixtszv54kd1m8623","time":1608996658,"event":{"mods":["Act Like it!","Aspiration","BaseMod","Beaked The Cultist","ChefMod","Colored Map","Colored Powertips","Conspire","Downfall","Gensokyo","Halation","Hermit","Hubris","Infinite Spire","Jorbs\u0027s Wanderer Trilogy","Minty Spire (QoL Compilation)","Replay The Spire","Robot Space Explorer","Shade Mod","Shop Mod","StSLib","The Blackbeard","The Bug Knight","The Cursed","The Dragon Tamer","The Marked","The Runesmith"],"gold_per_floor":[113,126,158,177,192,192,218,308,359,396,421,421,421,351,351,451,451,469,491,514,520,520],"floor_reached":21,"playtime":1202,"items_purged":[],"score":226,"play_id":"7c3210c4-e793-425f-9cd7-d8b807631974","local_time":"20201226073058","is_ascension_mode":false,"campfire_choices":[{"data":"theMarked:StartUp","floor":6,"key":"SMITH"},{"data":"theMarked:ComboAttacks","floor":12,"key":"SMITH"},{"floor":15,"key":"REST"}],"circlet_count":0,"master_deck":["theMarked:Strike","theMarked:Strike","theMarked:Strike","theMarked:Strike","theMarked:Strike","theMarked:Defend+1","theMarked:Defend","theMarked:Defend","theMarked:Defend","theMarked:SoldierOfQuellstein","theMarked:Static","theMarked:ChainLightning","theMarked:Electrocute+1","theMarked:ElectricStrings","theMarked:StartUp+1","theMarked:BanishingWave","theMarked:EnhanceMovement","theMarked:Aftermath","theMarked:HeightenedSenses","theMarked:ComboAttacks+1","Parasite","Injury","infinitespire:FutureSight","theMarked:SoldierForm","theMarked:ChainLightning","theMarked:WardOff","theMarked:Polarize"],"relics":["theMarked:ArtifactOfAir","NeowsBlessing","Darkstone Periapt","halation:IllGainedPizza","halation:KoshaPiece","infinitespire:Lucky Rock","Pet Ghost","theMarked:Eyepatch"],"acts_visited":["Gensokyo:Gensokyo","Gensokyo:Gensokyoer"],"potions_floor_usage":[16],"damage_taken":[{"damage":0,"enemies":"Gensokyo:Python","floor":1,"turns":1},{"damage":0,"enemies":"Gensokyo:Gryphon","floor":2,"turns":1},{"damage":0,"enemies":"Gensokyo:Mamizou","floor":3,"turns":2},{"damage":0,"enemies":"Gensokyo:2_Kodama","floor":4,"turns":3},{"damage":0,"enemies":"Gensokyo:LivingMonolith","floor":5,"turns":3},{"damage":16,"enemies":"Gensokyo:Aya","floor":7,"turns":7},{"damage":8,"enemies":"Gensokyo:Cirno","floor":10,"turns":5},{"damage":0,"enemies":"Gensokyo:2_Rabbits","floor":11,"turns":4},{"damage":5,"enemies":"Gensokyo:Reimu","floor":16,"turns":8},{"damage":7,"enemies":"Gensokyo:3_Dogs","floor":18,"turns":3},{"damage":33,"enemies":"Gensokyo:AngelMirror","floor":19,"turns":5},{"damage":25,"enemies":"Gensokyo:Chomper_and_Gloop","floor":20,"turns":4},{"damage":17,"enemies":"Gensokyo:Wraith","floor":21,"turns":3}],"seed_played":"-2819734429780355502","potions_obtained":[{"floor":1,"key":"Elixir"},{"floor":2,"key":"Milkshake"},{"floor":10,"key":"Elixir"},{"floor":16,"key":"LiquidBronze"},{"floor":18,"key":"DistilledChaos"},{"floor":20,"key":"sneckomod:MuddlingPotion"}],"is_trial":false,"path_per_floor":["M","M","?","M","M","R","E","?","T","E","M","R","?","?","R","B",null,"M","M","M","M"],"character_chosen":"THE_DEFAULT","items_purchased":[],"campfire_rested":1,"item_purchase_floors":[],"current_hp_per_floor":[70,70,70,70,70,70,54,54,54,46,46,46,58,58,82,77,82,75,42,17,0,0],"gold":520,"neow_bonus":"THREE_ENEMY_KILL","is_daily":false,"chose_seed":false,"campfire_upgraded":2,"win_rate":0.0,"timestamp":1608996658,"path_taken":["M","M","?","M","M","R","E","?","T","E","M","R","?","?","R","BOSS","M","M","M","M"],"items_purchased_type":[],"build_version":"2020-12-22","purchased_purges":0,"victory":false,"max_hp_per_floor":[70,70,70,70,70,70,70,70,70,70,70,70,82,82,82,82,82,82,82,82,82,82],"card_choices":[{"not_picked":["theMarked:TwofoldDefense","theMarked:Overcharge"],"picked":"theMarked:Static","floor":1},{"not_picked":["theMarked:WastefulAttack","theMarked:WardOff"],"picked":"theMarked:ChainLightning","floor":2},{"not_picked":["theMarked:Parkour","theMarked:ShockingTouch"],"picked":"theMarked:Electrocute","floor":3},{"not_picked":["theMarked:BanishingStrike","theMarked:SwordAndMagic"],"picked":"theMarked:ElectricStrings","floor":4},{"not_picked":["theMarked:Opportunist","theMarked:Generate"],"picked":"theMarked:StartUp","floor":5},{"not_picked":["theMarked:Static","theMarked:LightningStrikesTwice"],"picked":"theMarked:BanishingWave","floor":7},{"not_picked":["theMarked:BanishingStrike","theMarked:TunnelVision"],"picked":"theMarked:EnhanceMovement","floor":8},{"not_picked":["theMarked:ChainLightning","theMarked:SwordAndMagic"],"picked":"theMarked:Aftermath","floor":8},{"not_picked":["theMarked:EnhanceMovement","theMarked:KeepCalmAndFightOn"],"picked":"theMarked:HeightenedSenses","floor":10},{"not_picked":["theMarked:SwordAndMagic","theMarked:Panic"],"picked":"theMarked:ComboAttacks","floor":11},{"not_picked":["infinitespire:UltimateForm","infinitespire:FinalStrike"],"picked":"infinitespire:FutureSight","floor":13},{"not_picked":["theMarked:Levitate","theMarked:BindingBlade"],"picked":"theMarked:SoldierForm","floor":16},{"not_picked":["theMarked:TunnelVision","theMarked:Improvise+1"],"picked":"theMarked:ChainLightning","floor":18},{"not_picked":["theMarked:Aftermath","theMarked:ResourceFulStrike"],"picked":"theMarked:WardOff","floor":19},{"not_picked":["theMarked:BindingBlade","theMarked:SwordAndMagic+1"],"picked":"theMarked:Polarize","floor":20}],"player_experience":137105,"relics_obtained":[{"floor":3,"key":"Darkstone Periapt"},{"floor":7,"key":"halation:IllGainedPizza"},{"floor":8,"key":"halation:KoshaPiece"},{"floor":9,"key":"infinitespire:Lucky Rock"},{"floor":10,"key":"Pet Ghost"}],"event_choices":[],"is_beta":false,"boss_relics":[{"not_picked":["Fusion Hammer","Velvet Choker"],"picked":"theMarked:Eyepatch"}],"items_purged_floors":[],"is_endless":false,"potions_floor_spawned":[1,2,10,16,18,20],"killed_by":"Gensokyo:Wraith","ascension_level":0}}