{"host":"mjau5a91be6b66g4","time":1608962340,"event":{"mods":["BaseMod","Minty Spire (QoL Compilation)","StSLib","The Bug Knight","The Jungle"],"gold_per_floor":[116,129,129,147,163,163,178,47,97,97,97,117,117,134,134,134,134],"floor_reached":16,"playtime":629,"items_purged":[],"score":94,"play_id":"09260989-8a9e-4bd7-ad72-d22f2eac1b2b","local_time":"20201226135900","is_ascension_mode":false,"campfire_choices":[{"floor":6,"key":"REST"},{"data":"HollowMod:NewJinnsSoul","floor":10,"key":"SMITH"},{"floor":15,"key":"REST"}],"circlet_count":0,"master_deck":["HollowMod:NailStrikeStart","HollowMod:NailStrikeStart","HollowMod:NailStrikeStart","HollowMod:NailStrikeStart","HollowMod:QuickDashStart","HollowMod:QuickDashStart","HollowMod:QuickDashStart","HollowMod:QuickDashStart","HollowMod:FocusHealStart","HollowMod:PogoStrike","HollowMod:LifebloodCore","HollowMod:NewGlowingWomb","HollowMod:VengefulSpirit","HollowMod:NewJinnsSoul+1","HollowMod:RecoilStrike","HollowMod:DoubleDash","HollowMod:BrokenVessel","HollowMod:InfectedAttack","HollowMod:ChannelNail","Parasite","HollowMod:DoubleDash"],"relics":["HollowMod:VesselMask","PreservedInsect"],"acts_visited":["Exordium"],"potions_floor_usage":[4,16],"damage_taken":[{"damage":9,"enemies":"2 Louse","floor":1,"turns":3},{"damage":7,"enemies":"Small Slimes","floor":2,"turns":4},{"damage":12,"enemies":"Jaw Worm","floor":4,"turns":4},{"damage":12,"enemies":"2 Fungi Beasts","floor":5,"turns":4},{"damage":7,"enemies":"Blue Slaver","floor":7,"turns":5},{"damage":19,"enemies":"Looter","floor":12,"turns":3},{"damage":9,"enemies":"Exordium Wildlife","floor":14,"turns":5},{"damage":12,"enemies":"Hexaghost","floor":16,"turns":9}],"seed_played":"8993161544835979016","potions_obtained":[{"floor":1,"key":"AttackPotion"},{"floor":4,"key":"GamblersBrew"},{"floor":12,"key":"Weak Potion"}],"is_trial":false,"path_per_floor":["M","M","?","M","M","R","M","$","T","R","?","M","?","M","R","B"],"character_chosen":"THE_BUGKNIGHT","items_purchased":["HollowMod:BrokenVessel","HollowMod:InfectedAttack"],"campfire_rested":2,"item_purchase_floors":[8,8],"current_hp_per_floor":[72,65,65,53,41,63,62,62,62,62,67,54,74,65,80,74,74],"gold":134,"neow_bonus":"ONE_RANDOM_RARE_CARD","is_daily":false,"chose_seed":false,"campfire_upgraded":1,"win_rate":0.0,"timestamp":1608962340,"path_taken":["M","M","?","M","M","R","M","$","T","R","?","M","?","M","R","BOSS"],"items_purchased_type":["Card","Card"],"build_version":"2020-12-22","purchased_purges":0,"victory":false,"max_hp_per_floor":[75,75,75,75,75,75,75,75,75,75,80,80,80,80,80,80,80],"card_choices":[{"not_picked":["HollowMod:CoiledNail","HollowMod:DescendingDark"],"picked":"HollowMod:NewGlowingWomb","floor":1},{"not_picked":["HollowMod:PerfectDash","HollowMod:GrimmsGift"],"picked":"HollowMod:VengefulSpirit","floor":2},{"not_picked":["HollowMod:Grubsong","HollowMod:NewGlowingWomb"],"picked":"HollowMod:NewJinnsSoul","floor":4},{"not_picked":["HollowMod:HeavyBlow","HollowMod:SiblingsShadow"],"picked":"HollowMod:RecoilStrike","floor":5},{"not_picked":["HollowMod:NewJinnsSoul","HollowMod:WraithStrike"],"picked":"HollowMod:DoubleDash","floor":7},{"not_picked":["HollowMod:VengefulSpirit","HollowMod:NewJinnsSoul"],"picked":"HollowMod:ChannelNail","floor":12},{"not_picked":["HollowMod:HowlingWraiths","HollowMod:SoulEater"],"picked":"HollowMod:DoubleDash","floor":14}],"player_experience":232333,"relics_obtained":[{"floor":9,"key":"PreservedInsect"}],"event_choices":[{"damage_healed":0,"gold_gain":0,"player_choice":"Donut","damage_taken":0,"max_hp_gain":5,"max_hp_loss":0,"event_name":"Big Fish","floor":11,"gold_loss":0},{"damage_healed":20,"gold_gain":0,"player_choice":"Healed and dodged fight","damage_taken":0,"max_hp_gain":0,"max_hp_loss":0,"event_name":"Mushrooms","floor":13,"gold_loss":0,"cards_obtained":["Parasite"]}],"is_beta":false,"boss_relics":[],"items_purged_floors":[],"is_endless":false,"potions_floor_spawned":[1,4,12],"killed_by":"Hexaghost","ascension_level":0}}