{"host":"6z6y4ky8uzsz1dpj","time":1608995391,"event":{"mods":["AchievementEnabler","BaseMod","BetterRewards","Challenge The Spire","Colored Map","Downfall","Hubris","Infinite Spire","Minty Spire (QoL Compilation)","Quick Restart","Replay The Spire","StSLib"],"gold_per_floor":[99,116,130,130,140,150,150,17,50,67,92,105,10,10,20,115,115,115,127,141,161,177,189,213,247,247,277,297,297,297,309,320,422,422,422,435,435,449,463,488,514,531,531,542,576,586,601,629,644,644,644,644],"floor_reached":50,"playtime":5662,"items_purged":[],"score":702,"play_id":"e3a2599c-4dbc-42b8-b74b-0835fead9096","local_time":"20201226100951","is_ascension_mode":true,"campfire_choices":[{"floor":35.0,"key":"DIG"},{"floor":43.0,"key":"REST"}],"circlet_count":0,"master_deck":["Slimebound:Strike_Slimebound","Slimebound:Tackle","Slimebound:Defend_Slimebound","Slimebound:Defend_Slimebound","Slimebound:Split","Slimebound:CorrosiveSpit+1","Slimebound:LeechEnergy","Slimebound:Schlurp+1","Slimebound:TongueLash","Slimebound:LeechingTouch","Slimebound:DisruptingSlam","Slimebound:SamplingLick","Slimebound:LevelUp","Slimebound:SamplingLick","Slimebound:RainOfGoop","Slimebound:DouseInSlime","Slimebound:LivingWall+1","Slimebound:Schlurp","Slimebound:Recollect","Slimebound:AcidTongue","Slimebound:SplitLeeching","Slimebound:Recycling","Slimebound:DuplicatedForm","Slimebound:ItLooksTasty","Slimebound:Recollect","Slimebound:SplitMire","Slimebound:SlimeSpikes+1","Slimebound:Equalize","Slimebound:LeechingTouch","Slimebound:LeechEnergy","Slimebound:TongueLash","Slimebound:Gluttony","Slimebound:SplitMire","Slimebound:OozeBath","Slimebound:SplitMire","Delirium","Slimebound:SplitSpecialist+1","Languid","Slimebound:RejuvenatingLick+1","Slimebound:MassRepurpose+1","Slimebound:HauntingLick+1","Slimebound:SplitMire+1","Parasite","Slimebound:MegaLick+1","Slimebound:SlimeSpikes+1"],"relics":["Slimebound:AbsorbEndCombat","hubris:SlimyHat","ReplayTheSpireMod:Ninjato","Ancient Tea Set","Runic Pyramid","Replay:Wax Seal","StoneCalendar","Nilry\u0027s Codex","War Paint","Cursed Key","Replay:Grab Bag","Fusion Hammer","hubris:TerracottaHorce","SlaversCollar","hubris:Backtick","Letter Opener","Potion Belt","Toxic Egg 2","Toy Ornithopter","Oddly Smooth Stone","Lantern","Juzu Bracelet"],"acts_visited":["Exordium","TheCity","TheBeyond"],"potions_floor_usage":[50,50],"damage_taken":[{"damage":7.0,"enemies":"Jaw Worm","floor":2.0,"turns":3.0},{"damage":8.0,"enemies":"Cultist","floor":3.0,"turns":3.0},{"damage":9.0,"enemies":"Small Slimes","floor":5.0,"turns":3.0},{"damage":12.0,"enemies":"2 Fungi Beasts","floor":6.0,"turns":3.0},{"damage":4.0,"enemies":"downfall:FleeingMerchant","floor":8.0,"turns":4.0},{"damage":27.0,"enemies":"Gremlin Nob","floor":9.0,"turns":4.0},{"damage":11.0,"enemies":"Large Slime","floor":10.0,"turns":5.0},{"damage":22.0,"enemies":"Lagavulin","floor":11.0,"turns":5.0},{"damage":6.0,"enemies":"3 Louse","floor":12.0,"turns":4.0},{"damage":4.0,"enemies":"downfall:FleeingMerchant","floor":13.0,"turns":4.0},{"damage":3.0,"enemies":"Large Slime","floor":15.0,"turns":3.0},{"damage":49.0,"enemies":"downfall:Defect","floor":16.0,"turns":6.0},{"damage":36.0,"enemies":"3 Byrds","floor":19.0,"turns":6.0},{"damage":31.0,"enemies":"Chosen","floor":20.0,"turns":4.0},{"damage":29.0,"enemies":"Sentry and Sphere","floor":21.0,"turns":5.0},{"damage":14.0,"enemies":"Snecko","floor":22.0,"turns":4.0},{"damage":25.0,"enemies":"Cultist and Chosen","floor":23.0,"turns":6.0},{"damage":26.0,"enemies":"Replay:Snechameleon","floor":25.0,"turns":6.0},{"damage":37.0,"enemies":"Gremlin Leader","floor":27.0,"turns":7.0},{"damage":12.0,"enemies":"3 Cultists","floor":28.0,"turns":5.0},{"damage":6.0,"enemies":"Snecko","floor":31.0,"turns":4.0},{"damage":27.0,"enemies":"Sentry and Sphere","floor":32.0,"turns":4.0},{"damage":54.0,"enemies":"downfall:Watcher","floor":33.0,"turns":6.0},{"damage":19.0,"enemies":"3 Shapes","floor":36.0,"turns":3.0},{"damage":21.0,"enemies":"3 Darklings","floor":38.0,"turns":6.0},{"damage":35.0,"enemies":"Transient","floor":39.0,"turns":5.0},{"damage":86.0,"enemies":"Reptomancer","floor":40.0,"turns":6.0},{"damage":41.0,"enemies":"Spire Growth","floor":42.0,"turns":4.0},{"damage":45.0,"enemies":"Jaw Worm Horde","floor":44.0,"turns":5.0},{"damage":48.0,"enemies":"Giant Head","floor":45.0,"turns":6.0},{"damage":34.0,"enemies":"Sphere and 2 Shapes","floor":46.0,"turns":3.0},{"damage":37.0,"enemies":"Writhing Mass","floor":47.0,"turns":4.0},{"damage":76.0,"enemies":"Nightmare","floor":48.0,"turns":7.0},{"damage":62.0,"enemies":"Maw","floor":49.0,"turns":5.0},{"damage":85,"enemies":"downfall:Silent","floor":50,"turns":4}],"seed_played":"8731693463687763564","potions_obtained":[{"floor":5.0,"key":"Swift Potion"},{"floor":9.0,"key":"EssenceOfSteel"},{"floor":12.0,"key":"sneckomod:MuddlingPotion"},{"floor":16.0,"key":"Reflective Coating"},{"floor":19.0,"key":"sneckomod:MuddlingPotion"},{"floor":22.0,"key":"Venom Potion"},{"floor":25.0,"key":"GamblersBrew"},{"floor":31.0,"key":"FearPotion"},{"floor":33.0,"key":"GamblersBrew"},{"floor":39.0,"key":"Explosive Potion"},{"floor":40.0,"key":"EssenceOfSteel"},{"floor":45.0,"key":"Guardian:BlockOnCardUsePotion"},{"floor":46.0,"key":"Dexterity Potion"},{"floor":47.0,"key":"Slimebound:SlimedPotion"},{"floor":49.0,"key":"Explosive Potion"}],"is_trial":false,"path_per_floor":["R_BF","M","M","?","M","M","T","$","E","M","E","M","$","?","M","B",null,"R_BF","M","M","M","M","M","T","E","?","E","M","?","AVR","M","M","B",null,"R_BF","M","?","M","M","E","T","M","R","M","E","M","M","NM","M","B"],"character_chosen":"SLIMEBOUND","items_purchased":["Slimebound:LevelUp","Slimebound:SamplingLick","Slimebound:AcidTongue"],"campfire_rested":1,"item_purchase_floors":[8,8,13],"current_hp_per_floor":[66,66,66,66,66,62,62,66,51,64,54,64,66,66,63,37,66,66,62,62,66,60,66,66,63,47,66,66,66,66,64,66,59,64,64,66,66,66,66,35,35,41,60,58,66,66,66,37,46,0,0,0],"gold":644,"neow_bonus":"TEN_PERCENT_HP_BONUS","is_daily":false,"chose_seed":false,"campfire_upgraded":0,"win_rate":0.0,"timestamp":1608995391,"path_taken":["R_BF","M","M","?","M","M","T","$","E","M","E","?","$","?","M","BOSS","R_BF","M","M","M","M","M","T","E","?","E","M","?","AVR","?","M","BOSS","R_BF","M","?","M","M","E","T","M","R","M","E","M","M","NM","M","BOSS"],"items_purchased_type":["Card","Card","Card"],"build_version":"2020-12-22","purchased_purges":0,"victory":false,"max_hp_per_floor":[66,66,66,66,66,66,66,66,66,66,66,66,66,66,66,66,66,66,66,66,66,66,66,66,66,66,66,66,66,66,66,66,66,66,66,66,66,66,66,66,66,66,66,66,66,66,66,66,66,66,66,66],"card_choices":[{"not_picked":["Slimebound:Nibble","Slimebound:ViciousTackle"],"picked":"Slimebound:Schlurp","floor":2.0},{"not_picked":["Slimebound:GoopTackle","Slimebound:FirmFortitude"],"picked":"Slimebound:TongueLash","floor":3.0},{"not_picked":["Slimebound:GoopSpray","Slimebound:SlimeSpikes"],"picked":"Slimebound:LeechingTouch","floor":5.0},{"not_picked":["Slimebound:ComboTackle","Slimebound:DivideAndConquer"],"picked":"Slimebound:DisruptingSlam","floor":6.0},{"not_picked":["Slimebound:FinishingTackle","Slimebound:SplitBruiser"],"picked":"Slimebound:SamplingLick","floor":8.0},{"not_picked":["Slimebound:ProtectTheBoss","Slimebound:SplitAcid"],"picked":"Slimebound:RainOfGoop","floor":9.0},{"not_picked":["Slimebound:FlameTackle","Slimebound:HungryTackle"],"picked":"Slimebound:DouseInSlime","floor":10.0},{"not_picked":["Slimebound:LeechEnergy","Slimebound:Nibble"],"picked":"Slimebound:LivingWall","floor":11.0},{"not_picked":["Slimebound:SplitSpecialist","Slimebound:SplitBruiser"],"picked":"Slimebound:Schlurp","floor":12.0},{"not_picked":["Slimebound:ServeAndProtect","Slimebound:BestDefense"],"picked":"Slimebound:Recollect","floor":13.0},{"not_picked":["Slimebound:HungryTackle","Slimebound:Schlurp"],"picked":"Slimebound:SplitLeeching","floor":15.0},{"not_picked":["Slimebound:OneTwoCombo","Slimebound:Teamwork"],"picked":"Slimebound:Recycling","floor":16.0},{"not_picked":["Slimebound:RollThrough","Slimebound:SplitAcid"],"picked":"Slimebound:Recollect","floor":19.0},{"not_picked":["Slimebound:PressTheAttack","Slimebound:AcidTongue+1"],"picked":"Slimebound:SplitMire","floor":20.0},{"not_picked":["Slimebound:SplitLeeching","Slimebound:GoopSpray"],"picked":"Slimebound:SlimeSpikes+1","floor":21.0},{"not_picked":["Slimebound:LivingWall","Slimebound:SlimeTap"],"picked":"Slimebound:Equalize","floor":22.0},{"not_picked":["Slimebound:OneTwoCombo","Slimebound:SplitBruiser+1"],"picked":"Slimebound:LeechingTouch","floor":23.0},{"not_picked":["Slimebound:MassFeed","Slimebound:GrowthPunch+1"],"picked":"Slimebound:LeechEnergy","floor":25.0},{"not_picked":["Slimebound:ServeAndProtect","Slimebound:LeechingTouch"],"picked":"Slimebound:TongueLash","floor":27.0},{"not_picked":["Slimebound:DivideAndConquer+1","Slimebound:LeechingTouch","Slimebound:GrowthPunch"],"picked":"SKIP","floor":28.0},{"not_picked":["Slimebound:DivideAndConquer","Slimebound:SplitBruiser"],"picked":"Slimebound:Gluttony","floor":31.0},{"not_picked":["Slimebound:SamplingLick","Slimebound:HauntingLick"],"picked":"Slimebound:SplitMire","floor":32.0},{"not_picked":["Slimebound:SelfFormingGoo","Slimebound:LeechLife"],"picked":"Slimebound:OozeBath","floor":33.0},{"not_picked":["Slimebound:LeechingTouch","Slimebound:SplitLeeching+1"],"picked":"Slimebound:SplitMire","floor":36.0},{"not_picked":["Slimebound:SlimeTap+1","Slimebound:LeadByExample"],"picked":"Slimebound:SplitSpecialist+1","floor":38.0},{"not_picked":["Slimebound:SplitAcid+1","Slimebound:SlimeTap+1","Slimebound:ViciousTackle+1"],"picked":"SKIP","floor":39.0},{"not_picked":["Slimebound:Darklings+1","Slimebound:GrowthPunch","Slimebound:RollThrough"],"picked":"SKIP","floor":40.0},{"not_picked":["Slimebound:SplitLeeching+1","Slimebound:SamplingLick+1"],"picked":"Slimebound:RejuvenatingLick+1","floor":42.0},{"not_picked":["Slimebound:Schlurp+1","Slimebound:DivideAndConquer+1"],"picked":"Slimebound:MassRepurpose+1","floor":44.0},{"not_picked":["Slimebound:ViciousTackle","Slimebound:ComboTackle+1"],"picked":"Slimebound:HauntingLick+1","floor":45.0},{"not_picked":["Slimebound:ComboTackle","Slimebound:LeechEnergy+1"],"picked":"Slimebound:SplitMire+1","floor":46.0},{"not_picked":["Slimebound:ViciousTackle","Slimebound:FinishingTackle+1","Slimebound:LeechingTouch"],"picked":"SKIP","floor":47.0},{"not_picked":["Slimebound:GoopSpray+1","Slimebound:SplitMire+1"],"picked":"Slimebound:MegaLick+1","floor":48.0},{"not_picked":["Slimebound:SplitBruiser+1","Slimebound:LevelUp"],"picked":"Slimebound:SlimeSpikes+1","floor":49.0}],"player_experience":218417,"relics_obtained":[{"floor":9.0,"key":"hubris:SlimyHat"},{"floor":11.0,"key":"ReplayTheSpireMod:Ninjato"},{"floor":14.0,"key":"Ancient Tea Set"},{"floor":24.0,"key":"Replay:Wax Seal"},{"floor":25.0,"key":"StoneCalendar"},{"floor":26.0,"key":"Nilry\u0027s Codex"},{"floor":27.0,"key":"War Paint"},{"floor":35.0,"key":"Potion Belt"},{"floor":37.0,"key":"Toxic Egg 2"},{"floor":40.0,"key":"Toy Ornithopter"},{"floor":41.0,"key":"Oddly Smooth Stone"},{"floor":45.0,"key":"Lantern"},{"floor":48.0,"key":"Juzu Bracelet"}],"event_choices":[{"damage_healed":0.0,"max_hp_gain":0.0,"max_hp_loss":0.0,"gold_gain":0.0,"event_name":"Accursed Blacksmith","player_choice":"Forge","floor":4.0,"gold_loss":0.0,"damage_taken":0.0,"cards_upgraded":["Slimebound:CorrosiveSpit"]},{"damage_healed":0.0,"max_hp_gain":0.0,"max_hp_loss":0.0,"gold_gain":0.0,"cards_transformed":["Slimebound:Strike_Slimebound","Slimebound:Defend_Slimebound"],"event_name":"Drug Dealer","player_choice":"Became Test Subject","floor":18.0,"gold_loss":0.0,"damage_taken":0.0,"cards_obtained":["Slimebound:DuplicatedForm","Slimebound:ItLooksTasty"]},{"cards_removed":["Slimebound:Defend_Slimebound"],"damage_healed":0.0,"max_hp_gain":0.0,"max_hp_loss":0.0,"gold_gain":0.0,"event_name":"Bonfire Elementals","player_choice":"Offered Basic","floor":29.0,"gold_loss":0.0,"damage_taken":0.0}],"is_beta":false,"boss_relics":[{"not_picked":["hubris:GrandSneckoEye","Empty Cage"],"picked":"Runic Pyramid"},{"not_picked":["hubris:HollowSoul","Honey Jar"],"picked":"Replay:Grab Bag"},{"not_picked":["Velvet Choker","Slimebound:TarBlob"],"picked":"Fusion Hammer"},{"not_picked":["Replay:Wanted Poster","ChewingGum"],"picked":"hubris:TerracottaHorce"},{"not_picked":["hubris:Stopwatch","Pandora\u0027s Box"],"picked":"SlaversCollar"},{"not_picked":["ReplayTheSpireMod:SealedPack","Black Star"],"picked":"hubris:Backtick"}],"items_purged_floors":[],"is_endless":false,"potions_floor_spawned":[5,9,12,16,19,22,25,31,33,39,40,45,46,47,49],"killed_by":"downfall:Silent","ascension_level":1}}