{"host":"sctafptk02a6u9c8","time":1608981841,"event":{"mods":["BaseMod","Chen","Friendly Minions","KinomotoSakuraMod(木之本樱)","Kiyohime（清姬）","Koishi","Marisa（F雨　魔理沙）","Minty Spire (QoL Compilation)","Prisma Mod","READ ME - Guardian Mod","Reimu（博丽灵梦）","Remilia（蕾米莉亚）","RumiaBox-露米娅的神秘盒子","StSLib","Td1madao Mod","The Alterego","The Servant 0.9.4","WarShipGirlsR/战舰少女R mod","Yakumo Yukari mod","Youmu（魂魄妖梦）","Yuyuko"],"gold_per_floor":[110,129,142,159,159,198,198,234,289,328,344,344,519,534,534,534,534],"floor_reached":16,"playtime":1641,"items_purged":[],"score":147,"play_id":"9a64316c-17ab-49cd-8aa2-47513f94a6f7","local_time":"20201226192401","is_ascension_mode":false,"campfire_choices":[{"floor":7.0,"key":"REST"},{"floor":12,"key":"REST"},{"data":"alterego_mod:1TonWallop","floor":15,"key":"SMITH"}],"circlet_count":0,"master_deck":["alterego_mod:Strike","alterego_mod:Strike","alterego_mod:Strike","alterego_mod:Strike","alterego_mod:Defend","alterego_mod:Defend","alterego_mod:Defend","alterego_mod:Defend","alterego_mod:Impale","alterego_mod:BigMeatyClaws","alterego_mod:BrynhildrsRune","alterego_mod:1TonWallop+1","alterego_mod:GoddessCore","alterego_mod:Pet","alterego_mod:ChallengeComplete","alterego_mod:VirginLaserPalladion","alterego_mod:MaintainEyeContact","alterego_mod:Alter","alterego_mod:Nekomimi","Doubt","alterego_mod:Swimsuit"],"relics":["alterego_mod:MasochisticConstitution","Golden Idol","CaptainsWheel","Sundial","Regal Pillow","Ccalipers"],"acts_visited":["Exordium"],"potions_floor_usage":[10,16,16],"damage_taken":[{"damage":8.0,"enemies":"Jaw Worm","floor":1.0,"turns":3.0},{"damage":16.0,"enemies":"Small Slimes","floor":2.0,"turns":4.0},{"damage":4.0,"enemies":"2 Louse","floor":3.0,"turns":3.0},{"damage":16.0,"enemies":"Looter","floor":4.0,"turns":4.0},{"damage":16.0,"enemies":"Lagavulin","floor":6.0,"turns":8.0},{"damage":20.0,"enemies":"Gremlin Nob","floor":8.0,"turns":5.0},{"damage":13,"enemies":"3 Sentries","floor":10,"turns":3},{"damage":15,"enemies":"Large Slime","floor":11,"turns":5},{"damage":21,"enemies":"Gremlin Gang","floor":14,"turns":7},{"damage":132,"enemies":"The Guardian","floor":16,"turns":12}],"seed_played":"7243219250348989398","potions_obtained":[{"floor":2.0,"key":"GamblersBrew"},{"floor":4.0,"key":"MagicPotion:ReiMu"},{"floor":8.0,"key":"DuplicationPotion"},{"floor":14,"key":"SkillPotion"}],"is_trial":false,"path_per_floor":["M","M","M","M","?","E","R","E","T","E","M","R","?","M","R","B"],"character_chosen":"The_Alterego","items_purchased":[],"campfire_rested":2,"item_purchase_floors":[],"current_hp_per_floor":[70,62,66,58,38,30,54,35,35,23,9,49,49,36,36,0,0],"gold":534,"neow_bonus":"TEN_PERCENT_HP_BONUS","is_daily":false,"chose_seed":false,"campfire_upgraded":1,"win_rate":0.0,"timestamp":1608981841,"path_taken":["M","M","M","M","?","E","R","E","T","E","M","R","?","M","R","BOSS"],"items_purchased_type":[],"build_version":"2020-12-22","purchased_purges":0,"victory":false,"max_hp_per_floor":[78,79,80,81,81,82,82,83,83,84,85,85,85,86,86,86,86],"card_choices":[{"not_picked":["alterego_mod:MagicResistance","alterego_mod:Undulate"],"picked":"alterego_mod:1TonWallop","floor":1.0},{"not_picked":["alterego_mod:PerceptionDisorder","alterego_mod:Cycle"],"picked":"alterego_mod:GoddessCore","floor":2.0},{"not_picked":["alterego_mod:1TonWallop","alterego_mod:MagicResistance"],"picked":"alterego_mod:Pet","floor":3.0},{"not_picked":["alterego_mod:Clap","alterego_mod:Maid"],"picked":"alterego_mod:ChallengeComplete","floor":4.0},{"not_picked":["alterego_mod:BoobPocket","alterego_mod:Birthday"],"picked":"alterego_mod:VirginLaserPalladion","floor":6.0},{"not_picked":["alterego_mod:Table","alterego_mod:Birthday"],"picked":"alterego_mod:MaintainEyeContact","floor":8.0},{"not_picked":["alterego_mod:GoddessCore","alterego_mod:Mirror"],"picked":"alterego_mod:Alter","floor":10},{"not_picked":["alterego_mod:Skirt","alterego_mod:DestructionOfProperty"],"picked":"alterego_mod:Nekomimi","floor":11},{"not_picked":["alterego_mod:Skirt","alterego_mod:Cooking"],"picked":"alterego_mod:Swimsuit","floor":14}],"player_experience":389515,"relics_obtained":[{"floor":6.0,"key":"CaptainsWheel"},{"floor":8.0,"key":"Sundial"},{"floor":9.0,"key":"Regal Pillow"},{"floor":10,"key":"Ccalipers"}],"event_choices":[{"damage_healed":0.0,"max_hp_gain":0.0,"max_hp_loss":0.0,"gold_gain":0.0,"event_name":"Golden Idol","player_choice":"Take Damage","floor":5.0,"gold_loss":0.0,"damage_taken":20.0,"relics_obtained":["Golden Idol"]},{"damage_healed":0,"gold_gain":175,"player_choice":"AGREE","damage_taken":0,"max_hp_gain":0,"max_hp_loss":0,"event_name":"Liars Game","floor":13,"gold_loss":0,"cards_obtained":["Doubt"]}],"is_beta":false,"boss_relics":[],"items_purged_floors":[],"is_endless":false,"potions_floor_spawned":[2,4,8,14],"killed_by":"The Guardian","ascension_level":0}}