{"host":"50uxab2we00pv8w9","time":1608969945,"event":{"mods":["BaseMod","Better Third Choice","BetterRewards","Conspire","Curses Come First","Defuse TimeMaze Blight","Downfall","Energized Spire","Hubris","Infinite Spire","Minty Spire (QoL Compilation)","Quick Restart","Random Character Button","Relic Sorter","Replay The Spire","StSLib","The Blue Laboratory","Uncapped"],"gold_per_floor":[115,115,215,225,6,41,53,53,78,78,92,112,112,129,129,225,225,243,261,261,274,274,303,303,332,332,349,62,62,95,95,95,194,194,213,213,213,213,229,229,261,276,276,130,148,267,283,283,283],"floor_reached":48,"playtime":3491,"items_purged":[],"score":782,"play_id":"923709c1-ba98-4881-8cd3-cd52c357f82e","local_time":"20201226030545","is_ascension_mode":true,"campfire_choices":[{"data":"MasterReality","floor":8,"key":"SMITH"},{"data":"Study","floor":10,"key":"SMITH"},{"data":"Eruption","floor":13,"key":"SMITH"},{"data":"Collect","floor":15,"key":"SMITH"},{"floor":24,"key":"REST"},{"floor":32,"key":"DIG"},{"data":"Vault","floor":40,"key":"SMITH"}],"circlet_count":0,"master_deck":["Strike_P","Strike_P","Strike_P","Strike_P","Defend_P","Eruption+1","expansioncontent:PrepareCrush","Study+1","FlyingSleeves","hubris:Wrath","JustLucky","Secret Technique","MasterReality+1","Consecrate","Weave","CutThroughFate","Perseverance","Collect+1","BattleHymn","Brilliance","FollowUp+1","Adaptation","SashWhip","Sanctity","Halt","SashWhip","Scrawl","ThirdEye","hubris:InfiniteBlow","Devotion","JustLucky","infinitespire:UltimateForm","Vault+1","ForeignInfluence+1","Parasite","ForeignInfluence+1","EmptyFist","JustLucky+1"],"relics":["PureWater","hubris:Icosahedron","Sling","conspire:Boomerang","Replay:PocketPolymizer","ReplayTheSpireMod:CursedCoin","Boot","Vajra","Regal Pillow","Empty Cage","HornCleat","Orichalcum","conspire:Flyswatter","hubris:GlazedTorus","conspire:GiftBox","hubris:BottledRain","hubris:ToyBattleship","VioletLotus","Kunai","Anchor","Lee\u0027s Waffle"],"acts_visited":["Exordium","TheCity","TheBeyond"],"potions_floor_usage":[7,7,11,16,23,27,39,39,45],"damage_taken":[{"damage":0,"enemies":"2 Louse","floor":1,"turns":2},{"damage":0,"enemies":"Small Slimes","floor":4,"turns":2},{"damage":2,"enemies":"3 Sentries","floor":6,"turns":5},{"damage":4,"enemies":"infinitespire:Voidling","floor":7,"turns":4},{"damage":5,"enemies":"Red Slaver","floor":11,"turns":2},{"damage":0,"enemies":"Large Slime","floor":12,"turns":2},{"damage":0,"enemies":"conspire:2 RoseBushes","floor":14,"turns":3},{"damage":49,"enemies":"Hexaghost","floor":16,"turns":4},{"damage":21,"enemies":"2 Thieves","floor":18,"turns":4},{"damage":7,"enemies":"conspire:FuzzyDice","floor":19,"turns":4},{"damage":3,"enemies":"Snake Plant","floor":21,"turns":2},{"damage":33,"enemies":"Book of Stabbing","floor":23,"turns":4},{"damage":0,"enemies":"conspire:Head Lice","floor":25,"turns":4},{"damage":9,"enemies":"Centurion and Healer","floor":27,"turns":4},{"damage":8,"enemies":"Replay:Snechameleon","floor":30,"turns":3},{"damage":30,"enemies":"Collector","floor":33,"turns":5},{"damage":0,"enemies":"Orb Walker","floor":35,"turns":3},{"damage":12,"enemies":"3 Darklings","floor":39,"turns":3},{"damage":11,"enemies":"Nemesis","floor":41,"turns":6},{"damage":0,"enemies":"Jaw Worm Horde","floor":42,"turns":4},{"damage":9,"enemies":"Writhing Mass","floor":45,"turns":4},{"damage":11,"enemies":"3 Darklings","floor":46,"turns":5},{"damage":1,"enemies":"Maw","floor":47,"turns":6},{"damage":64,"enemies":"Nightmare","floor":48,"turns":8}],"seed_played":"4115808486985396191","potions_obtained":[{"floor":1,"key":"blueLaboratory:BottledHope"},{"floor":6,"key":"blueLaboratory:FrostheartPotion"},{"floor":7,"key":"Adrenaline Potion"},{"floor":11,"key":"blueLaboratory:FruitPreserves"},{"floor":21,"key":"LiquidMemories"},{"floor":25,"key":"Explosive Potion"},{"floor":27,"key":"GamblersBrew"},{"floor":33,"key":"ColorlessPotion"},{"floor":39,"key":"Languid Potion"},{"floor":47,"key":"StancePotion"}],"is_trial":false,"path_per_floor":["M","?","?","M","$","E","M","R","T","R","M","M","R","M","R","B",null,"M","M","?","M","?","E","R","E","T","M","$","?","E","AVR","R","B",null,"M","?","?","?","M","R","E","M","T","$","M","M","M","NM"],"character_chosen":"WATCHER","items_purchased":["Sling","expansioncontent:PrepareCrush","Study","ReplayTheSpireMod:CursedCoin","JustLucky","Boot","Secret Technique","hubris:GlazedTorus","Lee\u0027s Waffle"],"campfire_rested":1,"item_purchase_floors":[0,0,0,5,5,5,5,28,44],"current_hp_per_floor":[65,65,65,65,65,63,63,63,63,63,58,58,58,58,58,31,72,51,44,44,41,38,5,41,41,41,32,32,56,48,48,48,18,72,72,72,72,53,41,41,30,30,30,79,70,59,58,0,0],"gold":283,"neow_bonus":"","is_daily":false,"chose_seed":false,"campfire_upgraded":5,"win_rate":0.0,"timestamp":1608969945,"path_taken":["M","?","?","?","?","E","M","R","T","R","M","M","R","M","R","BOSS","M","M","?","M","?","E","R","E","T","?","$","?","E","AVR","R","BOSS","M","?","?","?","M","R","E","M","T","?","M","M","M","NM"],"items_purchased_type":["Relic","Card","Card","Relic","Card","Relic","Card","Relic","Relic"],"build_version":"2020-12-22","purchased_purges":0,"victory":false,"max_hp_per_floor":[72,72,72,72,72,72,72,72,72,72,72,72,72,72,72,72,72,72,72,72,72,72,72,72,72,72,72,72,72,72,72,72,72,72,72,72,72,72,72,72,72,72,72,79,79,79,79,79,79],"card_choices":[{"not_picked":["Replay:BluntJabs","Protect"],"picked":"FlyingSleeves","floor":1},{"not_picked":["Prostrate","Protect"],"picked":"EmptyBody","floor":4},{"not_picked":["PathToVictory","EmptyBody"],"picked":"MasterReality","floor":6},{"not_picked":["Protect","FlurryOfBlows"],"picked":"Consecrate","floor":7},{"not_picked":["Prostrate","EmptyBody"],"picked":"Weave","floor":11},{"not_picked":["EmptyBody","Protect"],"picked":"CutThroughFate","floor":12},{"not_picked":["FollowUp","Ragnarok"],"picked":"Collect","floor":14},{"not_picked":["MasterReality","ConjureBlade"],"picked":"Brilliance","floor":16},{"not_picked":["Fasting2","CrushJoints"],"picked":"FollowUp+1","floor":18},{"not_picked":["Replay:AtTheReady+1","Halt"],"picked":"ClearTheMind","floor":19},{"not_picked":["SashWhip+1","Indignation"],"picked":"Adaptation","floor":21},{"not_picked":["FearNoEvil","Replay:BluntJabs"],"picked":"SashWhip","floor":23},{"not_picked":["MentalFortress","SignatureMove+1"],"picked":"Halt","floor":25},{"not_picked":["Protect","Replay:AtTheReady"],"picked":"SashWhip","floor":27},{"not_picked":["DevaForm","Wish"],"picked":"Scrawl","floor":30},{"not_picked":["EmptyMind","FlurryOfBlows"],"picked":"ThirdEye","floor":30},{"not_picked":["SpiritShield","Judgement"],"picked":"Devotion","floor":33},{"not_picked":["PathToVictory","Conclude+1"],"picked":"JustLucky","floor":35},{"not_picked":["infinitespire:Oblivion","hubris:InfiniteBlow"],"picked":"infinitespire:UltimateForm","floor":38},{"not_picked":["FollowUp+1","BowlingBash"],"picked":"Vault","floor":39},{"not_picked":["Indignation","WindmillStrike"],"picked":"ForeignInfluence+1","floor":41},{"not_picked":["Conclude+1","TalkToTheHand","Swivel+1"],"picked":"SKIP","floor":42},{"not_picked":["WheelKick+1","ClearTheMind"],"picked":"ForeignInfluence+1","floor":45},{"not_picked":["ThirdEye","BowlingBash+1"],"picked":"EmptyFist","floor":46},{"not_picked":["EmptyFist","SandsOfTime+1"],"picked":"JustLucky+1","floor":47}],"player_experience":149493,"relics_obtained":[{"floor":2,"key":"Replay:PocketPolymizer"},{"floor":6,"key":"Vajra"},{"floor":9,"key":"Regal Pillow"},{"floor":23,"key":"HornCleat"},{"floor":25,"key":"Orichalcum"},{"floor":26,"key":"conspire:Flyswatter"},{"floor":30,"key":"conspire:GiftBox"},{"floor":32,"key":"hubris:ToyBattleship"},{"floor":41,"key":"Kunai"},{"floor":43,"key":"Anchor"}],"event_choices":[{"damage_healed":0,"gold_gain":100,"player_choice":"Gold","damage_taken":0,"max_hp_gain":0,"max_hp_loss":0,"event_name":"Wheel of Change","floor":3,"gold_loss":0},{"damage_healed":0,"gold_gain":0,"player_choice":"Ignored","damage_taken":0,"max_hp_gain":0,"max_hp_loss":0,"event_name":"Ghosts","floor":20,"gold_loss":0},{"damage_healed":0,"gold_gain":0,"player_choice":"Punched","damage_taken":3,"max_hp_gain":0,"max_hp_loss":0,"event_name":"Designer","floor":22,"gold_loss":0},{"damage_healed":24,"gold_gain":0,"player_choice":"Heal","damage_taken":0,"max_hp_gain":0,"max_hp_loss":0,"event_name":"The Library","floor":29,"gold_loss":0},{"cards_removed":["ClearTheMind"],"damage_healed":0,"gold_gain":0,"player_choice":"Removed Skill","damage_taken":0,"max_hp_gain":0,"max_hp_loss":0,"event_name":"Falling","floor":36,"gold_loss":0}],"is_beta":false,"boss_relics":[{"not_picked":["Snecko Eye","HolyWater"],"picked":"Empty Cage"},{"not_picked":["hubris:VirtuousBlindfold","Pandora\u0027s Box"],"picked":"VioletLotus"}],"items_purged_floors":[],"is_endless":false,"potions_floor_spawned":[1,6,7,11,21,25,27,33,39,47],"killed_by":"Nightmare","ascension_level":1}}