{"host":"8u7tvcybuv0u72fd","time":1608957518,"event":{"mods":["BaseMod","BetterRewards","Colored Map","Colored Powertips","Minty Spire (QoL Compilation)","Quick Restart","Shop Mod"],"gold_per_floor":[109,109,123,123,123,123,148,148,148,158,169,169,194,194,194,298,298,311,331,342,355,375,375,403,418,418,418,430,430,430,442,442,541,541,556,606,606,606,357,357,389,408,408,408,418,431,124,159,159,159,159,159,17,48,48,48],"floor_reached":55,"playtime":3152,"items_purged":["Strike_R"],"score":947,"play_id":"be34ef84-7d8b-4fb0-bb15-f93e8f6c8e52","local_time":"20201225233838","is_ascension_mode":false,"campfire_choices":[{"data":"Bash","floor":6.0,"key":"SMITH"},{"data":"Defend_R","floor":8.0,"key":"SMITH"},{"data":"Hemokinesis","floor":15.0,"key":"SMITH"},{"data":"Shrug It Off","floor":23.0,"key":"SMITH"},{"data":"Seeing Red","floor":27.0,"key":"SMITH"},{"data":"Offering","floor":30.0,"key":"SMITH"},{"floor":32.0,"key":"REST"},{"data":"Exhume","floor":40.0,"key":"SMITH"},{"floor":44.0,"key":"RECALL"},{"data":"Spot Weakness","floor":49.0,"key":"SMITH"},{"data":"Defend_R","floor":52,"key":"SMITH"}],"circlet_count":0,"master_deck":["Strike_R","Strike_R+1","Strike_R+1","Defend_R","Defend_R+1","Defend_R+1","Bash+1","Offering+1","Seeing Red+1","Shrug It Off+1","Exhume+1","Clash+1","Battle Trance+1","Uppercut+1","Spot Weakness+1","Dark Shackles","Anger+1"],"relics":["Burning Blood","FossilizedHelix","Pear","Orichalcum","Ornamental Fan","Happy Flower","Bag of Preparation","SacredBark","Strawberry","Oddly Smooth Stone","Busted Crown","Champion Belt","Vajra","Smiling Mask","HornCleat","Omamori","Sundial"],"acts_visited":["Exordium","TheCity","TheBeyond","TheEnding"],"potions_floor_usage":[50,54,55],"damage_taken":[{"damage":2.0,"enemies":"Jaw Worm","floor":1.0,"turns":3.0},{"damage":0.0,"enemies":"2 Louse","floor":3.0,"turns":4.0},{"damage":13.0,"enemies":"Lagavulin","floor":7.0,"turns":6.0},{"damage":0.0,"enemies":"Cultist","floor":10.0,"turns":3.0},{"damage":7.0,"enemies":"Gremlin Gang","floor":11.0,"turns":4.0},{"damage":19.0,"enemies":"Hexaghost","floor":16.0,"turns":8.0},{"damage":4.0,"enemies":"Chosen","floor":18.0,"turns":2.0},{"damage":8.0,"enemies":"3 Byrds","floor":19.0,"turns":5.0},{"damage":6.0,"enemies":"Centurion and Healer","floor":20.0,"turns":4.0},{"damage":2.0,"enemies":"Sentry and Sphere","floor":21.0,"turns":2.0},{"damage":21.0,"enemies":"Shelled Parasite and Fungi","floor":22.0,"turns":4.0},{"damage":17.0,"enemies":"Book of Stabbing","floor":24.0,"turns":5.0},{"damage":12.0,"enemies":"Chosen and Byrds","floor":25.0,"turns":6.0},{"damage":2.0,"enemies":"Snake Plant","floor":28.0,"turns":3.0},{"damage":13.0,"enemies":"Snecko","floor":31.0,"turns":3.0},{"damage":65.0,"enemies":"Automaton","floor":33.0,"turns":8.0},{"damage":9.0,"enemies":"3 Shapes","floor":35.0,"turns":4.0},{"damage":6.0,"enemies":"Mind Bloom Boss Battle","floor":36.0,"turns":5.0},{"damage":0.0,"enemies":"Giant Head","floor":41.0,"turns":5.0},{"damage":0.0,"enemies":"Orb Walker","floor":42.0,"turns":2.0},{"damage":0.0,"enemies":"Jaw Worm Horde","floor":45.0,"turns":3.0},{"damage":1.0,"enemies":"Spire Growth","floor":46.0,"turns":3.0},{"damage":33.0,"enemies":"Nemesis","floor":48.0,"turns":7.0},{"damage":68,"enemies":"Time Eater","floor":50,"turns":9},{"damage":11,"enemies":"Shield and Spear","floor":54,"turns":6},{"damage":105,"enemies":"The Heart","floor":55,"turns":8}],"seed_played":"-2197590790321865755","potions_obtained":[{"floor":3.0,"key":"Weak Potion"},{"floor":7.0,"key":"Weak Potion"},{"floor":11.0,"key":"SkillPotion"},{"floor":16.0,"key":"Swift Potion"},{"floor":20.0,"key":"Fire Potion"},{"floor":21.0,"key":"Strength Potion"},{"floor":22.0,"key":"SpeedPotion"},{"floor":24.0,"key":"ElixirPotion"},{"floor":28.0,"key":"Weak Potion"},{"floor":31.0,"key":"PowerPotion"},{"floor":36.0,"key":"Strength Potion"},{"floor":46.0,"key":"LiquidMemories"},{"floor":48.0,"key":"FearPotion"}],"is_trial":false,"path_per_floor":["M","?","M","?","?","R","E","R","T","M","M","?","T","?","R","B",null,"M","M","M","M","M","R","E","M","T","R","M","$","R","M","R","B",null,"M","?","?","?","$","R","E","M","T","R","M","M","$","E","R","B",null,"R","$","E","B"],"character_chosen":"IRONCLAD","items_purchased":["Pear","BloodPotion","Fruit Juice","Vajra","HornCleat","SkillPotion","Fire Potion","Dark Shackles"],"campfire_rested":1,"item_purchase_floors":[0,0,39,39,47,47,53,53],"current_hp_per_floor":[68,61,67,49,49,49,42,42,42,48,47,35,35,53,53,40,90,90,88,88,90,75,75,71,65,65,65,69,69,69,62,91,32,97,94,94,94,94,104,104,107,107,107,107,107,107,107,80,80,18,107,107,107,102,0,0],"gold":48,"neow_bonus":"","is_daily":false,"chose_seed":false,"campfire_upgraded":9,"win_rate":0.0,"timestamp":1608957518,"path_taken":["M","?","M","?","?","R","E","R","T","?","?","?","?","?","R","BOSS","M","?","M","M","M","R","E","M","T","R","M","$","R","M","R","BOSS","M","?","?","?","?","R","E","M","T","R","M","?","$","E","R","BOSS","R","$","E","BOSS"],"items_purchased_type":["Relic","Potion","Potion","Relic","Relic","Potion","Potion","Card"],"build_version":"2020-12-22","purchased_purges":1,"victory":false,"max_hp_per_floor":[90,90,90,90,90,90,90,90,90,90,90,90,90,90,90,90,90,90,90,90,90,90,90,97,97,97,97,97,97,97,97,97,97,97,97,97,97,97,107,107,107,107,107,107,107,107,107,107,107,107,107,107,107,107,107,107],"card_choices":[{"not_picked":["Infernal Blade","Wild Strike","Pummel"],"picked":"SKIP","floor":1.0},{"not_picked":["Combust","Second Wind","Thunderclap"],"picked":"SKIP","floor":3.0},{"not_picked":["Reckless Charge","Combust","Burning Pact"],"picked":"SKIP","floor":7.0},{"not_picked":["Reckless Charge","Combust","Burning Pact"],"picked":"SKIP","floor":7.0},{"not_picked":["Thunderclap","Heavy Blade","Anger"],"picked":"SKIP","floor":10.0},{"not_picked":["True Grit","Combust","Sword Boomerang"],"picked":"SKIP","floor":11.0},{"not_picked":["Juggernaut","Limit Break"],"picked":"Offering","floor":16.0},{"not_picked":["Evolve","Battle Trance","Anger"],"picked":"SKIP","floor":18.0},{"not_picked":["Power Through","Dark Embrace","Warcry+1"],"picked":"SKIP","floor":19.0},{"not_picked":["True Grit","Ghostly Armor"],"picked":"Seeing Red","floor":20.0},{"not_picked":["Thunderclap","Spot Weakness","True Grit"],"picked":"SKIP","floor":21.0},{"not_picked":["True Grit+1","Power Through"],"picked":"Shrug It Off","floor":22.0},{"not_picked":["Clothesline","Rage","Sword Boomerang"],"picked":"SKIP","floor":24.0},{"not_picked":["Reckless Charge","Clothesline","Dark Embrace"],"picked":"SKIP","floor":25.0},{"not_picked":["Offering","True Grit+1","Dual Wield"],"picked":"SKIP","floor":28.0},{"not_picked":["Clothesline","Thunderclap","Sword Boomerang"],"picked":"SKIP","floor":31.0},{"not_picked":["Corruption","Reaper"],"picked":"Exhume","floor":33.0},{"not_picked":[],"picked":"Clash+1","floor":35.0},{"not_picked":[],"picked":"Battle Trance+1","floor":36.0},{"not_picked":[],"picked":"Uppercut+1","floor":41.0},{"not_picked":["Pommel Strike"],"picked":"SKIP","floor":42.0},{"not_picked":[],"picked":"Spot Weakness","floor":45.0},{"not_picked":["Clothesline"],"picked":"SKIP","floor":46.0},{"not_picked":["True Grit"],"picked":"SKIP","floor":48.0},{"not_picked":[],"picked":"Anger+1","floor":54}],"player_experience":1217854,"relics_obtained":[{"floor":7.0,"key":"Orichalcum"},{"floor":9.0,"key":"Ornamental Fan"},{"floor":13.0,"key":"Bag of Preparation"},{"floor":24.0,"key":"Strawberry"},{"floor":26.0,"key":"Oddly Smooth Stone"},{"floor":36.0,"key":"Champion Belt"},{"floor":41.0,"key":"Smiling Mask"},{"floor":48.0,"key":"Omamori"},{"floor":54,"key":"Sundial"}],"event_choices":[{"cards_removed":["Defend_R"],"damage_healed":0.0,"max_hp_gain":0.0,"max_hp_loss":0.0,"gold_gain":0.0,"event_name":"Golden Wing","player_choice":"Card Removal","floor":2.0,"gold_loss":0.0,"damage_taken":7.0},{"damage_healed":0.0,"max_hp_gain":0.0,"max_hp_loss":0.0,"gold_gain":0.0,"event_name":"Shining Light","player_choice":"Entered Light","floor":4.0,"gold_loss":0.0,"damage_taken":18.0,"cards_upgraded":["Strike_R","Strike_R"]},{"damage_healed":0.0,"max_hp_gain":0.0,"max_hp_loss":0.0,"gold_gain":0.0,"event_name":"Transmorgrifier","player_choice":"Ignored","floor":5.0,"gold_loss":0.0,"damage_taken":0.0},{"damage_healed":0.0,"max_hp_gain":0.0,"max_hp_loss":0.0,"gold_gain":0.0,"event_name":"Scrap Ooze","player_choice":"Success","floor":12.0,"gold_loss":0.0,"damage_taken":12.0,"relics_obtained":["Happy Flower"]},{"damage_healed":0.0,"max_hp_gain":0.0,"max_hp_loss":0.0,"gold_gain":0.0,"cards_transformed":["Strike_R"],"event_name":"Transmorgrifier","player_choice":"Transformed","floor":14.0,"gold_loss":0.0,"damage_taken":0.0,"cards_obtained":["Hemokinesis"]},{"damage_healed":0.0,"max_hp_gain":0.0,"max_hp_loss":0.0,"gold_gain":0.0,"event_name":"MindBloom","player_choice":"Fight","floor":36.0,"gold_loss":0.0,"damage_taken":0.0},{"cards_removed":["Hemokinesis"],"damage_healed":0.0,"max_hp_gain":0.0,"max_hp_loss":0.0,"gold_gain":0.0,"event_name":"Falling","player_choice":"Removed Attack","floor":37.0,"gold_loss":0.0,"damage_taken":0.0},{"damage_healed":0.0,"max_hp_gain":0.0,"max_hp_loss":0.0,"gold_gain":0.0,"event_name":"Mysterious Sphere","player_choice":"Ignored","floor":38.0,"gold_loss":0.0,"damage_taken":0.0}],"is_beta":false,"boss_relics":[{"not_picked":["Black Blood","Snecko Eye"],"picked":"SacredBark"},{"not_picked":["Runic Cube","Calling Bell"],"picked":"Busted Crown"}],"items_purged_floors":[0],"is_endless":false,"potions_floor_spawned":[3,7,11,16,20,21,22,24,28,31,36,46,48],"killed_by":"The Heart","ascension_level":0}}