{"host":"a5lz0e76zb3fcwkm","time":1608996292,"event":{"mods":["AchievementEnabler","BaseMod","Colored Map","Colored Powertips","Minty Spire (QoL Compilation)","StSLib","SuperFastMode"],"gold_per_floor":[116,2,77,90,90,90,117,134,182,196,196,471,499,518,518,597,597,612,527,372,372,386,401,401,413,439,451,462,462,502,502,502,502,502],"floor_reached":33,"playtime":835,"items_purged":["Strike_R","Regret"],"score":604,"play_id":"14e7eabd-0ffa-438a-bd9c-26272bcdcf9d","local_time":"20201227002452","is_ascension_mode":true,"campfire_choices":[{"data":"Fire Breathing","floor":6,"key":"SMITH"},{"data":"Evolve","floor":11,"key":"SMITH"},{"data":"Entrench","floor":15,"key":"SMITH"},{"floor":24,"key":"REST"},{"floor":29,"key":"REST"},{"data":"Dark Embrace","floor":32,"key":"SMITH"}],"circlet_count":0,"master_deck":["AscendersBane","Defend_R","Defend_R","Defend_R","Defend_R","Bash","Evolve+1","Fire Breathing+1","Wild Strike","Wild Strike","Entrench+1","Metallicize+1","Ghostly Armor+1","Offering+1","Shrug It Off","Second Wind+1","Shrug It Off+1","Dark Embrace+1"],"relics":["Burning Blood","NeowsBlessing","PreservedInsect","Omamori","Astrolabe","CaptainsWheel","Vajra","CeramicFish","The Courier"],"acts_visited":["Exordium","TheCity"],"potions_floor_usage":[28,28],"damage_taken":[{"damage":0,"enemies":"Small Slimes","floor":1,"turns":1},{"damage":0,"enemies":"Jaw Worm","floor":4,"turns":1},{"damage":0,"enemies":"Lagavulin","floor":7,"turns":2},{"damage":1,"enemies":"Cultist","floor":8,"turns":3},{"damage":8,"enemies":"Large Slime","floor":10,"turns":5},{"damage":17,"enemies":"3 Sentries","floor":13,"turns":3},{"damage":8,"enemies":"Exordium Thugs","floor":14,"turns":3},{"damage":38,"enemies":"Slime Boss","floor":16,"turns":5},{"damage":28,"enemies":"2 Thieves","floor":18,"turns":3},{"damage":6,"enemies":"Chosen","floor":22,"turns":4},{"damage":14,"enemies":"3 Cultists","floor":23,"turns":5},{"damage":6,"enemies":"Centurion and Healer","floor":25,"turns":4},{"damage":8,"enemies":"Snake Plant","floor":27,"turns":4},{"damage":7,"enemies":"Shelled Parasite and Fungi","floor":28,"turns":4},{"damage":17,"enemies":"Slavers","floor":30,"turns":4},{"damage":47,"enemies":"Collector","floor":33,"turns":6}],"seed_played":"7385966358807286980","potions_obtained":[{"floor":4,"key":"SteroidPotion"},{"floor":13,"key":"SkillPotion"},{"floor":14,"key":"Explosive Potion"},{"floor":22,"key":"LiquidMemories"},{"floor":25,"key":"SkillPotion"},{"floor":28,"key":"Fire Potion"}],"is_trial":false,"path_per_floor":["M","$","?","M","?","R","E","M","T","M","R","?","E","M","R","B",null,"M","?","$","?","M","M","R","M","T","M","M","R","E","T","R","B"],"character_chosen":"IRONCLAD","items_purchased":["Evolve","Shrug It Off"],"campfire_rested":2,"item_purchase_floors":[2,20],"current_hp_per_floor":[74,74,63,69,69,69,75,75,75,73,73,73,62,60,60,28,63,41,41,41,20,20,12,36,36,36,34,33,57,46,46,46,0,0],"gold":502,"neow_bonus":"THREE_ENEMY_KILL","is_daily":false,"chose_seed":false,"campfire_upgraded":4,"win_rate":0.0,"timestamp":1608996292,"path_taken":["M","$","?","M","?","R","E","?","T","M","R","?","E","M","R","BOSS","M","?","$","?","?","?","R","M","T","M","M","R","E","?","R","BOSS"],"items_purchased_type":["Card","Card"],"build_version":"2020-12-22","purchased_purges":2,"victory":false,"max_hp_per_floor":[75,75,75,75,75,75,75,75,75,75,75,75,75,75,75,75,75,75,75,75,80,80,80,80,80,80,80,80,80,80,80,80,80,80],"card_choices":[{"not_picked":["Sword Boomerang","Anger","Sentinel"],"picked":"SKIP","floor":1},{"not_picked":["Inflame","Blood for Blood"],"picked":"Fire Breathing","floor":4},{"not_picked":["Thunderclap","Entrench"],"picked":"Wild Strike","floor":7},{"not_picked":["Twin Strike","Armaments"],"picked":"Wild Strike","floor":8},{"not_picked":["Reaper","Thunderclap","Metallicize"],"picked":"SKIP","floor":10},{"not_picked":["True Grit","Inflame","Armaments"],"picked":"SKIP","floor":13},{"not_picked":["Cleave","Warcry"],"picked":"Entrench","floor":14},{"not_picked":["Clothesline","Sword Boomerang","Infernal Blade"],"picked":"SKIP","floor":18},{"not_picked":["Flex","Sentinel"],"picked":"Second Wind+1","floor":22},{"not_picked":["Pommel Strike","Havoc","Rupture"],"picked":"SKIP","floor":23},{"not_picked":["Twin Strike+1","Flex+1","Metallicize"],"picked":"SKIP","floor":25},{"not_picked":["Shrug It Off","Rampage","Sever Soul"],"picked":"SKIP","floor":27},{"not_picked":["Carnage","Thunderclap"],"picked":"Shrug It Off+1","floor":28},{"not_picked":["Hemokinesis","Bloodletting"],"picked":"Dark Embrace","floor":30}],"player_experience":1647860,"relics_obtained":[{"floor":7,"key":"PreservedInsect"},{"floor":13,"key":"Omamori"},{"floor":26,"key":"Vajra"},{"floor":30,"key":"CeramicFish"},{"floor":31,"key":"The Courier"}],"event_choices":[{"damage_healed":0,"gold_gain":75,"player_choice":"Gather Gold","damage_taken":11,"max_hp_gain":0,"max_hp_loss":0,"event_name":"World of Goop","floor":3,"gold_loss":0},{"cards_removed":["Strike_R"],"damage_healed":0,"gold_gain":0,"player_choice":"Offered Basic","damage_taken":0,"max_hp_gain":0,"max_hp_loss":0,"event_name":"Bonfire Elementals","floor":5,"gold_loss":0},{"damage_healed":0,"gold_gain":275,"player_choice":"Desecrate","damage_taken":0,"max_hp_gain":0,"max_hp_loss":0,"event_name":"Golden Shrine","floor":12,"gold_loss":0,"cards_obtained":["Regret"]},{"damage_healed":0,"gold_gain":0,"player_choice":"Obtained Relic","damage_taken":0,"relics_obtained":["CaptainsWheel"],"max_hp_gain":0,"max_hp_loss":0,"event_name":"Addict","floor":19,"gold_loss":85},{"damage_healed":0,"gold_gain":0,"player_choice":"Shed Blood","damage_taken":26,"max_hp_gain":5,"max_hp_loss":0,"event_name":"Forgotten Altar","floor":21,"gold_loss":0}],"is_beta":false,"boss_relics":[{"not_picked":["Black Blood","Runic Cube"],"picked":"Astrolabe"}],"items_purged_floors":[2,20],"is_endless":false,"potions_floor_spawned":[4,13,14,16,22,25,28],"killed_by":"Collector","ascension_level":20}}