{"host":"hu38hxukylnnynm2","time":1608960711,"event":{"mods":["AchievementEnabler","BaseMod","Card Forge","Colored Powertips","DNKmod","DeckTracker","Friendly Minions","Highlight Path","Minty Spire (QoL Compilation)","Spicy Shops","StSLib"],"gold_per_floor":[1267,284,359,359,371,398,398,433,433,433,468,484,497,497,497,595,595,605,151,170,170,190,220,230,259,259,259,271,305,315,332,332,430,430,448,44,55,71,71,98,98,129,156,188,188,208,208,220,220,220,220,220,74,103,103],"floor_reached":56,"playtime":2401,"items_purged":[],"score":1953,"play_id":"4b9d3b24-b765-4624-8457-f279950a7a76","local_time":"20201226003151","is_ascension_mode":true,"campfire_choices":[{"floor":7,"key":"RECALL"},{"floor":10,"key":"REST"},{"floor":15,"key":"REST"},{"floor":27,"key":"REST"},{"floor":32,"key":"REST"},{"floor":41,"key":"REST"},{"floor":47,"key":"REST"},{"floor":49,"key":"REST"},{"floor":52,"key":"REST"}],"circlet_count":0,"master_deck":["Strike_G+1","Strike_G+1","Strike_G+1","Strike_G+1","Defend_G+1","Defend_G+1","Defend_G+1","Defend_G+1","Defend_G+1","Survivor+1","Neutralize+1","Mayhem+1","Panache+1","Mayhem+1","Panache+1","Mayhem+1","Panache+1","Mayhem+1","Panache+1","Mayhem+1","Panache+1","Leg Sweep+1","Deadly Poison+1","Backflip+1","Dodge and Roll+1","Deadly Poison+1","Flying Knee+1","Heel Hook+1","After Image+1","PiercingWail+1","Outmaneuver+1","Setup+1","Poisoned Stab+1","Corpse Explosion+1","Acrobatics+1","Skewer+1","Distraction+1","Cloak And Dagger+1","Bullet Time+1","Venomology+1","CurseOfTheBell","Sucker Punch+1","Backstab+1","Caltrops+1","Night Terror+1","Accuracy+1","Poisoned Stab+1","Phantasmal Killer+1","Noxious Fumes+1","Quick Slash+1","Footwork+1","Prepared+1","Dash+1","Deadly Poison+1"],"relics":["Ring of the Snake","Hammer of Thor","Seething Fire","Anvil of the Gods","Ginger","Turnip","White Beast Statue","Boot","Frozen Egg 2","Snake Skull","Ornamental Fan","Torii","Cursed Key","Bronze Scales","Vajra","ClockworkSouvenir","MealTicket","Smiling Mask","Meat on the Bone","Dream Catcher","Calling Bell","War Paint","Blue Candle","Lizard Tail","Ninja Scroll","Bag of Marbles","Pantograph","Bird Faced Urn","Lantern","Bag of Preparation","Strange Spoon","Akabeko"],"acts_visited":["Exordium","TheCity","TheBeyond","TheEnding"],"potions_floor_usage":[16,33,33,33,35,40,40,40,42,42,44,44,46,48,48,50,50,54],"damage_taken":[{"damage":9,"enemies":"Small Slimes","floor":1,"turns":3},{"damage":0,"enemies":"2 Louse","floor":5,"turns":2},{"damage":0,"enemies":"Lagavulin","floor":6,"turns":3},{"damage":0,"enemies":"3 Sentries","floor":8,"turns":2},{"damage":0,"enemies":"Lagavulin","floor":11,"turns":3},{"damage":0,"enemies":"Jaw Worm","floor":12,"turns":2},{"damage":0,"enemies":"3 Louse","floor":13,"turns":2},{"damage":1,"enemies":"The Guardian","floor":16,"turns":4},{"damage":0,"enemies":"Chosen","floor":18,"turns":3},{"damage":0,"enemies":"3 Byrds","floor":20,"turns":2},{"damage":7,"enemies":"Snake Plant","floor":22,"turns":2},{"damage":8,"enemies":"Book of Stabbing","floor":23,"turns":4},{"damage":0,"enemies":"3 Cultists","floor":24,"turns":2},{"damage":1,"enemies":"Gremlin Leader","floor":25,"turns":3},{"damage":0,"enemies":"Snecko","floor":28,"turns":3},{"damage":11,"enemies":"Book of Stabbing","floor":29,"turns":3},{"damage":10,"enemies":"Centurion and Healer","floor":30,"turns":3},{"damage":0,"enemies":"Cultist and Chosen","floor":31,"turns":3},{"damage":0,"enemies":"Champ","floor":33,"turns":5},{"damage":1,"enemies":"Orb Walker","floor":35,"turns":3},{"damage":0,"enemies":"3 Darklings","floor":37,"turns":3},{"damage":0,"enemies":"Sphere and 2 Shapes","floor":38,"turns":1},{"damage":65,"enemies":"Reptomancer","floor":40,"turns":4},{"damage":29,"enemies":"Nemesis","floor":42,"turns":5},{"damage":77,"enemies":"Reptomancer","floor":44,"turns":3},{"damage":6,"enemies":"4 Shapes","floor":46,"turns":3},{"damage":0,"enemies":"Spire Growth","floor":48,"turns":2},{"damage":16,"enemies":"Donu and Deca","floor":50,"turns":6},{"damage":56,"enemies":"Shield and Spear","floor":54,"turns":3},{"damage":34,"enemies":"The Heart","floor":55,"turns":7}],"seed_played":"-3350971357773591086","potions_obtained":[{"floor":1,"key":"SkillPotion"},{"floor":5,"key":"Explosive Potion"},{"floor":6,"key":"BlessingOfTheForge"},{"floor":8,"key":"AttackPotion"},{"floor":11,"key":"Poison Potion"},{"floor":16,"key":"SmokeBomb"},{"floor":18,"key":"SkillPotion"},{"floor":33,"key":"Explosive Potion"},{"floor":37,"key":"SkillPotion"},{"floor":38,"key":"SteroidPotion"},{"floor":40,"key":"Fruit Juice"},{"floor":42,"key":"Weak Potion"},{"floor":44,"key":"EssenceOfSteel"},{"floor":46,"key":"Explosive Potion"},{"floor":48,"key":"CunningPotion"},{"floor":54,"key":"LiquidMemories"}],"is_trial":false,"path_per_floor":["M","$","?","?","M","E","R","E","T","R","E","M","M","?","R","B",null,"M","$","M","?","M","E","M","E","T","R","M","E","M","M","R","B",null,"M","$","M","M","?","E","R","E","T","E","?","M","R","M","R","B",null,"R","$","E","B",null],"character_chosen":"THE_SILENT","items_purchased":["Ginger","Turnip","White Beast Statue","Boot","Bronze Scales","Vajra","ClockworkSouvenir","Ninja Scroll","Bag of Marbles","Strange Spoon"],"campfire_rested":8,"item_purchase_floors":[2,2,2,2,19,19,19,36,36,53],"current_hp_per_floor":[91,91,80,80,80,80,80,80,80,100,100,100,100,82,100,99,100,100,100,100,80,73,65,65,64,64,95,95,84,74,74,105,105,105,104,105,105,105,105,57,90,61,61,65,65,75,108,110,110,110,110,110,110,58,83],"gold":103,"neow_bonus":"TWO_FIFTY_GOLD","is_daily":false,"chose_seed":false,"campfire_upgraded":0,"win_rate":0.0,"timestamp":1608960711,"path_taken":["M","$","?","?","M","E","R","E","T","R","E","M","M","?","R","BOSS","M","$","M","?","M","E","M","E","T","R","M","E","M","M","R","BOSS","M","$","M","M","?","E","R","E","T","E","?","M","R","?","R","BOSS","R","$","E","BOSS"],"items_purchased_type":["Relic","Relic","Relic","Relic","Relic","Relic","Relic","Relic","Relic","Relic"],"build_version":"2020-12-22","purchased_purges":0,"victory":true,"max_hp_per_floor":[100,100,100,100,100,100,100,100,100,100,100,100,100,100,100,100,100,100,100,100,105,105,105,105,105,105,105,105,105,105,105,105,105,105,105,105,105,105,105,110,110,110,110,110,110,110,110,110,110,110,110,110,110,110,110],"card_choices":[{"not_picked":["Dagger Throw","Quick Slash"],"picked":"Leg Sweep","floor":1},{"not_picked":["Bane","Tactician"],"picked":"Deadly Poison","floor":5},{"not_picked":["Calculated Gamble","Underhanded Strike"],"picked":"Backflip","floor":6},{"not_picked":["Flechettes","Flying Knee"],"picked":"Dodge and Roll","floor":8},{"not_picked":["Tactician","All Out Attack"],"picked":"Deadly Poison","floor":11},{"not_picked":["Eviscerate","Prepared"],"picked":"Flying Knee","floor":12},{"not_picked":["Acrobatics","Flying Knee"],"picked":"Heel Hook","floor":13},{"not_picked":["Glass Knife","Venomology"],"picked":"After Image+1","floor":16},{"not_picked":["Cloak And Dagger","Endless Agony"],"picked":"PiercingWail","floor":18},{"not_picked":["Deadly Poison","Unload"],"picked":"Outmaneuver","floor":20},{"not_picked":["Backflip","Deflect"],"picked":"Setup","floor":22},{"not_picked":["Backflip","Expertise"],"picked":"Poisoned Stab","floor":23},{"not_picked":["Bane","Slice+1"],"picked":"Corpse Explosion","floor":24},{"not_picked":["Escape Plan","Deflect+1"],"picked":"Acrobatics+1","floor":25},{"not_picked":["Quick Slash+1","Masterful Stab+1"],"picked":"Skewer","floor":28},{"not_picked":["Well Laid Plans+1","Endless Agony+1"],"picked":"Distraction","floor":29},{"not_picked":["Outmaneuver+1","Concentrate+1"],"picked":"Cloak And Dagger","floor":30},{"not_picked":["Deflect","Acrobatics+1","Outmaneuver"],"picked":"SKIP","floor":31},{"not_picked":["Flechettes","Bane"],"picked":"Bullet Time","floor":32},{"not_picked":["Doppelganger","Unload"],"picked":"Venomology","floor":33},{"not_picked":["Cloak And Dagger+1","Slice"],"picked":"Sucker Punch+1","floor":35},{"not_picked":["Outmaneuver","Dodge and Roll+1"],"picked":"Backstab","floor":37},{"not_picked":["Footwork+1","Concentrate+1"],"picked":"Caltrops+1","floor":38},{"not_picked":["Footwork+1","Dagger Throw+1"],"picked":"Night Terror","floor":40},{"not_picked":["Dodge and Roll+1","Slice"],"picked":"Accuracy+1","floor":41},{"not_picked":["Dagger Spray+1","Reflex"],"picked":"Poisoned Stab","floor":42},{"not_picked":["Flying Knee","Die Die Die"],"picked":"Phantasmal Killer","floor":44},{"not_picked":["Deadly Poison+1","Endless Agony+1"],"picked":"Noxious Fumes+1","floor":46},{"not_picked":["Heel Hook+1","Deflect+1"],"picked":"Quick Slash+1","floor":47},{"not_picked":["Setup+1","Quick Slash+1"],"picked":"Footwork+1","floor":48},{"not_picked":["Flechettes","Bane"],"picked":"Prepared+1","floor":49},{"not_picked":["Leg Sweep+1","Flying Knee"],"picked":"Dash+1","floor":52},{"not_picked":["Heel Hook","Prepared"],"picked":"Deadly Poison","floor":54}],"player_experience":513102,"relics_obtained":[{"floor":6,"key":"Frozen Egg 2"},{"floor":8,"key":"Snake Skull"},{"floor":11,"key":"Ornamental Fan"},{"floor":23,"key":"MealTicket"},{"floor":25,"key":"Smiling Mask"},{"floor":26,"key":"Meat on the Bone"},{"floor":29,"key":"Dream Catcher"},{"floor":34,"key":"War Paint"},{"floor":34,"key":"Blue Candle"},{"floor":34,"key":"Lizard Tail"},{"floor":40,"key":"Pantograph"},{"floor":42,"key":"Bird Faced Urn"},{"floor":43,"key":"Lantern"},{"floor":44,"key":"Bag of Preparation"},{"floor":54,"key":"Akabeko"}],"event_choices":[{"damage_healed":0,"gold_gain":75,"player_choice":"Gather Gold","damage_taken":11,"max_hp_gain":0,"max_hp_loss":0,"event_name":"World of Goop","floor":3,"gold_loss":0},{"damage_healed":0,"gold_gain":0,"player_choice":"Grow","damage_taken":0,"max_hp_gain":0,"max_hp_loss":0,"event_name":"Living Wall","floor":4,"gold_loss":0,"cards_upgraded":["Leg Sweep"]},{"damage_healed":0,"gold_gain":0,"player_choice":"Success","damage_taken":18,"relics_obtained":["Torii"],"max_hp_gain":0,"max_hp_loss":0,"event_name":"Scrap Ooze","floor":14,"gold_loss":0},{"damage_healed":0,"gold_gain":0,"player_choice":"Shed Blood","damage_taken":25,"max_hp_gain":5,"max_hp_loss":0,"event_name":"Forgotten Altar","floor":21,"gold_loss":0},{"cards_removed":["Strike_G"],"damage_healed":0,"gold_gain":0,"player_choice":"Removed Attack","damage_taken":0,"max_hp_gain":0,"max_hp_loss":0,"event_name":"Falling","floor":39,"gold_loss":0},{"damage_healed":0,"gold_gain":0,"player_choice":"Ignored","damage_taken":0,"max_hp_gain":0,"max_hp_loss":0,"event_name":"Upgrade Shrine","floor":45,"gold_loss":0}],"is_beta":false,"boss_relics":[{"not_picked":["Snecko Eye","SacredBark"],"picked":"Cursed Key"},{"not_picked":["Runic Pyramid","Sozu"],"picked":"Calling Bell"}],"items_purged_floors":[],"is_endless":false,"potions_floor_spawned":[1,5,6,8,11,12,13,16,18,20,22,23,24,25,28,29,30,31,33,35,37,38,40,42,44,46,48,54],"ascension_level":5}}