{"host":"0t7ytk9pge2ncgeb","time":1608953670,"event":{"mods":["2.2 Compatiblity","Act Like it!","Aspiration","BaseMod","Beaked The Cultist","BetterRewards","Conspire","Downfall","Googly Eyes","Hubris","Minty Spire (QoL Compilation)","Relic Stats","Shop Mod","Spicy Shops","StSLib","slay the spire mod where everything is the same but ironclad has a cowboy hat"],"gold_per_floor":[110,110,121,17,35,35,35],"floor_reached":6,"playtime":392,"items_purged":[],"score":36,"play_id":"a0800381-dbeb-4c20-b521-915948e49c6f","local_time":"20201225223430","is_ascension_mode":false,"campfire_choices":[],"circlet_count":0,"master_deck":["beaked:Strike_Y","beaked:Strike_Y","beaked:Strike_Y","beaked:Strike_Y","beaked:Strike_Y","beaked:Strike_Y","beaked:Defend_Y","beaked:Defend_Y","beaked:Defend_Y","beaked:Defend_Y","beaked:Ceremony","beaked:Ceremony","beaked:Ceremony","beaked:Brace","beaked:DigDeep","Shame","beaked:CrazyRituals"],"relics":["beaked:MendingPlumage","Mummified Hand"],"acts_visited":["Exordium"],"potions_floor_usage":[5],"damage_taken":[{"damage":2,"enemies":"Small Slimes","floor":1,"turns":4},{"damage":12,"enemies":"Cultist","floor":3,"turns":6},{"damage":14,"enemies":"Jaw Worm","floor":5,"turns":4},{"damage":100019,"enemies":"Lagavulin","floor":6,"turns":6}],"seed_played":"-3171690191116049631","potions_obtained":[{"floor":3,"key":"Swift Potion"}],"is_trial":false,"path_per_floor":["M","$","M","$","M","E"],"character_chosen":"BEAKED_THE_CULTIST","items_purchased":["Mummified Hand"],"campfire_rested":0,"item_purchase_floors":[4],"current_hp_per_floor":[55,55,51,51,50,0,0],"gold":35,"neow_bonus":"TEN_PERCENT_HP_BONUS","is_daily":false,"chose_seed":false,"campfire_upgraded":0,"win_rate":0.0,"timestamp":1608953670,"path_taken":["M","$","M","$","M","E"],"items_purchased_type":["Relic"],"build_version":"2020-12-22","purchased_purges":0,"victory":false,"max_hp_per_floor":[55,55,55,55,55,55,55],"relic_stats":{"counters":[4,19],"Mummified Hand":[9],"obtain_stats":[{"Mummified Hand":4,"beaked:MendingPlumage":0},{"Mummified Hand":2,"beaked:MendingPlumage":0},{"Mummified Hand":10,"beaked:MendingPlumage":0}]},"card_choices":[{"not_picked":["beaked:Resilience","beaked:Tradeoff"],"picked":"beaked:Brace","floor":1},{"not_picked":["beaked:SurvivalInstinct","beaked:Roost"],"picked":"beaked:DigDeep","floor":3},{"not_picked":["beaked:Recite","beaked:RuinSticks"],"picked":"beaked:CrazyRituals","floor":5}],"player_experience":297413,"relics_obtained":[],"event_choices":[],"is_beta":false,"boss_relics":[],"items_purged_floors":[],"is_endless":false,"potions_floor_spawned":[3],"killed_by":"Lagavulin","ascension_level":0}}