{"host":"j06fkfseroga8i8e","time":1608956918,"event":{"mods":["BaseMod","Bestiary","Colored Map","Colored Powertips","Minty Spire (QoL Compilation)","Relic Stats","StSLib","everything is the same but u backflip on backflip"],"gold_per_floor":[118,118,118,118,118,131,162,174,174,174,192,192,225,225,225,326,326,337,18,18,18,33,61,61,92,92,92,121,131,131,131],"floor_reached":30,"playtime":540,"items_purged":["Blizzard+1"],"score":510,"play_id":"de38c333-92a5-43eb-ab3e-8cd18a12a95b","local_time":"20201225232838","is_ascension_mode":true,"campfire_choices":[{"data":"Dualcast","floor":10,"key":"SMITH"},{"data":"Rip and Tear","floor":12,"key":"SMITH"},{"floor":15,"key":"REST"},{"floor":27,"key":"REST"}],"circlet_count":0,"master_deck":["AscendersBane","Strike_B+1","Defend_B","Defend_B","Defend_B","Zap+1","Dualcast+1","Sweeping Beam","Steam","Defragment","Rip and Tear+1","FTL","Electrodynamics","Defragment+1","Doom and Gloom+1","Static Discharge+1","Reinforced Body+1","White Noise","Capacitor","Static Discharge+1"],"relics":["Cracked Core","NeowsBlessing","Regal Pillow","Strawberry","StrikeDummy","Centennial Puzzle","Astrolabe","White Beast Statue","Cables","MealTicket","Blue Candle","Frozen Egg 2"],"acts_visited":["Exordium","TheCity"],"potions_floor_usage":[11,30],"damage_taken":[{"damage":0,"enemies":"2 Louse","floor":1,"turns":1},{"damage":0,"enemies":"Small Slimes","floor":6,"turns":1},{"damage":0,"enemies":"3 Sentries","floor":7,"turns":1},{"damage":0,"enemies":"Cultist","floor":8,"turns":3},{"damage":9,"enemies":"3 Louse","floor":11,"turns":2},{"damage":18,"enemies":"Gremlin Nob","floor":13,"turns":3},{"damage":55,"enemies":"Hexaghost","floor":16,"turns":9},{"damage":22,"enemies":"2 Thieves","floor":18,"turns":3},{"damage":6,"enemies":"Spheric Guardian","floor":22,"turns":3},{"damage":23,"enemies":"Gremlin Leader","floor":23,"turns":4},{"damage":21,"enemies":"Slavers","floor":25,"turns":3},{"damage":34,"enemies":"Gremlin Leader","floor":28,"turns":4},{"damage":18,"enemies":"Snecko","floor":29,"turns":3},{"damage":13,"enemies":"Snake Plant","floor":30,"turns":2}],"seed_played":"9222840693448984793","potions_obtained":[{"floor":7,"key":"FocusPotion"},{"floor":8,"key":"AttackPotion"},{"floor":16,"key":"Ancient Potion"},{"floor":28,"key":"PowerPotion"}],"is_trial":false,"path_per_floor":["M","?","?","?","?","M","E","M","T","R","M","R","E","?","R","B",null,"M","$","?","?","M","E","$","E","T","R","E","M","M"],"character_chosen":"DEFECT","items_purchased":["White Beast Statue"],"campfire_rested":2,"item_purchase_floors":[19],"current_hp_per_floor":[68,68,53,46,39,39,46,46,46,46,37,37,19,46,82,27,68,46,46,73,73,67,44,44,23,23,62,28,10,0,0],"gold":131,"neow_bonus":"THREE_ENEMY_KILL","is_daily":false,"chose_seed":false,"campfire_upgraded":2,"win_rate":0.0,"timestamp":1608956918,"path_taken":["M","?","?","?","?","M","E","M","T","R","M","R","E","?","R","BOSS","M","$","?","?","?","E","$","E","T","R","E","M","M"],"items_purchased_type":["Relic"],"build_version":"2020-12-22","purchased_purges":1,"victory":false,"max_hp_per_floor":[75,75,75,75,75,75,82,82,82,82,82,82,82,82,82,82,82,82,82,82,82,82,82,82,82,82,82,82,82,82,82],"relic_stats":{"Regal Pillow":27,"Centennial Puzzle":[24],"counters":[14,42],"Astrolabe":["Defragment","Doom and Gloom","Blizzard"],"Blue Candle":[0],"MealTicket":0,"obtain_stats":[{"Regal Pillow":5,"Centennial Puzzle":13,"NeowsBlessing":0,"Strawberry":7,"Astrolabe":17,"Blue Candle":26,"MealTicket":25,"Frozen Egg 2":28,"Cracked Core":0,"StrikeDummy":9,"White Beast Statue":19,"Cables":23},{"Regal Pillow":1,"Centennial Puzzle":6,"NeowsBlessing":0,"Strawberry":3,"Astrolabe":7,"Blue Candle":11,"MealTicket":11,"Frozen Egg 2":12,"Cracked Core":0,"StrikeDummy":4,"White Beast Statue":8,"Cables":10},{"Regal Pillow":1,"Centennial Puzzle":11,"NeowsBlessing":0,"Strawberry":3,"Astrolabe":20,"Blue Candle":33,"MealTicket":33,"Frozen Egg 2":37,"Cracked Core":0,"StrikeDummy":6,"White Beast Statue":23,"Cables":30}],"Cables":[12,12,0,0,0]},"card_choices":[{"not_picked":["Undo","Hologram"],"picked":"Sweeping Beam","floor":1},{"not_picked":["Aggregate","Rebound","Scrape"],"picked":"SKIP","floor":6},{"not_picked":["Tempest","Redo"],"picked":"Steam","floor":7},{"not_picked":["Hello World","Sweeping Beam"],"picked":"Defragment","floor":8},{"not_picked":["Rebound","Stack"],"picked":"Rip and Tear","floor":11},{"not_picked":["Undo","Rebound"],"picked":"FTL","floor":13},{"not_picked":["Amplify","Echo Form"],"picked":"Electrodynamics","floor":16},{"not_picked":["Compile Driver","Go for the Eyes"],"picked":"Static Discharge","floor":18},{"not_picked":["Sweeping Beam","Hologram"],"picked":"Reinforced Body+1","floor":22},{"not_picked":["Beam Cell","Steam Power"],"picked":"White Noise","floor":23},{"not_picked":["Sweeping Beam","Recycle"],"picked":"Capacitor","floor":25},{"not_picked":["Go for the Eyes","Rainbow","Sweeping Beam+1"],"picked":"SKIP","floor":28},{"not_picked":["Go for the Eyes","Rainbow","Sweeping Beam+1"],"picked":"SKIP","floor":28},{"not_picked":["Auto Shields","Doom and Gloom"],"picked":"Static Discharge+1","floor":29}],"player_experience":567287,"relics_obtained":[{"floor":7,"key":"Strawberry"},{"floor":9,"key":"StrikeDummy"},{"floor":13,"key":"Centennial Puzzle"},{"floor":23,"key":"Cables"},{"floor":25,"key":"MealTicket"},{"floor":26,"key":"Blue Candle"},{"floor":28,"key":"Frozen Egg 2"}],"event_choices":[{"damage_healed":0,"gold_gain":0,"player_choice":"Ignored","damage_taken":0,"max_hp_gain":0,"max_hp_loss":0,"event_name":"Liars Game","floor":2,"gold_loss":0},{"damage_healed":0,"gold_gain":0,"player_choice":"Entered Light","damage_taken":15,"max_hp_gain":0,"max_hp_loss":0,"event_name":"Shining Light","floor":3,"gold_loss":0,"cards_upgraded":["Zap","Strike_B"]},{"cards_removed":["Strike_B"],"damage_healed":0,"gold_gain":0,"player_choice":"Card Removal","damage_taken":7,"max_hp_gain":0,"max_hp_loss":0,"event_name":"Golden Wing","floor":4,"gold_loss":0},{"damage_healed":0,"gold_gain":0,"player_choice":"Success","damage_taken":7,"relics_obtained":["Regal Pillow"],"max_hp_gain":0,"max_hp_loss":0,"event_name":"Scrap Ooze","floor":5,"gold_loss":0},{"damage_healed":27,"gold_gain":0,"player_choice":"Banana","damage_taken":0,"max_hp_gain":0,"max_hp_loss":0,"event_name":"Big Fish","floor":14,"gold_loss":0},{"damage_healed":27,"gold_gain":0,"player_choice":"Heal","damage_taken":0,"max_hp_gain":0,"max_hp_loss":0,"event_name":"The Library","floor":20,"gold_loss":0},{"damage_healed":0,"gold_gain":0,"player_choice":"Forge","damage_taken":0,"max_hp_gain":0,"max_hp_loss":0,"event_name":"Accursed Blacksmith","floor":21,"gold_loss":0,"cards_upgraded":["Static Discharge"]}],"is_beta":false,"boss_relics":[{"not_picked":["Runic Dome","SlaversCollar"],"picked":"Astrolabe"}],"items_purged_floors":[19],"is_endless":false,"potions_floor_spawned":[7,8,16,22,23,25,28,29],"killed_by":"Snake Plant","ascension_level":12}}