{"host":"98jnipsbpkz8k2sh","time":1608942535,"event":{"mods":["Aspiration","BaseMod","Challenge The Spire","GifTheSpireLib","Infinite Spire","Minty Spire (QoL Compilation)","Replay The Spire","StSLib"],"gold_per_floor":[112,112,132,149,149,176,176,16,40,40,40,50,225,236,236,338,338,348,367,367,20,39,39,53,53,78,78,78,108,108,108,108,211,211,227,227,247,267,22,22,77,96,169,216,227,241,241,252,252,357,357,372,372,372,391,391,391,405,405,432,451,459,459,474,479,479,542,542,547,555,307,307,308,308,317,242,242,242,242,257,260,260,260,341,341,345,345,345,357,357,376,376,373,373,373,386,398,398,374,374,448,448,456,472,23,35,46,65,65,142,193,193,215,215,215,222,222,311,311,323,326,326,66,14,35,42,42,42,51,55,55,77,81,81,159,159,161,165,165,198,194,206,206,9,87,96,96,64,66,80,80,102,102,102,34,48,105],"floor_reached":158,"playtime":14370,"items_purged":["Injury","Doubt","Strike_R","Bash"],"score":4321,"play_id":"b8bd8c77-ead4-4218-90f7-36baae9e5a18","local_time":"20201225162855","is_ascension_mode":false,"campfire_choices":[{"data":"Offering","floor":7.0,"key":"SMITH"},{"data":"Rage","floor":11.0,"key":"SMITH"},{"floor":15.0,"key":"REST"},{"data":"Juggernaut","floor":23.0,"key":"SMITH"},{"data":"ReplayTheSpireMod:Brewmster","floor":25.0,"key":"SMITH"},{"data":"Flex","floor":27.0,"key":"SMITH"},{"floor":32.0,"key":"REST"},{"data":"Juggernaut","floor":40.0,"key":"SMITH"},{"floor":47.0,"key":"REST"},{"floor":49.0,"key":"REST"},{"data":"Limit Break","floor":57.0,"key":"SMITH"},{"floor":63.0,"key":"REST"},{"data":"Limit Break","floor":79.0,"key":"SMITH"},{"data":"Berserk","floor":83.0,"key":"SMITH"},{"data":"Flame Barrier","floor":92.0,"key":"SMITH"},{"data":"infinitespire:Menacing","floor":95.0,"key":"SMITH"},{"floor":98.0,"key":"REST"},{"data":"Midas Touch","floor":100.0,"key":"SMITH"},{"data":"Specialist","floor":109.0,"key":"SMITH"},{"data":"Magnetism","floor":112.0,"key":"SMITH"},{"data":"Shrug It Off","floor":115.0,"key":"SMITH"},{"data":"Good Instincts","floor":117.0,"key":"SMITH"},{"data":"Inflame","floor":131.0,"key":"SMITH"},{"data":"Exhume","floor":134.0,"key":"SMITH"},{"data":"Biased Cognition","floor":143.0,"key":"SMITH"},{"data":"Feel No Pain","floor":147.0,"key":"SMITH"},{"data":"Pot Of Greed","floor":151.0,"key":"SMITH"},{"data":"Pot Of Greed","floor":154.0,"key":"SMITH"}],"circlet_count":1,"master_deck":["Strike_R+1","Defend_R+1","Defend_R+1","Offering+1","Sword Boomerang+1","Eclipse+1","Replay:Undeath\u0027s Touch+1","Rage+1","Thunderclap+1","Uppercut+1","Juggernaut+1","Limit Break+1","CurseOfTheBell","Perfected Strike+1","ReplayTheSpireMod:Brewmster+1","Flex+1","Anger+1","True Grit+1","Pommel Strike+1","RitualDagger+1","infinitespire:Punishment+1","infinitespire:FinalStrike+1","Juggernaut+1","Flex+1","ReplayTheSpireMod:Brewmster+1","Iron Wave+1","Thunderclap+1","ReplayTheSpireMod:Muscle Training+1","Sentinel+1","Twin Strike+1","Flame Barrier+1","Juggernaut+1","Metallicize+1","Limit Break+1","Headbutt+1","infinitespire:Menacing+1","Perfected Strike+1","Clothesline+1","Exhume+1","infinitespire:Gouge+1","Necronomicurse","Midas Touch+1","Discovery+1","Magnetism+1","Heavy Blade+1","Uppercut+1","infinitespire:SevenWalls+1","Berserk+1","Good Instincts+1","infinitespire:SealOfDarkness+","Rage+1","Heavy Blade+1","Replay:Undeath\u0027s Touch+1","Whirlwind+1","Whirlwind+1","Specialist+1","Twin Strike+1","Replay:Undeath\u0027s Touch+1","Shrug It Off+1","Replay:Undeath\u0027s Touch+1","Feel No Pain+1","Flash of Steel+1","Inflame+1","Biased Cognition+1","Anger+1","Heavy Blade+1","Glacier+1","Pot Of Greed+1","Pot Of Greed","Pot Of Greed","Pot Of Greed+1","Pot Of Greed","Pot Of Greed","Perfected Strike+1","Buffer"],"relics":["Burning Blood","Molten Egg 2","CaptainsWheel","ReplayTheSpireMod:Lightbulb","Calling Bell","Nunchaku","Mercury Hourglass","Turnip","Nilry\u0027s Codex","King of Hearts","MutagenicStrength","Counterbalance","Dead Branch","Pantograph","aspiration:Lifesprig","Snack Pack","infinitespire:Broken Mirror","Busted Crown","infinitespire:Midas Blood","infinitespire:Lucky Rock","aspiration:ArtOfWarUpgrade","Necronomicon","ReplayTheSpireMod:ShopPack","Singing Bowl","The Courier","TungstenRod","aspiration:DefectSkillbook","Ring of Misfortune","ClockworkSouvenir","infinitespire:Beetle Shell","ReplayTheSpireMod:Ninjato","Sundial","Lantern","Prayer Wheel","Black Star","Du-Vu Doll","Bag of Preparation","Replay:Towering Pillar of Hats","Red Skull","Odd Mushroom","SacredBark","Circlet","Replay:Bottled Flurry","infinitespire:PuzzleCube","War Paint","Darkstone Periapt","ReplayTheSpireMod:TigerMarble","Unceasing Top","SlaversCollar","FossilizedHelix","Blue Doll","Replay:Bottled Steam","Divine Protection","Replay:Accelerometer","Dream Catcher","Grinning Jar","Champion Belt","Oddly Smooth Stone"],"acts_visited":["Exordium","TheCity","TheBeyond","Exordium","TheCity","TheBeyond","Exordium","TheCity","TheBeyond","TheEnding"],"potions_floor_usage":[],"damage_taken":[{"damage":7.0,"enemies":"Small Slimes","floor":1.0,"turns":3.0},{"damage":2.0,"enemies":"2 Louse","floor":3.0,"turns":3.0},{"damage":12.0,"enemies":"Jaw Worm","floor":4.0,"turns":2.0},{"damage":22.0,"enemies":"Gremlin Nob","floor":6.0,"turns":3.0},{"damage":15.0,"enemies":"Looter","floor":12.0,"turns":3.0},{"damage":18.0,"enemies":"3 Louse","floor":14.0,"turns":2.0},{"damage":42.0,"enemies":"The Guardian","floor":16.0,"turns":9.0},{"damage":9.0,"enemies":"Shell Parasite","floor":18.0,"turns":4.0},{"damage":16.0,"enemies":"Chosen","floor":19.0,"turns":3.0},{"damage":15.0,"enemies":"Snake Plant","floor":22.0,"turns":5.0},{"damage":6.0,"enemies":"Centurion and Healer","floor":24.0,"turns":4.0},{"damage":22.0,"enemies":"Nightmare","floor":29.0,"turns":6.0},{"damage":21.0,"enemies":"Champ","floor":33.0,"turns":6.0},{"damage":6.0,"enemies":"3 Shapes","floor":35.0,"turns":1.0},{"damage":11.0,"enemies":"Orb Walker","floor":37.0,"turns":2.0},{"damage":15.0,"enemies":"Jaw Worm Horde","floor":38.0,"turns":4.0},{"damage":20.0,"enemies":"4 Shapes","floor":42.0,"turns":4.0},{"damage":7.0,"enemies":"Sphere and 2 Shapes","floor":45.0,"turns":4.0},{"damage":14.0,"enemies":"Maw","floor":46.0,"turns":5.0},{"damage":16.0,"enemies":"Writhing Mass","floor":48.0,"turns":2.0},{"damage":44.0,"enemies":"Donu and Deca","floor":50.0,"turns":7.0},{"damage":0.0,"enemies":"Jaw Worm","floor":52.0,"turns":1.0},{"damage":0.0,"enemies":"infinitespire:Voidling","floor":55.0,"turns":1.0},{"damage":2.0,"enemies":"2 Louse","floor":58.0,"turns":3.0},{"damage":20.0,"enemies":"Lots of Slimes","floor":61.0,"turns":2.0},{"damage":26.0,"enemies":"Red Slaver","floor":62.0,"turns":2.0},{"damage":34.0,"enemies":"3 Sentries","floor":64.0,"turns":5.0},{"damage":25.0,"enemies":"Exordium Wildlife","floor":65.0,"turns":3.0},{"damage":21.0,"enemies":"Fading Forest","floor":67.0,"turns":8.0},{"damage":6.0,"enemies":"2 Thieves","floor":69.0,"turns":2.0},{"damage":0.0,"enemies":"Chosen","floor":73.0,"turns":2.0},{"damage":0.0,"enemies":"Snecko","floor":75.0,"turns":2.0},{"damage":1.0,"enemies":"Gremlin Leader","floor":80.0,"turns":3.0},{"damage":6.0,"enemies":"Centurion and Healer","floor":81.0,"turns":2.0},{"damage":35.0,"enemies":"Collector","floor":84.0,"turns":5.0},{"damage":7.0,"enemies":"Orb Walker","floor":86.0,"turns":2.0},{"damage":10.0,"enemies":"3 Shapes","floor":89.0,"turns":1.0},{"damage":12.0,"enemies":"Reptomancer","floor":91.0,"turns":3.0},{"damage":42.0,"enemies":"Nemesis","floor":93.0,"turns":3.0},{"damage":0.0,"enemies":"R_Hoarder","floor":96.0,"turns":3.0},{"damage":22.0,"enemies":"3 Darklings","floor":97.0,"turns":2.0},{"damage":0.0,"enemies":"Transient","floor":99.0,"turns":5.0},{"damage":29.0,"enemies":"Awakened One","floor":101.0,"turns":4.0},{"damage":8.0,"enemies":"Small Slimes","floor":103.0,"turns":2.0},{"damage":0.0,"enemies":"2 Louse","floor":104.0,"turns":1.0},{"damage":0.0,"enemies":"Cultist","floor":106.0,"turns":2.0},{"damage":0.0,"enemies":"Exordium Thugs","floor":107.0,"turns":2.0},{"damage":13.0,"enemies":"3 Sentries","floor":108.0,"turns":4.0},{"damage":0.0,"enemies":"The Mushroom Lair","floor":113.0,"turns":1.0},{"damage":15.0,"enemies":"Looter","floor":116.0,"turns":2.0},{"damage":2.0,"enemies":"Hexaghost","floor":118.0,"turns":2.0},{"damage":45.0,"enemies":"2 Thieves","floor":120.0,"turns":2.0},{"damage":1.0,"enemies":"3 Byrds","floor":121.0,"turns":2.0},{"damage":5.0,"enemies":"Slavers","floor":125.0,"turns":2.0},{"damage":18.0,"enemies":"Cultist and Chosen","floor":126.0,"turns":2.0},{"damage":0.0,"enemies":"3 Cultists","floor":127.0,"turns":2.0},{"damage":0.0,"enemies":"Centurion and Healer","floor":129.0,"turns":3.0},{"damage":0.0,"enemies":"Sentry and Sphere","floor":130.0,"turns":2.0},{"damage":0.0,"enemies":"Gremlin Leader","floor":132.0,"turns":2.0},{"damage":36.0,"enemies":"Snake Plant","floor":133.0,"turns":2.0},{"damage":0.0,"enemies":"Automaton","floor":135.0,"turns":3.0},{"damage":0.0,"enemies":"3 Shapes","floor":137.0,"turns":2.0},{"damage":0.0,"enemies":"Orb Walker","floor":138.0,"turns":1.0},{"damage":0.0,"enemies":"Mind Bloom Boss Battle","floor":140.0,"turns":3.0},{"damage":0.0,"enemies":"Spire Growth","floor":141.0,"turns":2.0},{"damage":0.0,"enemies":"Nightmare","floor":142.0,"turns":3.0},{"damage":0.0,"enemies":"3 Darklings","floor":146.0,"turns":1.0},{"damage":0.0,"enemies":"Transient","floor":148.0,"turns":5.0},{"damage":0.0,"enemies":"Sphere and 2 Shapes","floor":149.0,"turns":3.0},{"damage":0.0,"enemies":"Nemesis","floor":150.0,"turns":3.0},{"damage":124.0,"enemies":"infinitespire:LordOfFortification","floor":152.0,"turns":11.0},{"damage":38.0,"enemies":"Shield and Spear","floor":156.0,"turns":3.0},{"damage":0.0,"enemies":"The Heart","floor":157.0,"turns":6.0}],"seed_played":"1165181271765030907","potions_obtained":[{"floor":1.0,"key":"Swift Potion"},{"floor":3.0,"key":"BloodPotion"},{"floor":4.0,"key":"DistilledChaos"},{"floor":16.0,"key":"Block Potion"},{"floor":19.0,"key":"Weak Potion"},{"floor":22.0,"key":"Ancient Potion"},{"floor":33.0,"key":"Weak Potion"},{"floor":46.0,"key":"Explosive Potion"},{"floor":48.0,"key":"Strength Potion"},{"floor":50.0,"key":"Elixir"},{"floor":61.0,"key":"SteroidPotion"},{"floor":64.0,"key":"GamblersBrew"},{"floor":67.0,"key":"Elixir"},{"floor":73.0,"key":"SkillPotion"},{"floor":80.0,"key":"FearPotion"},{"floor":84.0,"key":"HeartOfIron"},{"floor":91.0,"key":"EssenceOfSteel"},{"floor":93.0,"key":"Venom Potion"},{"floor":99.0,"key":"Adrenaline Potion"},{"floor":104.0,"key":"HeartOfIron"},{"floor":108.0,"key":"FearPotion"},{"floor":121.0,"key":"AttackPotion"},{"floor":126.0,"key":"Adrenaline Potion"},{"floor":130.0,"key":"Death Potion"},{"floor":138.0,"key":"GamblersBrew"},{"floor":140.0,"key":"SkillPotion"},{"floor":146.0,"key":"Dexterity Potion"}],"is_trial":false,"path_per_floor":["M","?","M","M","?","E","R","$","T","?","R","M","?","M","R","B",null,"M","M","?","$","M","R","M","R","T","R","?","NM","?","AVR","R","B",null,"M","?","M","M","$","R","T","M","T","?","M","M","R","M","R","B",null,"M","?","?","M","?","R","M","?","T","M","M","R","E","M","R","B",null,"M","?","$","?","M","R","M","?","T","AVR","R","E","M","?","R","B",null,"M","?","?","M","AVR","E","R","E","T","R","E","M","R","M","R","B",null,"M","M","$","M","M","E","R","?","T","R","?","?","R","M","R","B",null,"M","M","?","$","?","E","M","M","T","M","M","R","E","M","R","B",null,"M","M","?","?","M","NM","R","$","T","M","R","M","M","E","R","B",null,"R","$","E","B",null],"character_chosen":"IRONCLAD","items_purchased":["Rage","Thunderclap+1","ReplayTheSpireMod:Brewmster","Flex","Pantograph","ReplayTheSpireMod:ShopPack","Du-Vu Doll","Whirlwind+1","Specialist","Twin Strike+1","Replay:Undeath\u0027s Touch+1","Flash of Steel+1","Inflame","Divine Protection","Perfected Strike+1","LiquidBronze"],"campfire_rested":6,"item_purchase_floors":[8,8,21,21,39,71,105,105,105,105,105,123,123,144,155,155],"current_hp_per_floor":[55,55,75,69,69,53,53,53,53,53,53,44,44,32,56,20,80,77,67,51,51,42,42,42,42,42,42,42,26,20,20,44,29,80,80,80,75,66,66,66,66,52,52,20,21,19,43,33,57,48,80,80,80,61,67,67,67,71,71,71,57,39,63,37,20,20,38,80,80,64,64,64,72,72,80,80,80,80,80,80,82,82,82,59,84,86,86,86,84,84,84,84,56,56,56,66,56,84,98,98,80,100,100,104,104,108,112,107,107,97,97,97,103,103,103,98,98,120,120,85,96,96,96,96,103,99,109,109,136,140,140,142,118,118,148,148,152,154,146,146,150,152,152,152,152,154,154,158,162,164,164,62,166,166,166,136,168],"gold":105,"neow_bonus":"REMOVE_TWO","is_daily":false,"chose_seed":false,"campfire_upgraded":22,"win_rate":0.0,"timestamp":1608942535,"path_taken":["M","?","M","M","?","E","R","?","T","?","R","M","?","M","R","BOSS","M","M","?","?","M","R","M","R","T","R","?","NM","?","AVR","R","BOSS","M","?","M","M","?","R","?","?","T","?","M","M","R","M","R","BOSS","M","?","?","M","?","R","?","?","T","?","M","R","E","M","R","BOSS","M","?","$","?","M","R","?","?","T","AVR","R","E","M","?","R","BOSS","M","?","?","M","AVR","E","R","E","T","R","E","M","R","M","R","BOSS","M","M","$","M","M","E","R","?","T","R","?","?","R","M","R","BOSS","M","M","?","$","?","E","?","M","T","M","M","R","E","M","R","BOSS","M","M","?","?","M","NM","R","?","T","M","R","?","M","E","R","BOSS","R","$","E","BOSS","BOSS"],"items_purchased_type":["Card","Card","Card","Card","Relic","Relic","Relic","Card","Card","Card","Card","Card","Card","Relic","Card","Potion"],"build_version":"2020-12-22","purchased_purges":4,"victory":true,"max_hp_per_floor":[80,80,80,80,80,80,80,80,80,80,80,80,80,80,80,80,80,80,80,80,80,80,80,80,80,80,80,80,80,80,80,80,80,80,80,80,80,80,80,80,80,80,80,80,80,80,80,80,80,80,80,80,80,80,80,80,80,80,80,80,80,80,80,80,80,80,80,80,80,80,80,80,80,80,80,80,80,80,80,80,82,82,82,84,84,86,86,86,88,88,90,90,90,90,90,92,94,94,98,98,100,100,102,104,104,108,112,114,114,114,114,114,114,114,114,118,118,120,120,122,124,124,124,124,126,130,134,134,136,140,140,142,146,146,148,148,152,154,146,146,150,152,152,152,152,154,154,158,162,164,164,166,166,166,166,168,168],"card_choices":[{"not_picked":["Heavy Blade","Sever Soul"],"picked":"Pommel Strike","floor":1.0},{"not_picked":["Flex","Shrug It Off"],"picked":"Offering","floor":3.0},{"not_picked":["Havoc","Iron Wave+1"],"picked":"Sword Boomerang+1","floor":4.0},{"not_picked":["Abandon","Pommel Strike+1"],"picked":"Replay:Undeath\u0027s Touch+1","floor":6.0},{"not_picked":["Battle Trance","Run Through+1"],"picked":"Uppercut+1","floor":12.0},{"not_picked":["Wild Strike+1","Clothesline+1"],"picked":"Juggernaut","floor":14.0},{"not_picked":["Replay:Many Hands","Fiend Fire+1"],"picked":"Limit Break","floor":16.0},{"not_picked":["Massacre+1","ReplayTheSpireMod:Strike From Hell+1"],"picked":"Perfected Strike+1","floor":18.0},{"not_picked":["Rampage+1","ReplayReversal","ReplayTheSpireMod:LeadingStrike+1"],"picked":"SKIP","floor":19.0},{"not_picked":["Pommel Strike+1","Dropkick+1"],"picked":"Anger+1","floor":22.0},{"not_picked":["Clash+1","Dark Embrace+1"],"picked":"True Grit+1","floor":24.0},{"not_picked":["Cleave+1","Searing Blow+1"],"picked":"Pommel Strike+1","floor":29.0},{"not_picked":["Offering","Brutality"],"picked":"Juggernaut","floor":33.0},{"not_picked":["Combust","Evolve"],"picked":"Flex+1","floor":35.0},{"not_picked":["Body Slam+1","Dropkick+1"],"picked":"Iron Wave+1","floor":37.0},{"not_picked":["Combust","Heavy Blade+1"],"picked":"Thunderclap+1","floor":38.0},{"not_picked":["Wild Strike+1","Body Slam+1"],"picked":"ReplayTheSpireMod:Muscle Training","floor":42.0},{"not_picked":["Armaments","ReplayReversal+1"],"picked":"Sentinel+1","floor":44.0},{"not_picked":["Sentinel+1","Clothesline+1"],"picked":"Twin Strike+1","floor":44.0},{"not_picked":["Thunderclap+1","Evolve+1"],"picked":"Flame Barrier","floor":45.0},{"not_picked":["Cleave+1","Burning Pact"],"picked":"Juggernaut","floor":46.0},{"not_picked":["ReplayTheSpireMod:Strike From Hell+1","Searing Blow+1"],"picked":"Metallicize+1","floor":48.0},{"not_picked":["Replay:Many Hands","Immolate+1"],"picked":"Limit Break","floor":50.0},{"not_picked":[],"picked":"Headbutt+1","floor":52.0},{"not_picked":["infinitespire:TheBestDefense","infinitespire:SealOfDarkness+"],"picked":"infinitespire:Menacing","floor":54.0},{"not_picked":["Flex"],"picked":"SKIP","floor":55.0},{"not_picked":["Disarm"],"picked":"SKIP","floor":58.0},{"not_picked":[],"picked":"Perfected Strike+1","floor":61.0},{"not_picked":["Iron Wave+1"],"picked":"SKIP","floor":62.0},{"not_picked":["Iron Wave+1"],"picked":"SKIP","floor":64.0},{"not_picked":[],"picked":"Clothesline+1","floor":65.0},{"not_picked":[],"picked":"Exhume","floor":67.0},{"not_picked":["ReplayTheSpireMod:Echoes of Time","infinitespire:Collect"],"picked":"infinitespire:Gouge","floor":67.0},{"not_picked":["Flex"],"picked":"SKIP","floor":69.0},{"not_picked":[],"picked":"Midas Touch","floor":71.0},{"not_picked":[],"picked":"Discovery","floor":71.0},{"not_picked":[],"picked":"Magnetism","floor":71.0},{"not_picked":[],"picked":"Heavy Blade+1","floor":73.0},{"not_picked":[],"picked":"Uppercut+1","floor":75.0},{"not_picked":[],"picked":"Berserk","floor":80.0},{"not_picked":["Flex"],"picked":"Singing Bowl","floor":81.0},{"not_picked":["Berserk"],"picked":"Singing Bowl","floor":84.0},{"not_picked":["True Grit+1","Rebound+1"],"picked":"Singing Bowl","floor":86.0},{"not_picked":["Mind Blast+1"],"picked":"Good Instincts","floor":88.0},{"not_picked":["Barrage+1","Clash+1"],"picked":"Singing Bowl","floor":89.0},{"not_picked":["Run Through+1","Beam Cell+1"],"picked":"Singing Bowl","floor":91.0},{"not_picked":["Rebound+1"],"picked":"Rage+1","floor":93.0},{"not_picked":["Corruption","Auto Shields+1"],"picked":"Singing Bowl","floor":96.0},{"not_picked":["Metallicize","Flex+1"],"picked":"Singing Bowl","floor":97.0},{"not_picked":["Pommel Strike+1","Steam"],"picked":"Singing Bowl","floor":99.0},{"not_picked":["Clothesline+1","Combust"],"picked":"Singing Bowl","floor":99.0},{"not_picked":["Corruption","Rainbow"],"picked":"Singing Bowl","floor":101.0},{"not_picked":["Clash+1","Beam Cell+1"],"picked":"Singing Bowl","floor":103.0},{"not_picked":["Melter+1"],"picked":"Heavy Blade+1","floor":103.0},{"not_picked":["Streamline+1","Reprogram"],"picked":"Singing Bowl","floor":104.0},{"not_picked":["ReplayTheSpireMod:Strike From Hell+1"],"picked":"Replay:Undeath\u0027s Touch+1","floor":104.0},{"not_picked":["Auto Shields","Iron Wave+1"],"picked":"Singing Bowl","floor":106.0},{"not_picked":["Conserve Battery","Shockwave"],"picked":"Singing Bowl","floor":106.0},{"not_picked":["Reprogram","Beam Cell+1"],"picked":"Singing Bowl","floor":107.0},{"not_picked":["Thunderclap+1","Disarm"],"picked":"Singing Bowl","floor":107.0},{"not_picked":["Doom and Gloom+1","Melter+1"],"picked":"Singing Bowl","floor":108.0},{"not_picked":["True Grit"],"picked":"Shrug It Off","floor":113.0},{"not_picked":["Offering","Go for the Eyes+1"],"picked":"Singing Bowl","floor":116.0},{"not_picked":["Clothesline+1","True Grit"],"picked":"Singing Bowl","floor":116.0},{"not_picked":["Replay:Many Hands","Hyperbeam+1"],"picked":"Singing Bowl","floor":118.0},{"not_picked":["Perfected Strike+1","Doom and Gloom+1"],"picked":"Singing Bowl","floor":120.0},{"not_picked":["Armaments"],"picked":"Replay:Undeath\u0027s Touch+1","floor":120.0},{"not_picked":["Cleave+1","Shrug It Off"],"picked":"Singing Bowl","floor":121.0},{"not_picked":["Headbutt+1"],"picked":"Feel No Pain","floor":121.0},{"not_picked":["Beam Cell+1","Rainbow"],"picked":"Singing Bowl","floor":125.0},{"not_picked":["Armaments","Evolve"],"picked":"Singing Bowl","floor":126.0},{"not_picked":["Defy Death+1","Cold Snap+1"],"picked":"Singing Bowl","floor":126.0},{"not_picked":["Ghostly Armor","True Grit"],"picked":"Singing Bowl","floor":127.0},{"not_picked":["Iron Wave+1","Coolheaded"],"picked":"Singing Bowl","floor":127.0},{"not_picked":["Go for the Eyes+1","Armaments"],"picked":"Singing Bowl","floor":129.0},{"not_picked":["Perfected Strike+1"],"picked":"Biased Cognition","floor":129.0},{"not_picked":["Blood for Blood+1","Aggregate+1"],"picked":"Singing Bowl","floor":130.0},{"not_picked":["Thunderclap+1","Turbo"],"picked":"Singing Bowl","floor":130.0},{"not_picked":["Sword Boomerang+1","Reprogram"],"picked":"Singing Bowl","floor":132.0},{"not_picked":["FTL+1","Rebound+1"],"picked":"Singing Bowl","floor":133.0},{"not_picked":["Twin Strike+1","Beam Cell+1"],"picked":"Singing Bowl","floor":133.0},{"not_picked":["Thunder Strike+1","Seek"],"picked":"Singing Bowl","floor":135.0},{"not_picked":["Double Energy+1","Cold Snap+1"],"picked":"Singing Bowl","floor":137.0},{"not_picked":["ReplayTheSpireMod:System Scan","Leap"],"picked":"Singing Bowl","floor":137.0},{"not_picked":["Rupture"],"picked":"Anger+1","floor":138.0},{"not_picked":["Rupture+1","Gash+1"],"picked":"Singing Bowl","floor":138.0},{"not_picked":["Wild Strike+1"],"picked":"Heavy Blade+1","floor":140.0},{"not_picked":["Cold Snap+1","Heavy Blade+1"],"picked":"Singing Bowl","floor":141.0},{"not_picked":["Anger+1","Body Slam+1"],"picked":"Singing Bowl","floor":141.0},{"not_picked":["Armaments","Hyperbeam+1"],"picked":"Singing Bowl","floor":142.0},{"not_picked":["Turbo+1"],"picked":"Glacier+1","floor":146.0},{"not_picked":["Hello World","Scrape+1"],"picked":"Singing Bowl","floor":146.0},{"not_picked":["Shrug It Off","Armaments+1"],"picked":"Singing Bowl","floor":148.0},{"not_picked":["ReplayReversal","ReplayTheSpireMod:Repulse+1"],"picked":"Singing Bowl","floor":148.0},{"not_picked":["Warcry+1","ReplayTheSpireMod:LeadingStrike+1"],"picked":"Singing Bowl","floor":149.0},{"not_picked":["Perfected Strike+1","Consume"],"picked":"Singing Bowl","floor":149.0},{"not_picked":["Stack","Flame Barrier+1"],"picked":"Singing Bowl","floor":150.0},{"not_picked":["Biased Cognition","Double Tap"],"picked":"Singing Bowl","floor":152.0},{"not_picked":["BasicCrystalCard+1","Headbutt+1"],"picked":"Singing Bowl","floor":156.0},{"not_picked":["Hemogenesis+1"],"picked":"Buffer","floor":157}],"player_experience":1075267,"relics_obtained":[{"floor":6.0,"key":"CaptainsWheel"},{"floor":9.0,"key":"ReplayTheSpireMod:Lightbulb"},{"floor":17.0,"key":"Nunchaku"},{"floor":17.0,"key":"Mercury Hourglass"},{"floor":17.0,"key":"Turnip"},{"floor":20.0,"key":"Nilry\u0027s Codex"},{"floor":26.0,"key":"King of Hearts"},{"floor":29.0,"key":"Counterbalance"},{"floor":41.0,"key":"aspiration:Lifesprig"},{"floor":43.0,"key":"Snack Pack"},{"floor":44.0,"key":"infinitespire:Broken Mirror"},{"floor":60.0,"key":"infinitespire:Lucky Rock"},{"floor":64.0,"key":"Art of War"},{"floor":70.0,"key":"Necronomicon"},{"floor":77.0,"key":"Singing Bowl"},{"floor":80.0,"key":"TungstenRod"},{"floor":87.0,"key":"Ring of Misfortune"},{"floor":91.0,"key":"infinitespire:Beetle Shell"},{"floor":93.0,"key":"ReplayTheSpireMod:Ninjato"},{"floor":94.0,"key":"Sundial"},{"floor":96.0,"key":"Lantern"},{"floor":108.0,"key":"Bag of Preparation"},{"floor":108.0,"key":"Replay:Towering Pillar of Hats"},{"floor":111.0,"key":"Red Skull"},{"floor":113.0,"key":"Odd Mushroom"},{"floor":125.0,"key":"infinitespire:PuzzleCube"},{"floor":125.0,"key":"War Paint"},{"floor":128.0,"key":"Darkstone Periapt"},{"floor":132.0,"key":"ReplayTheSpireMod:TigerMarble"},{"floor":132.0,"key":"Unceasing Top"},{"floor":140.0,"key":"FossilizedHelix"},{"floor":142.0,"key":"Blue Doll"},{"floor":142.0,"key":"Replay:Bottled Steam"},{"floor":145.0,"key":"Replay:Accelerometer"},{"floor":150.0,"key":"Dream Catcher"},{"floor":150.0,"key":"Grinning Jar"},{"floor":156.0,"key":"Champion Belt"},{"floor":156.0,"key":"Oddly Smooth Stone"}],"event_choices":[{"damage_healed":0.0,"max_hp_gain":0.0,"max_hp_loss":0.0,"gold_gain":175.0,"event_name":"Liars Game","player_choice":"AGREE","floor":13.0,"gold_loss":0.0,"damage_taken":0.0,"cards_obtained":["Doubt"]},{"damage_healed":0.0,"max_hp_gain":0.0,"max_hp_loss":0.0,"gold_gain":0.0,"event_name":"Cursed Tome","player_choice":"Obtained Book","floor":20.0,"gold_loss":0.0,"damage_taken":16.0},{"damage_healed":0.0,"max_hp_gain":0.0,"max_hp_loss":0.0,"gold_gain":0.0,"event_name":"Drug Dealer","player_choice":"Inject Mutagens","floor":28.0,"gold_loss":0.0,"damage_taken":0.0,"relics_obtained":["MutagenicStrength"]},{"damage_healed":0.0,"max_hp_gain":0.0,"max_hp_loss":0.0,"gold_gain":0.0,"event_name":"Nest","player_choice":"Joined the Cult","floor":30.0,"gold_loss":0.0,"damage_taken":6.0,"cards_obtained":["RitualDagger"]},{"damage_healed":0.0,"max_hp_gain":0.0,"max_hp_loss":0.0,"gold_gain":0.0,"event_name":"Duplicator","player_choice":"Copied","floor":36.0,"gold_loss":0.0,"damage_taken":0.0,"cards_obtained":["ReplayTheSpireMod:Brewmster"]},{"cards_removed":["Strike_R"],"damage_healed":0.0,"max_hp_gain":0.0,"max_hp_loss":0.0,"gold_gain":0.0,"event_name":"Living Wall","player_choice":"Forget","floor":53.0,"gold_loss":0.0,"damage_taken":0.0},{"damage_healed":0.0,"max_hp_gain":0.0,"max_hp_loss":0.0,"gold_gain":0.0,"event_name":"WeMeetAgain","player_choice":"Gave Potion","floor":56.0,"gold_loss":0.0,"damage_taken":0.0,"relics_obtained":["infinitespire:Midas Blood"]},{"damage_healed":0.0,"max_hp_gain":0.0,"max_hp_loss":0.0,"gold_gain":0.0,"event_name":"Accursed Blacksmith","player_choice":"Forge","floor":59.0,"gold_loss":0.0,"damage_taken":0.0,"cards_upgraded":["Juggernaut"]},{"damage_healed":0.0,"max_hp_gain":0.0,"max_hp_loss":0.0,"gold_gain":0.0,"event_name":"Cursed Tome","player_choice":"Obtained Book","floor":70.0,"gold_loss":0.0,"damage_taken":16.0},{"damage_healed":0.0,"max_hp_gain":0.0,"max_hp_loss":0.0,"gold_gain":0.0,"event_name":"Ghosts","player_choice":"Ignored","floor":72.0,"gold_loss":0.0,"damage_taken":0.0},{"cards_removed":["Defend_R"],"damage_healed":0.0,"max_hp_gain":0.0,"max_hp_loss":0.0,"gold_gain":0.0,"event_name":"Beggar","player_choice":"Gave Gold","floor":76.0,"gold_loss":75.0,"damage_taken":0.0},{"damage_healed":0.0,"max_hp_gain":0.0,"max_hp_loss":0.0,"gold_gain":0.0,"event_name":"Back to Basics","player_choice":"Simplicity","floor":82.0,"gold_loss":0.0,"damage_taken":0.0,"cards_upgraded":["Strike_R","Defend_R","Defend_R"]},{"damage_healed":0.0,"max_hp_gain":0.0,"max_hp_loss":0.0,"gold_gain":0.0,"event_name":"SensoryStone","player_choice":"Memory 1","floor":88.0,"gold_loss":0.0,"damage_taken":0.0},{"damage_healed":0.0,"max_hp_gain":0.0,"max_hp_loss":0.0,"gold_gain":75.0,"event_name":"World of Goop","player_choice":"Gather Gold","floor":110.0,"gold_loss":0.0,"damage_taken":11.0},{"damage_healed":0.0,"max_hp_gain":0.0,"max_hp_loss":0.0,"gold_gain":0.0,"event_name":"Mushrooms","player_choice":"Fought Mushrooms","floor":113.0,"gold_loss":0.0,"damage_taken":0.0},{"damage_healed":0.0,"max_hp_gain":0.0,"max_hp_loss":0.0,"gold_gain":0.0,"event_name":"Drug Dealer","player_choice":"Inject Mutagens","floor":122.0,"gold_loss":0.0,"damage_taken":0.0,"relics_obtained":["Circlet"]},{"damage_healed":0.0,"max_hp_gain":0.0,"max_hp_loss":0.0,"gold_gain":0.0,"event_name":"WeMeetAgain","player_choice":"Paid Gold","floor":124.0,"gold_loss":52.0,"damage_taken":0.0,"relics_obtained":["Replay:Bottled Flurry"]},{"damage_healed":0.0,"max_hp_gain":0.0,"max_hp_loss":8.0,"gold_gain":0.0,"event_name":"Winding Halls","player_choice":"Max HP","floor":139.0,"gold_loss":0.0,"damage_taken":0.0},{"damage_healed":0.0,"max_hp_gain":0.0,"max_hp_loss":0.0,"gold_gain":0.0,"event_name":"MindBloom","player_choice":"Fight","floor":140.0,"gold_loss":0.0,"damage_taken":0.0}],"is_beta":false,"boss_relics":[{"not_picked":["aspiration:PoetsPen_weak","Tiny House"],"picked":"Calling Bell"},{"not_picked":["aspiration:RunicSpoon","Replay:Drink Me","aspiration:FutureDiary"]},{"not_picked":["Runic Cube","aspiration:SecretTechniqueScroll"],"picked":"Busted Crown"},{"not_picked":["Painkiller Herb","Fusion Hammer","aspiration:RitualDagger"]},{"not_picked":["Replay:Drink Me","Ooze Armor"],"picked":"aspiration:DefectSkillbook"},{"not_picked":["Sozu","infinitespire:Burning Sword"],"picked":"Black Star"},{"not_picked":["infinitespire:Cupcake","Runic Pyramid"],"picked":"SacredBark"},{"not_picked":["Mark of Pain","Electric Blood"],"picked":"SlaversCollar"},{"not_picked":[]}],"items_purged_floors":[8,21,71,123],"is_endless":true,"potions_floor_spawned":[1,3,4,16,19,22,33,46,48,50,61,64,67,73,80,84,91,93,99,104,108,116,121,126,130,138,140,146,148,150],"ascension_level":0}}