{"host":"Yuki","time":1608952624,"event":{"mods":["AchievementEnabler","BaseMod","Block Reminder","Colored Map","Colored Powertips","Googly Eyes","Highlight Path","Minty Spire (QoL Compilation)","Permanent Neow","Quick Restart","Random Character Button","Random Character Mod","Relic Stats","StSLib","The Wild Card","everything is the same but u backflip on backflip","slay the spire mod where everything is the same but ironclad has a cowboy hat"],"gold_per_floor":[114,128,93,93,107,140,140,158,185,230,242,91,121,86,86,191,191,208,191,210,228,228,228],"floor_reached":22,"playtime":1146,"items_purged":["Strike_P"],"score":227,"play_id":"0b0582a6-50c7-4c56-b759-c26c4df5246b","local_time":"20201225211704","is_ascension_mode":true,"campfire_choices":[{"floor":7,"key":"REST"},{"data":"SandsOfTime","floor":11,"key":"SMITH"},{"floor":15,"key":"REST"}],"circlet_count":0,"master_deck":["Strike_P","Defend_P","Defend_P","Defend_P","Defend_P","Eruption","Vigilance","Establishment","PathToVictory","FlyingSleeves","SandsOfTime+1","EmptyFist","Protect","CutThroughFate","PathToVictory","FearNoEvil","DevaForm","SashWhip","ConjureBlade"],"relics":["PureWater","Mummified Hand","MawBank","Peace Pipe","Oddly Smooth Stone","Runic Dome"],"acts_visited":["Exordium","TheCity"],"potions_floor_usage":[],"damage_taken":[{"damage":7,"enemies":"2 Louse","floor":1,"turns":3},{"damage":2,"enemies":"Jaw Worm","floor":2,"turns":3},{"damage":4,"enemies":"Small Slimes","floor":5,"turns":3},{"damage":38,"enemies":"3 Sentries","floor":6,"turns":10},{"damage":0,"enemies":"3 Louse","floor":8,"turns":4},{"damage":6,"enemies":"Lagavulin","floor":10,"turns":7},{"damage":18,"enemies":"Gremlin Nob","floor":13,"turns":4},{"damage":13,"enemies":"The Guardian","floor":16,"turns":9},{"damage":6,"enemies":"Shell Parasite","floor":18,"turns":5},{"damage":18,"enemies":"2 Thieves","floor":19,"turns":5},{"damage":31,"enemies":"Snake Plant","floor":20,"turns":4},{"damage":4,"enemies":"Snecko","floor":21,"turns":3},{"damage":43,"enemies":"Sentry and Sphere","floor":22,"turns":5}],"seed_played":"-6505868645964489311","potions_obtained":[{"floor":2,"key":"FairyPotion"},{"floor":6,"key":"Strength Potion"},{"floor":8,"key":"Ancient Potion"}],"is_trial":false,"path_per_floor":["M","M","?","T","M","E","R","M","T","E","R","$","E","?","R","B",null,"M","M","M","M","M"],"character_chosen":"WATCHER","items_purchased":["PathToVictory","FearNoEvil"],"campfire_rested":2,"item_purchase_floors":[12,12],"current_hp_per_floor":[44,42,60,60,56,18,39,39,39,33,33,33,15,15,36,23,72,66,48,17,13,0,0],"gold":228,"neow_bonus":"TRANSFORM_TWO_CARDS","is_daily":false,"chose_seed":false,"campfire_upgraded":1,"win_rate":0.0,"timestamp":1608952624,"path_taken":["M","M","?","?","M","E","R","M","T","E","R","$","E","?","R","BOSS","M","M","M","M","M"],"items_purchased_type":["Card","Card"],"build_version":"2020-12-18","purchased_purges":1,"victory":false,"max_hp_per_floor":[72,72,72,72,72,72,72,72,72,72,72,72,72,72,72,72,72,72,72,72,72,72,72],"relic_stats":{"Peace Pipe":0,"counters":[13,65],"Mummified Hand":[13],"MawBank":36,"obtain_stats":[{"Peace Pipe":10,"Runic Dome":17,"Mummified Hand":6,"Oddly Smooth Stone":13,"PureWater":0,"MawBank":9},{"Peace Pipe":6,"Runic Dome":8,"Mummified Hand":4,"Oddly Smooth Stone":7,"PureWater":0,"MawBank":5},{"Peace Pipe":30,"Runic Dome":43,"Mummified Hand":19,"Oddly Smooth Stone":34,"PureWater":0,"MawBank":23}]},"card_choices":[{"not_picked":["FlurryOfBlows","CrushJoints"],"picked":"FlyingSleeves","floor":1},{"not_picked":["BattleHymn","Weave"],"picked":"SandsOfTime","floor":2},{"not_picked":["Protect","ClearTheMind"],"picked":"EmptyFist","floor":5},{"not_picked":["ClearTheMind","JustLucky"],"picked":"Protect","floor":6},{"not_picked":["Protect","ThirdEye"],"picked":"CutThroughFate","floor":8},{"not_picked":["Blasphemy","WaveOfTheHand","Crescendo"],"picked":"SKIP","floor":10},{"not_picked":["CrushJoints","WheelKick","InnerPeace"],"picked":"SKIP","floor":13},{"not_picked":["Blasphemy","Wish"],"picked":"DevaForm","floor":16},{"not_picked":["CrushJoints","Crescendo","Protect"],"picked":"SKIP","floor":18},{"not_picked":["Crescendo","EmptyFist"],"picked":"SashWhip","floor":19},{"not_picked":["ForeignInfluence","FearNoEvil","SashWhip+1"],"picked":"SKIP","floor":20},{"not_picked":["FlyingSleeves+1","SashWhip+1"],"picked":"ConjureBlade","floor":21}],"player_experience":1218670,"relics_obtained":[{"floor":6,"key":"Mummified Hand"},{"floor":9,"key":"MawBank"},{"floor":10,"key":"Peace Pipe"},{"floor":13,"key":"Oddly Smooth Stone"}],"event_choices":[{"damage_healed":18,"gold_gain":0,"player_choice":"Healed","damage_taken":0,"max_hp_gain":0,"max_hp_loss":0,"event_name":"The Cleric","floor":3,"gold_loss":35},{"damage_healed":0,"gold_gain":0,"player_choice":"Left Gold","damage_taken":0,"max_hp_gain":0,"max_hp_loss":0,"event_name":"World of Goop","floor":14,"gold_loss":35}],"is_beta":true,"boss_relics":[{"not_picked":["Cursed Key","SacredBark"],"picked":"Runic Dome"}],"items_purged_floors":[12],"is_endless":false,"potions_floor_spawned":[2,6,8,21],"killed_by":"Sentry and Sphere","ascension_level":2}}