{"host":"6affnl2vk6en9o4b","time":1608995284,"event":{"mods":["2.2 Compatiblity","AchievementEnabler","Aspiration","BaseMod","BetterRewards","Colored Powertips","Conspire","Downfall","Friendly Minions","Googly Eyes","Highlight Path","Hubris","Minty Spire (QoL Compilation)","Replay The Spire","StSLib","Trackpad","Unceasing Turn Reminder","vexMod"],"gold_per_floor":[99,99,125,125,125,125,151,88,106,125,140,166,16,26,40,40,40,40],"floor_reached":16,"playtime":453,"items_purged":[],"score":105,"play_id":"075b8320-42fe-48b5-8a70-f9a1aa647e95","local_time":"20201226150804","is_ascension_mode":true,"campfire_choices":[{"floor":1,"key":"RECALL"},{"floor":13,"key":"REST"}],"circlet_count":0,"master_deck":["Slimebound:Strike_Slimebound","Slimebound:Strike_Slimebound","Slimebound:Strike_Slimebound","Slimebound:Tackle","Slimebound:Defend_Slimebound","Slimebound:Defend_Slimebound","Slimebound:Defend_Slimebound","Slimebound:Defend_Slimebound","Slimebound:Split","Slimebound:CorrosiveSpit","Slimebound:RejuvenatingLick","Slimebound:AcidTongue","Slimebound:ViciousTackle","Slimebound:TongueLash","Slimebound:FirmFortitude","Slimebound:Schlurp","Slimebound:AcidTongue","Slimebound:SamplingLick","Slimebound:MegaLick","Slimebound:GoopSpray","Slimebound:GrowthPunch"],"relics":["Slimebound:AbsorbEndCombat","downfall:HeartsMalice","vexMod:PlasmaPancake","hubris:Towel","hubris:OldNail","Pen Nib","downfall:HeartBlessingRed","downfall:HeartBlessingGreen"],"acts_visited":["Exordium"],"potions_floor_usage":[12,12,16,16],"damage_taken":[{"damage":0,"enemies":"Cultist","floor":2,"turns":1},{"damage":0,"enemies":"downfall:FleeingMerchant","floor":4,"turns":1},{"damage":0,"enemies":"2 Louse","floor":5,"turns":1},{"damage":18,"enemies":"downfall:FleeingMerchant","floor":8,"turns":4},{"damage":11,"enemies":"Jaw Worm","floor":9,"turns":2},{"damage":12,"enemies":"Blue Slaver","floor":10,"turns":3},{"damage":20,"enemies":"Red Slaver","floor":11,"turns":4},{"damage":28,"enemies":"Gremlin Nob","floor":12,"turns":4},{"damage":8,"enemies":"Large Slime","floor":14,"turns":4},{"damage":5,"enemies":"2 Fungi Beasts","floor":15,"turns":3},{"damage":74,"enemies":"downfall:Defect","floor":16,"turns":6}],"seed_played":"4055026437474765540","potions_obtained":[{"floor":9,"key":"Weak Potion"},{"floor":11,"key":"Languid Potion"},{"floor":12,"key":"PowerPotion"},{"floor":15,"key":"LifebloodPotion"}],"is_trial":false,"path_per_floor":["R","M","?","$","M","?","T","$","M","M","M","E","R","M","M","B"],"character_chosen":"SLIMEBOUND","items_purchased":["Slimebound:Schlurp"],"campfire_rested":1,"item_purchase_floors":[8],"current_hp_per_floor":[60,60,42,42,42,42,42,46,41,39,33,27,46,56,61,0,0,0],"gold":40,"neow_bonus":"THREE_ENEMY_KILL","is_daily":false,"chose_seed":false,"campfire_upgraded":0,"win_rate":0.0,"timestamp":1608995284,"path_taken":["R","M","?","$","M","?","T","?","?","M","M","E","R","M","M","BOSS"],"items_purchased_type":["Card"],"build_version":"2020-12-22","purchased_purges":0,"victory":false,"max_hp_per_floor":[60,60,66,66,66,66,66,66,66,66,66,66,66,66,66,66,66,66],"card_choices":[{"not_picked":["Slimebound:SplitLeeching","Slimebound:GoopSpray"],"picked":"Slimebound:RejuvenatingLick","floor":2},{"not_picked":["Slimebound:Replication","Slimebound:Schlurp"],"picked":"Slimebound:AcidTongue","floor":3},{"not_picked":["Slimebound:Replication","Slimebound:SplitLeeching"],"picked":"Slimebound:ViciousTackle","floor":4},{"not_picked":["Slimebound:RollThrough","Slimebound:SlimeBarrage"],"picked":"Slimebound:TongueLash","floor":5},{"not_picked":["Slimebound:Schlurp","Slimebound:SlimeSpikes"],"picked":"Slimebound:FirmFortitude","floor":8},{"not_picked":["Slimebound:GrowthPunch","Slimebound:GoopSpray"],"picked":"Slimebound:AcidTongue","floor":9},{"not_picked":["Slimebound:PressTheAttack","Slimebound:Dissolve","Slimebound:SlimeBarrage"],"picked":"SKIP","floor":10},{"not_picked":["Slimebound:LevelUp","Slimebound:RollThrough"],"picked":"Slimebound:SamplingLick","floor":11},{"not_picked":["Slimebound:FirmFortitude","Slimebound:ViciousTackle"],"picked":"Slimebound:MegaLick","floor":12},{"not_picked":["Slimebound:SplitAcid","Slimebound:SplitMire"],"picked":"Slimebound:GoopSpray","floor":14},{"not_picked":["Slimebound:GoopSpray","Slimebound:SplitLeeching"],"picked":"Slimebound:GrowthPunch","floor":15}],"player_experience":194139,"relics_obtained":[{"floor":3,"key":"vexMod:PlasmaPancake"},{"floor":7,"key":"hubris:OldNail"},{"floor":12,"key":"Pen Nib"}],"event_choices":[],"is_beta":false,"boss_relics":[],"items_purged_floors":[],"is_endless":false,"potions_floor_spawned":[9,11,12,15],"killed_by":"downfall:Defect","ascension_level":1}}