{"host":"ftwsn2kbtsx9x7xs","time":1608952271,"event":{"mods":["BaseMod","Hermit","Minty Spire (QoL Compilation)","Replay The Spire","StSLib","Td1madao Mod","The Dragon Tamer"],"gold_per_floor":[117,117,135,135,135,166,166,91,144,161,196,216,216,71,71,71,71],"floor_reached":16,"playtime":645,"items_purged":["Dark Embrace"],"score":146,"play_id":"e7544fbf-052d-44dc-9ad8-c66a5af3bfc4","local_time":"20201226121111","is_ascension_mode":true,"campfire_choices":[{"floor":7,"key":"RECALL"},{"floor":15,"key":"REST"}],"circlet_count":0,"master_deck":["Strike_R","Strike_R","Strike_R","Strike_R","Defend_R","Defend_R","Defend_R","Defend_R","Bash","Body Slam","Armaments","Feed","Warcry"],"relics":["Burning Blood","NeowsBlessing","FaceOfCleric","Boot","Charon\u0027s Ashes","Golden Idol","Membership Card"],"acts_visited":["Exordium"],"potions_floor_usage":[11],"damage_taken":[{"damage":0,"enemies":"Jaw Worm","floor":1,"turns":1},{"damage":0,"enemies":"Cultist","floor":3,"turns":1},{"damage":0,"enemies":"3 Sentries","floor":6,"turns":2},{"damage":4,"enemies":"Small Slimes","floor":10,"turns":4},{"damage":54,"enemies":"Lagavulin","floor":11,"turns":9},{"damage":11,"enemies":"3 Louse","floor":12,"turns":4},{"damage":55,"enemies":"The Guardian","floor":16,"turns":11}],"seed_played":"-5042533970706001500","potions_obtained":[{"floor":3,"key":"Block Potion"},{"floor":6,"key":"Ancient Potion"},{"floor":12,"key":"BloodPotion"}],"is_trial":false,"path_per_floor":["M","?","M","?","$","E","R","$","T","M","E","M","?","$","R","B"],"character_chosen":"IRONCLAD","items_purchased":["Membership Card"],"campfire_rested":1,"item_purchase_floors":[14],"current_hp_per_floor":[80,80,81,81,81,82,82,82,82,83,36,35,35,35,59,4,4],"gold":71,"neow_bonus":"THREE_ENEMY_KILL","is_daily":false,"chose_seed":false,"campfire_upgraded":0,"win_rate":0.0,"timestamp":1608952271,"path_taken":["M","?","?","?","$","E","R","?","T","M","E","M","?","$","R","BOSS"],"items_purchased_type":["Relic"],"build_version":"2020-12-22","purchased_purges":1,"victory":false,"max_hp_per_floor":[80,80,81,81,81,82,82,82,82,83,84,88,81,81,81,81,81],"card_choices":[{"not_picked":["ReplayTheSpireMod:LeadingStrike","Dual Wield"],"picked":"Body Slam","floor":1},{"not_picked":["Anger","Pommel Strike","Battle Trance"],"picked":"SKIP","floor":3},{"not_picked":["Eclipse","Perfected Strike"],"picked":"Armaments","floor":6},{"not_picked":["Armaments","Sentinel","Warcry"],"picked":"SKIP","floor":10},{"not_picked":["Cleave","Warcry"],"picked":"Feed","floor":11},{"not_picked":["Shrug It Off","Clothesline"],"picked":"Warcry","floor":12}],"player_experience":160556,"relics_obtained":[{"floor":6,"key":"Boot"},{"floor":11,"key":"Charon\u0027s Ashes"}],"event_choices":[{"damage_healed":0,"gold_gain":0,"player_choice":"Trade","damage_taken":0,"relics_obtained":["FaceOfCleric"],"max_hp_gain":0,"max_hp_loss":0,"event_name":"FaceTrader","floor":2,"gold_loss":0},{"damage_healed":0,"gold_gain":0,"cards_transformed":["Strike_R"],"player_choice":"Transformed","damage_taken":0,"max_hp_gain":0,"max_hp_loss":0,"event_name":"Transmorgrifier","floor":4,"gold_loss":0,"cards_obtained":["Dark Embrace"]},{"damage_healed":0,"gold_gain":0,"player_choice":"Lose Max HP","damage_taken":0,"relics_obtained":["Golden Idol"],"max_hp_gain":0,"max_hp_loss":7,"event_name":"Golden Idol","floor":13,"gold_loss":0}],"is_beta":false,"boss_relics":[],"items_purged_floors":[8],"is_endless":false,"potions_floor_spawned":[3,6,12],"killed_by":"The Guardian","ascension_level":2}}