{"host":"ormi09wwzv7sq47a","time":1608952328,"event":{"mods":["2.2 Compatiblity","AchievementEnabler","Act Like it!","BaseMod","Bestiary","Better Altar","Better Note","Better Sensory Stone","Better Skull","Better Third Choice","Better Vampires","BetterRewards","Block Reminder","Colored Map","Colored Powertips","Curses Come First","DeckTracker","Downfall","Highlight Path","Minty Spire (QoL Compilation)","Permanent Neow","Quick Restart","Rare Cards Sparkle","Relic Stats","Shop Mod","StSLib","The Jungle","The Servant 0.9.4"],"gold_per_floor":[112,112,126,141,15,15,43,43,120,120,120,132,142,167,167,268,268,287,287,287,297,352,352,0,19,44,60,60,92,92,126,126,225,225,243,259,31,45,56,56,82,82,82,82,102,114,128,144,144,144,144,144,22,47,47,47,47],"floor_reached":55,"playtime":3294,"items_purged":["Slimebound:Tackle","Slimebound:Strike_Slimebound","Slimebound:Defend_Slimebound"],"score":1496,"play_id":"72c4eae0-703a-4626-a2a1-9c1ac8d68c21","local_time":"20201226001208","is_ascension_mode":true,"campfire_choices":[{"data":"Slimebound:Split","floor":6.0,"key":"SMITH"},{"data":"Slimebound:CorrosiveSpit","floor":8.0,"key":"SMITH"},{"data":"Slimebound:SplitMire","floor":10.0,"key":"SMITH"},{"data":"Slimebound:LevelUp","floor":15.0,"key":"SMITH"},{"data":"Slimebound:LivingWall","floor":23.0,"key":"SMITH"},{"data":"Bite","floor":28.0,"key":"SMITH"},{"data":"Slimebound:MegaLick","floor":30.0,"key":"SMITH"},{"data":"Slimebound:OozeBath","floor":32.0,"key":"SMITH"},{"data":"Slimebound:Prepare","floor":40.0,"key":"SMITH"},{"data":"Slimebound:AcidTongue","floor":42.0,"key":"SMITH"},{"data":"Slimebound:SlimeSpikes","floor":44.0,"key":"SMITH"},{"floor":49,"key":"RECALL"},{"data":"Slimebound:Recollect","floor":52,"key":"SMITH"}],"circlet_count":0,"master_deck":["AscendersBane","Slimebound:Defend_Slimebound","Slimebound:Defend_Slimebound","Slimebound:Defend_Slimebound+1","Slimebound:Split+1","Slimebound:CorrosiveSpit+1","Slimebound:LeechEnergy+1","Flash of Steel","Slimebound:HauntingLick","Slimebound:MegaLick+1","Slimebound:SplitMire+1","Slimebound:LivingWall+1","Slimebound:LeadByExample+1","Slimebound:LevelUp+1","Slimebound:Recollect","Slimebound:OozeBath+1","Slimebound:SlimeSpikes+1","Bite+1","Bite+1","Slimebound:Gluttony+1","Slimebound:AcidTongue+1","Slimebound:Prepare+1","Slimebound:Prepare+1","Slimebound:WasteNot+1","Slimebound:LeechEnergy+1","Slimebound:LeechingTouch+1","Slimebound:Dissolve+1","Slimebound:Recollect+1","Slimebound:Recollect+1","Slimebound:OneTwoCombo","Slimebound:Recollect+1"],"relics":["Slimebound:AbsorbEndCombatUpgraded","hexamod:BolsterEngine","Bag of Marbles","Slimebound:PotencyRelic","PreservedInsect","Gremlin Horn","Smiling Mask","Coffee Dripper","Anchor","MealTicket","Whetstone","Art of War","Potion Belt","Membership Card","War Paint","Bronze Scales","Oddly Smooth Stone","Slimebound:MaxSlimesRelic","Nunchaku"],"acts_visited":["Exordium","TheCity","TheBeyond","TheEnding"],"potions_floor_usage":[54],"damage_taken":[{"damage":15.0,"enemies":"Jaw Worm","floor":1.0,"turns":4.0},{"damage":14.0,"enemies":"2 Louse","floor":3.0,"turns":2.0},{"damage":8.0,"enemies":"Cultist","floor":4.0,"turns":3.0},{"damage":24.0,"enemies":"Gremlin Nob","floor":7.0,"turns":3.0},{"damage":17.0,"enemies":"Exordium Thugs","floor":12.0,"turns":4.0},{"damage":17.0,"enemies":"Gremlin Gang","floor":13.0,"turns":4.0},{"damage":30.0,"enemies":"3 Sentries","floor":14.0,"turns":3.0},{"damage":20.0,"enemies":"Hexaghost","floor":16.0,"turns":7.0},{"damage":24.0,"enemies":"Shell Parasite","floor":18.0,"turns":4.0},{"damage":8.0,"enemies":"3 Byrds","floor":21.0,"turns":3.0},{"damage":26.0,"enemies":"3 Cultists","floor":25.0,"turns":4.0},{"damage":26.0,"enemies":"Snecko","floor":27.0,"turns":4.0},{"damage":33.0,"enemies":"Slavers","floor":29.0,"turns":4.0},{"damage":24.0,"enemies":"Book of Stabbing","floor":31.0,"turns":3.0},{"damage":24.0,"enemies":"Champ","floor":33.0,"turns":8.0},{"damage":50.0,"enemies":"3 Darklings","floor":35.0,"turns":5.0},{"damage":18.0,"enemies":"Orb Walker","floor":36.0,"turns":3.0},{"damage":17.0,"enemies":"4 Shapes","floor":38.0,"turns":3.0},{"damage":48.0,"enemies":"Maw","floor":39.0,"turns":5.0},{"damage":24.0,"enemies":"Giant Head","floor":41.0,"turns":6.0},{"damage":45.0,"enemies":"3 Darklings","floor":45.0,"turns":4.0},{"damage":55,"enemies":"Transient","floor":46,"turns":5},{"damage":43,"enemies":"Writhing Mass","floor":47,"turns":4},{"damage":39,"enemies":"Maw","floor":48,"turns":5},{"damage":74,"enemies":"Awakened One","floor":50,"turns":11},{"damage":58,"enemies":"Shield and Spear","floor":54,"turns":6},{"damage":93,"enemies":"The Heart","floor":55,"turns":2}],"seed_played":"244403524645686747","potions_obtained":[{"floor":1.0,"key":"EssenceOfSteel"},{"floor":7.0,"key":"sneckomod:MuddlingPotion"},{"floor":11.0,"key":"EntropicBrew"},{"floor":11.0,"key":"Fire Potion"},{"floor":12.0,"key":"Guardian:BlockOnCardUsePotion"},{"floor":14.0,"key":"PowerPotion"},{"floor":16.0,"key":"Block Potion"},{"floor":27.0,"key":"SpeedPotion"},{"floor":29.0,"key":"DuplicationPotion"},{"floor":31.0,"key":"Guardian:BlockOnCardUsePotion"},{"floor":35.0,"key":"FearPotion"},{"floor":36.0,"key":"DistilledChaos"},{"floor":39.0,"key":"hexamod:EctoCoolerPotion"},{"floor":54,"key":"FearPotion"}],"is_trial":false,"path_per_floor":["M","?","M","M","$","R","E","R","T","R","?","M","M","E","R","B",null,"M","?","?","M","T","R","$","M","T","M","R","E","R","E","R","B",null,"M","M","$","M","M","R","E","R","T","R","M","M","M","M","R","B",null,"R","$","E","B"],"character_chosen":"SLIMEBOUND","items_purchased":["hexamod:BolsterEngine","Bag of Marbles","Slimebound:SplitMire","Anchor","MealTicket","Membership Card","War Paint","Slimebound:MaxSlimesRelic"],"campfire_rested":0,"item_purchase_floors":[0,0,5,24,24,37,37,53],"current_hp_per_floor":[49,49,43,49,49,49,47,47,47,47,47,52,57,45,45,59,60,56,52,44,48,48,48,48,50,50,38,38,33,33,34,34,51,52,40,50,52,52,52,52,52,52,52,52,52,52,52,41,41,31,47,47,52,37,0,0,0],"gold":47,"neow_bonus":"","is_daily":false,"chose_seed":false,"campfire_upgraded":12,"win_rate":0.0,"timestamp":1608952328,"path_taken":["M","?","?","M","$","R","E","R","T","R","?","?","M","E","R","BOSS","M","?","?","?","?","R","$","?","T","M","R","E","R","E","R","BOSS","M","M","$","M","M","R","E","R","T","R","M","M","M","M","R","BOSS","R","$","E","BOSS"],"items_purchased_type":["Relic","Relic","Card","Relic","Relic","Relic","Relic","Relic"],"build_version":"2020-12-22","purchased_purges":3,"victory":false,"max_hp_per_floor":[60,60,60,60,60,60,60,60,60,60,60,60,60,60,60,60,60,60,52,52,52,52,52,52,52,52,52,52,52,52,52,52,52,52,52,52,52,52,52,52,52,52,52,52,52,52,52,52,52,52,52,52,52,52,52,52,52],"relic_stats":{"Nunchaku":[0],"Gremlin Horn":[23,23],"counters":[54,297],"Bronze Scales":[121],"MealTicket":7,"PreservedInsect":476,"Art of War":[10],"Whetstone":["Slimebound:LeechEnergy","Bite"],"War Paint":["Slimebound:Defend_Slimebound","Slimebound:WasteNot"],"Smiling Mask":125,"obtain_stats":[{"Gremlin Horn":9,"Spirit Poop":29,"Bag of Preparation":20,"Whetstone":26,"Smiling Mask":42,"Nunchaku":54,"Slimebound:MaxSlimesRelic":53,"Philosopher\u0027s Stone":34,"MealTicket":24,"Potion Belt":31,"Happy Flower":54,"Golden Idol":4,"Blue Candle":9,"Oddly Smooth Stone":43,"Eternal Feather":45,"PreservedInsect":7,"Omamori":21,"War Paint":37,"Question Card":26,"Slimebound:PotencyRelic":0,"Slimebound:GreedOozeRelic":10,"Anchor":24,"Bronze Scales":41,"Molten Egg 2":7,"Turnip":30,"Slimebound:AbsorbEndCombat":0,"Bag of Marbles":25,"Coffee Dripper":17,"Art of War":29,"Membership Card":37,"hexamod:BolsterEngine":0,"Slimebound:AbsorbEndCombatUpgraded":17,"Toy Ornithopter":40},{"Gremlin Horn":31,"Spirit Poop":13,"Bag of Preparation":9,"Whetstone":38,"Smiling Mask":23,"Nunchaku":53,"Slimebound:MaxSlimesRelic":52,"Philosopher\u0027s Stone":16,"MealTicket":37,"Potion Belt":41,"Happy Flower":26,"Golden Idol":1,"Blue Candle":4,"Oddly Smooth Stone":47,"Eternal Feather":24,"PreservedInsect":31,"Omamori":9,"War Paint":44,"Question Card":12,"Slimebound:PotencyRelic":27,"Slimebound:GreedOozeRelic":4,"Anchor":37,"Bronze Scales":47,"Molten Egg 2":3,"Turnip":14,"Slimebound:AbsorbEndCombat":0,"Bag of Marbles":12,"Coffee Dripper":35,"Art of War":40,"Membership Card":44,"hexamod:BolsterEngine":27,"Slimebound:AbsorbEndCombatUpgraded":7,"Toy Ornithopter":22},{"Gremlin Horn":195,"Spirit Poop":74,"Bag of Preparation":51,"Whetstone":221,"Smiling Mask":145,"Nunchaku":295,"Slimebound:MaxSlimesRelic":289,"Philosopher\u0027s Stone":99,"MealTicket":217,"Potion Belt":232,"Happy Flower":173,"Golden Idol":5,"Blue Candle":22,"Oddly Smooth Stone":261,"Eternal Feather":153,"PreservedInsect":195,"Omamori":51,"War Paint":248,"Question Card":71,"Slimebound:PotencyRelic":184,"Slimebound:GreedOozeRelic":22,"Anchor":217,"Bronze Scales":261,"Molten Egg 2":17,"Turnip":81,"Slimebound:AbsorbEndCombat":0,"Bag of Marbles":71,"Coffee Dripper":211,"Art of War":229,"Membership Card":248,"hexamod:BolsterEngine":184,"Slimebound:AbsorbEndCombatUpgraded":39,"Toy Ornithopter":137}]},"card_choices":[{"not_picked":["Slimebound:FinishingTackle","Slimebound:SplitAcid"],"picked":"Slimebound:LeechEnergy","floor":1.0},{"not_picked":["Panacea","Blind"],"picked":"Flash of Steel","floor":2.0},{"not_picked":["Slimebound:SplitAcid","Slimebound:FinishingTackle"],"picked":"Slimebound:HauntingLick","floor":3.0},{"not_picked":["Slimebound:SplitAcid","Slimebound:Nibble"],"picked":"Slimebound:MegaLick","floor":4.0},{"not_picked":["Slimebound:SplitMire","Slimebound:SlimeSpikes"],"picked":"Slimebound:LivingWall","floor":7.0},{"not_picked":["Slimebound:SamplingLick","Slimebound:SplitBruiser"],"picked":"Slimebound:LeadByExample","floor":12.0},{"not_picked":["Slimebound:LeechingTouch","Slimebound:Schlurp"],"picked":"Slimebound:LevelUp","floor":13.0},{"not_picked":["Slimebound:SlimeTap","Slimebound:MegaLick"],"picked":"Slimebound:Recollect","floor":14.0},{"not_picked":["Slimebound:MassRepurpose","Slimebound:Teamwork"],"picked":"Slimebound:OozeBath","floor":16.0},{"not_picked":["Slimebound:GoopSpray","Slimebound:SplitLeeching+1"],"picked":"Slimebound:SlimeSpikes","floor":18.0},{"not_picked":["Slimebound:SamplingLick","Slimebound:SplitLeeching"],"picked":"Slimebound:Gluttony+1","floor":21.0},{"not_picked":["Slimebound:GoopSpray","Slimebound:LeechingTouch"],"picked":"Slimebound:AcidTongue","floor":25.0},{"not_picked":["Slimebound:SpikyOuterGoop","Slimebound:DouseInSlime"],"picked":"Slimebound:Prepare+1","floor":27.0},{"not_picked":["Slimebound:SplitMire","Slimebound:Schlurp","Slimebound:Gluttony"],"picked":"SKIP","floor":29.0},{"not_picked":["Slimebound:Schlurp","Slimebound:SplitAcid+1"],"picked":"Slimebound:Prepare","floor":31.0},{"not_picked":["Slimebound:DuplicatedForm","Slimebound:Overexert"],"picked":"Slimebound:WasteNot","floor":33.0},{"not_picked":["Slimebound:SplitMire+1","Slimebound:Schlurp+1"],"picked":"Slimebound:LeechEnergy+1","floor":35.0},{"not_picked":["Slimebound:SlimeSpikes+1","Slimebound:SlimeBrawl+1"],"picked":"Slimebound:LeechingTouch+1","floor":36.0},{"not_picked":["Slimebound:RollThrough","Slimebound:SplitMire+1","Slimebound:FinishingTackle"],"picked":"SKIP","floor":38.0},{"not_picked":["Slimebound:ItLooksTasty","Slimebound:LeadByExample+1"],"picked":"Slimebound:Dissolve+1","floor":39.0},{"not_picked":["Slimebound:ForwardTackle+1","Slimebound:Grow"],"picked":"Slimebound:Recollect","floor":41.0},{"not_picked":["Slimebound:ComboTackle+1","Slimebound:FinishingTackle+1","Slimebound:AcidTongue"],"picked":"SKIP","floor":45.0},{"not_picked":["Slimebound:FirmFortitude+1","Slimebound:GrowthPunch"],"picked":"Slimebound:Recollect+1","floor":46},{"not_picked":["Slimebound:FinishingTackle","Slimebound:LivingWall"],"picked":"Slimebound:OneTwoCombo","floor":47},{"not_picked":["Slimebound:Repurpose","Slimebound:Grow+1","Slimebound:RollThrough+1"],"picked":"SKIP","floor":48},{"not_picked":["Slimebound:ItLooksTasty+1","Slimebound:Prepare"],"picked":"Slimebound:Recollect+1","floor":54}],"player_experience":763758,"relics_obtained":[{"floor":7.0,"key":"PreservedInsect"},{"floor":9.0,"key":"Gremlin Horn"},{"floor":14.0,"key":"Smiling Mask"},{"floor":26.0,"key":"Whetstone"},{"floor":29.0,"key":"Art of War"},{"floor":31.0,"key":"Potion Belt"},{"floor":41.0,"key":"Bronze Scales"},{"floor":43.0,"key":"Oddly Smooth Stone"},{"floor":54,"key":"Nunchaku"}],"event_choices":[{"damage_healed":0.0,"max_hp_gain":0.0,"max_hp_loss":0.0,"gold_gain":1.0,"event_name":"betterStone:BetterStone","player_choice":"1","floor":2.0,"gold_loss":0.0,"damage_taken":0.0},{"damage_healed":0.0,"max_hp_gain":0.0,"max_hp_loss":0.0,"gold_gain":0.0,"event_name":"Lab","player_choice":"Got Potions","floor":11.0,"gold_loss":0.0,"damage_taken":0.0},{"damage_healed":0.0,"max_hp_gain":0.0,"max_hp_loss":8.0,"gold_gain":0.0,"event_name":"Vampires","player_choice":"Became a vampire","floor":19.0,"gold_loss":0.0,"damage_taken":0.0,"cards_obtained":["Bite","Bite"]},{"damage_healed":0.0,"max_hp_gain":0.0,"max_hp_loss":0.0,"gold_gain":0.0,"event_name":"betterSkull:BetterSkull","player_choice":"UP ","floor":20.0,"gold_loss":0.0,"damage_taken":10.0,"cards_upgraded":["Slimebound:LeadByExample"],"relics_obtained":[]}],"is_beta":false,"boss_relics":[{"not_picked":["Black Star","Cursed Key"],"picked":"Coffee Dripper"},{"not_picked":["Velvet Choker","SlaversCollar"],"picked":"Slimebound:AbsorbEndCombatUpgraded"}],"items_purged_floors":[0,5,24],"is_endless":false,"potions_floor_spawned":[1,7,12,14,16,18,27,29,31,35,36,39,54],"killed_by":"The Heart","ascension_level":11}}