{"host":"raai0vtvcfkt8csp","time":1608984024,"event":{"mods":["2.2 Compatiblity","AchievementEnabler","BaseMod","Block Reminder","DeckTracker","Defective Defect","GifTheSpireLib","Minty Spire (QoL Compilation)","Quick Restart","Random Character Button","Rare Cards Sparkle","StSLib","Unceasing Turn Reminder"],"gold_per_floor":[113,113,128,16,16,41,41,75,99,179,191,203,245,257,269,377,389,420,432,208,179,179,179],"floor_reached":22,"playtime":870,"items_purged":[],"score":208,"play_id":"fd7dfe25-dce1-44a8-af8c-51a601bdb93a","local_time":"20201226130024","is_ascension_mode":true,"campfire_choices":[{"floor":7.0,"key":"REST"},{"floor":15.0,"key":"REST"}],"circlet_count":0,"master_deck":["Strike_R","Strike_R","Strike_R","Defend_R","Defend_R","Defend_R+1","Defend_R+1","Bash","Double Tap","Rampage","Clash","Disarm","Metallicize","Warcry","Inflame","Battle Trance","Whirlwind","Barricade","Ghostly Armor+1","Power Through","Limit Break","Feel No Pain","Anger","Rampage+1"],"relics":["Burning Blood","War Paint","Toy Ornithopter","MawBank","White Beast Statue","Torii","Black Star"],"acts_visited":["Exordium","TheCity"],"potions_floor_usage":[],"damage_taken":[{"damage":6.0,"enemies":"Cultist","floor":1.0,"turns":3.0},{"damage":7.0,"enemies":"Small Slimes","floor":3.0,"turns":3.0},{"damage":26.0,"enemies":"3 Sentries","floor":6.0,"turns":10.0},{"damage":22.0,"enemies":"Gremlin Nob","floor":8.0,"turns":5.0},{"damage":37.0,"enemies":"Lagavulin","floor":13.0,"turns":8.0},{"damage":28.0,"enemies":"Hexaghost","floor":16.0,"turns":10.0},{"damage":28.0,"enemies":"Shell Parasite","floor":18.0,"turns":9.0},{"damage":36.0,"enemies":"2 Thieves","floor":21.0,"turns":5.0},{"damage":0,"enemies":"Centurion and Healer","floor":22,"turns":1}],"seed_played":"-7136714706137702494","potions_obtained":[{"floor":1.0,"key":"BloodPotion"},{"floor":13.0,"key":"FearPotion"},{"floor":16.0,"key":"LiquidMemories"},{"floor":18.0,"key":"ColorlessPotion"}],"is_trial":false,"path_per_floor":["M","?","M","$","?","E","R","E","T","T","$","?","E","$","R","B",null,"M","?","$","M","M"],"character_chosen":"IRONCLAD","items_purchased":["Disarm","Metallicize","Limit Break","Feel No Pain","Anger"],"campfire_rested":2,"item_purchase_floors":[4,4,20,20,20],"current_hp_per_floor":[56,61,60,60,60,40,65,49,49,49,49,49,40,40,65,43,85,63,63,63,33,33,33],"gold":179,"neow_bonus":"THREE_RARE_CARDS","is_daily":false,"chose_seed":false,"campfire_upgraded":0,"win_rate":0.0,"timestamp":1608984024,"path_taken":["M","?","M","$","?","E","R","E","T","?","?","?","E","$","R","BOSS","M","?","?","M","M"],"items_purchased_type":["Card","Card","Card","Card","Card"],"build_version":"2020-12-22","purchased_purges":0,"victory":false,"max_hp_per_floor":[80,85,85,85,85,85,85,85,85,85,85,85,85,85,85,85,85,85,85,85,85,85,85],"card_choices":[{"not_picked":["Impervious","Bludgeon"],"picked":"Double Tap","floor":0.0},{"not_picked":["Dark Embrace","Pommel Strike"],"picked":"Rampage","floor":1.0},{"not_picked":["Sever Soul","Sword Boomerang"],"picked":"Clash","floor":3.0},{"not_picked":["True Grit","Corruption"],"picked":"Warcry","floor":6.0},{"not_picked":["Evolve","Infernal Blade"],"picked":"Inflame","floor":8.0},{"not_picked":["Sentinel","Shrug It Off"],"picked":"Whirlwind","floor":13.0},{"not_picked":["Bludgeon","Brutality"],"picked":"Barricade","floor":16.0},{"not_picked":["Wild Strike","Havoc+1"],"picked":"Ghostly Armor+1","floor":18.0},{"not_picked":["Warcry","Uppercut"],"picked":"Rampage+1","floor":21}],"player_experience":459081,"relics_obtained":[{"floor":6.0,"key":"War Paint"},{"floor":8.0,"key":"Toy Ornithopter"},{"floor":9.0,"key":"MawBank"},{"floor":10.0,"key":"White Beast Statue"},{"floor":13.0,"key":"Torii"}],"event_choices":[{"damage_healed":0.0,"max_hp_gain":5.0,"max_hp_loss":0.0,"gold_gain":0.0,"event_name":"Big Fish","player_choice":"Donut","floor":2.0,"gold_loss":0.0,"damage_taken":0.0},{"damage_healed":0.0,"max_hp_gain":0.0,"max_hp_loss":0.0,"gold_gain":0.0,"event_name":"Liars Game","player_choice":"Ignored","floor":5.0,"gold_loss":0.0,"damage_taken":0.0},{"damage_healed":0.0,"max_hp_gain":0.0,"max_hp_loss":0.0,"gold_gain":0.0,"cards_transformed":["Strike_R"],"event_name":"Transmorgrifier","player_choice":"Transformed","floor":12.0,"gold_loss":0.0,"damage_taken":0.0,"cards_obtained":["Battle Trance"]},{"damage_healed":0.0,"max_hp_gain":0.0,"max_hp_loss":0.0,"gold_gain":0.0,"cards_transformed":["Strike_R"],"event_name":"Transmorgrifier","player_choice":"Transformed","floor":19.0,"gold_loss":0.0,"damage_taken":0.0,"cards_obtained":["Power Through"]}],"is_beta":false,"boss_relics":[{"not_picked":["Philosopher\u0027s Stone","Cursed Key"],"picked":"Black Star"}],"items_purged_floors":[],"is_endless":false,"potions_floor_spawned":[1,13,16,18,21],"killed_by":"Centurion and Healer","ascension_level":1}}