{"host":"diy71vlueofrnn1o","time":1608999845,"event":{"mods":["2.2 Compatiblity","AchievementEnabler","BaseMod","Best Route Mod","Colored Map","Curses Come First","DeckTracker","Minty Spire (QoL Compilation)","Quick Restart","Rare Cards Sparkle","StSLib","SuperFastMode"],"gold_per_floor":[117,117,128,140,150,181,181,209,209,209,225,225,225],"floor_reached":12,"playtime":356,"items_purged":[],"score":126,"play_id":"bfff8ce7-cd62-4789-83be-d5e648324fd7","local_time":"20201226172405","is_ascension_mode":true,"campfire_choices":[{"data":"Endless Agony","floor":7,"key":"SMITH"}],"circlet_count":0,"master_deck":["Strike_G","Strike_G","Strike_G","Strike_G","Defend_G","Defend_G","Defend_G","Defend_G","Defend_G","Survivor","Neutralize","Flying Knee","All Out Attack","Dagger Spray","Deflect","Endless Agony+1","Expertise","Dash"],"relics":["Sozu","Potion Belt","Blood Vial"],"acts_visited":["Exordium"],"potions_floor_usage":[],"damage_taken":[{"damage":0,"enemies":"Jaw Worm","floor":1,"turns":4},{"damage":0,"enemies":"2 Louse","floor":3,"turns":4},{"damage":0,"enemies":"Cultist","floor":4,"turns":4},{"damage":7,"enemies":"Gremlin Gang","floor":5,"turns":3},{"damage":6,"enemies":"3 Sentries","floor":6,"turns":6},{"damage":26,"enemies":"Gremlin Nob","floor":8,"turns":4},{"damage":0,"enemies":"Looter","floor":11,"turns":2},{"damage":35,"enemies":"Lagavulin","floor":12,"turns":8}],"seed_played":"-4600142253530817174","potions_obtained":[],"is_trial":false,"path_per_floor":["M","?","M","M","M","E","R","E","T","?","M","E"],"character_chosen":"THE_SILENT","items_purchased":[],"campfire_rested":0,"item_purchase_floors":[],"current_hp_per_floor":[63,63,63,63,56,50,50,24,24,24,26,0,0],"gold":225,"neow_bonus":"BOSS_RELIC","is_daily":false,"chose_seed":false,"campfire_upgraded":1,"win_rate":0.0,"timestamp":1608999845,"path_taken":["M","?","M","M","M","E","R","E","T","?","M","E"],"items_purchased_type":[],"build_version":"2020-12-22","purchased_purges":0,"victory":false,"max_hp_per_floor":[70,70,70,70,70,70,70,70,70,70,70,70,70],"card_choices":[{"not_picked":["PiercingWail","Backflip"],"picked":"Flying Knee","floor":1},{"not_picked":["Quick Slash","Eviscerate"],"picked":"All Out Attack","floor":3},{"not_picked":["Acrobatics","Setup"],"picked":"Dagger Spray","floor":4},{"not_picked":["Deadly Poison","Leg Sweep"],"picked":"Deflect","floor":5},{"not_picked":["Concentrate","Deadly Poison"],"picked":"Endless Agony","floor":6},{"not_picked":["Storm of Steel","Well Laid Plans"],"picked":"Expertise","floor":8},{"not_picked":["Expertise","Predator"],"picked":"Dash","floor":11}],"player_experience":397339,"relics_obtained":[{"floor":6,"key":"Potion Belt"},{"floor":8,"key":"Blood Vial"}],"event_choices":[{"cards_removed":["Strike_G"],"damage_healed":0,"gold_gain":0,"player_choice":"Forget","damage_taken":0,"max_hp_gain":0,"max_hp_loss":0,"event_name":"Living Wall","floor":2,"gold_loss":0},{"damage_healed":0,"gold_gain":0,"player_choice":"Ignored","damage_taken":0,"max_hp_gain":0,"max_hp_loss":0,"event_name":"Liars Game","floor":10,"gold_loss":0}],"is_beta":false,"boss_relics":[],"items_purged_floors":[],"is_endless":false,"potions_floor_spawned":[5,6,8],"killed_by":"Lagavulin","ascension_level":8}}