{"host":"uxq2rly8rxtwffuf","time":1608965060,"event":{"mods":["BaseMod","Koishi","Minty Spire (QoL Compilation)","StSLib","The Judge","The Servant 0.9.4"],"gold_per_floor":[118,43,56,74,91,91,122,142,168,168,182,196,43,68,80,190,202,232,244,256,280,292,332,344,368,380,392,429,441,441],"floor_reached":29,"playtime":955,"items_purged":["Strike_G"],"score":437,"play_id":"99d2cda4-0040-4bb1-a42d-be6b0454d12c","local_time":"20201226094420","is_ascension_mode":true,"campfire_choices":[{"data":"Glass Knife","floor":6,"key":"SMITH"},{"floor":15,"key":"REST"},{"floor":24,"key":"REST"},{"floor":27,"key":"REST"}],"circlet_count":0,"master_deck":["AscendersBane","Strike_G","Strike_G","Strike_G","Defend_G","Defend_G","Defend_G","Defend_G","Defend_G","Survivor","Neutralize+1","Dagger Spray","Dash","Dagger Spray","Glass Knife+1","Dagger Spray","Deadly Poison","Blade Dance","All Out Attack+1","Unload","Dodge and Roll+1","Finisher","Bouncing Flask","After Image"],"relics":["Ring of the Snake","Oddly Smooth Stone","Odd Mushroom","Nunchaku","Chemical X","MawBank","SlaversCollar","Smiling Mask","Singing Bowl","Boot"],"acts_visited":["Exordium","TheCity"],"potions_floor_usage":[5,28],"damage_taken":[{"damage":5,"enemies":"2 Louse","floor":1,"turns":4},{"damage":3,"enemies":"Cultist","floor":3,"turns":4},{"damage":0,"enemies":"Small Slimes","floor":4,"turns":4},{"damage":5,"enemies":"Exordium Thugs","floor":5,"turns":3},{"damage":2,"enemies":"3 Sentries","floor":7,"turns":5},{"damage":0,"enemies":"The Mushroom Lair","floor":8,"turns":2},{"damage":0,"enemies":"Looter","floor":11,"turns":2},{"damage":4,"enemies":"Large Slime","floor":12,"turns":4},{"damage":8,"enemies":"Gremlin Nob","floor":14,"turns":4},{"damage":24,"enemies":"Slime Boss","floor":16,"turns":9},{"damage":1,"enemies":"Chosen","floor":18,"turns":4},{"damage":0,"enemies":"3 Byrds","floor":21,"turns":3},{"damage":31,"enemies":"Gremlin Leader","floor":23,"turns":6},{"damage":14,"enemies":"Snecko","floor":25,"turns":5},{"damage":33,"enemies":"Book of Stabbing","floor":28,"turns":7},{"damage":28,"enemies":"Snake Plant","floor":29,"turns":4}],"seed_played":"535339338836923094","potions_obtained":[{"floor":3,"key":"AttackPotion"},{"floor":7,"key":"GamblersBrew"},{"floor":8,"key":"Weak Potion"}],"is_trial":false,"path_per_floor":["M","$","M","M","M","R","E","?","T","?","M","M","$","E","R","B",null,"M","$","?","M","?","E","R","M","T","R","E","M"],"character_chosen":"THE_SILENT","items_purchased":["Chemical X"],"campfire_rested":3,"item_purchase_floors":[13],"current_hp_per_floor":[58,58,55,55,50,50,48,48,48,48,48,44,44,36,57,33,61,60,60,60,60,60,29,50,36,36,57,24,0,0],"gold":441,"neow_bonus":"UPGRADE_CARD","is_daily":false,"chose_seed":false,"campfire_upgraded":1,"win_rate":0.0,"timestamp":1608965060,"path_taken":["M","$","M","M","M","R","E","?","T","?","M","?","?","E","R","BOSS","M","$","?","?","?","E","R","M","T","R","E","M"],"items_purchased_type":["Relic"],"build_version":"2020-12-22","purchased_purges":1,"victory":false,"max_hp_per_floor":[70,70,70,70,70,70,70,70,70,70,70,70,70,70,70,70,70,70,70,70,70,70,70,70,70,70,70,70,70,70],"card_choices":[{"not_picked":["Flying Knee","Dodge and Roll"],"picked":"Dagger Spray","floor":1},{"not_picked":["Choke","Calculated Gamble"],"picked":"Dash","floor":3},{"not_picked":["Dodge and Roll","Quick Slash"],"picked":"Dagger Spray","floor":4},{"not_picked":["Dagger Throw","Acrobatics"],"picked":"Glass Knife","floor":5},{"not_picked":["Cloak And Dagger","Tactician"],"picked":"Dagger Spray","floor":7},{"not_picked":["Sucker Punch","Blade Dance"],"picked":"Deadly Poison","floor":8},{"not_picked":["Distraction","Slice","Masterful Stab"],"picked":"SKIP","floor":11},{"not_picked":["Slice","Dagger Throw"],"picked":"Blade Dance","floor":12},{"not_picked":["Dagger Spray","Dagger Throw"],"picked":"All Out Attack","floor":14},{"not_picked":["Grand Finale","Phantasmal Killer"],"picked":"Unload","floor":16},{"not_picked":["Backflip","Acrobatics"],"picked":"Dodge and Roll+1","floor":18},{"not_picked":["Deflect","Prepared"],"picked":"Finisher","floor":21},{"not_picked":["Outmaneuver","Dodge and Roll","Deflect"],"picked":"SKIP","floor":23},{"not_picked":["Escape Plan","Catalyst+1"],"picked":"Bouncing Flask","floor":25},{"not_picked":["Sucker Punch","Noxious Fumes"],"picked":"After Image","floor":28}],"player_experience":1368088,"relics_obtained":[{"floor":7,"key":"Oddly Smooth Stone"},{"floor":8,"key":"Odd Mushroom"},{"floor":9,"key":"Nunchaku"},{"floor":14,"key":"MawBank"},{"floor":23,"key":"Smiling Mask"},{"floor":26,"key":"Singing Bowl"},{"floor":28,"key":"Boot"}],"event_choices":[{"damage_healed":0,"gold_gain":0,"player_choice":"Fought Mushrooms","damage_taken":0,"max_hp_gain":0,"max_hp_loss":0,"event_name":"Mushrooms","floor":8,"gold_loss":0},{"cards_removed":["Strike_G"],"damage_healed":0,"gold_gain":0,"player_choice":"Purged","damage_taken":0,"max_hp_gain":0,"max_hp_loss":0,"event_name":"Purifier","floor":10,"gold_loss":0},{"damage_healed":0,"gold_gain":0,"player_choice":"Upgraded","damage_taken":0,"max_hp_gain":0,"max_hp_loss":0,"event_name":"Upgrade Shrine","floor":20,"gold_loss":0,"cards_upgraded":["All Out Attack"]},{"damage_healed":0,"gold_gain":0,"player_choice":"Ignored","damage_taken":0,"max_hp_gain":0,"max_hp_loss":0,"event_name":"Ghosts","floor":22,"gold_loss":0}],"is_beta":false,"boss_relics":[{"not_picked":["Black Star","Cursed Key"],"picked":"SlaversCollar"}],"items_purged_floors":[2],"is_endless":false,"potions_floor_spawned":[3,7,8,12,23],"killed_by":"Snake Plant","ascension_level":12}}