{"host":"26mrfot5w7uj2ebc","time":1608967336,"event":{"mods":["AchievementEnabler","BaseMod","Colored Map","Minty Spire (QoL Compilation)"],"gold_per_floor":[112,112,112,36,55,55,71,71,96,46,46,58,93,105,105,201,201,211,228,228,248,173,173,188,188,188,103,103,144,124,146,146,256,256,275,293,312,371,371,371,220,220,220,248,272,272,272,272,272,272,272,272,1,35,35,35],"floor_reached":55,"playtime":2419,"items_purged":[],"score":683,"play_id":"1fe3a7da-b74d-40b5-92c5-49feeceacac0","local_time":"20201226162216","is_ascension_mode":false,"campfire_choices":[{"data":"Static Discharge","floor":6.0,"key":"SMITH"},{"data":"Consume","floor":8.0,"key":"SMITH"},{"floor":15.0,"key":"REST"},{"data":"Fission","floor":23.0,"key":"SMITH"},{"data":"Fission","floor":25.0,"key":"SMITH"},{"floor":32.0,"key":"REST"},{"floor":40.0,"key":"RECALL"},{"data":"Buffer","floor":42.0,"key":"SMITH"},{"floor":46,"key":"REST"},{"data":"Heatsinks","floor":49,"key":"SMITH"},{"data":"Hello World","floor":52,"key":"SMITH"}],"circlet_count":0,"master_deck":["Zap","Dualcast","Sweeping Beam","Static Discharge+1","Heatsinks+1","Consume+1","White Noise+1","Conserve Battery","Conserve Battery","Fission+1","Reboot+1","Fission+1","Go for the Eyes+1","Self Repair","Defragment+1","Capacitor","Compile Driver+1","Static Discharge+1","Hello World+1","Buffer+1","Conserve Battery+1","Madness","Madness","Self Repair+1","Hologram+1","Turbo+1","Conserve Battery+1","Defragment","Double Energy+1"],"relics":["Cracked Core","NeowsBlessing","Oddly Smooth Stone","Juzu Bracelet","Pandora\u0027s Box","War Paint","Meat on the Bone","Symbiotic Virus","CeramicFish","Philosopher\u0027s Stone","Gambling Chip","DataDisk","Ornamental Fan","Whetstone","StoneCalendar"],"acts_visited":["Exordium","TheCity","TheBeyond","TheEnding"],"potions_floor_usage":[44,50,55],"damage_taken":[{"damage":0.0,"enemies":"Jaw Worm","floor":1.0,"turns":1.0},{"damage":0.0,"enemies":"2 Louse","floor":5.0,"turns":1.0},{"damage":0.0,"enemies":"Cultist","floor":7.0,"turns":1.0},{"damage":16.0,"enemies":"Large Slime","floor":12.0,"turns":3.0},{"damage":28.0,"enemies":"Gremlin Nob","floor":13.0,"turns":3.0},{"damage":4.0,"enemies":"Looter","floor":14.0,"turns":3.0},{"damage":18.0,"enemies":"Hexaghost","floor":16.0,"turns":6.0},{"damage":11.0,"enemies":"Spheric Guardian","floor":18.0,"turns":5.0},{"damage":12.0,"enemies":"Shell Parasite","floor":19.0,"turns":4.0},{"damage":7.0,"enemies":"Snecko","floor":21.0,"turns":5.0},{"damage":18.0,"enemies":"3 Cultists","floor":24.0,"turns":3.0},{"damage":43.0,"enemies":"Slavers","floor":29.0,"turns":5.0},{"damage":0.0,"enemies":"Cultist and Chosen","floor":31.0,"turns":3.0},{"damage":33.0,"enemies":"Automaton","floor":33.0,"turns":7.0},{"damage":6.0,"enemies":"Orb Walker","floor":35.0,"turns":4.0},{"damage":33.0,"enemies":"3 Darklings","floor":37.0,"turns":3.0},{"damage":0.0,"enemies":"Mind Bloom Boss Battle","floor":38.0,"turns":6.0},{"damage":53,"enemies":"4 Shapes","floor":44,"turns":6},{"damage":10,"enemies":"Sphere and 2 Shapes","floor":45,"turns":5},{"damage":71,"enemies":"Awakened One","floor":50,"turns":9},{"damage":60,"enemies":"Shield and Spear","floor":54,"turns":7},{"damage":64,"enemies":"The Heart","floor":55,"turns":2}],"seed_played":"7807913523361602389","potions_obtained":[{"floor":12.0,"key":"FearPotion"},{"floor":14.0,"key":"PowerPotion"},{"floor":16.0,"key":"DuplicationPotion"},{"floor":18.0,"key":"SteroidPotion"},{"floor":29.0,"key":"PowerPotion"},{"floor":30.0,"key":"Energy Potion"},{"floor":33.0,"key":"SkillPotion"}],"is_trial":false,"path_per_floor":["M","?","?","$","M","R","M","R","T","?","?","M","E","M","R","B",null,"M","M","?","M","?","R","M","R","T","?","T","E","?","M","R","B",null,"M","?","M","?","?","R","$","R","T","M","M","R","?","?","R","B",null,"R","$","E","B"],"character_chosen":"DEFECT","items_purchased":["Static Discharge","DataDisk","Defragment","CultistPotion","Whetstone"],"campfire_rested":3,"item_purchase_floors":[4,41,53,53,53],"current_hp_per_floor":[75,68,68,68,68,68,68,68,68,68,61,45,17,13,35,17,75,71,66,66,66,66,66,55,55,55,55,55,31,31,43,65,51,75,75,66,52,69,69,69,69,69,69,38,57,75,75,75,75,33,75,75,75,44,0,0],"gold":35,"neow_bonus":"THREE_ENEMY_KILL","is_daily":false,"chose_seed":false,"campfire_upgraded":7,"win_rate":0.0,"timestamp":1608967336,"path_taken":["M","?","?","$","?","R","M","R","T","?","?","M","E","M","R","BOSS","M","M","?","M","?","R","M","R","T","?","?","E","?","M","R","BOSS","M","?","M","?","?","R","?","R","T","M","M","R","?","?","R","BOSS","R","$","E","BOSS"],"items_purchased_type":["Card","Relic","Card","Potion","Relic"],"build_version":"2020-12-22","purchased_purges":0,"victory":false,"max_hp_per_floor":[75,75,75,75,75,75,75,75,75,75,75,75,75,75,75,75,75,75,75,75,75,75,75,75,75,75,75,75,75,75,75,75,75,75,75,75,75,75,75,75,75,75,75,75,75,75,75,75,75,75,75,75,75,75,75,75],"card_choices":[{"not_picked":["Beam Cell","Chaos"],"picked":"Sweeping Beam","floor":1.0},{"not_picked":["Blizzard","Sweeping Beam"],"picked":"Heatsinks","floor":5.0},{"not_picked":["Blizzard","Cold Snap"],"picked":"Consume","floor":7.0},{"not_picked":["Beam Cell","Blizzard"],"picked":"White Noise","floor":12.0},{"not_picked":["Steam","Chaos"],"picked":"Conserve Battery","floor":13.0},{"not_picked":["Barrage","Chill"],"picked":"Conserve Battery","floor":14.0},{"not_picked":["Amplify","Multi-Cast"],"picked":"Fission","floor":16.0},{"not_picked":["Conserve Battery+1","Gash"],"picked":"Defragment+1","floor":18.0},{"not_picked":["Coolheaded","Beam Cell"],"picked":"Capacitor","floor":19.0},{"not_picked":["Reinforced Body","Sweeping Beam+1"],"picked":"Compile Driver","floor":21.0},{"not_picked":["Conserve Battery","Ball Lightning"],"picked":"Static Discharge+1","floor":24.0},{"not_picked":["All For One","Streamline"],"picked":"Hello World","floor":29.0},{"not_picked":["Chaos+1","Cold Snap"],"picked":"Redo","floor":31.0},{"not_picked":["Creative AI","Multi-Cast"],"picked":"Buffer","floor":33.0},{"not_picked":["Gash","Reinforced Body+1"],"picked":"Conserve Battery+1","floor":35.0},{"not_picked":["Skim+1","Chill"],"picked":"Self Repair+1","floor":37.0},{"not_picked":["Rebound","Compile Driver"],"picked":"Hologram+1","floor":38.0},{"not_picked":["Gash","Auto Shields"],"picked":"Turbo+1","floor":44},{"not_picked":["Streamline+1","Redo"],"picked":"Conserve Battery+1","floor":45},{"not_picked":["Ball Lightning","Steam+1"],"picked":"Double Energy+1","floor":54}],"player_experience":206738,"relics_obtained":[{"floor":13.0,"key":"Juzu Bracelet"},{"floor":26.0,"key":"War Paint"},{"floor":28.0,"key":"Symbiotic Virus"},{"floor":29.0,"key":"CeramicFish"},{"floor":38.0,"key":"Gambling Chip"},{"floor":43.0,"key":"Ornamental Fan"},{"floor":54,"key":"StoneCalendar"}],"event_choices":[{"cards_removed":["Defend_B"],"damage_healed":0.0,"max_hp_gain":0.0,"max_hp_loss":0.0,"gold_gain":0.0,"event_name":"Golden Wing","player_choice":"Card Removal","floor":2.0,"gold_loss":0.0,"damage_taken":7.0},{"cards_removed":["Defend_B"],"damage_healed":0.0,"max_hp_gain":0.0,"max_hp_loss":0.0,"gold_gain":0.0,"event_name":"Bonfire Elementals","player_choice":"Offered Basic","floor":3.0,"gold_loss":0.0,"damage_taken":0.0},{"cards_removed":["Strike_B"],"damage_healed":0.0,"max_hp_gain":0.0,"max_hp_loss":0.0,"gold_gain":0.0,"event_name":"The Cleric","player_choice":"Card Removal","floor":10.0,"gold_loss":50.0,"damage_taken":0.0},{"damage_healed":0.0,"max_hp_gain":0.0,"max_hp_loss":0.0,"gold_gain":0.0,"event_name":"Scrap Ooze","player_choice":"Success","floor":11.0,"gold_loss":0.0,"damage_taken":7.0,"relics_obtained":["Oddly Smooth Stone"]},{"damage_healed":0.0,"max_hp_gain":0.0,"max_hp_loss":0.0,"gold_gain":0.0,"event_name":"Ghosts","player_choice":"Ignored","floor":20.0,"gold_loss":0.0,"damage_taken":0.0},{"cards_removed":["Steam"],"damage_healed":0.0,"max_hp_gain":0.0,"max_hp_loss":0.0,"gold_gain":0.0,"event_name":"Beggar","player_choice":"Gave Gold","floor":22.0,"gold_loss":75.0,"damage_taken":0.0},{"damage_healed":0.0,"max_hp_gain":0.0,"max_hp_loss":0.0,"gold_gain":0.0,"event_name":"Addict","player_choice":"Obtained Relic","floor":27.0,"gold_loss":85.0,"damage_taken":0.0,"relics_obtained":["Meat on the Bone"]},{"damage_healed":0.0,"max_hp_gain":0.0,"max_hp_loss":0.0,"gold_gain":0.0,"event_name":"The Woman in Blue","player_choice":"Bought 1 Potion","floor":30.0,"gold_loss":0.0,"damage_taken":0.0},{"damage_healed":0.0,"max_hp_gain":0.0,"max_hp_loss":0.0,"gold_gain":0.0,"event_name":"Winding Halls","player_choice":"Embrace Madness","floor":36.0,"gold_loss":0.0,"damage_taken":9.0,"cards_obtained":["Madness","Madness"]},{"damage_healed":0.0,"max_hp_gain":0.0,"max_hp_loss":0.0,"gold_gain":0.0,"event_name":"MindBloom","player_choice":"Fight","floor":38.0,"gold_loss":0.0,"damage_taken":0.0},{"damage_healed":0.0,"max_hp_gain":0.0,"max_hp_loss":0.0,"gold_gain":0.0,"event_name":"Tomb of Lord Red Mask","player_choice":"Ignored","floor":39.0,"gold_loss":0.0,"damage_taken":0.0},{"damage_healed":0,"gold_gain":0,"player_choice":"Ignored","damage_taken":0,"max_hp_gain":0,"max_hp_loss":0,"event_name":"Mysterious Sphere","floor":47,"gold_loss":0},{"cards_removed":["Redo"],"damage_healed":0,"gold_gain":0,"player_choice":"Removed Skill","damage_taken":0,"max_hp_gain":0,"max_hp_loss":0,"event_name":"Falling","floor":48,"gold_loss":0}],"is_beta":false,"boss_relics":[{"not_picked":["Runic Pyramid","Velvet Choker"],"picked":"Pandora\u0027s Box"},{"not_picked":["Astrolabe","Snecko Eye"],"picked":"Philosopher\u0027s Stone"}],"items_purged_floors":[],"is_endless":false,"potions_floor_spawned":[12,14,16,18,19,29,33],"killed_by":"The Heart","ascension_level":0}}