{"host":"ktoxvvst1mwxww91","time":1608971637,"event":{"mods":["BaseMod","Hermit","Minty Spire (QoL Compilation)","StSLib","The Hierophant","The Mystic","The Necromancer"],"gold_per_floor":[112,92,24,38,38,72,72,72,98,126,126,139,139,139,139,238,238,272,272,272,52,52,52,52,52,102,102,201,201,26,60,60,160,210,244,0,65,65,65,65,65,65,65,65],"floor_reached":43,"playtime":1355,"items_purged":["Pain"],"score":590,"play_id":"94865b5a-e501-477d-b52a-0e87316ef04b","local_time":"20201226093357","daily_mods":["SealedDeck","Heirloom","Time Dilation","Flight"],"is_ascension_mode":true,"campfire_choices":[{"data":"hermit:Vantage","floor":7.0,"key":"SMITH"},{"data":"hermit:Vantage","floor":8.0,"key":"SMITH"},{"data":"hermit:Manifest","floor":11.0,"key":"SMITH"},{"data":"hermit:Manifest","floor":13.0,"key":"SMITH"},{"data":"hermit:GhostlyPresence","floor":15.0,"key":"SMITH"},{"data":"hermit:GhostlyPresence","floor":23.0,"key":"SMITH"},{"data":"hermit:GhostlyPresence","floor":24.0,"key":"SMITH"},{"data":"hermit:Enervate","floor":25.0,"key":"SMITH"},{"data":"hermit:Deadeye","floor":29.0,"key":"SMITH"},{"data":"hermit:GhostlyPresence","floor":32.0,"key":"SMITH"},{"data":"hermit:Combo","floor":40,"key":"SMITH"},{"data":"hermit:WideOpen","floor":41,"key":"SMITH"},{"data":"hermit:WideOpen","floor":42,"key":"SMITH"}],"circlet_count":0,"master_deck":["hermit:WideOpen+1","hermit:WideOpen+1","hermit:Manifest+1","hermit:Manifest+1","hermit:Vantage+1","hermit:GhostlyPresence+1","hermit:GoldenBullet","hermit:Deadeye+1","hermit:GhostlyPresence+1","hermit:LowProfile+1","hermit:Enervate+1","hermit:TrackingShot","hermit:DeadOrAlive+1","hermit:GhostlyPresence+1","hermit:GhostlyPresence+1","hermit:DeadOrAlive+1","hermit:CalledShot+1","Bite+1","Bite+1","Bite+1","Bite+1","Bite+1","hermit:Headshot+1","hermit:Headshot+1","hermit:Deadeye+1","hermit:Roughhouse+1","hermit:Combo+1"],"relics":["hermit:Momento","Du-Vu Doll","Molten Egg 2","Mummified Hand","Dream Catcher","Orichalcum","Kunai","Velvet Choker","WarpedTongs","Juzu Bracelet","Lantern","Membership Card","Potion Belt","Tiny House","Red Mask","Ice Cream","Blue Candle"],"acts_visited":["Exordium","TheCity","TheBeyond"],"potions_floor_usage":[],"damage_taken":[{"damage":2.0,"enemies":"Small Slimes","floor":1.0,"turns":4.0},{"damage":0.0,"enemies":"Cultist","floor":4.0,"turns":4.0},{"damage":17.0,"enemies":"Lagavulin","floor":6.0,"turns":7.0},{"damage":18.0,"enemies":"3 Sentries","floor":10.0,"turns":11.0},{"damage":0.0,"enemies":"2 Louse","floor":12.0,"turns":3.0},{"damage":0.0,"enemies":"Hexaghost","floor":16.0,"turns":18.0},{"damage":0.0,"enemies":"3 Byrds","floor":18.0,"turns":7.0},{"damage":0.0,"enemies":"Book of Stabbing","floor":31.0,"turns":3.0},{"damage":16.0,"enemies":"Collector","floor":33.0,"turns":9.0},{"damage":0.0,"enemies":"3 Shapes","floor":35.0,"turns":4.0},{"damage":0,"enemies":"Mind Bloom Boss Battle","floor":37,"turns":5}],"seed_played":"-741784703452314535","potions_obtained":[{"floor":1.0,"key":"Strength Potion"},{"floor":2.0,"key":"Swift Potion"},{"floor":4.0,"key":"Strength Potion"},{"floor":12.0,"key":"EssenceOfSteel"},{"floor":31.0,"key":"DuplicationPotion"},{"floor":33.0,"key":"AttackPotion"},{"floor":34.0,"key":"SneckoOil"},{"floor":35.0,"key":"BlessingOfTheForge"}],"is_trial":true,"path_per_floor":["M","?","$","M","?","E","R","R","T","E","R","M","R","T","R","B",null,"M","?","?","$","?","R","R","R","T","?","?","R","$","E","R","B",null,"M","?","?","?","?","R","R","R","T"],"character_chosen":"HERMIT","items_purchased":["hermit:Enervate","Juzu Bracelet","Membership Card","hermit:Headshot+1"],"campfire_rested":0,"item_purchase_floors":[3,21,30,30],"current_hp_per_floor":[73,73,73,73,73,56,56,56,56,38,38,38,38,38,38,38,75,75,61,61,61,56,56,56,56,56,56,56,56,56,56,56,51,61,61,61,61,61,61,61,61,61,61,61],"gold":65,"neow_bonus":"","is_daily":false,"chose_seed":false,"campfire_upgraded":13,"win_rate":0.0,"timestamp":1608971637,"path_taken":["M","?","$","?","?","E","R","R","T","E","R","?","R","?","R","BOSS","M","?","?","$","?","R","R","R","T","?","?","R","?","E","R","BOSS","M","?","?","?","?","R","R","R","T"],"items_purchased_type":["Card","Relic","Relic","Card"],"build_version":"2020-12-22","purchased_purges":1,"victory":false,"max_hp_per_floor":[75,75,75,75,75,75,75,75,75,75,75,75,75,75,75,75,75,75,80,80,80,56,56,56,56,56,56,56,56,56,56,56,56,61,61,61,61,61,61,61,61,61,61,61],"card_choices":[{"not_picked":["hermit:LoneWolf","hermit:ItchyTrigger"],"picked":"hermit:LowProfile","floor":1.0},{"not_picked":["hermit:Quickdraw","hermit:Coalescence"],"picked":"hermit:TrackingShot","floor":4.0},{"not_picked":["hermit:Misfire+1","hermit:Purgatory+1"],"picked":"hermit:DeadOrAlive+1","floor":6.0},{"not_picked":["hermit:Desperado+1","hermit:TakeCover"],"picked":"hermit:GhostlyPresence","floor":10.0},{"not_picked":["hermit:Snipe","hermit:Midnight"],"picked":"hermit:GhostlyPresence","floor":12.0},{"not_picked":["hermit:RoundhouseKick+1","hermit:HighNoon"],"picked":"hermit:DeadOrAlive+1","floor":16.0},{"not_picked":["hermit:Snipe","hermit:Desperado+1"],"picked":"hermit:CalledShot+1","floor":18.0},{"not_picked":["hermit:BodyArmor","hermit:Snipe"],"picked":"hermit:Deadeye+1","floor":31.0},{"not_picked":["hermit:FatalDesire","hermit:Adapt"],"picked":"hermit:Roughhouse+1","floor":33.0},{"not_picked":["hermit:Quickdraw+1","hermit:Manifest"],"picked":"hermit:Combo","floor":34.0},{"not_picked":["hermit:Quickdraw+1","hermit:HighCaliber+1","hermit:Roulette+1"],"picked":"SKIP","floor":35.0}],"player_experience":927968,"relics_obtained":[{"floor":6.0,"key":"Mummified Hand"},{"floor":9.0,"key":"Dream Catcher"},{"floor":10.0,"key":"Orichalcum"},{"floor":14.0,"key":"Kunai"},{"floor":26.0,"key":"Lantern"},{"floor":31.0,"key":"Potion Belt"},{"floor":37,"key":"Ice Cream"},{"floor":43,"key":"Blue Candle"}],"event_choices":[{"damage_healed":0.0,"max_hp_gain":0.0,"max_hp_loss":0.0,"gold_gain":0.0,"event_name":"The Woman in Blue","player_choice":"Bought 1 Potion","floor":2.0,"gold_loss":0.0,"damage_taken":0.0},{"damage_healed":0.0,"max_hp_gain":0.0,"max_hp_loss":0.0,"gold_gain":0.0,"event_name":"WeMeetAgain","player_choice":"Gave Potion","floor":5.0,"gold_loss":0.0,"damage_taken":0.0,"relics_obtained":["Molten Egg 2"]},{"damage_healed":0.0,"max_hp_gain":5.0,"max_hp_loss":0.0,"gold_gain":0.0,"event_name":"Forgotten Altar","player_choice":"Shed Blood","floor":19.0,"gold_loss":0.0,"damage_taken":19.0},{"damage_healed":0.0,"max_hp_gain":0.0,"max_hp_loss":0.0,"gold_gain":0.0,"event_name":"Accursed Blacksmith","player_choice":"Rummage","floor":20.0,"gold_loss":0.0,"damage_taken":0.0,"relics_obtained":["WarpedTongs"],"cards_obtained":["Pain"]},{"damage_healed":0.0,"max_hp_gain":0.0,"max_hp_loss":24.0,"gold_gain":0.0,"event_name":"Vampires","player_choice":"Became a vampire","floor":22.0,"gold_loss":0.0,"damage_taken":0.0,"cards_obtained":["Bite","Bite","Bite","Bite","Bite"]},{"damage_healed":0.0,"max_hp_gain":0.0,"max_hp_loss":0.0,"gold_gain":0.0,"event_name":"The Library","player_choice":"Read","floor":27.0,"gold_loss":0.0,"damage_taken":0.0,"cards_obtained":["hermit:Headshot"]},{"damage_healed":0.0,"max_hp_gain":0.0,"max_hp_loss":0.0,"gold_gain":99.0,"event_name":"Nest","player_choice":"Stole From Cult","floor":28.0,"gold_loss":0.0,"damage_taken":0.0},{"damage_healed":0.0,"max_hp_gain":0.0,"max_hp_loss":0.0,"gold_gain":0.0,"event_name":"Tomb of Lord Red Mask","player_choice":"Paid","floor":36.0,"gold_loss":244.0,"damage_taken":0.0,"relics_obtained":["Red Mask"]},{"damage_healed":0,"gold_gain":0,"player_choice":"Fight","damage_taken":0,"max_hp_gain":0,"max_hp_loss":0,"event_name":"MindBloom","floor":37,"gold_loss":0},{"damage_healed":0,"gold_gain":0,"player_choice":"Ignored","damage_taken":0,"max_hp_gain":0,"max_hp_loss":0,"event_name":"Mysterious Sphere","floor":38,"gold_loss":0},{"cards_removed":["hermit:Vantage"],"damage_healed":0,"gold_gain":0,"player_choice":"Removed Skill","damage_taken":0,"max_hp_gain":0,"max_hp_loss":0,"event_name":"Falling","floor":39,"gold_loss":0}],"is_beta":false,"boss_relics":[{"not_picked":["SlaversCollar","Empty Cage"],"picked":"Velvet Choker"},{"not_picked":["Snecko Eye","Runic Dome"],"picked":"Tiny House"}],"items_purged_floors":[21],"is_endless":false,"potions_floor_spawned":[1,4,12,31,33,35],"ascension_level":1}}