{"host":"6hzrz31j95f2y1pa","time":1608949568,"event":{"mods":["BaseMod","Colored Map","Downfall","Minty Spire (QoL Compilation)","StSLib"],"gold_per_floor":[99,121,143,55,83,117,117,142,181,106,215,251,251,710,733,733,733,733],"floor_reached":16,"playtime":592,"items_purged":[],"score":174,"play_id":"6d0b9dfb-bd46-4675-a06b-b1996e4dbd80","local_time":"20201225212608","is_ascension_mode":true,"campfire_choices":[{"floor":1.0,"key":"RECALL"},{"floor":10,"key":"REST"},{"data":"champ:Duel","floor":13,"key":"SMITH"}],"circlet_count":0,"master_deck":["champ:Strike","champ:Strike","champ:Strike","champ:Strike","champ:Defend","champ:Defend","champ:Defend","champ:Defend","champ:Execute","champ:Taunt","champ:FanOfKnives","champ:RageSigil","champ:Haymaker","Swift Strike","champ:BringItOn","champ:GutPunch","champ:Duel+1","champ:Balance","champ:RecklessLeap","champ:AdrenalArmor+1","Slimebound:Icky","champ:BladeFlurry"],"relics":["champ:ChampionCrown","CeramicFish","Question Card","Omamori","Juzu Bracelet","downfall:HeartBlessingRed","Champion Belt","Toxic Egg 2"],"acts_visited":["Exordium"],"potions_floor_usage":[9],"damage_taken":[{"damage":5.0,"enemies":"Small Slimes","floor":2.0,"turns":3.0},{"damage":11.0,"enemies":"2 Louse","floor":3.0,"turns":3.0},{"damage":21.0,"enemies":"downfall:FleeingMerchant","floor":4.0,"turns":4.0},{"damage":15.0,"enemies":"Jaw Worm","floor":5.0,"turns":3.0},{"damage":25.0,"enemies":"Gremlin Nob","floor":6.0,"turns":4.0},{"damage":11.0,"enemies":"Large Slime","floor":8.0,"turns":5.0},{"damage":29,"enemies":"Lagavulin","floor":9,"turns":6},{"damage":11,"enemies":"Lagavulin","floor":11,"turns":4},{"damage":12,"enemies":"Gremlin Nob","floor":12,"turns":3},{"damage":7,"enemies":"Red Slaver","floor":15,"turns":4},{"damage":52,"enemies":"downfall:Defect","floor":16,"turns":5}],"seed_played":"-2855331885811040646","potions_obtained":[{"floor":5.0,"key":"champ:CounterPotion"},{"floor":8.0,"key":"champ:CounterPotion"},{"floor":15,"key":"Ancient Potion"}],"is_trial":false,"path_per_floor":["R","M","M","$","M","E","T","M","E","R","?","E","R","?","M","B"],"character_chosen":"THE_CHAMP","items_purchased":["Swift Strike"],"campfire_rested":1,"item_purchase_floors":[4],"current_hp_per_floor":[81,81,73,68,64,44,44,41,28,55,47,40,40,40,40,0,0,0],"gold":733,"neow_bonus":"RANDOM_COMMON_RELIC","is_daily":false,"chose_seed":false,"campfire_upgraded":1,"win_rate":0.0,"timestamp":1608949568,"path_taken":["R","M","M","$","M","E","T","M","E","R","?","E","R","?","M","BOSS"],"items_purchased_type":["Card"],"build_version":"2020-12-22","purchased_purges":0,"victory":false,"max_hp_per_floor":[90,90,90,90,90,90,90,90,90,90,90,90,90,90,90,90,90,90],"card_choices":[{"not_picked":["champ:AdrenalArmor","champ:FlashCut"],"picked":"champ:FanOfKnives","floor":2.0},{"not_picked":["champ:CalledShot","champ:Circumvent"],"picked":"champ:RageSigil","floor":3.0},{"not_picked":["champ:GladiatorsShout","champ:FocusedBerserking"],"picked":"champ:Haymaker","floor":4.0},{"not_picked":["champ:SkillfulDodge","champ:Lariat"],"picked":"champ:BringItOn","floor":5.0},{"not_picked":["champ:ShieldSlam","champ:ShieldWall"],"picked":"champ:GutPunch","floor":6.0},{"not_picked":["champ:Aggression","champ:AdrenalArmor","champ:BladeFlurry"],"picked":"champ:Duel","floor":8.0},{"not_picked":["champ:ViciousMockery","champ:CrookedStrike","champ:ShieldSigil"],"picked":"champ:Balance","floor":9},{"not_picked":["champ:Duel","champ:SkillfulDodge","champ:BerserkerStyle"],"picked":"champ:RecklessLeap","floor":11},{"not_picked":["champ:GutPunch","champ:PerfectedStrike","champ:CrookedStrike"],"picked":"champ:AdrenalArmor+1","floor":12},{"not_picked":["champ:PerfectedStrike","champ:HeartStrike","champ:FightOn"],"picked":"champ:BladeFlurry","floor":15}],"player_experience":1247745,"relics_obtained":[{"floor":6.0,"key":"Question Card"},{"floor":7.0,"key":"Omamori"},{"floor":9,"key":"Juzu Bracelet"},{"floor":11,"key":"Champion Belt"},{"floor":12,"key":"Toxic Egg 2"}],"event_choices":[],"is_beta":false,"boss_relics":[],"items_purged_floors":[],"is_endless":false,"potions_floor_spawned":[5,8,15],"killed_by":"downfall:Defect","ascension_level":9}}