{"host":"fbnmuibw0uyiaf00","time":1608976935,"event":{"mods":["BaseMod","Colored Powertips","Lobotomy","LobotomyExtend","Marisa£®ÏF”Í°°ƒß¿Ì…≥£©","Minty Spire (QoL Compilation)","Remilia£®¿Ÿ√◊¿Ú—«£©","UnlockEverythingMod","Youmu£®ªÍ∆«—˝√Œ£©","[IsaacMod]“‘»ˆº‚À˛"],"gold_per_floor":[116,133,24,39,75,124,176,206,206,70,70,83,258,294,294,391,391,408,323,323,323,370,370,417,469,469,469,394,448,529,583,583,619,619,718,750,764,837,886,898,910,969,1020,1032,1044,1091,1091,1229,1229,1340,1340,1347,1384,1384,1459,1505,1544,1613,1613,1673,1673,1745,1480,1480,1302],"floor_reached":51,"playtime":4811,"items_purged":["Doubt","Strike_RM","Strike_RM","BlasphemousPunishment"],"score":1042,"play_id":"8df17082-5d53-4f46-b25e-d0b8c5926906","local_time":"20201226180214","is_ascension_mode":false,"campfire_choices":[{"floor":11,"key":"RECALL"},{"data":"ScarletMeister","floor":15,"key":"SMITH"},{"data":"BloodySeventeenLaser","floor":23,"key":"SMITH"},{"data":"QueenOfMidnight","floor":32,"key":"SMITH"},{"data":"EmergencyRegeneration","floor":25,"key":"SMITH"},{"data":"BloodHunter","floor":29,"key":"SMITH"},{"data":"EpicFetus","floor":32,"key":"SMITH"},{"data":"BloodySeventeenLaser","floor":44,"key":"SMITH"},{"data":"BatForm","floor":46,"key":"SMITH"},{"data":"HeartBreak","floor":49,"key":"SMITH"}],"circlet_count":0,"master_deck":["RedMoon","ScarletShoot","EpicFetus+1","HunterOfTheNight","StarOfDavid","ScarletMeister+1","BloodyCatastrophe+1","AfternoonTea","EmergencyRegeneration+1","CurseOfVladTepes","BloodAndWine","ForecastOfChange","BlasphemousPunishment","ScarletImprint","BloodySeventeenLaser+1","CurseOfTheBell","BombardNight","QueenOfMidnight+1","HunterOfTheNight","Dark Shackles","EndlessAdversity+1","BlasphemousPunishment","EmergencyRegeneration+1","BloodHunter+1","MastersStateliness","HunterOfTheNight","BlasphemousPunishment","UltimateOffering","Septette","UnstableMagic","UltimateOffering","Septette","BloodyTrap","BlasphemousPunishment","BloodySeventeenLaser+1","BatForm+1","BlasphemousPunishment","BlasphemousPunishment+1","HeartBreak+1","DemonKingCradle","LeisurelyOfLord","EternalNight","Maim","FitfulNightmare","BlasphemousPunishment+1","Madness","Madness","ReincarnationDial+1","EquivalentExchange"],"relics":["ScarletHat","HushsDoor","SteamSale","BookofShadows","Habit","Calling Bell","War Paint","SatanicBible","SteamSale","GuppysTail","Pocketwatch","Cauldron","SalivaCoin","Regal Pillow","Anchor","Sling","Lantern","MawBank","TheBible","Juzu Bracelet","Ancient Tea Set","RedBat","OrangePellets","Pandora\u0027s Box","GuppysHairball","Boot","Nunchaku","Chemical X","GuppysHead","HornCleat","PunchingBag","TuHaoJin"],"acts_visited":["Exordium","TheCity","TheBeyond"],"potions_floor_usage":[6,16,16,16,21,29,29,30,35,51],"damage_taken":[{"damage":0,"enemies":"Cultist","floor":1,"turns":4},{"damage":1,"enemies":"Jaw Worm","floor":2,"turns":5},{"damage":0,"enemies":"2 Louse","floor":4,"turns":4},{"damage":8,"enemies":"Exordium Wildlife","floor":5,"turns":6},{"damage":15,"enemies":"3 Sentries","floor":6,"turns":5},{"damage":24,"enemies":"Large Slime","floor":7,"turns":8},{"damage":32,"enemies":"2 Fungi Beasts","floor":8,"turns":5},{"damage":3,"enemies":"Looter","floor":12,"turns":3},{"damage":31,"enemies":"Gremlin Gang","floor":14,"turns":10},{"damage":100,"enemies":"The Guardian","floor":16,"turns":6},{"damage":0,"enemies":"3 Byrds","floor":18,"turns":3},{"damage":24,"enemies":"Spheric Guardian","floor":22,"turns":6},{"damage":53,"enemies":"Snecko","floor":24,"turns":4},{"damage":41,"enemies":"Shelled Parasite and Fungi","floor":25,"turns":4},{"damage":57,"enemies":"Snake Plant","floor":29,"turns":5},{"damage":120,"enemies":"3 Cultists","floor":30,"turns":5},{"damage":44,"enemies":"Centurion and Healer","floor":31,"turns":5},{"damage":15,"enemies":"3 Byrds","floor":18,"turns":3},{"damage":18,"enemies":"Chosen","floor":21,"turns":4},{"damage":0,"enemies":"Snecko","floor":22,"turns":3},{"damage":69,"enemies":"Slavers","floor":23,"turns":3},{"damage":39,"enemies":"Centurion and Healer","floor":24,"turns":3},{"damage":0,"enemies":"Book of Stabbing","floor":27,"turns":2},{"damage":35,"enemies":"Cultist and Chosen","floor":28,"turns":2},{"damage":80,"enemies":"Snecko","floor":31,"turns":4},{"damage":61,"enemies":"Automaton","floor":33,"turns":4},{"damage":101,"enemies":"3 Darklings","floor":35,"turns":7},{"damage":10,"enemies":"3 Shapes","floor":38,"turns":2},{"damage":83,"enemies":"Giant Head","floor":40,"turns":3},{"damage":72,"enemies":"Maw","floor":41,"turns":3},{"damage":33,"enemies":"Sphere and 2 Shapes","floor":42,"turns":3},{"damage":10,"enemies":"2 Orb Walkers","floor":45,"turns":2},{"damage":43,"enemies":"Reptomancer","floor":47,"turns":1},{"damage":0,"enemies":"3 Darklings","floor":48,"turns":1},{"damage":22,"enemies":"Awakened One","floor":50,"turns":3},{"damage":32,"enemies":"Malkuth","floor":51,"turns":3},{"damage":121,"enemies":"Hod","floor":51,"turns":5},{"damage":194,"enemies":"Geburah","floor":51,"turns":10},{"damage":55,"enemies":"Hokma","floor":51,"turns":7},{"damage":80,"enemies":"Angela","floor":51,"turns":3}],"seed_played":"2094442808451967682","potions_obtained":[{"floor":1,"key":"SkillPotion"},{"floor":5,"key":"PowerPotion"},{"floor":6,"key":"Regen Potion"},{"floor":6,"key":"SmokeBomb"},{"floor":7,"key":"DestinyDice"},{"floor":14,"key":"BlessingOfTheForge"},{"floor":21,"key":"Fruit Juice"},{"floor":21,"key":"Dexterity Potion"},{"floor":21,"key":"EssenceOfSteel"},{"floor":21,"key":"LiquidMemories"},{"floor":21,"key":"Swift Potion"},{"floor":22,"key":"DistilledChaos"},{"floor":29,"key":"Weak Potion"},{"floor":30,"key":"EssenceOfSteel"},{"floor":24,"key":"Energy Potion"},{"floor":41,"key":"DuplicationPotion"}],"is_trial":false,"path_per_floor":["M","M","$","M","M","E","M","M","T","$","R","M","?","M","R","B",null,"M","?","?","$","M","R","M","M","T","$","?","M","M","M","R","M","?","?","M","M","E","M","R","T","E","M","R","$","M","R","B",null,"M","$","?","M","?","E","M","M","T","R","?","R","E","M","R","B",null],"character_chosen":"REMILIA","items_purchased":["ScarletMeister","BloodyCatastrophe","ForecastOfChange","Habit","BlasphemousPunishment","GuppysTail","Cauldron","SalivaCoin","Regal Pillow","QueenOfMidnight","HunterOfTheNight","Dark Shackles","Anchor","Sling","Lantern","FairyPotion","EmergencyRegeneration","BloodHunter","BloodySeventeenLaser","Ancient Tea Set","RedBat","OrangePellets","Fruit Juice","BlessingOfTheForge","BatForm","BlasphemousPunishment","GuppysHairball","Boot","Nunchaku","Chemical X","Swift Potion"],"campfire_rested":0,"item_purchase_floors":[3,3,10,10,10,17,21,21,21,21,21,21,27,27,27,27,27,27,30,30,30,30,30,30,30,30,34,36,36,36,36],"current_hp_per_floor":[75,74,74,75,72,63,51,50,50,50,50,50,50,50,50,13,65,65,65,65,70,50,50,70,53,53,53,53,70,70,70,70,69,69,69,70,70,70,70,70,70,70,70,70,75,75,75,75,65,65,65,57,50,50,65,65,64,64,64,65,65,65,65,65,65],"gold":1461,"neow_bonus":"","is_daily":false,"chose_seed":false,"campfire_upgraded":9,"win_rate":0.0,"timestamp":1608976934,"path_taken":["M","M","$","M","M","E","M","?","T","?","R","M","?","M","R","BOSS","M","?","?","$","M","R","M","M","T","$","?","M","M","M","R","M","?","?","M","M","E","M","R","T","E","M","R","$","M","R","BOSS","M","$","?","M","?","E","M","M","T","R","?","R","E","M","R","BOSS"],"items_purchased_type":["Card","Card","Card","Relic","Card","Relic","Relic","Relic","Relic","Card","Card","Card","Relic","Relic","Card","Potion","Card","Card","Card","Relic","Relic","Relic","Potion","Potion","Card","Card","Relic","Relic","Relic","Relic","Potion"],"build_version":"2020-12-22","purchased_purges":4,"victory":true,"max_hp_per_floor":[75,75,75,75,75,75,75,75,75,75,75,75,75,75,75,75,65,65,65,65,70,70,70,70,70,70,70,70,70,70,70,70,70,70,70,70,70,70,70,70,70,70,70,70,75,75,75,75,65,65,65,65,65,65,65,65,65,65,65,65,65,65,65,65,65],"card_choices":[{"not_picked":[],"picked":"EpicFetus","floor":0},{"not_picked":["DiffusionOfMisfortune","UnderTheZenith"],"picked":"HunterOfTheNight","floor":1},{"not_picked":["UnderTheZenith","UnstableMagic"],"picked":"StarOfDavid","floor":2},{"not_picked":["Bomb","VampireKiss"],"picked":"FavorOfDestiny","floor":4},{"not_picked":["UnderTheZenith","BloodyMagicSquare"],"picked":"AfternoonTea","floor":5},{"not_picked":["DiffusionOfMisfortune","ScarletDream"],"picked":"EmergencyRegeneration","floor":6},{"not_picked":["StarOfDavid","BlasphemousPunishment"],"picked":"CurseOfVladTepes","floor":7},{"not_picked":["NightLord","FavorOfDestiny"],"picked":"BloodAndWine","floor":8},{"not_picked":["RedRainbow","BlasphemousPunishment"],"picked":"ScarletImprint","floor":12},{"not_picked":["FavorOfDestiny","UnderTheZenith"],"picked":"Bomb","floor":14},{"not_picked":["CurseOfVladTepes","BloodyHallows"],"picked":"BloodySeventeenLaser","floor":16},{"not_picked":["UnstableMagic","TwelveNightmare"],"picked":"BombardNight","floor":18},{"not_picked":["ScarletImprint","VampireFantasy"],"picked":"EndlessAdversity+1","floor":22},{"not_picked":["RedRainbow","MastersStateliness","ScarletDevil+1"],"picked":"SKIP","floor":24},{"not_picked":["MillenniumVampire","ScarletImprint"],"picked":"BlasphemousPunishment","floor":25},{"not_picked":["Stigmanizer","GlobalNightmare"],"picked":"MastersStateliness","floor":29},{"not_picked":["ScarletImprint","MastersStateliness+1"],"picked":"HunterOfTheNight","floor":30},{"not_picked":["BloodHunter+1","NightDance+1"],"picked":"BlasphemousPunishment","floor":31},{"not_picked":["UnstableMagic","TwelveNightmare"],"picked":"UltimateOffering","floor":18},{"not_picked":["DiffusionOfMisfortune","EndlessAdversity"],"picked":"Septette","floor":21},{"not_picked":["RedRainbow+1","TricksterDevil"],"picked":"UnstableMagic","floor":22},{"not_picked":["VampireKiss+1","BloodAndWine"],"picked":"UltimateOffering","floor":23},{"not_picked":["ScarletDevil","TwelveNightmare+1"],"picked":"Septette","floor":24},{"not_picked":["ScarletDevil+1","EndlessAdversity"],"picked":"BloodyTrap","floor":27},{"not_picked":["MastersStateliness","VampirishNight"],"picked":"BlasphemousPunishment","floor":28},{"not_picked":["DiffusionOfMisfortune","RedMagic"],"picked":"BlasphemousPunishment+1","floor":31},{"not_picked":["EquivalentExchange","BloodRain"],"picked":"HeartBreak","floor":33},{"not_picked":["FavorOfDestiny+1","StarOfDavid"],"picked":"BlasphemousPunishment+1","floor":35},{"not_picked":["ScarletImprint+1","EndlessAdversity","HunterOfTheNight+1"],"picked":"SKIP","floor":38},{"not_picked":["BloodyTrap","ScarletImprint","EternalNight"],"picked":"SKIP","floor":40},{"not_picked":["StarOfDavid+1","Stigmanizer","VampireKiss+1"],"picked":"SKIP","floor":41},{"not_picked":["VampireKiss","Stigmanizer","ScarletImprint+1"],"picked":"SKIP","floor":42},{"not_picked":["BombardNight+1","ScarletImprint"],"picked":"ReincarnationDial+1","floor":45},{"not_picked":["Stigmanizer+1","FavorOfDestiny","VampireClaw"],"picked":"SKIP","floor":47},{"not_picked":["UnstableMagic","ScarletImprint+1"],"picked":"EquivalentExchange","floor":48}],"player_experience":16981,"relics_obtained":[{"floor":6,"key":"BookofShadows"},{"floor":17,"key":"War Paint"},{"floor":17,"key":"SatanicBible"},{"floor":17,"key":"Diplopia"},{"floor":26,"key":"ForgetMeNow"},{"floor":23,"key":"MawBank"},{"floor":26,"key":"TheBible"},{"floor":27,"key":"Juzu Bracelet"},{"floor":40,"key":"GuppysHead"},{"floor":43,"key":"HornCleat"},{"floor":45,"key":"PunchingBag"},{"floor":47,"key":"TuHaoJin"}],"event_choices":[{"damage_healed":0,"gold_gain":175,"player_choice":"AGREE","damage_taken":0,"max_hp_gain":0,"max_hp_loss":0,"event_name":"Liars Game","floor":13,"gold_loss":0,"cards_obtained":["Doubt"]},{"damage_healed":0,"gold_gain":0,"player_choice":"Obtained Relic","damage_taken":0,"relics_obtained":["Pocketwatch"],"max_hp_gain":0,"max_hp_loss":0,"event_name":"Addict","floor":19,"gold_loss":85},{"cards_removed":["FavorOfDestiny"],"damage_healed":0,"gold_gain":0,"player_choice":"Gave Gold","damage_taken":0,"max_hp_gain":0,"max_hp_loss":0,"event_name":"Beggar","floor":28,"gold_loss":75},{"damage_healed":0,"gold_gain":99,"player_choice":"Stole From Cult","damage_taken":0,"max_hp_gain":0,"max_hp_loss":0,"event_name":"Nest","floor":20,"gold_loss":0},{"damage_healed":0,"gold_gain":0,"player_choice":"Embrace Madness","damage_taken":8,"max_hp_gain":0,"max_hp_loss":0,"event_name":"Winding Halls","floor":37,"gold_loss":0,"cards_obtained":["Madness","Madness"]},{"damage_healed":0,"gold_gain":0,"player_choice":"Fight","damage_taken":0,"max_hp_gain":0,"max_hp_loss":0,"event_name":"Mysterious Sphere","floor":45,"gold_loss":0}],"is_beta":false,"boss_relics":[{"not_picked":["Tiny House","Fusion Hammer"],"picked":"Calling Bell"},{"not_picked":[]},{"not_picked":["Coffee Dripper","ChampionBelt"],"picked":"Pandora\u0027s Box"},{"not_picked":[]}],"items_purged_floors":[21,27,30,36],"is_endless":false,"potions_floor_spawned":[1,6,12,14,22,25,29,30,21,24,28,33,40,41,45,48],"ascension_level":0}}