{"host":"ttx8tv95o5vka1nm","time":1608991952,"event":{"mods":["BaseMod","Downfall","Minty Spire (QoL Compilation)","Replay The Spire","StSLib"],"gold_per_floor":[349,361,361,381,0,0,25,25,54,54,54,89,14,25,44,142,142,142,154,170,170,170,270,270,301,151,164,164,194,210,230,241,343,343,343,355,372,391,407,3,3,3,3,3],"floor_reached":42,"playtime":6524,"items_purged":["Voices","Parasite"],"score":523,"play_id":"b2df149f-1f0a-4add-a1f4-938a7516c421","local_time":"20201227001232","is_ascension_mode":false,"campfire_choices":[{"data":"champ:Taunt","floor":1,"key":"SMITH"},{"data":"champ:FocusedDefense","floor":6,"key":"SMITH"},{"floor":8,"key":"REST"},{"floor":10,"key":"REST"},{"floor":13,"key":"REST"},{"floor":18,"key":"RECALL"},{"data":"Mind Blast","floor":26,"key":"SMITH"},{"data":"champ:StrikeOfGenius","floor":28,"key":"SMITH"},{"data":"Echo Form","floor":35,"key":"SMITH"}],"circlet_count":0,"master_deck":["champ:Strike","champ:Strike","champ:Strike","champ:Strike","champ:Defend+1","champ:Defend","champ:Defend","champ:Defend","champ:Execute","champ:Taunt+1","champ:TornadoPunch","Prostrate","champ:ShieldWall","champ:FocusedDefense+1","Guardian:Reroute","champ:BringItOn","champ:StrikeOfGenius+1","champ:RisingSlash+1","Rip and Tear","J.A.X.","champ:RecklessLeap","champ:GladiatorStyle","Mind Blast+1","expansioncontent:DefensiveMode","Guardian:PiercingHide+1","Echo Form+1","Dagger Throw","champ:Encircle","LessonLearned","ReplayTheSpireMod:Splinters","Guardian:Recover+1","Evaluate+1","Turbo","Slimebound:OozeBath","Battle Trance","champ:StanceDance+1","Aggregate+1","champ:VampiricStrike"],"relics":["champ:ChampionCrown","PrismaticShard","Happy Flower","Omamori","Replay:Ringing Soul","PreservedInsect","downfall:HeartBlessingGreen","Replay:Bronze Core","Enchiridion","MutagenicStrength","Eternal Feather","downfall:HeartBlessingRed","downfall:HeartBlessingBlue","Replay:WaspNest","Replay:Ancient Bell","Gremlin Food","Iron Hammer","Prayer Wheel","Bronze Scales","Toxic Egg 2"],"acts_visited":["Exordium","TheCity","TheBeyond"],"potions_floor_usage":[16,16,23,25,33,33,39],"damage_taken":[{"damage":20,"enemies":"Small Slimes","floor":2,"turns":4},{"damage":14,"enemies":"Cultist","floor":4,"turns":4},{"damage":5,"enemies":"downfall:FleeingMerchant","floor":5,"turns":4},{"damage":38,"enemies":"Gremlin Nob","floor":9,"turns":5},{"damage":37,"enemies":"Lagavulin","floor":12,"turns":7},{"damage":5,"enemies":"2 Louse","floor":14,"turns":2},{"damage":5,"enemies":"Exordium Wildlife","floor":15,"turns":2},{"damage":49,"enemies":"downfall:Defect","floor":16,"turns":10},{"damage":12,"enemies":"Chosen","floor":19,"turns":6},{"damage":5,"enemies":"Shell Parasite","floor":20,"turns":4},{"damage":48,"enemies":"downfall:Augmenter","floor":23,"turns":5},{"damage":8,"enemies":"Slavers","floor":25,"turns":3},{"damage":29,"enemies":"Cultist and Chosen","floor":27,"turns":5},{"damage":16,"enemies":"Book of Stabbing","floor":29,"turns":3},{"damage":33,"enemies":"Snake Plant","floor":30,"turns":2},{"damage":39,"enemies":"Sentry and Sphere","floor":31,"turns":4},{"damage":20,"enemies":"Shelled Parasite and Fungi","floor":32,"turns":3},{"damage":50,"enemies":"downfall:Watcher","floor":33,"turns":7},{"damage":29,"enemies":"Orb Walker","floor":36,"turns":5},{"damage":35,"enemies":"3 Shapes","floor":37,"turns":4},{"damage":79,"enemies":"Jaw Worm Horde","floor":38,"turns":4},{"damage":12,"enemies":"Writhing Mass","floor":39,"turns":6},{"damage":31,"enemies":"downfall:FleeingMerchant","floor":40,"turns":4},{"damage":77,"enemies":"Transient","floor":42,"turns":4}],"seed_played":"3565723564778533019","potions_obtained":[{"floor":4,"key":"SpeedPotion"},{"floor":9,"key":"SkillPotion"},{"floor":14,"key":"Fire Potion"},{"floor":16,"key":"Adrenaline Potion"},{"floor":19,"key":"champ:CounterPotion"},{"floor":29,"key":"Swift Potion"},{"floor":30,"key":"DuplicationPotion"},{"floor":36,"key":"PowerPotion"},{"floor":39,"key":"SteroidPotion"}],"is_trial":false,"path_per_floor":["R","M","?","M","$","R","T","R","E","R","?","E","R","M","M","B",null,"R","M","M","?","?","?","T","E","R","M","R","E","M","M","M","B",null,"R","M","M","M","M","$","T","M"],"character_chosen":"THE_CHAMP","items_purchased":["champ:ShieldWall","Happy Flower","champ:FocusedDefense","Bronze Scales","champ:VampiricStrike"],"campfire_rested":3,"item_purchase_floors":[5,5,5,40,40],"current_hp_per_floor":[63,53,53,49,49,49,49,76,46,73,73,49,77,80,83,52,105,105,101,104,88,88,74,74,69,91,87,102,94,79,70,73,61,148,148,124,115,63,62,59,59,0,0,0],"gold":3,"neow_bonus":"TWO_FIFTY_GOLD","is_daily":false,"chose_seed":false,"campfire_upgraded":5,"win_rate":0.0,"timestamp":1608991952,"path_taken":["R","M","?","M","$","R","T","R","E","R","?","E","R","M","M","BOSS","R","M","M","?","?","?","T","E","R","?","R","E","M","M","M","BOSS","R","M","M","M","M","$","T","M"],"items_purchased_type":["Card","Relic","Card","Relic","Card"],"build_version":"2020-12-22","purchased_purges":2,"victory":false,"max_hp_per_floor":[90,90,90,90,90,90,90,90,93,93,93,96,96,99,102,105,105,105,108,111,111,111,114,114,117,127,130,130,133,136,139,142,145,148,148,151,154,157,160,160,160,160,160,160],"card_choices":[{"not_picked":["champ:FanOfKnives","champ:HeartStrike"],"picked":"champ:TornadoPunch","floor":2},{"not_picked":["Run Through","hexamod:HauntingEcho"],"picked":"Prostrate","floor":4},{"not_picked":["Thunderclap","Guardian:VentSteam"],"picked":"Guardian:Gem_Purple","floor":5},{"not_picked":["hexamod:InspiringFlames","True Grit"],"picked":"Guardian:Reroute","floor":9},{"not_picked":["hexamod:InspiringFlames","expansioncontent:Chronoboost"],"picked":"champ:BringItOn","floor":12},{"not_picked":["hexamod:PhantomFireball","Guardian:StasisStrike"],"picked":"Guardian:Gem_Cyan","floor":14},{"not_picked":["hexamod:SpectersWail","Guardian:Gem_Cyan"],"picked":"Cold Snap","floor":15},{"not_picked":["expansioncontent:QuickStudy","Echo Form"],"picked":"champ:StrikeOfGenius","floor":16},{"not_picked":["hexamod:GhostflameBarrier","hexamod:NightmareGuise"],"picked":"champ:RisingSlash+1","floor":19},{"not_picked":["Slimebound:SplitAcid+1","sneckomod:CheapStock"],"picked":"Rip and Tear","floor":20},{"not_picked":[],"picked":"J.A.X.","floor":23},{"not_picked":["Guardian:Reroute","hexamod:GhostOfSpireFuture+1"],"picked":"Mind Blast","floor":23},{"not_picked":["WindmillStrike","Slimebound:GoopSpray+1"],"picked":"expansioncontent:DefensiveMode","floor":25},{"not_picked":["hexamod:SecondSeal","hexamod:GhostShield"],"picked":"Guardian:PiercingHide+1","floor":27},{"not_picked":["Guardian:FloatingOrbs","Stack"],"picked":"Echo Form","floor":29},{"not_picked":["hexamod:Firestarter","True Grit"],"picked":"Dagger Throw","floor":30},{"not_picked":["Guardian:Gem_Fragmented","Gash"],"picked":"champ:Encircle","floor":31},{"not_picked":["ReplayTheSpireMod:Tripwire+1","Guardian:PrimingBeam"],"picked":"Guardian:Gem_Red","floor":32},{"not_picked":["sneckomod:DangerNoodle","Phantasmal Killer"],"picked":"LessonLearned","floor":33},{"not_picked":["Looming Evil","Languid"],"picked":"CommonCold","floor":34},{"not_picked":["Regret","CurseOfTheBell"],"picked":"Writhe","floor":34},{"not_picked":["ReplayTheSpireMod:Doomed","ReplayTheSpireMod:IOU"],"picked":"ReplayTheSpireMod:Splinters","floor":34},{"not_picked":["Slimebound:RollThrough+1","Hidden Blade"],"picked":"Guardian:Recover+1","floor":36},{"not_picked":["Guardian:Incinerate","expansioncontent:BronzeBeam"],"picked":"Evaluate+1","floor":36},{"not_picked":["Slimebound:Schlurp","Burning Pact"],"picked":"Turbo","floor":37},{"not_picked":["ClearTheMind","Outmaneuver"],"picked":"Slimebound:OozeBath","floor":37},{"not_picked":["Guardian:Gem_Lightblue","Slimebound:SplitMire"],"picked":"Battle Trance","floor":38},{"not_picked":["Slimebound:SplitMire","Defy Death+1","Guardian:Reroute"],"picked":"SKIP","floor":38},{"not_picked":["EmptyBody+1","Anger"],"picked":"champ:StanceDance+1","floor":39},{"not_picked":["Slimebound:SamplingLick+1","Turbo","Quick Slash"],"picked":"SKIP","floor":39},{"not_picked":["hexamod:Rewind+1","SashWhip"],"picked":"Aggregate+1","floor":40}],"player_experience":443264,"relics_obtained":[{"floor":7,"key":"Omamori"},{"floor":9,"key":"Replay:Ringing Soul"},{"floor":12,"key":"PreservedInsect"},{"floor":21,"key":"Enchiridion"},{"floor":23,"key":"MutagenicStrength"},{"floor":25,"key":"Eternal Feather"},{"floor":29,"key":"Replay:WaspNest"},{"floor":41,"key":"Toxic Egg 2"}],"event_choices":[{"damage_healed":0,"gold_gain":0,"player_choice":"Ignored","damage_taken":0,"max_hp_gain":0,"max_hp_loss":0,"event_name":"NoteForYourself","floor":11,"gold_loss":0}],"is_beta":false,"boss_relics":[{"not_picked":["SacredBark","downfall:Hecktoplasm"],"picked":"Replay:Bronze Core"},{"not_picked":["Empty Cage","Busted Crown"],"picked":"Replay:Ancient Bell"},{"not_picked":["MawBank","ReplayFunnel"],"picked":"Gremlin Food"},{"not_picked":["InkBottle","Meat on the Bone"],"picked":"Iron Hammer"},{"not_picked":["Incense Burner","Durian"],"picked":"Prayer Wheel"}],"items_purged_floors":[5,40],"is_endless":false,"potions_floor_spawned":[4,9,14,15,16,19,29,30,32,36,39],"killed_by":"Transient","ascension_level":0}}