{"host":"1zjc08c6hob33401","time":1608981781,"event":{"mods":["AchievementEnabler","Act Like it!","Aspiration","Bard","BaseMod","Downfall","Energized Spire","GifTheSpireLib","Hermit","Hubris","Infinite Spire","Jedi Mod","Jorbs\u0027s Wanderer Trilogy","Marisa????????","Minty Spire (QoL Compilation)","Pale of the Ancients","Quick Restart","Replay The Spire","Retaliation","Shop Mod","StSLib","Stuff the Spire","Swap Starting Deck Mod","The Blue Laboratory","The Gatherer","The Poker Player","The Runesmith","The Sage","Wandering Minibosses","[IsaacMod]????"],"gold_per_floor":[99,99,99,110,110,110,110,150,166,201,201,240,5,5,5,5,41,168,168,168,212,212,222,222,222,293,338,355,84,116,128,140,56,66,167,167,167,184,31,43,43,43,70,81,181,239,252,24,38,79,99,99],"floor_reached":53,"playtime":3562,"items_purged":["hubris:Sniper","Guardian:Strike_Guardian","Guardian:Strike_Guardian"],"score":704,"play_id":"e998fcf7-5c74-41f8-abc1-367ddbea8816","local_time":"20201226132301","is_ascension_mode":false,"campfire_choices":[{"data":"BettingIsNotGood","floor":1.0,"key":"SMITH"},{"data":"jedi:brewingpoison","floor":6.0,"key":"SMITH"},{"data":"Guardian:TimeBomb","floor":20.0,"key":"SMITH"},{"data":"infinitespire:Fortify","floor":32.0,"key":"SMITH"},{"data":"ReplayUltimateDefense","floor":37.0,"key":"SMITH"},{"data":"Guardian:FierceBash","floor":42.0,"key":"SMITH"}],"circlet_count":0,"master_deck":["Guardian:CurlUp","Guardian:TwinSlam+1","BettingIsNotGood+1","Guardian:Preprogram+1","Guardian:TimeBomb+1","jedi:brewingpoison+1","Sucker Punch+1","Guardian:PolyBeam","Guardian:DonusPower","Guardian:TemporalShield","Guardian:ExploitGems","Guardian:Emergency","infinitespire:Fortify+1","Guardian:BronzeArmor","Guardian:Preprogram+1","Guardian:RollAttack+1","Guardian:StasisStrike","ReplayUltimateDefense+1","Guardian:Suspension+1","Guardian:FierceBash+1","Guardian:ChargeCore+1","Guardian:PrimingBeam+1","Guardian:AncientConstruct","Guardian:ShieldSpikes","Guardian:Harden+1","Guardian:BronzeOrb+1","Guardian:Emergency+1","Guardian:Planning+1"],"relics":["Guardian:ModeShifter","HushsDoor","TheBean","aspiration:ChemicalBlood","wanderingMiniBosses:OtherGremlinHorn","infinitespire:CursedDice","aspiration:VileToxins","Painkiller Herb","SteamSale","aspiration:StickyExplosives_weak","StuffTheSpire:ForceGauntlet","MawBank","infinitespire:Satchel","Philosopher\u0027s Stone","PreservedInsect","hubris:EmptyBottle","Whetstone","HowToJump","Lee\u0027s Waffle","Gremlin Food","Akabeko"],"acts_visited":["Exordium","TheCity","TheBeyond"],"potions_floor_usage":[52,52],"damage_taken":[{"damage":7.0,"enemies":"Jaw Worm","floor":4.0,"turns":3.0},{"damage":38.0,"enemies":"2 Louse","floor":8.0,"turns":13.0},{"damage":0.0,"enemies":"Cultist","floor":9.0,"turns":2.0},{"damage":10.0,"enemies":"Lagavulin","floor":10.0,"turns":4.0},{"damage":12.0,"enemies":"2 Fungi Beasts","floor":12.0,"turns":3.0},{"damage":10.0,"enemies":"downfall:FleeingMerchant","floor":13.0,"turns":4.0},{"damage":11.0,"enemies":"Exordium Wildlife","floor":17.0,"turns":5.0},{"damage":4.0,"enemies":"downfall:Defect","floor":18.0,"turns":4.0},{"damage":8.0,"enemies":"Shell Parasite","floor":21.0,"turns":4.0},{"damage":0.0,"enemies":"Spheric Guardian","floor":23.0,"turns":2.0},{"damage":2.0,"enemies":"Snecko","floor":27.0,"turns":4.0},{"damage":6.0,"enemies":"Snake Plant","floor":28.0,"turns":3.0},{"damage":1.0,"enemies":"downfall:FleeingMerchant","floor":29.0,"turns":4.0},{"damage":3.0,"enemies":"Replay:Snechameleon","floor":30.0,"turns":4.0},{"damage":0.0,"enemies":"downfall:FleeingMerchant","floor":33.0,"turns":1.0},{"damage":0.0,"enemies":"Shelled Parasite and Fungi","floor":34.0,"turns":3.0},{"damage":1.0,"enemies":"downfall:Watcher","floor":35.0,"turns":5.0},{"damage":12.0,"enemies":"Orb Walker","floor":38.0,"turns":3.0},{"damage":18.0,"enemies":"3 Shapes","floor":40.0,"turns":3.0},{"damage":6.0,"enemies":"Spire Growth","floor":44.0,"turns":4.0},{"damage":6.0,"enemies":"3 Darklings","floor":47.0,"turns":3.0},{"damage":6.0,"enemies":"Maw","floor":49.0,"turns":5.0},{"damage":0.0,"enemies":"Writhing Mass","floor":50.0,"turns":4.0},{"damage":6.0,"enemies":"Sphere and 2 Shapes","floor":51.0,"turns":3.0},{"damage":57,"enemies":"downfall:Silent","floor":52,"turns":5}],"seed_played":"2802215100591462670","potions_obtained":[{"floor":8.0,"key":"Adrenaline Potion"},{"floor":9.0,"key":"blueLaboratory:ForbiddenFruitJuice"},{"floor":16.0,"key":"blueLaboratory:Moonshine"},{"floor":17.0,"key":"blueLaboratory:BottleOfRum"},{"floor":18.0,"key":"ColorlessPotion"},{"floor":21.0,"key":"FearPotion"},{"floor":23.0,"key":"SteroidPotion"},{"floor":28.0,"key":"FearPotion"},{"floor":34.0,"key":"blueLaboratory:FruitPunch"},{"floor":35.0,"key":"blueLaboratory:BubblePotion"},{"floor":40.0,"key":"PowerPotion"},{"floor":46.0,"key":"Regen Potion"},{"floor":51.0,"key":"sneckomod:MuddlingPotion"}],"is_trial":false,"path_per_floor":["R","?","?","M","?","R","T","M","M","E","?","M","$","PTL","PTL","?","M","B",null,"T","?","?","?","?","AVR","T","?","?","T","E","?","T","T","?","B",null,"T","?","T","?","T","T","T","?","?","?","?","T","?","?","?","B",null],"character_chosen":"GUARDIAN","items_purchased":["aspiration:VileToxins","StuffTheSpire:ForceGauntlet","infinitespire:Satchel","ReplayUltimateDefense","PreservedInsect","hubris:EmptyBottle","Lee\u0027s Waffle","Gremlin Food","Akabeko"],"campfire_rested":0,"item_purchase_floors":[13,29,33,33,39,39,48,48,48],"current_hp_per_floor":[56,56,56,49,49,49,49,21,21,31,31,19,19,19,19,19,18,14,80,80,72,72,72,72,72,72,70,64,63,60,60,60,60,80,81,82,82,70,70,52,52,52,52,46,46,46,40,89,83,83,77,30],"gold":99,"neow_bonus":"REMOVE_TWO","is_daily":false,"chose_seed":false,"campfire_upgraded":6,"win_rate":0.0,"timestamp":1608981781,"path_taken":["R","?","?","M","?","R","T","M","?","E","?","M","?","PTL","PTL","?","M","BOSS","T","?","?","?","?","AVR","T","?","?","?","E","?","T","T","?","BOSS","T","?","T","?","T","T","T","?","?","?","?","?","?","?","?","BOSS"],"items_purchased_type":["Relic","Relic","Relic","Card","Relic","Relic","Relic","Relic","Relic"],"build_version":"2020-12-22","purchased_purges":3,"victory":true,"max_hp_per_floor":[80,80,80,80,80,80,80,80,80,80,80,80,80,80,80,80,80,80,80,80,80,80,80,80,80,80,80,80,80,80,80,80,80,80,82,82,82,82,82,82,82,82,82,82,82,82,82,89,89,89,89,89],"card_choices":[{"not_picked":[],"picked":"BettingIsNotGood","floor":0.0},{"not_picked":["Guardian:Suspension","Guardian:CrystalBeam"],"picked":"Guardian:TimeBomb","floor":4.0},{"not_picked":["Bomb","Guardian:PrismaticBarrier"],"picked":"Guardian:PolyBeam","floor":8.0},{"not_picked":["Guardian:TemporalShield","Guardian:ShieldCharger"],"picked":"Guardian:DonusPower","floor":9.0},{"not_picked":["Guardian:VentSteam","Guardian:RollAttack"],"picked":"Guardian:TemporalShield","floor":10.0},{"not_picked":["Guardian:MultiBeam","Guardian:Gem_Red"],"picked":"Guardian:ExploitGems","floor":12.0},{"not_picked":["Guardian:RollAttack","Guardian:TimeBomb"],"picked":"Guardian:Gem_Purple","floor":13.0},{"not_picked":["Guardian:ShieldCharger","Guardian:Gem_Red"],"picked":"Guardian:Gem_Fragmented","floor":17.0},{"not_picked":["Guardian:ConstructionForm","Guardian:ExploitGems"],"picked":"Guardian:Gem_Synthetic","floor":18.0},{"not_picked":["Guardian:RollAttack","Guardian:Planning"],"picked":"Guardian:Emergency","floor":21.0},{"not_picked":["Guardian:Reroute","Guardian:VentSteam"],"picked":"Guardian:Gem_Red","floor":23.0},{"not_picked":["Guardian:EvasiveProtocol","Guardian:Reroute"],"picked":"Guardian:Gem_Purple","floor":27.0},{"not_picked":["Guardian:RollAttack+1","Guardian:Gem_Red"],"picked":"Guardian:BronzeArmor","floor":28.0},{"not_picked":["Guardian:Gem_Red","Guardian:Gem_Cyan"],"picked":"Guardian:Preprogram+1","floor":29.0},{"not_picked":["Guardian:Recover","Guardian:Gem_Purple"],"picked":"Guardian:RollAttack+1","floor":30.0},{"not_picked":["Guardian:CrystalBeam","Guardian:Gem_Cyan"],"picked":"Guardian:StasisStrike","floor":33.0},{"not_picked":["Guardian:ChargeCore","Guardian:Gem_Green"],"picked":"Guardian:Suspension+1","floor":34.0},{"not_picked":["Guardian:GatlingBeam","Guardian:BaubleBeam"],"picked":"Guardian:FierceBash","floor":35.0},{"not_picked":["Guardian:Gem_Cyan","Guardian:Gem_Green"],"picked":"Guardian:ChargeCore+1","floor":38.0},{"not_picked":["Guardian:Gem_Red","Guardian:ChargeCore"],"picked":"Guardian:PrimingBeam+1","floor":40.0},{"not_picked":["Guardian:TemporalStrike","Guardian:Gem_Blue"],"picked":"Guardian:AncientConstruct","floor":44.0},{"not_picked":["Guardian:TemporalStrike","Guardian:Gem_Green"],"picked":"Guardian:ShieldSpikes","floor":46.0},{"not_picked":["Guardian:VentSteam","Guardian:CrystalBeam"],"picked":"Guardian:Harden+1","floor":47.0},{"not_picked":["Guardian:ShieldCharger","Guardian:ChargeCore"],"picked":"Guardian:BronzeOrb+1","floor":49.0},{"not_picked":["Guardian:Gem_Green","Guardian:Planning"],"picked":"Guardian:Emergency+1","floor":50.0},{"not_picked":["Guardian:Gem_Lightblue","Guardian:Gem_Green"],"picked":"Guardian:Planning+1","floor":51.0}],"player_experience":510740,"relics_obtained":[{"floor":7.0,"key":"aspiration:ChemicalBlood"},{"floor":8.0,"key":"wanderingMiniBosses:OtherGremlinHorn"},{"floor":10.0,"key":"infinitespire:CursedDice"},{"floor":26.0,"key":"aspiration:StickyExplosives_weak"},{"floor":30.0,"key":"MawBank"},{"floor":43.0,"key":"Whetstone"},{"floor":46.0,"key":"HowToJump"}],"event_choices":[{"damage_healed":0.0,"max_hp_gain":0.0,"max_hp_loss":0.0,"gold_gain":0.0,"event_name":"Lab","player_choice":"Got Potions","floor":16.0,"gold_loss":0.0,"damage_taken":0.0}],"is_beta":false,"boss_relics":[{"not_picked":["energizedSpire:EnergizedDie","Kintsugi"],"picked":"Painkiller Herb"},{"not_picked":[]},{"not_picked":["aspiration:IroncladSkillbook","hubris:RunicObelisk"],"picked":"Philosopher\u0027s Stone"},{"not_picked":[]}],"items_purged_floors":[13,25,33],"is_endless":false,"potions_floor_spawned":[8,9,18,21,23,34,35,40,51],"ascension_level":0}}