{"host":"5c1rfni4ms1ztn71","time":1608962586,"event":{"mods":["AchievementEnabler","BaseMod","ChefMod","Downfall","Duelist Mod","Hermit","Hubris","Infinite Spire","Jorbs\u0027s Wanderer Trilogy","Marisa????????","Minty Spire (QoL Compilation)","Potionbrewer","Replay The Spire","SOS???????","Somnambulant","StSLib","Td1madao Mod","The Administrix","The Animator","The Bladedancer","The Bug Knight","The Construct","The Cursed","The Death Knight","The Disciple","The Forsaken","The Hierophant","The Mystic","The Necromancer","The Poker Player","The Runesmith","The Senshi","The Servant 0.9.4","The Wild Card","???Mod??????Boss"],"gold_per_floor":[131,145,173,190,209,209,243,243,243,243,243,257,257,257,257,353,353,365,33,123,142,162,162,179,179,179,179,214,214,214],"floor_reached":29,"playtime":5262,"items_purged":["animator:Strike"],"score":227,"play_id":"cd4edd45-56a3-4f47-9257-12e4de655c11","local_time":"20201226010306","is_ascension_mode":false,"campfire_choices":[{"data":"animator:FielNirvalen","floor":6.0,"key":"SMITH"},{"floor":8.0,"key":"REST"},{"data":"animator:ChlammyZell","floor":11.0,"key":"SMITH"},{"floor":15.0,"key":"REST"},{"floor":23,"key":"REST"},{"data":"animator:Caster","floor":25,"key":"SMITH"},{"data":"animator:Caster","floor":27,"key":"SMITH"}],"circlet_count":0,"master_deck":["animator:Strike_NoGameNoLife","animator:Defend_NoGameNoLife","animator:Strike","animator:Strike+1","animator:Defend","animator:Defend","animator:Defend","animator:DolaSchwi","animator:DolaCouronne","animator:DolaRiku","animator:FielNirvalen+1","animator:ChlammyZell+1","animator:ElricAlphonse","animator:GoblinSlayer","animator:DolaStephanie","animator:Caster+1","animator:Albedo","animator:DolaCouronne","animator:Caster+1","animator:Mikaela","animator:Saber","animator:ElricAlphonse","animator:ChlammyZell","animator:LizardPriest","animator:Jibril"],"relics":["animator:LivingPicture","animator:TheMissingPiece","NeowsBlessing","infinitespire:CursedDice","Runesmith:Nanobots","Honey Jar","infinitespire:Lychee Nut"],"acts_visited":["Exordium","TheCity"],"potions_floor_usage":[28,29],"damage_taken":[{"damage":0.0,"enemies":"Small Slimes","floor":1.0,"turns":1.0},{"damage":0.0,"enemies":"2 Louse","floor":2.0,"turns":2.0},{"damage":0.0,"enemies":"Cultist","floor":3.0,"turns":1.0},{"damage":23.0,"enemies":"Exordium Thugs","floor":4.0,"turns":6.0},{"damage":7.0,"enemies":"Blue Slaver","floor":5.0,"turns":5.0},{"damage":22.0,"enemies":"HollowMod:MossKnight","floor":7.0,"turns":7.0},{"damage":2.0,"enemies":"Red Slaver","floor":12.0,"turns":4.0},{"damage":30.0,"enemies":"Slime Boss","floor":16.0,"turns":6.0},{"damage":14,"enemies":"Chosen","floor":18,"turns":5},{"damage":10,"enemies":"Spheric Guardian","floor":21,"turns":4},{"damage":23,"enemies":"Snake Plant","floor":22,"turns":6},{"damage":6,"enemies":"Cultist and Chosen","floor":24,"turns":7},{"damage":26,"enemies":"Sentry and Sphere","floor":28,"turns":4},{"damage":11,"enemies":"Centurion and Healer","floor":29,"turns":3}],"seed_played":"-5966476091495219713","potions_obtained":[{"floor":2.0,"key":"potionbrewer:BlacksmithPotion"},{"floor":5.0,"key":"LifebloodPotion"},{"floor":12.0,"key":"potionbrewer:DiscountPotion"},{"floor":22,"key":"potionbrewer:AcidPotion"},{"floor":24,"key":"Death Potion"}],"is_trial":false,"path_per_floor":["M","M","M","M","M","R","E","R","T","?","R","M","?","?","R","B",null,"M","$","?","M","M","R","M","R","T","R","M","M"],"character_chosen":"THE_ANIMATOR","items_purchased":["animator:Caster","animator:Mikaela","animator:Saber"],"campfire_rested":3,"item_purchase_floors":[19,19,19],"current_hp_per_floor":[66,67,67,44,37,37,16,36,36,36,36,34,34,34,54,24,68,54,54,42,32,9,29,23,23,23,23,3,3,3],"gold":214,"neow_bonus":"THREE_ENEMY_KILL","is_daily":false,"chose_seed":false,"campfire_upgraded":4,"win_rate":0.0,"timestamp":1608962586,"path_taken":["M","M","M","M","M","R","E","R","T","?","R","M","?","?","R","BOSS","M","$","?","M","M","R","M","R","T","R","?","M"],"items_purchased_type":["Card","Card","Card"],"build_version":"2020-12-22","purchased_purges":1,"victory":false,"max_hp_per_floor":[66,67,67,67,67,67,68,68,68,68,68,68,68,68,68,68,68,68,68,68,68,68,68,68,68,51,51,51,51,51],"card_choices":[{"not_picked":["animator:Kuribayashi","animator:Demiurge"],"picked":"animator:DolaRiku","floor":1.0},{"not_picked":["animator:Cocytus","animator:Shinoa"],"picked":"animator:FielNirvalen","floor":2.0},{"not_picked":["animator:LizardPriest","animator:Sebas"],"picked":"animator:ChlammyZell","floor":3.0},{"not_picked":["animator:RoyMustang","animator:Sloth"],"picked":"animator:ElricAlphonse","floor":4.0},{"not_picked":["animator:Bozes","animator:ShinjiMatou"],"picked":"animator:GoblinSlayer","floor":5.0},{"not_picked":["animator:Tet","animator:Evileye"],"picked":"animator:DolaStephanie","floor":7.0},{"not_picked":["animator:Mikaela","animator:KrulTepes"],"picked":"animator:Caster","floor":12.0},{"not_picked":["animator:ItamiYouji","animator:Guren"],"picked":"animator:Albedo","floor":16.0},{"not_picked":["animator:IzunaHatsuse","animator:DolaStephanie","animator:Tet"],"picked":"animator:DolaCouronne","floor":18},{"not_picked":["animator:Priestess","animator:Gluttony","animator:LizardPriest"],"picked":"animator:ElricAlphonse","floor":21},{"not_picked":["animator:Shalltear","animator:Alexander","animator:MaesHughes"],"picked":"animator:ChlammyZell","floor":22},{"not_picked":["animator:HighElfArcher+1","animator:MaesHughes","animator:Tyuule"],"picked":"animator:LizardPriest","floor":24},{"not_picked":["animator:DolaRiku","animator:DolaSchwi","animator:DolaCouronne"],"picked":"animator:Jibril","floor":28}],"player_experience":30018,"relics_obtained":[{"floor":7.0,"key":"infinitespire:CursedDice"},{"floor":9.0,"key":"Runesmith:Nanobots"},{"floor":26,"key":"infinitespire:Lychee Nut"}],"event_choices":[{"damage_healed":0.0,"max_hp_gain":0.0,"max_hp_loss":0.0,"gold_gain":0.0,"event_name":"Golden Idol","player_choice":"Ignored","floor":13.0,"gold_loss":0.0,"damage_taken":0.0},{"damage_healed":0.0,"max_hp_gain":0.0,"max_hp_loss":0.0,"gold_gain":0.0,"event_name":"Shining Light","player_choice":"Ignored","floor":14.0,"gold_loss":0.0,"damage_taken":0.0},{"damage_healed":0,"gold_gain":90,"player_choice":"GOLD ","damage_taken":12,"max_hp_gain":0,"max_hp_loss":0,"event_name":"Knowing Skull","floor":20,"potions_obtained":[],"gold_loss":0,"cards_obtained":[]}],"is_beta":false,"boss_relics":[{"not_picked":["Ring of Chaos","Replay:Drink Me"],"picked":"Honey Jar"}],"items_purged_floors":[19],"is_endless":false,"potions_floor_spawned":[2,5,12,22,24],"killed_by":"Centurion and Healer","ascension_level":0}}