{"host":"4w8ocelhatf0iefc","time":1608983184,"event":{"mods":["AchievementEnabler","Act Like it!","Aspiration","BaseMod","Colored Map","Colored Powertips","Downfall","Hubris","Minty Spire (QoL Compilation)","Replay The Spire","StSLib"],"gold_per_floor":[109,109,284,37,53,53,53,73,73,86,99,126,201,217,217,314,314,334,351,380,380,393,393,393],"floor_reached":23,"playtime":844,"items_purged":[],"score":222,"play_id":"0f988b29-c60d-4fb6-b36b-cd0fe7db407c","local_time":"20201226194624","is_ascension_mode":true,"campfire_choices":[],"circlet_count":0,"master_deck":["Strike_B","Strike_B","Strike_B","Defend_B","Defend_B","Defend_B","Defend_B","Zap","Dualcast","Cold Snap","Doubt","Glacier+1","Go for the Eyes","Self Repair","Sweeping Beam","Streamline","Mirror Shield","Injury","ReplayTheSpireMod:Faulty Equipment","hexamod:Haunted","Double Energy","Capacitor","Streamline","Zap","Seek","Reprogram","Chaos+1"],"relics":["Cracked Core","aspiration:ArtOfWarUpgrade","Iron Hammer","StoneCalendar","Shuriken","Replay:Ancient Bell","Pet Ghost","HornCleat","Turnip"],"acts_visited":["Exordium","TheCity"],"potions_floor_usage":[16,19,22,23,23],"damage_taken":[{"damage":9.0,"enemies":"Jaw Worm","floor":1.0,"turns":3.0},{"damage":0.0,"enemies":"2 Louse","floor":5.0,"turns":2.0},{"damage":0.0,"enemies":"Cultist","floor":8.0,"turns":3.0},{"damage":5.0,"enemies":"Looter","floor":10.0,"turns":4.0},{"damage":2.0,"enemies":"Large Slime","floor":11.0,"turns":7.0},{"damage":13.0,"enemies":"3 Sentries","floor":12.0,"turns":4.0},{"damage":10,"enemies":"Exordium Thugs","floor":14,"turns":7},{"damage":33,"enemies":"Slime Boss","floor":16,"turns":7},{"damage":11,"enemies":"Shell Parasite","floor":18,"turns":7},{"damage":20,"enemies":"Spheric Guardian","floor":19,"turns":5},{"damage":19,"enemies":"Centurion and Healer","floor":22,"turns":7},{"damage":36,"enemies":"Slavers","floor":23,"turns":4}],"seed_played":"8657401111878635648","potions_obtained":[{"floor":8.0,"key":"FocusPotion"},{"floor":10.0,"key":"champ:CounterPotion"},{"floor":11.0,"key":"Explosive Potion"},{"floor":14,"key":"Swift Potion"},{"floor":16,"key":"Energy Potion"},{"floor":19,"key":"FocusPotion"},{"floor":20,"key":"BlessingOfTheForge"},{"floor":20,"key":"Dexterity Potion"},{"floor":20,"key":"Energy Potion"}],"is_trial":false,"path_per_floor":["M","?","?","$","M","?","R","M","T","M","M","E","?","M","R_BF","B",null,"M","M","?","?","M","E"],"character_chosen":"DEFECT","items_purchased":["Iron Hammer"],"campfire_rested":0,"item_purchase_floors":[4],"current_hp_per_floor":[66,59,59,59,59,59,59,59,59,54,59,56,49,46,46,20,75,71,61,43,43,31,0,0],"gold":393,"neow_bonus":"RANDOM_COMMON_RELIC","is_daily":false,"chose_seed":false,"campfire_upgraded":0,"win_rate":0.0,"timestamp":1608983184,"path_taken":["M","?","?","$","M","?","R","M","T","M","M","E","?","M","R_BF","BOSS","M","M","?","?","M","E"],"items_purchased_type":["Relic"],"build_version":"2020-12-22","purchased_purges":0,"victory":false,"max_hp_per_floor":[75,75,75,75,75,75,75,75,75,75,75,75,75,75,75,75,75,75,75,75,75,75,75,75],"card_choices":[{"not_picked":["Barrage","Panic Button"],"picked":"Cold Snap","floor":1.0},{"not_picked":["ReplayGash","ReplayTheSpireMod:Calculation Training"],"picked":"Glacier","floor":5.0},{"not_picked":["Beam Cell","Gash"],"picked":"Go for the Eyes","floor":8.0},{"not_picked":["Glacier","Turbo"],"picked":"Self Repair","floor":10.0},{"not_picked":["Hologram","Lockon"],"picked":"Sweeping Beam","floor":11.0},{"not_picked":["ReplayTheSpireMod:Repulse","Recycle"],"picked":"Streamline","floor":12.0},{"not_picked":["Reprogram","Recycle","Steam"],"picked":"SKIP","floor":14},{"not_picked":["Hyperbeam","hubris:Prefetch"],"picked":"Mirror Shield","floor":16},{"not_picked":["Clumsy","ReplayTheSpireMod:Restless Dread"],"picked":"Injury","floor":17},{"not_picked":["hubris:Disease","hubris:Sloth"],"picked":"ReplayTheSpireMod:Faulty Equipment","floor":17},{"not_picked":["hubris:Greed","CurseOfTheBell"],"picked":"hexamod:Haunted","floor":17},{"not_picked":["Coolheaded","Blizzard"],"picked":"Double Energy","floor":18},{"not_picked":["Reinforced Body","Compile Driver"],"picked":"Capacitor","floor":19},{"not_picked":["Beam Cell","Recycle"],"picked":"Streamline","floor":20},{"not_picked":["Compile Driver","Hologram"],"picked":"Chaos+1","floor":22}],"player_experience":423904,"relics_obtained":[{"floor":9.0,"key":"StoneCalendar"},{"floor":12.0,"key":"Shuriken"}],"event_choices":[{"cards_removed":["Strike_B"],"damage_healed":0.0,"max_hp_gain":0.0,"max_hp_loss":0.0,"gold_gain":0.0,"event_name":"Golden Wing","player_choice":"Card Removal","floor":2.0,"gold_loss":0.0,"damage_taken":7.0},{"damage_healed":0.0,"max_hp_gain":0.0,"max_hp_loss":0.0,"gold_gain":175.0,"event_name":"Liars Game","player_choice":"AGREE","floor":3.0,"gold_loss":0.0,"damage_taken":0.0,"cards_obtained":["Doubt"]},{"damage_healed":0,"gold_gain":75,"player_choice":"Touch","damage_taken":7,"max_hp_gain":0,"max_hp_loss":0,"event_name":"FaceTrader","floor":13,"gold_loss":0},{"damage_healed":0,"gold_gain":0,"player_choice":"3 cards matched","damage_taken":0,"max_hp_gain":0,"max_hp_loss":0,"event_name":"Match and Keep!","floor":21,"gold_loss":0,"cards_obtained":["Zap","Seek","Reprogram"]}],"is_beta":false,"boss_relics":[{"not_picked":["hubris:RunicObelisk","Cursed Key"],"picked":"Replay:Ancient Bell"},{"not_picked":["hubris:SlimyHat","Pen Nib"],"picked":"Pet Ghost"},{"not_picked":["Quantum Egg","StrikeDummy"],"picked":"HornCleat"},{"not_picked":["hubris:AstralHammer","WingedGreaves"],"picked":"Turnip"}],"items_purged_floors":[],"is_endless":false,"potions_floor_spawned":[8,10,11,14,16,19],"killed_by":"Slavers","ascension_level":3}}