{"host":"0mf7robgulk01ko7","time":1608997659,"event":{"mods":["AchievementEnabler","BaseMod","Colored Map","DeckTracker","Minty Spire (QoL Compilation)","Quick Restart","Rare Cards Sparkle","Relic Stats","SuperFastMode"],"gold_per_floor":[13,13,13,32,32,32,57,101,150,150,173,173,173],"floor_reached":12,"playtime":267,"items_purged":[],"score":156,"play_id":"0592b332-279c-4761-b568-228d4901dc93","local_time":"20201227004739","is_ascension_mode":true,"campfire_choices":[{"data":"Turbo","floor":6.0,"key":"SMITH"},{"data":"Reprogram","floor":10.0,"key":"SMITH"}],"circlet_count":0,"master_deck":["AscendersBane","Strike_B","Strike_B","Strike_B","Strike_B","Defend_B","Defend_B","Defend_B","Defend_B","Zap","Dualcast","Meteor Strike","Reprogram+1","Turbo+1","Undo","Gash","Rip and Tear"],"relics":["Cracked Core","Golden Idol","Regal Pillow","Centennial Puzzle"],"acts_visited":["Exordium"],"potions_floor_usage":[12],"damage_taken":[{"damage":14.0,"enemies":"Jaw Worm","floor":1.0,"turns":4.0},{"damage":4.0,"enemies":"Small Slimes","floor":4.0,"turns":4.0},{"damage":10.0,"enemies":"2 Louse","floor":7.0,"turns":4.0},{"damage":33.0,"enemies":"Gremlin Nob","floor":8.0,"turns":4.0},{"damage":7.0,"enemies":"Red Slaver","floor":11.0,"turns":4.0},{"damage":20,"enemies":"3 Sentries","floor":12,"turns":5}],"seed_played":"-3811086069191594167","potions_obtained":[{"floor":7.0,"key":"SteroidPotion"},{"floor":8.0,"key":"Strength Potion"}],"is_trial":false,"path_per_floor":["M","?","?","M","?","R","M","E","T","R","M","E"],"character_chosen":"DEFECT","items_purchased":[],"campfire_rested":0,"item_purchase_floors":[],"current_hp_per_floor":[50,50,50,46,64,64,54,21,21,21,14,0,0],"gold":173,"neow_bonus":"THREE_RARE_CARDS","is_daily":false,"chose_seed":false,"campfire_upgraded":2,"win_rate":0.0,"timestamp":1608997659,"path_taken":["M","?","?","M","?","R","M","E","T","R","?","E"],"items_purchased_type":[],"build_version":"2020-12-22","purchased_purges":0,"victory":false,"max_hp_per_floor":[71,64,64,64,64,64,64,64,64,64,64,64,64],"relic_stats":{"Regal Pillow":0,"Centennial Puzzle":[6],"counters":[6,25],"Golden Idol":23,"obtain_stats":[{"Regal Pillow":8,"Centennial Puzzle":9,"Golden Idol":2,"Cracked Core":0},{"Regal Pillow":4,"Centennial Puzzle":4,"Golden Idol":1,"Cracked Core":0},{"Regal Pillow":16,"Centennial Puzzle":16,"Golden Idol":4,"Cracked Core":0}]},"card_choices":[{"not_picked":["Reboot","All For One"],"picked":"Meteor Strike","floor":0.0},{"not_picked":["Streamline","Ball Lightning"],"picked":"Reprogram","floor":1.0},{"not_picked":["Coolheaded","Redo"],"picked":"Turbo","floor":4.0},{"not_picked":["Self Repair","Redo"],"picked":"Undo","floor":7.0},{"not_picked":["Tempest","Chaos"],"picked":"Gash","floor":8.0},{"not_picked":["Storm","Steam Power"],"picked":"Rip and Tear","floor":11.0}],"player_experience":410439,"relics_obtained":[{"floor":8.0,"key":"Regal Pillow"},{"floor":9.0,"key":"Centennial Puzzle"}],"event_choices":[{"damage_healed":0.0,"max_hp_gain":0.0,"max_hp_loss":7.0,"gold_gain":0.0,"event_name":"Golden Idol","player_choice":"Lose Max HP","floor":2.0,"gold_loss":0.0,"damage_taken":0.0,"relics_obtained":["Golden Idol"]},{"damage_healed":0.0,"max_hp_gain":0.0,"max_hp_loss":0.0,"gold_gain":0.0,"event_name":"Liars Game","player_choice":"Ignored","floor":3.0,"gold_loss":0.0,"damage_taken":0.0},{"damage_healed":18.0,"max_hp_gain":0.0,"max_hp_loss":0.0,"gold_gain":0.0,"event_name":"Wheel of Change","player_choice":"Full Heal","floor":5.0,"gold_loss":0.0,"damage_taken":0.0}],"is_beta":false,"boss_relics":[],"items_purged_floors":[],"is_endless":false,"potions_floor_spawned":[7,8],"killed_by":"3 Sentries","ascension_level":20}}