{"host":"j5gdvqtwmxqn6tw6","time":1608996716,"event":{"mods":["BaseMod","Colored Map","Colored Powertips","Downfall","Hermit","Marisa????????","Minty Spire (QoL Compilation)","Replay The Spire","StSLib","SuperFastMode","The Servant 0.9.4"],"gold_per_floor":[119,25,25,41,41,75,75,113,191,210,310,310,335,360,360,485,585,616,470,504,504,558,576,576],"floor_reached":23,"playtime":813,"items_purged":[],"score":226,"play_id":"495a0a19-d9d2-44c1-be11-2fe3d5e96656","local_time":"20201226163156","is_ascension_mode":false,"campfire_choices":[{"data":"hermit:Feint","floor":7,"key":"SMITH"},{"data":"hermit:Combo","floor":12,"key":"SMITH"},{"data":"hermit:Quickdraw","floor":15,"key":"SMITH"}],"circlet_count":0,"master_deck":["hermit:Strike_Hermit","hermit:Strike_Hermit","hermit:Strike_Hermit","hermit:Strike_Hermit","hermit:Defend_Hermit","hermit:Defend_Hermit","hermit:Defend_Hermit","hermit:Defend_Hermit","hermit:Snapshot","hermit:Covet","hermit:Feint+1","hermit:BigShot","hermit:Headshot","hermit:Ricochet","hermit:HighCaliber","hermit:Combo+1","hermit:FlashPowder","hermit:Quickdraw+1","hermit:DeadOrAlive","hermit:Showdown","hermit:Quickdraw+1","hermit:Brawl","hermit:TrackingShot+1","hermit:HoleUp"],"relics":["hermit:ClaspedLocket","NeowsBlessing","Golden Idol","MealTicket","Anchor","Chameleon Ring","Replay:Grab Bag","Painkiller Herb","Replay:Wanted Poster","Black Star","DollysMirror","Red Mask"],"acts_visited":["Exordium","TheCity"],"potions_floor_usage":[8,14,16],"damage_taken":[{"damage":0,"enemies":"2 Louse","floor":1,"turns":1},{"damage":0,"enemies":"Small Slimes","floor":4,"turns":1},{"damage":0,"enemies":"3 Sentries","floor":6,"turns":2},{"damage":8,"enemies":"Gremlin Nob","floor":8,"turns":3},{"damage":0,"enemies":"Cultist","floor":10,"turns":2},{"damage":0,"enemies":"Blue Slaver","floor":13,"turns":3},{"damage":10,"enemies":"Lots of Slimes","floor":14,"turns":7},{"damage":28,"enemies":"Slime Boss","floor":16,"turns":8},{"damage":5,"enemies":"Shell Parasite","floor":18,"turns":6},{"damage":0,"enemies":"Chosen","floor":20,"turns":3},{"damage":54,"enemies":"Masked Bandits","floor":22,"turns":6},{"damage":13,"enemies":"Centurion and Healer","floor":23,"turns":7}],"seed_played":"-5795483482825047265","potions_obtained":[{"floor":4,"key":"hermit:Eclipse"},{"floor":6,"key":"FearPotion"},{"floor":8,"key":"hermit:Tonic"},{"floor":13,"key":"Energy Potion"},{"floor":22,"key":"ColorlessPotion"}],"is_trial":false,"path_per_floor":["M","$","?","M","$","E","R","E","T","M","?","R","M","M","R","B",null,"?","T","?","T","?","?"],"character_chosen":"HERMIT","items_purchased":["hermit:BigShot","hermit:Headshot","DollysMirror"],"campfire_rested":0,"item_purchase_floors":[2,2,19],"current_hp_per_floor":[75,75,57,57,57,57,57,49,49,49,49,49,49,39,39,11,75,70,75,75,75,21,8,8],"gold":576,"neow_bonus":"THREE_ENEMY_KILL","is_daily":false,"chose_seed":false,"campfire_upgraded":3,"win_rate":0.0,"timestamp":1608996716,"path_taken":["M","$","?","M","$","E","R","E","T","M","?","R","M","M","R","BOSS","?","T","?","T","?","?"],"items_purchased_type":["Card","Card","Relic"],"build_version":"2020-12-22","purchased_purges":0,"victory":false,"max_hp_per_floor":[75,75,75,75,75,75,75,75,75,75,75,75,75,75,75,75,75,75,75,75,75,75,75,75],"card_choices":[{"not_picked":["hermit:Coalescence","hermit:Roulette"],"picked":"hermit:Feint","floor":1},{"not_picked":["hermit:Maintenance","hermit:Manifest"],"picked":"hermit:Ricochet","floor":4},{"not_picked":["hermit:Roughhouse","hermit:TakeCover"],"picked":"hermit:HighCaliber","floor":6},{"not_picked":["hermit:Cheat","hermit:Quickdraw"],"picked":"hermit:Combo","floor":8},{"not_picked":["hermit:Determination","hermit:Gestalt","hermit:Combo"],"picked":"SKIP","floor":10},{"not_picked":["hermit:Malice","hermit:SprayPray"],"picked":"hermit:FlashPowder","floor":13},{"not_picked":["hermit:Glare","hermit:Manifest"],"picked":"hermit:Quickdraw","floor":14},{"not_picked":["hermit:Reprieve","hermit:Purgatory"],"picked":"hermit:DeadOrAlive","floor":16},{"not_picked":["hermit:Headshot","hermit:Deadeye"],"picked":"hermit:Showdown","floor":18},{"not_picked":["hermit:Midnight","hermit:Determination"],"picked":"hermit:Brawl","floor":20},{"not_picked":["hermit:Showdown","hermit:Maintenance"],"picked":"hermit:TrackingShot+1","floor":22},{"not_picked":["hermit:EyeOfTheStorm","hermit:Spite"],"picked":"hermit:HoleUp","floor":23}],"player_experience":76310,"relics_obtained":[{"floor":6,"key":"MealTicket"},{"floor":8,"key":"Anchor"},{"floor":9,"key":"Chameleon Ring"},{"floor":22,"key":"Red Mask"}],"event_choices":[{"damage_healed":0,"gold_gain":0,"player_choice":"Take Damage","damage_taken":18,"relics_obtained":["Golden Idol"],"max_hp_gain":0,"max_hp_loss":0,"event_name":"Golden Idol","floor":3,"gold_loss":0},{"damage_healed":0,"gold_gain":100,"player_choice":"Pray","damage_taken":0,"max_hp_gain":0,"max_hp_loss":0,"event_name":"Golden Shrine","floor":11,"gold_loss":0},{"damage_healed":0,"gold_gain":0,"player_choice":"Fought Bandits","damage_taken":0,"max_hp_gain":0,"max_hp_loss":0,"event_name":"Masked Bandits","floor":22,"gold_loss":0}],"is_beta":false,"boss_relics":[{"not_picked":["hermit:DentedPlate","Replay:Drink Me"],"picked":"Replay:Grab Bag"},{"not_picked":["ChewingGum","Busted Crown"],"picked":"Painkiller Herb"},{"not_picked":["Coffee Dripper","Cursed Key"],"picked":"Replay:Wanted Poster"},{"not_picked":["Snecko Eye","Kintsugi"],"picked":"Black Star"},{"not_picked":["Ring of Chaos","Calling Bell"],"picked":"hermit:ClaspedLocket"}],"items_purged_floors":[],"is_endless":false,"potions_floor_spawned":[4,6,8,13,22],"killed_by":"Centurion and Healer","ascension_level":0}}