{"host":"cv77zuuuekizn3ic","time":1608984277,"event":{"mods":["AchievementEnabler","BaseMod","HornydragonMod","Marisa£®ÏF”Í°°ƒß¿Ì…≥£©","Minty Spire (QoL Compilation)","StSLib","Waifu the Spire","everything is the same but u backflip on backflip","slay the spire mod where everything is the same but ironclad has a cowboy hat"],"gold_per_floor":[368,368,122,122,22,22,48,48,48,48,123,136,163,163,163,259,259,271,95,95,95,194,221,221,255,255,255,60,60,80,96,96,199,199,214,214,214],"floor_reached":36,"playtime":1802,"items_purged":["Strike_MRS","Strike_MRS","GravityBeat+1","MasterSpark+1"],"score":703,"play_id":"effcc6a7-70ce-4d7a-bcbd-4bcfddbc1942","local_time":"20201226200437","is_ascension_mode":true,"campfire_choices":[{"data":"BinaryStars","floor":6.0,"key":"SMITH"},{"data":"IllusionStar","floor":10.0,"key":"SMITH"},{"data":"ShootingEcho","floor":15.0,"key":"SMITH"},{"data":"EscapeVelocity","floor":24.0,"key":"SMITH"},{"data":"Acceleration","floor":27.0,"key":"SMITH"},{"data":"Ghostly","floor":29.0,"key":"SMITH"},{"floor":32.0,"key":"RECALL"}],"circlet_count":0,"master_deck":["Defend_MRS","ShootingEcho+1","WitchLeyline","BinaryStars+1","IllusionStar+1","StarlightTyphoon+1","EscapeVelocity+1","StarDustReverie+1","EscapeVelocity+1","SuperPerseids+1","Acceleration+1","Ghostly","Ghostly","Ghostly","Ghostly+1","Ghostly","IllusionStar+1","Acceleration+1","MaximisePower+1"],"relics":["MiniHakkero","Ornamental Fan","Mercury Hourglass","Astrolabe","Toxic Egg 2","Nunchaku","Pen Nib","PreservedInsect","Empty Cage"],"acts_visited":["Exordium","TheCity","TheBeyond"],"potions_floor_usage":[],"damage_taken":[{"damage":1.0,"enemies":"2 Louse","floor":1.0,"turns":2.0},{"damage":19.0,"enemies":"3 Sentries","floor":7.0,"turns":6.0},{"damage":0.0,"enemies":"Small Slimes","floor":12.0,"turns":2.0},{"damage":0.0,"enemies":"Gremlin Nob","floor":13.0,"turns":3.0},{"damage":0.0,"enemies":"Hexaghost","floor":16.0,"turns":6.0},{"damage":13.0,"enemies":"Shell Parasite","floor":18.0,"turns":3.0},{"damage":4.0,"enemies":"Slavers","floor":23.0,"turns":3.0},{"damage":4.0,"enemies":"Gremlin Leader","floor":25.0,"turns":4.0},{"damage":0.0,"enemies":"2 Thieves","floor":30.0,"turns":3.0},{"damage":2.0,"enemies":"Centurion and Healer","floor":31.0,"turns":3.0},{"damage":11.0,"enemies":"Automaton","floor":33.0,"turns":6.0},{"damage":0.0,"enemies":"Orb Walker","floor":35.0,"turns":2.0},{"damage":29,"enemies":"Orin","floor":36,"turns":4}],"seed_played":"-281331389076918803","potions_obtained":[{"floor":13.0,"key":"BottledSpark"},{"floor":16.0,"key":"Swift Potion"},{"floor":25.0,"key":"CultistPotion"}],"is_trial":false,"path_per_floor":["M","?","$","?","$","R","E","$","T","R","?","M","E","?","R","B",null,"M","$","?","?","?","E","R","E","T","R","$","R","M","M","R","B",null,"M","?"],"character_chosen":"MARISA","items_purchased":["WitchLeyline","BinaryStars","Acceleration","Acceleration+1"],"campfire_rested":0,"item_purchase_floors":[3,3,19,28],"current_hp_per_floor":[67,67,67,53,53,53,34,34,34,34,23,23,23,23,23,23,57,44,44,34,34,34,30,30,26,26,26,26,26,26,24,24,13,29,29,0,0],"gold":214,"neow_bonus":"TWO_FIFTY_GOLD","is_daily":false,"chose_seed":false,"campfire_upgraded":6,"win_rate":0.0,"timestamp":1608984277,"path_taken":["M","?","$","?","$","R","E","?","T","R","?","?","E","?","R","BOSS","M","$","?","?","?","E","R","E","T","R","$","R","?","M","R","BOSS","M","?"],"items_purchased_type":["Card","Card","Card","Card"],"build_version":"2020-12-22","purchased_purges":4,"victory":false,"max_hp_per_floor":[68,68,68,68,68,68,68,68,68,68,68,68,68,68,68,68,68,68,68,34,34,34,34,34,34,34,34,34,34,34,34,34,34,34,34,34,34],"card_choices":[{"not_picked":["WitchOfGreed","DC"],"picked":"ShootingEcho","floor":1.0},{"not_picked":["FinalSpark","ShootTheMoon"],"picked":"IllusionStar","floor":7.0},{"not_picked":["PropBag","DC","PowerUp"],"picked":"SKIP","floor":12.0},{"not_picked":["BlazeAway","FairyDestructionRay"],"picked":"StarlightTyphoon","floor":13.0},{"not_picked":["TreasureHunter","MillisecondPulsars"],"picked":"EscapeVelocity","floor":16.0},{"not_picked":["SporeBomb+1","NonDirectionalLaser+1","LuminesStrike"],"picked":"SKIP","floor":18.0},{"not_picked":["AbsoluteMagnitude","PropBag+1","AlicesGift"],"picked":"SKIP","floor":23.0},{"not_picked":["AlicesGift","AsteroidBelt+1"],"picked":"IllusionStar+1","floor":25.0},{"not_picked":["PowerUp+1","MysteriousBeam","DoubleSpark"],"picked":"SKIP","floor":30.0},{"not_picked":["NonDirectionalLaser","LuminesStrike","DC"],"picked":"SKIP","floor":31.0},{"not_picked":["EscapeVelocity","ManaRampage+1"],"picked":"MaximisePower+1","floor":33.0},{"not_picked":["ChargeUpSpray+1","Acceleration+1","LuminesStrike+1"],"picked":"SKIP","floor":35.0}],"player_experience":692536,"relics_obtained":[{"floor":7.0,"key":"Ornamental Fan"},{"floor":13.0,"key":"Mercury Hourglass"},{"floor":23.0,"key":"Nunchaku"},{"floor":25.0,"key":"Pen Nib"},{"floor":26.0,"key":"PreservedInsect"}],"event_choices":[{"damage_healed":0.0,"max_hp_gain":0.0,"max_hp_loss":0.0,"gold_gain":0.0,"cards_transformed":["Strike_MRS"],"event_name":"Living Wall","player_choice":"Change","floor":2.0,"gold_loss":0.0,"damage_taken":0.0,"cards_obtained":["GravityBeat"]},{"damage_healed":0.0,"max_hp_gain":0.0,"max_hp_loss":0.0,"gold_gain":0.0,"event_name":"Shining Light","player_choice":"Entered Light","floor":4.0,"gold_loss":0.0,"damage_taken":14.0,"cards_upgraded":["MasterSpark","GravityBeat"]},{"damage_healed":0.0,"max_hp_gain":0.0,"max_hp_loss":0.0,"gold_gain":75.0,"event_name":"World of Goop","player_choice":"Gather Gold","floor":11.0,"gold_loss":0.0,"damage_taken":11.0},{"damage_healed":0.0,"max_hp_gain":0.0,"max_hp_loss":0.0,"gold_gain":0.0,"event_name":"Upgrade Shrine","player_choice":"Upgraded","floor":14.0,"gold_loss":0.0,"damage_taken":0.0,"cards_upgraded":["StarlightTyphoon"]},{"damage_healed":0.0,"max_hp_gain":0.0,"max_hp_loss":34.0,"gold_gain":0.0,"event_name":"Ghosts","player_choice":"Became a Ghost","floor":20.0,"gold_loss":0.0,"damage_taken":0.0,"cards_obtained":["Ghostly","Ghostly","Ghostly","Ghostly","Ghostly"]},{"damage_healed":0.0,"max_hp_gain":0.0,"max_hp_loss":0.0,"gold_gain":0.0,"event_name":"The Mausoleum","player_choice":"Opened","floor":21.0,"gold_loss":0.0,"damage_taken":0.0,"relics_obtained":["Toxic Egg 2"]},{"damage_healed":0.0,"max_hp_gain":0.0,"max_hp_loss":0.0,"gold_gain":99.0,"event_name":"Nest","player_choice":"Stole From Cult","floor":22.0,"gold_loss":0.0,"damage_taken":0.0},{"damage_healed":0,"gold_gain":0,"player_choice":"Fight","damage_taken":0,"max_hp_gain":0,"max_hp_loss":0,"event_name":"OrinTheCat","floor":36,"gold_loss":0}],"is_beta":false,"boss_relics":[{"not_picked":["BewitchedHakkero","Ectoplasm"],"picked":"Astrolabe"},{"not_picked":["Runic Dome","Black Star"],"picked":"Empty Cage"}],"items_purged_floors":[3,5,19,28],"is_endless":false,"potions_floor_spawned":[13,16,25,33],"killed_by":"Orin","ascension_level":7}}