{"host":"cwd5s03r1oaxs6mx","time":1608998870,"event":{"mods":["Act Like it!","BaseMod","Better Third Choice","BetterRewards","CapriCore","Card Filter","Colored Map","Custom Start","DeckTracker","Friendly Minions","Hubris","Infinite Spire","Minty Spire (QoL Compilation)","Quick Restart","Relic Stats","Shop Mod","Spicy Shops","StSLib","SuperFastMode","The Gatherer"],"gold_per_floor":[116,128,43,53,53,63,63,113,138,138,148,109,109,120,120,192,192,205,25,25,37,54,54,54],"floor_reached":23,"playtime":605,"items_purged":["Strike_G","Strike_G","Strike_G","Defend_G"],"score":566,"play_id":"f4df7a55-06a2-40aa-b5c0-e4e672e48375","local_time":"20201227010750","is_ascension_mode":true,"campfire_choices":[{"data":"Tactician","floor":7,"key":"SMITH"},{"data":"A Thousand Cuts","floor":10,"key":"SMITH"},{"data":"A Thousand Cuts","floor":13,"key":"SMITH"},{"data":"Panache","floor":15,"key":"SMITH"}],"circlet_count":0,"master_deck":["AscendersBane","Survivor","Neutralize","Flash of Steel","Panache+1","Tactician+1","Heel Hook","Blur","Good Instincts","Finesse","A Thousand Cuts+1","Sucker Punch","Finesse","Slice","Blur","Prepared","Footwork","Acrobatics","A Thousand Cuts+1","Blur","After Image","Bane","PiercingWail","Expertise","Masterful Stab","Escape Plan","Underhanded Strike","Heel Hook","Footwork","Leg Sweep"],"relics":["Ring of the Snake","Tough Bandages","Calipers","Oddly Smooth Stone","infinitespire:WardingShard","DollysMirror","hubris:Potato","Pandora\u0027s Box","Membership Card"],"acts_visited":["Exordium","TheCity"],"potions_floor_usage":[20],"damage_taken":[{"damage":0,"enemies":"Cultist","floor":1,"turns":4},{"damage":0,"enemies":"Small Slimes","floor":2,"turns":3},{"damage":0,"enemies":"Jaw Worm","floor":4,"turns":4},{"damage":0,"enemies":"Looter","floor":6,"turns":4},{"damage":0,"enemies":"Lots of Slimes","floor":11,"turns":2},{"damage":0,"enemies":"2 Fungi Beasts","floor":14,"turns":1},{"damage":15,"enemies":"Slime Boss","floor":16,"turns":7},{"damage":0,"enemies":"Spheric Guardian","floor":18,"turns":4},{"damage":9,"enemies":"2 Thieves","floor":21,"turns":3},{"damage":17,"enemies":"Shelled Parasite and Fungi","floor":22,"turns":3},{"damage":41,"enemies":"Nightmare","floor":23,"turns":4}],"seed_played":"6838932256302111419","potions_obtained":[{"floor":1,"key":"Strength Potion"},{"floor":4,"key":"PowerPotion"},{"floor":20,"key":"Fruit Juice"},{"floor":20,"key":"CultistPotion"}],"is_trial":false,"path_per_floor":["M","M","$","M","$","M","R","?","T","R","M","$","R","M","R","B",null,"M","$","?","M","M","NM"],"character_chosen":"THE_SILENT","items_purchased":["Flash of Steel","Panache","Tactician","Heel Hook","Blur","Tough Bandages","Calipers","Good Instincts","Finesse","Oddly Smooth Stone","A Thousand Cuts","infinitespire:WardingShard","Sucker Punch","DollysMirror","hubris:Potato","Slice","Footwork","Blur","Membership Card","Heel Hook"],"campfire_rested":0,"item_purchase_floors":[0,0,0,0,0,0,0,0,0,0,0,0,0,0,0,0,3,12,19,19],"current_hp_per_floor":[59,59,59,59,59,59,59,59,59,59,59,59,59,59,59,44,61,61,61,66,57,40,0,0],"gold":54,"neow_bonus":"","is_daily":false,"chose_seed":false,"campfire_upgraded":4,"win_rate":0.0,"timestamp":1608998870,"path_taken":["M","M","$","M","?","M","R","?","T","R","M","$","R","M","R","BOSS","M","$","?","M","M","NM"],"items_purchased_type":["Card","Card","Card","Card","Card","Relic","Relic","Card","Card","Relic","Card","Relic","Card","Relic","Relic","Card","Card","Card","Relic","Card"],"build_version":"2020-12-22","purchased_purges":4,"victory":false,"max_hp_per_floor":[66,66,66,66,66,66,66,66,66,66,66,66,66,66,66,66,66,66,66,71,71,71,71,71],"relic_stats":{"Tough Bandages":[51],"counters":[146,608],"Pandora\u0027s Box":["Bane","PiercingWail","Expertise","Masterful Stab","Escape Plan","Underhanded Strike"],"obtain_stats":[{"Ice Cream":12,"TwistedFunnel":0,"Calipers":55,"Whetstone":9,"hubris:MysteriousPyramids":0,"Boot":43,"Sozu":17,"Blood Vial":19,"Centennial Puzzle":8,"infinitespire:ShieldingShard":40,"DollysMirror":19,"Sundial":0,"Strawberry":12,"MealTicket":23,"Kunai":9,"hubris:TinFlute":6,"MerchantsRug":54,"Happy Flower":27,"Oddly Smooth Stone":0,"Tingsha":20,"Eternal Feather":6,"Pen Nib":54,"War Paint":9,"Question Card":8,"hubris:Zylophone":54,"infinitespire:Lychee Nut":41,"Shuriken":0,"hubris:PeanutButter":55,"Pandora\u0027s Box":17,"Black Star":17,"Ring of the Serpent":17,"Unceasing Top":47,"infinitespire:Cupcake":17,"Regal Pillow":6,"Snake Skull":0,"Bag of Preparation":47,"hubris:SlimyHat":39,"hubris:EmptyBottle":39,"Ancient Tea Set":43,"Smiling Mask":48,"Empty Cage":34,"Nunchaku":3,"Tough Bandages":0,"Matryoshka":40,"hubris:Icosahedron":19,"WristBlade":34,"Mummified Hand":9,"Ninja Scroll":0,"Pantograph":54,"Tiny Chest":9,"InkBottle":47,"Ring of the Snake":0,"Runic Pyramid":17,"Potion Belt":6,"hubris:KleinBottle":48,"hubris:DisguiseKit":7,"NeowsBlessing":0,"The Specimen":0,"Golden Idol":5,"infinitespire:FocusingShard":43,"PreservedInsect":0,"Omamori":22,"infinitespire:CheckeredPen":26,"infinitespire:Lucky Rock":7,"hubris:Towel":4,"Orichalcum":47,"MawBank":7,"Medical Kit":0,"Peace Pipe":0,"Anchor":47,"infinitespire:WardingShard":25,"Ornamental Fan":29,"infinitespire:Satchel":5,"Art of War":42,"Bag of Marbles":29,"Membership Card":0,"Bottled Lightning":26,"TungstenRod":12,"hubris:OldNail":11,"Toy Ornithopter":54,"hubris:Potato":0,"infinitespire:Midas Blood":12,"hubris:BottledRain":40},{"Ice Cream":31,"TwistedFunnel":108,"Calipers":134,"Whetstone":82,"hubris:MysteriousPyramids":78,"Boot":129,"Sozu":115,"Blood Vial":116,"Centennial Puzzle":29,"infinitespire:ShieldingShard":128,"DollysMirror":35,"Sundial":108,"Strawberry":84,"MealTicket":38,"Kunai":29,"hubris:TinFlute":2,"MerchantsRug":106,"Happy Flower":92,"Oddly Smooth Stone":8,"Tingsha":61,"Eternal Feather":81,"Pen Nib":50,"War Paint":25,"Question Card":3,"hubris:Zylophone":133,"infinitespire:Lychee Nut":73,"Shuriken":108,"hubris:PeanutButter":51,"Pandora\u0027s Box":142,"Black Star":7,"Ring of the Serpent":34,"Unceasing Top":103,"infinitespire:Cupcake":87,"Regal Pillow":55,"Snake Skull":20,"Bag of Preparation":47,"hubris:SlimyHat":98,"hubris:EmptyBottle":98,"Ancient Tea Set":46,"Smiling Mask":48,"Empty Cage":68,"Nunchaku":1,"Tough Bandages":52,"Matryoshka":45,"hubris:Icosahedron":61,"WristBlade":41,"Mummified Hand":3,"Ninja Scroll":26,"Pantograph":106,"Tiny Chest":13,"InkBottle":131,"Ring of the Snake":0,"Runic Pyramid":60,"Potion Belt":28,"hubris:KleinBottle":76,"hubris:DisguiseKit":19,"NeowsBlessing":0,"The Specimen":108,"Golden Idol":18,"infinitespire:FocusingShard":73,"PreservedInsect":78,"Omamori":90,"infinitespire:CheckeredPen":39,"infinitespire:Lucky Rock":112,"hubris:Towel":18,"Orichalcum":76,"MawBank":24,"Medical Kit":26,"Peace Pipe":8,"Anchor":47,"infinitespire:WardingShard":39,"Ornamental Fan":65,"infinitespire:Satchel":80,"Art of War":46,"Bag of Marbles":120,"Membership Card":78,"Bottled Lightning":118,"TungstenRod":58,"hubris:OldNail":84,"Toy Ornithopter":133,"hubris:Potato":135,"infinitespire:Midas Blood":5,"hubris:BottledRain":99},{"Ice Cream":109,"TwistedFunnel":488,"Calipers":563,"Whetstone":331,"hubris:MysteriousPyramids":313,"Boot":544,"Sozu":504,"Blood Vial":506,"Centennial Puzzle":106,"infinitespire:ShieldingShard":540,"DollysMirror":117,"Sundial":488,"Strawberry":339,"MealTicket":123,"Kunai":106,"hubris:TinFlute":2,"MerchantsRug":472,"Happy Flower":372,"Oddly Smooth Stone":32,"Tingsha":229,"Eternal Feather":323,"Pen Nib":148,"War Paint":98,"Question Card":3,"hubris:Zylophone":560,"infinitespire:Lychee Nut":292,"Shuriken":488,"hubris:PeanutButter":150,"Pandora\u0027s Box":594,"Black Star":25,"Ring of the Serpent":115,"Unceasing Top":447,"infinitespire:Cupcake":349,"Regal Pillow":195,"Snake Skull":78,"Bag of Preparation":141,"hubris:SlimyHat":422,"hubris:EmptyBottle":422,"Ancient Tea Set":139,"Smiling Mask":142,"Empty Cage":272,"Nunchaku":1,"Tough Bandages":155,"Matryoshka":137,"hubris:Icosahedron":229,"WristBlade":130,"Mummified Hand":3,"Ninja Scroll":100,"Pantograph":472,"Tiny Chest":52,"InkBottle":551,"Ring of the Snake":0,"Runic Pyramid":225,"Potion Belt":103,"hubris:KleinBottle":305,"hubris:DisguiseKit":76,"NeowsBlessing":0,"The Specimen":488,"Golden Idol":70,"infinitespire:FocusingShard":292,"PreservedInsect":313,"Omamori":358,"infinitespire:CheckeredPen":125,"infinitespire:Lucky Rock":497,"hubris:Towel":70,"Orichalcum":305,"MawBank":96,"Medical Kit":100,"Peace Pipe":32,"Anchor":141,"infinitespire:WardingShard":125,"Ornamental Fan":249,"infinitespire:Satchel":320,"Art of War":139,"Bag of Marbles":519,"Membership Card":313,"Bottled Lightning":511,"TungstenRod":212,"hubris:OldNail":339,"Toy Ornithopter":560,"hubris:Potato":569,"infinitespire:Midas Blood":9,"hubris:BottledRain":429}],"Ring of the Snake":[190]},"card_choices":[{"not_picked":["Underhanded Strike","Outmaneuver"],"picked":"Blur","floor":1},{"not_picked":["Flying Knee","Accuracy"],"picked":"Prepared","floor":2},{"not_picked":["Dash","Terror","Riddle With Holes"],"picked":"SKIP","floor":4},{"not_picked":["Poisoned Stab","Riddle With Holes"],"picked":"Acrobatics","floor":6},{"not_picked":["Dodge and Roll","PiercingWail"],"picked":"A Thousand Cuts","floor":11},{"not_picked":["Skewer","Dagger Spray","Deflect"],"picked":"SKIP","floor":14},{"not_picked":["Wraith Form v2","Bullet Time"],"picked":"After Image","floor":16},{"not_picked":["Blade Dance","Caltrops","PiercingWail"],"picked":"SKIP","floor":18},{"not_picked":["Dodge and Roll","Choke+1"],"picked":"Footwork","floor":21},{"not_picked":["Infinite Blades","Sucker Punch"],"picked":"Leg Sweep","floor":22}],"player_experience":961953,"relics_obtained":[],"event_choices":[{"damage_healed":0,"gold_gain":50,"player_choice":"Pray","damage_taken":0,"max_hp_gain":0,"max_hp_loss":0,"event_name":"Golden Shrine","floor":8,"gold_loss":0},{"damage_healed":0,"gold_gain":0,"player_choice":"Got Potions","damage_taken":0,"max_hp_gain":0,"max_hp_loss":0,"event_name":"Lab","floor":20,"gold_loss":0}],"is_beta":false,"boss_relics":[{"not_picked":["hubris:HollowSoul","Cursed Key"],"picked":"Pandora\u0027s Box"}],"items_purged_floors":[0,0,0,0],"is_endless":false,"potions_floor_spawned":[1,4,16,18,21,22],"killed_by":"Nightmare","ascension_level":20}}