{"host":"9d83omykrosjn1d3","time":1608958495,"event":{"mods":["AchievementEnabler","BaseMod","BetterRewards","Card Forge","Downfall","Hubris","MarisaÅiñ∂âJÅ@ñÇóùçπÅj","Minty Spire (QoL Compilation)","Permanent Neow","Shop Mod","StSLib","SuperFastMode","The Administrix","The Construct","The Servant 0.9.4"],"gold_per_floor":[111,111,129,147,147,181,214,241,264,298,337,377,411,447,456,558,558,477,84,84,98,98,139,139,139,139],"floor_reached":25,"playtime":1491,"items_purged":[],"score":333,"play_id":"c31f7d4a-f4fb-4810-94fd-d13e4b221235","local_time":"20201226135455","daily_mods":["SealedDeck","Heirloom","Flight","downfall:Lament","DeadlyEvents","Elite Swarm"],"is_ascension_mode":false,"campfire_choices":[{"data":"Echo Form","floor":15,"key":"SMITH"},{"data":"DevaForm","floor":24,"key":"SMITH"}],"circlet_count":0,"master_deck":["Blizzard","Genetic Algorithm","Capacitor","AdministrixMod:TouchOfCinnabar","Glacier","Capacitor","Buffer","Echo Form+1","Creative AI","Biased Cognition","Biased Cognition","hubris:DoWhile","Recycle+1","Defragment","Defragment","DevaForm+1"],"relics":["Cracked Core","Hammer of Thor","Seething Fire","Anvil of the Gods","NeowsBlessing","hubris:64BitClover","Strawberry","Smiling Mask","Peace Pipe","CeramicFish","Torii","Kunai","Shovel","hubris:ToyBattleship","Black Star","hubris:DisguiseKit","MerchantsRug","Matryoshka","Anchor","The Courier"],"acts_visited":["Exordium","TheCity"],"potions_floor_usage":[],"damage_taken":[{"damage":0,"enemies":"2 Louse","floor":1,"turns":2},{"damage":0,"enemies":"Cultist","floor":3,"turns":1},{"damage":0,"enemies":"Jaw Worm","floor":4,"turns":1},{"damage":1,"enemies":"Gremlin Nob","floor":6,"turns":7},{"damage":7,"enemies":"3 Sentries","floor":7,"turns":8},{"damage":5,"enemies":"Gremlin Nob","floor":8,"turns":8},{"damage":17,"enemies":"3 Sentries","floor":10,"turns":6},{"damage":6,"enemies":"Gremlin Nob","floor":11,"turns":6},{"damage":0,"enemies":"Lagavulin","floor":12,"turns":9},{"damage":9,"enemies":"3 Sentries","floor":13,"turns":7},{"damage":0,"enemies":"Lagavulin","floor":14,"turns":9},{"damage":28,"enemies":"The Guardian","floor":16,"turns":14},{"damage":32,"enemies":"2 Thieves","floor":18,"turns":5},{"damage":2,"enemies":"Chosen","floor":21,"turns":10},{"damage":6,"enemies":"Book of Stabbing","floor":23,"turns":10},{"damage":46,"enemies":"Slavers","floor":25,"turns":3}],"seed_played":"4113085830363780795","potions_obtained":[{"floor":3,"key":"SneckoOil"},{"floor":4,"key":"BlessingOfTheForge"},{"floor":6,"key":"construct:ShiftPotion"},{"floor":10,"key":"hexamod:EctoCoolerPotion"},{"floor":23,"key":"Dexterity Potion"}],"is_trial":true,"path_per_floor":["M","?","M","M","?","E","E","E","T","E","E","E","E","E","R","B",null,"M","$","?","M","T","E","R","E"],"character_chosen":"DEFECT","items_purchased":["Defragment","hubris:DisguiseKit","MerchantsRug"],"campfire_rested":0,"item_purchase_floors":[19,19,19],"current_hp_per_floor":[75,75,75,75,75,81,74,69,69,52,46,46,37,37,37,9,82,50,50,50,48,48,42,42,0,0],"gold":139,"neow_bonus":"","is_daily":false,"chose_seed":false,"campfire_upgraded":2,"win_rate":0.0,"timestamp":1608958495,"path_taken":["M","?","?","?","?","E","E","E","T","E","E","E","E","E","R","BOSS","M","$","?","?","?","E","R","E"],"items_purchased_type":["Card","Relic","Relic"],"build_version":"2020-12-22","purchased_purges":0,"victory":false,"max_hp_per_floor":[75,75,75,75,75,82,82,82,82,82,82,82,82,82,82,82,82,82,82,82,82,82,82,82,82,82],"card_choices":[{"not_picked":["Hologram","Hello World","Go for the Eyes"],"picked":"SKIP","floor":1},{"not_picked":["Hello World","Turbo","Tempest"],"picked":"SKIP","floor":3},{"not_picked":["White Noise","Streamline","Skim"],"picked":"SKIP","floor":4},{"not_picked":["hubris:DoWhile","Core Surge"],"picked":"Buffer","floor":6},{"not_picked":["hubris:Prefetch","Amplify"],"picked":"Echo Form","floor":7},{"not_picked":["Buffer","Rainbow","Electrodynamics"],"picked":"SKIP","floor":8},{"not_picked":["hubris:Prefetch","Reboot"],"picked":"Creative AI","floor":10},{"not_picked":["Fission","hubris:SpecializedCircuitry"],"picked":"Biased Cognition","floor":11},{"not_picked":["Multi-Cast","Meteor Strike"],"picked":"Biased Cognition","floor":12},{"not_picked":["hubris:SpecializedCircuitry","Hyperbeam","Fission"],"picked":"SKIP","floor":13},{"not_picked":["Fission","hubris:Prefetch"],"picked":"hubris:DoWhile","floor":14},{"not_picked":["Rebound+1","Conserve Battery"],"picked":"Defragment","floor":18},{"not_picked":["Tempest","Leap+1","Sweeping Beam","Crescendo"],"picked":"SKIP","floor":21},{"not_picked":["Fission","hubris:Prefetch","Seek"],"picked":"DevaForm","floor":23}],"player_experience":775374,"relics_obtained":[{"floor":6,"key":"Strawberry"},{"floor":7,"key":"Smiling Mask"},{"floor":8,"key":"Peace Pipe"},{"floor":10,"key":"CeramicFish"},{"floor":11,"key":"Torii"},{"floor":12,"key":"Kunai"},{"floor":13,"key":"Shovel"},{"floor":14,"key":"hubris:ToyBattleship"},{"floor":22,"key":"Matryoshka"},{"floor":23,"key":"Anchor"},{"floor":23,"key":"The Courier"}],"event_choices":[{"cards_removed":["Capacitor"],"damage_healed":0,"gold_gain":0,"player_choice":"Offered Uncommon","damage_taken":0,"max_hp_gain":0,"max_hp_loss":0,"event_name":"Bonfire Elementals","floor":2,"gold_loss":0},{"damage_healed":0,"gold_gain":0,"player_choice":"Ignored","damage_taken":0,"max_hp_gain":0,"max_hp_loss":0,"event_name":"NoteForYourself","floor":5,"gold_loss":0},{"damage_healed":0,"gold_gain":0,"player_choice":"Ignored","damage_taken":0,"max_hp_gain":0,"max_hp_loss":0,"event_name":"Beggar","floor":20,"gold_loss":0}],"is_beta":false,"boss_relics":[{"not_picked":["Astrolabe","hubris:RunicObelisk"],"picked":"Black Star"}],"items_purged_floors":[],"is_endless":false,"potions_floor_spawned":[3,4,6,10,12,16,23],"killed_by":"Slavers","ascension_level":0}}