{"host":"sa7ebub27cgn5wai","time":1608984075,"event":{"mods":["BaseMod","Colored Map","Minty Spire (QoL Compilation)","SuperFastMode"],"gold_per_floor":[118,118,136,147,147,147,158,171,171,171,19,83,117,42,42,138,138,149,169,84,96,107,107,124,124,124,139,139,154,154,184,184,287,287,300,315,327,343,358,358,370,223,223,223,4,4,18,30,30,30,30],"floor_reached":50,"playtime":1080,"items_purged":["Strike_G"],"score":520,"play_id":"421905e3-4b37-4c4c-8f67-73d44fabe476","local_time":"20201226210115","is_ascension_mode":false,"campfire_choices":[{"data":"Dagger Spray","floor":6,"key":"SMITH"},{"data":"Blade Dance","floor":10,"key":"SMITH"},{"floor":15,"key":"REST"},{"data":"Accuracy","floor":23,"key":"SMITH"},{"data":"After Image","floor":25,"key":"SMITH"},{"data":"Blade Dance","floor":30,"key":"SMITH"},{"data":"Blade Dance","floor":32,"key":"SMITH"},{"data":"Bullet Time","floor":40,"key":"SMITH"},{"floor":49,"key":"REST"}],"circlet_count":0,"master_deck":["Survivor","Neutralize","Dash","Dagger Throw","Dagger Spray+1","Blade Dance+1","Quick Slash+1","Dodge and Roll","After Image+1","Accuracy+1","Choke+1","Quick Slash","Calculated Gamble","Skewer","Outmaneuver","Burst","Unload","PiercingWail","Blade Dance","Blade Dance+1","Blade Dance+1","Bullet Time+1","Backstab","Prepared+1","Footwork+1","Footwork","PiercingWail+1"],"relics":["Ring of the Snake","NeowsBlessing","Bottled Flame","Bag of Marbles","Bag of Preparation","Turnip","Pandora\u0027s Box","Ginger","Gremlin Horn","Whetstone","StrikeDummy","Sozu","Strawberry","Pocketwatch","Pen Nib"],"acts_visited":["Exordium","TheCity","TheBeyond"],"potions_floor_usage":[16,22],"damage_taken":[{"damage":0,"enemies":"Small Slimes","floor":1,"turns":1},{"damage":0,"enemies":"2 Louse","floor":3,"turns":1},{"damage":0,"enemies":"Jaw Worm","floor":4,"turns":1},{"damage":2,"enemies":"Looter","floor":7,"turns":4},{"damage":12,"enemies":"Exordium Thugs","floor":8,"turns":5},{"damage":11,"enemies":"Gremlin Nob","floor":12,"turns":4},{"damage":30,"enemies":"Lagavulin","floor":13,"turns":6},{"damage":40,"enemies":"The Guardian","floor":16,"turns":14},{"damage":0,"enemies":"Chosen","floor":18,"turns":3},{"damage":0,"enemies":"Spheric Guardian","floor":19,"turns":4},{"damage":0,"enemies":"Centurion and Healer","floor":21,"turns":4},{"damage":0,"enemies":"3 Cultists","floor":22,"turns":4},{"damage":14,"enemies":"Sentry and Sphere","floor":24,"turns":4},{"damage":16,"enemies":"Snake Plant","floor":27,"turns":5},{"damage":1,"enemies":"Chosen and Byrds","floor":29,"turns":3},{"damage":0,"enemies":"Gremlin Leader","floor":31,"turns":2},{"damage":24,"enemies":"Collector","floor":33,"turns":6},{"damage":0,"enemies":"Orb Walker","floor":35,"turns":2},{"damage":0,"enemies":"3 Darklings","floor":36,"turns":1},{"damage":6,"enemies":"4 Shapes","floor":37,"turns":1},{"damage":0,"enemies":"Jaw Worm Horde","floor":38,"turns":1},{"damage":5,"enemies":"Sphere and 2 Shapes","floor":39,"turns":3},{"damage":6,"enemies":"Maw","floor":41,"turns":5},{"damage":0,"enemies":"Spire Growth","floor":47,"turns":2},{"damage":0,"enemies":"Sphere and 2 Shapes","floor":48,"turns":2},{"damage":88,"enemies":"Time Eater","floor":50,"turns":7}],"seed_played":"6143438470729996565","potions_obtained":[{"floor":1,"key":"AttackPotion"},{"floor":3,"key":"Explosive Potion"},{"floor":12,"key":"SpeedPotion"},{"floor":18,"key":"SpeedPotion"},{"floor":22,"key":"Energy Potion"}],"is_trial":false,"path_per_floor":["M","?","M","M","?","R","M","M","T","R","$","?","E","$","R","B",null,"M","M","?","M","M","R","M","R","T","M","T","M","R","E","R","B",null,"M","M","M","M","M","R","M","$","T","?","$","?","M","M","R","B"],"character_chosen":"THE_SILENT","items_purchased":["Bag of Marbles","Strawberry","Pen Nib","Footwork"],"campfire_rested":2,"item_purchase_floors":[11,42,45,45],"current_hp_per_floor":[70,75,75,75,75,75,73,61,61,61,61,50,20,20,42,2,75,75,75,75,75,75,75,61,61,61,45,45,44,44,44,44,20,75,75,75,69,69,64,64,58,65,65,65,65,65,65,65,82,0,0],"gold":30,"neow_bonus":"THREE_ENEMY_KILL","is_daily":false,"chose_seed":false,"campfire_upgraded":7,"win_rate":0.0,"timestamp":1608984075,"path_taken":["M","?","M","M","?","R","M","M","T","R","?","?","E","$","R","BOSS","M","M","?","M","M","R","M","R","T","M","?","M","R","E","R","BOSS","M","M","M","M","M","R","M","$","T","?","$","?","M","M","R","BOSS"],"items_purchased_type":["Relic","Relic","Relic","Card"],"build_version":"2020-12-22","purchased_purges":1,"victory":false,"max_hp_per_floor":[70,75,75,75,75,75,75,75,75,75,75,75,75,75,75,75,75,75,75,75,75,75,75,75,75,75,75,75,75,75,75,75,75,75,75,75,75,75,75,75,75,82,82,82,82,82,82,82,82,82,82],"card_choices":[{"not_picked":["Setup","Underhanded Strike"],"picked":"Dash","floor":1},{"not_picked":["Dodge and Roll","Noxious Fumes"],"picked":"Dagger Throw","floor":3},{"not_picked":["Prepared","Outmaneuver"],"picked":"Dagger Spray","floor":4},{"not_picked":["A Thousand Cuts","Flying Knee"],"picked":"Blade Dance","floor":7},{"not_picked":["Noxious Fumes","Dodge and Roll"],"picked":"Quick Slash","floor":8},{"not_picked":["Well Laid Plans","Caltrops"],"picked":"Dodge and Roll","floor":12},{"not_picked":["Quick Slash","Riddle With Holes","Bullet Time"],"picked":"SKIP","floor":13},{"not_picked":["Slice","Poisoned Stab+1"],"picked":"PiercingWail","floor":18},{"not_picked":["Poisoned Stab","Slice","Riddle With Holes"],"picked":"SKIP","floor":19},{"not_picked":["PiercingWail","Dagger Throw","Dodge and Roll"],"picked":"SKIP","floor":21},{"not_picked":["Bouncing Flask+1","Dodge and Roll","Sucker Punch+1"],"picked":"SKIP","floor":22},{"not_picked":["Well Laid Plans+1","Predator","Leg Sweep+1"],"picked":"SKIP","floor":24},{"not_picked":["Flying Knee+1","Acrobatics"],"picked":"Blade Dance","floor":27},{"not_picked":["Bane","PiercingWail"],"picked":"Blade Dance","floor":29},{"not_picked":["Noxious Fumes","Concentrate"],"picked":"Blade Dance","floor":31},{"not_picked":["A Thousand Cuts","Night Terror"],"picked":"Bullet Time","floor":33},{"not_picked":["Dagger Spray","Acrobatics"],"picked":"Backstab","floor":35},{"not_picked":["Expertise+1","Acrobatics+1","Flying Knee"],"picked":"SKIP","floor":36},{"not_picked":["Acrobatics","Setup"],"picked":"Prepared+1","floor":37},{"not_picked":["Bane","Riddle With Holes"],"picked":"Footwork+1","floor":38},{"not_picked":["Distraction","Dagger Throw","Flying Knee"],"picked":"SKIP","floor":39},{"not_picked":["Outmaneuver","Flying Knee"],"picked":"Prepared+1","floor":41},{"not_picked":["Well Laid Plans","Bouncing Flask+1","Flying Knee+1"],"picked":"SKIP","floor":47},{"not_picked":["Backflip","Outmaneuver"],"picked":"PiercingWail+1","floor":48}],"player_experience":287247,"relics_obtained":[{"floor":9,"key":"Bottled Flame"},{"floor":12,"key":"Bag of Preparation"},{"floor":13,"key":"Turnip"},{"floor":26,"key":"Gremlin Horn"},{"floor":28,"key":"Whetstone"},{"floor":31,"key":"StrikeDummy"},{"floor":43,"key":"Pocketwatch"}],"event_choices":[{"damage_healed":0,"gold_gain":0,"player_choice":"Donut","damage_taken":0,"max_hp_gain":5,"max_hp_loss":0,"event_name":"Big Fish","floor":2,"gold_loss":0},{"damage_healed":0,"gold_gain":0,"player_choice":"Ignored","damage_taken":0,"max_hp_gain":0,"max_hp_loss":0,"event_name":"Liars Game","floor":5,"gold_loss":0},{"damage_healed":0,"gold_gain":0,"player_choice":"Searched \u00271\u0027 times","damage_taken":0,"max_hp_gain":0,"max_hp_loss":0,"event_name":"Dead Adventurer","floor":12,"gold_loss":0},{"damage_healed":0,"gold_gain":0,"player_choice":"Obtained Relic","damage_taken":0,"relics_obtained":["Ginger"],"max_hp_gain":0,"max_hp_loss":0,"event_name":"Addict","floor":20,"gold_loss":85},{"cards_removed":["Prepared"],"damage_healed":0,"gold_gain":0,"player_choice":"Removed Skill","damage_taken":0,"max_hp_gain":0,"max_hp_loss":0,"event_name":"Falling","floor":44,"gold_loss":0},{"damage_healed":0,"gold_gain":0,"player_choice":"Memory 1","damage_taken":0,"max_hp_gain":0,"max_hp_loss":0,"event_name":"SensoryStone","floor":46,"gold_loss":0}],"is_beta":false,"boss_relics":[{"not_picked":["Ring of the Serpent","SacredBark"],"picked":"Pandora\u0027s Box"},{"not_picked":["SlaversCollar","Coffee Dripper"],"picked":"Sozu"}],"items_purged_floors":[14],"is_endless":false,"potions_floor_spawned":[1,3,12,18,22,24,27,29,36,37,41],"killed_by":"Time Eater","ascension_level":0}}