{"host":"Krakhan","time":1608986706,"event":{"mods":["AchievementEnabler","BaseMod","Colored Map","Colored Powertips","Faster Ascension Climbing","Highlight Path","Minty Spire (QoL Compilation)","Rare Cards Sparkle","Relic Stats","StSLib"],"gold_per_floor":[109,128,138,138,156,184,184,214,214,214,11,11,11,27,27,104,104,117,137,137,154,168,168,185,219,266,31,45,45,74,74,74,147,147,158,158,158,173,192,192,218,218,218,245,263,293,618,631,631,631,631,631,631,222,222,222],"floor_reached":55,"playtime":4359,"items_purged":["Strike_B","Hello World"],"score":1914,"play_id":"ec0006d1-1bca-4b64-9fc5-393ddeb9f845","local_time":"20201226074506","is_ascension_mode":true,"campfire_choices":[{"floor":7,"key":"REST"},{"floor":10,"key":"REST"},{"data":"Defragment","floor":12,"key":"SMITH"},{"data":"Coolheaded","floor":15,"key":"SMITH"},{"data":"Capacitor","floor":23,"key":"SMITH"},{"floor":32,"key":"REST"},{"floor":40,"key":"REST"},{"floor":42,"key":"RECALL"},{"data":"Aggregate","floor":49,"key":"SMITH"},{"data":"Glacier","floor":53,"key":"SMITH"}],"circlet_count":0,"master_deck":["AscendersBane","Defend_B","Defend_B","Defend_B","Defend_B","Zap","Dualcast","Rebound","Go for the Eyes","Sweeping Beam","Glacier+1","Tempest","Defragment+1","Coolheaded+1","Electrodynamics","CurseOfTheBell","Capacitor+1","Hologram","Storm","Echo Form","Blizzard","Ball Lightning","Conserve Battery","Thunder Strike","Amplify","Turbo","Dark Shackles","Glacier+1","Hologram","Redo+1","Capacitor","Aggregate+1","Static Discharge"],"relics":["Busted Crown","Bird Faced Urn","Dream Catcher","Gremlin Horn","Ornamental Fan","ClockworkSouvenir","HornCleat","Calling Bell","Pen Nib","Emotion Chip","Darkstone Periapt","Oddly Smooth Stone","MawBank","Thread and Needle","Nilry\u0027s Codex","Inserter","Gambling Chip","Bottled Tornado","Kunai","Old Coin","PrismaticShard"],"acts_visited":["Exordium","TheCity","TheBeyond","TheEnding"],"potions_floor_usage":[6,8,22,30,33,45,48,55],"damage_taken":[{"damage":1,"enemies":"Cultist","floor":1,"turns":3},{"damage":7,"enemies":"Small Slimes","floor":2,"turns":3},{"damage":2,"enemies":"Jaw Worm","floor":3,"turns":4},{"damage":17,"enemies":"Large Slime","floor":5,"turns":5},{"damage":15,"enemies":"3 Sentries","floor":6,"turns":9},{"damage":16,"enemies":"Lagavulin","floor":8,"turns":9},{"damage":9,"enemies":"Gremlin Gang","floor":14,"turns":4},{"damage":7,"enemies":"Hexaghost","floor":16,"turns":13},{"damage":6,"enemies":"3 Byrds","floor":18,"turns":3},{"damage":0,"enemies":"Spheric Guardian","floor":19,"turns":4},{"damage":0,"enemies":"Centurion and Healer","floor":21,"turns":10},{"damage":15,"enemies":"Snake Plant","floor":22,"turns":5},{"damage":21,"enemies":"Sentry and Sphere","floor":24,"turns":4},{"damage":5,"enemies":"Gremlin Leader","floor":25,"turns":6},{"damage":5,"enemies":"Cultist and Chosen","floor":28,"turns":4},{"damage":11,"enemies":"Slavers","floor":30,"turns":4},{"damage":14,"enemies":"Champ","floor":33,"turns":9},{"damage":22,"enemies":"3 Shapes","floor":35,"turns":5},{"damage":30,"enemies":"3 Darklings","floor":38,"turns":5},{"damage":14,"enemies":"Spire Growth","floor":39,"turns":6},{"damage":32,"enemies":"Reptomancer","floor":41,"turns":6},{"damage":21,"enemies":"Giant Head","floor":44,"turns":7},{"damage":3,"enemies":"Writhing Mass","floor":45,"turns":8},{"damage":12,"enemies":"Nemesis","floor":46,"turns":9},{"damage":0,"enemies":"Mind Bloom Boss Battle","floor":47,"turns":8},{"damage":21,"enemies":"Transient","floor":48,"turns":6},{"damage":36,"enemies":"Time Eater","floor":50,"turns":12},{"damage":33,"enemies":"Donu and Deca","floor":51,"turns":9},{"damage":92,"enemies":"Shield and Spear","floor":55,"turns":5}],"seed_played":"1462042754270091490","potions_obtained":[{"floor":1,"key":"SkillPotion"},{"floor":2,"key":"LiquidBronze"},{"floor":18,"key":"Weak Potion"},{"floor":21,"key":"Weak Potion"},{"floor":24,"key":"BlessingOfTheForge"},{"floor":38,"key":"DistilledChaos"},{"floor":41,"key":"LiquidBronze"},{"floor":45,"key":"Dexterity Potion"},{"floor":47,"key":"EssenceOfSteel"}],"is_trial":false,"path_per_floor":["M","M","M","T","M","E","R","E","T","R","$","R","?","M","R","B",null,"M","M","?","M","M","R","M","E","T","$","M","?","E","?","R","B",null,"M","?","?","M","M","R","E","R","T","E","M","E","?","M","R","B","B",null,"R","$","E"],"character_chosen":"DEFECT","items_purchased":["Defragment","ClockworkSouvenir","Echo Form","Swift Potion","PrismaticShard","Static Discharge"],"campfire_rested":4,"item_purchase_floors":[11,11,27,54,54,54],"current_hp_per_floor":[63,56,54,54,37,22,43,27,27,48,48,48,48,43,43,40,63,61,67,67,71,62,62,47,52,52,52,59,59,58,37,58,71,71,59,49,49,27,39,60,53,53,53,58,71,69,71,66,66,60,45,65,65,65,0,0],"gold":222,"neow_bonus":"BOSS_RELIC","is_daily":false,"chose_seed":false,"campfire_upgraded":5,"win_rate":0.0,"timestamp":1608986706,"path_taken":["M","?","M","?","M","E","R","E","T","R","$","R","?","?","R","BOSS","M","M","?","?","?","R","M","E","T","$","?","?","E","?","R","BOSS","M","?","?","M","M","R","E","R","T","E","?","E","?","M","R","BOSS","BOSS","R","$","E"],"items_purchased_type":["Card","Relic","Card","Potion","Relic","Card"],"build_version":"2020-12-18","purchased_purges":2,"victory":false,"max_hp_per_floor":[71,71,71,71,71,71,71,71,71,71,71,71,71,71,71,71,71,71,71,71,71,71,71,71,71,71,71,71,71,71,71,71,71,71,71,71,71,71,71,71,71,71,71,71,71,71,71,71,71,71,71,71,71,71,71,71],"relic_stats":{"Darkstone Periapt":0,"Inserter":[34],"Gremlin Horn":[25,25],"counters":[29,184],"Pen Nib":[13],"MawBank":12,"Dream Catcher":4,"Emotion Chip":[131,77,52,2,0],"Busted Crown":68,"Ornamental Fan":[96],"Bird Faced Urn":[296],"Gambling Chip":[23],"Kunai":[6],"obtain_stats":[{"Darkstone Periapt":17,"Inserter":34,"Gremlin Horn":8,"Nilry\u0027s Codex":31,"Oddly Smooth Stone":25,"Thread and Needle":30,"Pen Nib":17,"Bottled Tornado":44,"MawBank":26,"PrismaticShard":54,"ClockworkSouvenir":11,"Old Coin":47,"Calling Bell":17,"Dream Catcher":6,"Emotion Chip":17,"Busted Crown":0,"HornCleat":13,"Ornamental Fan":9,"Bird Faced Urn":4,"Gambling Chip":41,"Kunai":46,"Cracked Core":0},{"Darkstone Periapt":8,"Inserter":17,"Gremlin Horn":6,"Nilry\u0027s Codex":16,"Oddly Smooth Stone":14,"Thread and Needle":16,"Pen Nib":8,"Bottled Tornado":22,"MawBank":14,"PrismaticShard":28,"ClockworkSouvenir":6,"Old Coin":25,"Calling Bell":8,"Dream Catcher":5,"Emotion Chip":8,"Busted Crown":0,"HornCleat":6,"Ornamental Fan":6,"Bird Faced Urn":3,"Gambling Chip":21,"Kunai":24,"Cracked Core":0},{"Darkstone Periapt":50,"Inserter":99,"Gremlin Horn":33,"Nilry\u0027s Codex":90,"Oddly Smooth Stone":82,"Thread and Needle":90,"Pen Nib":50,"Bottled Tornado":127,"MawBank":82,"PrismaticShard":179,"ClockworkSouvenir":33,"Old Coin":152,"Calling Bell":50,"Dream Catcher":24,"Emotion Chip":50,"Busted Crown":0,"HornCleat":33,"Ornamental Fan":33,"Bird Faced Urn":10,"Gambling Chip":120,"Kunai":144,"Cracked Core":0}]},"card_choices":[{"not_picked":["Turbo"],"picked":"SKIP","floor":1},{"not_picked":[],"picked":"Rebound","floor":2},{"not_picked":[],"picked":"Go for the Eyes","floor":3},{"not_picked":["Turbo"],"picked":"SKIP","floor":5},{"not_picked":[],"picked":"Sweeping Beam","floor":6},{"not_picked":[],"picked":"Glacier","floor":7},{"not_picked":[],"picked":"Hello World","floor":8},{"not_picked":[],"picked":"Tempest","floor":10},{"not_picked":[],"picked":"Coolheaded","floor":14},{"not_picked":[],"picked":"Electrodynamics","floor":16},{"not_picked":["Blizzard"],"picked":"SKIP","floor":18},{"not_picked":[],"picked":"Capacitor","floor":19},{"not_picked":[],"picked":"Hologram","floor":21},{"not_picked":[],"picked":"Storm","floor":22},{"not_picked":["Blizzard+1"],"picked":"SKIP","floor":24},{"not_picked":["Gash+1"],"picked":"SKIP","floor":25},{"not_picked":["Sweeping Beam"],"picked":"SKIP","floor":28},{"not_picked":[],"picked":"Conserve Battery","floor":30},{"not_picked":[],"picked":"Thunder Strike","floor":32},{"not_picked":[],"picked":"Amplify","floor":33},{"not_picked":[],"picked":"Turbo","floor":35},{"not_picked":[],"picked":"Dark Shackles","floor":36},{"not_picked":[],"picked":"Glacier","floor":38},{"not_picked":["Melter"],"picked":"SKIP","floor":39},{"not_picked":[],"picked":"Hologram","floor":40},{"not_picked":[],"picked":"Redo+1","floor":41},{"not_picked":["Rebound+1"],"picked":"SKIP","floor":44},{"not_picked":["Go for the Eyes"],"picked":"SKIP","floor":45},{"not_picked":[],"picked":"Capacitor","floor":46},{"not_picked":[],"picked":"Aggregate","floor":48}],"player_experience":1229394,"relics_obtained":[{"floor":4,"key":"Bird Faced Urn"},{"floor":6,"key":"Dream Catcher"},{"floor":8,"key":"Gremlin Horn"},{"floor":9,"key":"Ornamental Fan"},{"floor":17,"key":"Pen Nib"},{"floor":17,"key":"Emotion Chip"},{"floor":17,"key":"Darkstone Periapt"},{"floor":25,"key":"Oddly Smooth Stone"},{"floor":26,"key":"MawBank"},{"floor":30,"key":"Thread and Needle"},{"floor":31,"key":"Nilry\u0027s Codex"},{"floor":41,"key":"Gambling Chip"},{"floor":44,"key":"Bottled Tornado"},{"floor":46,"key":"Kunai"},{"floor":47,"key":"Old Coin"}],"event_choices":[{"damage_healed":0,"gold_gain":0,"player_choice":"Searched \u00271\u0027 times","damage_taken":0,"relics_obtained":["HornCleat"],"max_hp_gain":0,"max_hp_loss":0,"event_name":"Dead Adventurer","floor":13,"gold_loss":0},{"cards_removed":["Strike_B"],"damage_healed":0,"gold_gain":0,"player_choice":"Purged","damage_taken":0,"max_hp_gain":0,"max_hp_loss":0,"event_name":"Purifier","floor":20,"gold_loss":0},{"damage_healed":0,"gold_gain":0,"cards_transformed":["Strike_B","Strike_B"],"player_choice":"Became Test Subject","damage_taken":0,"max_hp_gain":0,"max_hp_loss":0,"event_name":"Drug Dealer","floor":29,"gold_loss":0,"cards_obtained":["Blizzard","Ball Lightning"]},{"damage_healed":0,"gold_gain":0,"player_choice":"Obtained Book","damage_taken":21,"max_hp_gain":0,"max_hp_loss":0,"event_name":"Cursed Tome","floor":31,"gold_loss":0},{"damage_healed":0,"gold_gain":0,"player_choice":"Memory 3","damage_taken":10,"max_hp_gain":0,"max_hp_loss":0,"event_name":"SensoryStone","floor":36,"gold_loss":0},{"damage_healed":0,"gold_gain":0,"player_choice":"Upgraded","damage_taken":0,"max_hp_gain":0,"max_hp_loss":0,"event_name":"Upgrade Shrine","floor":37,"gold_loss":0,"cards_upgraded":["Glacier"]},{"damage_healed":0,"gold_gain":0,"player_choice":"Fight","damage_taken":0,"max_hp_gain":0,"max_hp_loss":0,"event_name":"MindBloom","floor":47,"gold_loss":0}],"is_beta":true,"boss_relics":[{"not_picked":["SacredBark","Coffee Dripper"],"picked":"Calling Bell"},{"not_picked":["Nuclear Battery","Sozu"],"picked":"Inserter"}],"items_purged_floors":[27,54],"is_endless":false,"potions_floor_spawned":[1,2,3,5,18,21,24,38,41,44,45,47],"killed_by":"Shield and Spear","ascension_level":20}}