{"host":"qhhcmep1unj6mpf7","time":1608972621,"event":{"mods":["2.2 Compatiblity","AchievementEnabler","BaseMod","Colored Map","DeckTracker","Highlight Path","Keyboard Shortcuts","Minty Spire (QoL Compilation)","Permanent Neow","Quick Restart","Random Character Button","StSLib","SuperFastMode","everything is the same but u backflip on backflip"],"gold_per_floor":[110,120,130,53,63,63,75,75,75,88,88,108,127,155,155,250,250,270,369,385,402,107,107,107,107],"floor_reached":24,"playtime":867,"items_purged":["Strike_B"],"score":402,"play_id":"e5a74900-85b7-4f0b-9547-1be5fa3faa89","local_time":"20201226175021","is_ascension_mode":true,"campfire_choices":[{"data":"Defragment","floor":6.0,"key":"SMITH"},{"data":"Capacitor","floor":8.0,"key":"SMITH"},{"data":"Defragment","floor":11.0,"key":"SMITH"},{"data":"Hologram","floor":15.0,"key":"SMITH"},{"floor":23.0,"key":"REST"}],"circlet_count":0,"master_deck":["Strike_B","Defend_B","Defend_B","Defend_B","Defend_B","Zap","Dualcast","Fusion","Ball Lightning","Defragment+1","Defragment+1","Capacitor+1","Chill","Heatsinks","Hologram+1","Amplify","Glacier","Skim","Glacier"],"relics":["Cracked Core","FossilizedHelix","Girya","Black Star","Lantern"],"acts_visited":["TheCity"],"potions_floor_usage":[24,24],"damage_taken":[{"damage":0.0,"enemies":"2 Louse","floor":1.0,"turns":3.0},{"damage":3.0,"enemies":"Jaw Worm","floor":2.0,"turns":5.0},{"damage":0.0,"enemies":"Cultist","floor":3.0,"turns":3.0},{"damage":11.0,"enemies":"2 Fungi Beasts","floor":5.0,"turns":3.0},{"damage":12.0,"enemies":"3 Louse","floor":7.0,"turns":3.0},{"damage":0.0,"enemies":"Large Slime","floor":10.0,"turns":4.0},{"damage":0.0,"enemies":"Looter","floor":12.0,"turns":3.0},{"damage":6.0,"enemies":"2 Fungi Beasts","floor":13.0,"turns":4.0},{"damage":0.0,"enemies":"Lagavulin","floor":14.0,"turns":5.0},{"damage":0.0,"enemies":"The Guardian","floor":16.0,"turns":8.0},{"damage":17.0,"enemies":"2 Thieves","floor":18.0,"turns":5.0},{"damage":16.0,"enemies":"Spheric Guardian","floor":20.0,"turns":7.0},{"damage":15.0,"enemies":"Cultist and Chosen","floor":21.0,"turns":7.0},{"damage":32,"enemies":"Gremlin Leader","floor":24,"turns":4}],"seed_played":"-9200657125923775734","potions_obtained":[{"floor":2.0,"key":"SkillPotion"},{"floor":5.0,"key":"Ancient Potion"},{"floor":12.0,"key":"SkillPotion"},{"floor":14.0,"key":"PotionOfCapacity"},{"floor":16.0,"key":"ColorlessPotion"},{"floor":21.0,"key":"Swift Potion"}],"is_trial":false,"path_per_floor":["M","M","M","$","M","R","M","R","T","M","R","M","M","E","R","B",null,"M","?","M","M","$","R","E"],"character_chosen":"DEFECT","items_purchased":["Defragment","Lantern","Glacier"],"campfire_rested":1,"item_purchase_floors":[4,22,22],"current_hp_per_floor":[68,65,65,65,54,54,42,42,42,42,42,42,36,36,36,36,60,43,43,27,12,12,32,0,0],"gold":107,"neow_bonus":"REMOVE_TWO","is_daily":false,"chose_seed":false,"campfire_upgraded":4,"win_rate":0.0,"timestamp":1608972621,"path_taken":["M","M","M","$","M","R","M","R","T","M","R","M","M","E","R","BOSS","M","?","M","M","$","R","E"],"items_purchased_type":["Card","Relic","Card"],"build_version":"2020-12-22","purchased_purges":1,"victory":false,"max_hp_per_floor":[68,68,68,68,68,68,68,68,68,68,68,68,68,68,68,68,68,68,68,68,68,68,68,68,68],"card_choices":[{"not_picked":["Steam","Conserve Battery"],"picked":"Fusion","floor":1.0},{"not_picked":["Go for the Eyes","Melter"],"picked":"Ball Lightning","floor":2.0},{"not_picked":["Coolheaded","Steam Power"],"picked":"Defragment","floor":3.0},{"not_picked":["BootSequence","Steam","Steam Power"],"picked":"SKIP","floor":5.0},{"not_picked":["Ball Lightning","Force Field"],"picked":"Capacitor","floor":7.0},{"not_picked":["Redo","BootSequence"],"picked":"Chill","floor":10.0},{"not_picked":["Barrage","Stack"],"picked":"Heatsinks","floor":12.0},{"not_picked":["Hello World","Cold Snap"],"picked":"Hologram","floor":13.0},{"not_picked":["Fission","Gash","Ball Lightning"],"picked":"SKIP","floor":14.0},{"not_picked":["Reboot","Core Surge"],"picked":"Amplify","floor":16.0},{"not_picked":["Double Energy","Hello World"],"picked":"Glacier","floor":18.0},{"not_picked":["Barrage","Static Discharge+1","Rebound"],"picked":"SKIP","floor":20.0},{"not_picked":["Hologram+1","Chaos"],"picked":"Skim","floor":21.0}],"player_experience":317469,"relics_obtained":[{"floor":9.0,"key":"FossilizedHelix"},{"floor":14.0,"key":"Girya"}],"event_choices":[{"damage_healed":0.0,"max_hp_gain":0.0,"max_hp_loss":0.0,"gold_gain":99.0,"event_name":"Nest","player_choice":"Stole From Cult","floor":19.0,"gold_loss":0.0,"damage_taken":0.0}],"is_beta":false,"boss_relics":[{"not_picked":["Velvet Choker","Snecko Eye"],"picked":"Black Star"}],"items_purged_floors":[22],"is_endless":false,"potions_floor_spawned":[2,5,12,14,16,21],"killed_by":"Gremlin Leader","ascension_level":9}}