{"host":"qhhcmep1unj6mpf7","time":1608983283,"event":{"mods":["2.2 Compatiblity","AchievementEnabler","BaseMod","Colored Map","DeckTracker","Highlight Path","Keyboard Shortcuts","Minty Spire (QoL Compilation)","Permanent Neow","Quick Restart","Random Character Button","StSLib","SuperFastMode","everything is the same but u backflip on backflip"],"gold_per_floor":[110,122,122,11,29,60,60,90,90,103,63,63,78,78,90,206,218,240,252,283,308,38,70,84,116,116,136,136,153,203,103,103,203,203,213,213,263,263,274,304,1,31,31,65,65,78,78,94,94,94,94,94,21,21,21],"floor_reached":54,"playtime":3335,"items_purged":["Strike_B","Strike_B","Strike_B"],"score":1146,"play_id":"c542887a-43ad-4540-a8ed-a1a1a306b884","local_time":"20201226204803","is_ascension_mode":true,"campfire_choices":[{"data":"Zap","floor":7.0,"key":"SMITH"},{"data":"Coolheaded","floor":12.0,"key":"SMITH"},{"data":"Echo Form","floor":15.0,"key":"SMITH"},{"data":"Self Repair","floor":28.0,"key":"SMITH"},{"data":"Hologram","floor":32.0,"key":"SMITH"},{"data":"Skim","floor":47,"key":"SMITH"},{"floor":49,"key":"RECALL"},{"data":"Meteor Strike","floor":52,"key":"SMITH"}],"circlet_count":0,"master_deck":["Strike_B","Defend_B","Defend_B","Defend_B","Defend_B","Zap+1","Dualcast","Recycle+1","Glacier","Genetic Algorithm","Coolheaded+1","Glacier","Echo Form+1","Electrodynamics","Hologram+1","Meteor Strike+1","Self Repair+1","Creative AI+1","Skim+1","Undo","Consume+1","Loop+1"],"relics":["Cracked Core","Happy Flower","Anchor","DataDisk","Symbiotic Virus","MawBank","SlaversCollar","Bottled Lightning","Ice Cream","CaptainsWheel","Frozen Egg 2","Sozu","FossilizedHelix","Torii","Runic Capacitor","Ancient Tea Set","Omamori","Art of War"],"acts_visited":["Exordium","TheCity","TheBeyond","TheEnding"],"potions_floor_usage":[54],"damage_taken":[{"damage":0.0,"enemies":"Small Slimes","floor":1.0,"turns":3.0},{"damage":6.0,"enemies":"Jaw Worm","floor":2.0,"turns":4.0},{"damage":1.0,"enemies":"Cultist","floor":5.0,"turns":4.0},{"damage":31.0,"enemies":"Gremlin Nob","floor":6.0,"turns":6.0},{"damage":0.0,"enemies":"Looter","floor":10.0,"turns":4.0},{"damage":0.0,"enemies":"Blue Slaver","floor":13.0,"turns":2.0},{"damage":10.0,"enemies":"Slime Boss","floor":16.0,"turns":24.0},{"damage":0.0,"enemies":"Chosen","floor":18.0,"turns":4.0},{"damage":13.0,"enemies":"2 Thieves","floor":20.0,"turns":4.0},{"damage":4.0,"enemies":"Shelled Parasite and Fungi","floor":21.0,"turns":10.0},{"damage":17.0,"enemies":"Book of Stabbing","floor":23.0,"turns":7.0},{"damage":0.0,"enemies":"Snecko","floor":24.0,"turns":3.0},{"damage":6.0,"enemies":"Slavers","floor":25.0,"turns":7.0},{"damage":14.0,"enemies":"3 Cultists","floor":27.0,"turns":6.0},{"damage":1.0,"enemies":"Centurion and Healer","floor":29.0,"turns":7.0},{"damage":4.0,"enemies":"Automaton","floor":33.0,"turns":12.0},{"damage":21.0,"enemies":"3 Darklings","floor":35.0,"turns":10.0},{"damage":3.0,"enemies":"Mind Bloom Boss Battle","floor":37.0,"turns":9.0},{"damage":0.0,"enemies":"Orb Walker","floor":39.0,"turns":5.0},{"damage":0.0,"enemies":"Nemesis","floor":40.0,"turns":11.0},{"damage":30.0,"enemies":"Giant Head","floor":42.0,"turns":10.0},{"damage":0.0,"enemies":"Nemesis","floor":44.0,"turns":11.0},{"damage":0,"enemies":"Writhing Mass","floor":46,"turns":5},{"damage":0,"enemies":"Sphere and 2 Shapes","floor":48,"turns":5},{"damage":39,"enemies":"Time Eater","floor":50,"turns":15},{"damage":92,"enemies":"Shield and Spear","floor":54,"turns":8}],"seed_played":"-6831891774073951120","potions_obtained":[{"floor":2.0,"key":"Explosive Potion"},{"floor":16.0,"key":"DistilledChaos"},{"floor":24.0,"key":"ColorlessPotion"},{"floor":25.0,"key":"EssenceOfSteel"},{"floor":33.0,"key":"SkillPotion"}],"is_trial":false,"path_per_floor":["M","M","?","$","M","E","R","?","T","M","$","R","M","?","R","B",null,"M","?","M","M","$","E","M","E","T","M","R","M","?","$","R","B",null,"M","T","?","?","M","E","$","E","T","E","?","M","R","M","R","B",null,"R","$","E"],"character_chosen":"DEFECT","items_purchased":["Glacier","Glacier","Bottled Lightning","Hologram","Runic Capacitor","Undo","Loop+1"],"campfire_rested":0,"item_purchase_floors":[4,11,22,22,41,41,53],"current_hp_per_floor":[68,62,62,62,61,30,30,30,30,30,30,30,30,23,23,13,60,60,46,33,29,29,12,12,20,20,20,20,39,39,39,39,55,74,73,73,80,80,80,80,80,50,50,70,80,80,80,80,80,61,75,75,75,0,0],"gold":21,"neow_bonus":"RANDOM_COMMON_RELIC","is_daily":false,"chose_seed":false,"campfire_upgraded":7,"win_rate":0.0,"timestamp":1608983283,"path_taken":["M","M","?","$","M","E","R","?","T","M","$","R","M","?","R","BOSS","M","?","M","M","$","E","M","E","T","M","R","M","?","$","R","BOSS","M","?","?","?","?","E","?","E","T","E","?","M","R","M","R","BOSS","R","$","E"],"items_purchased_type":["Card","Card","Relic","Card","Relic","Card","Card"],"build_version":"2020-12-22","purchased_purges":3,"victory":false,"max_hp_per_floor":[75,75,75,75,75,75,75,75,75,75,75,75,75,75,75,75,75,75,80,80,80,80,80,80,80,80,80,80,80,80,80,80,80,80,80,80,80,80,80,80,80,80,80,80,80,80,80,80,80,80,80,80,80,80,80],"card_choices":[{"not_picked":["Cold Snap","Sweeping Beam"],"picked":"Recycle","floor":1.0},{"not_picked":["Barrage","Doom and Gloom","Leap"],"picked":"SKIP","floor":2.0},{"not_picked":["Redo","Steam"],"picked":"Genetic Algorithm","floor":5.0},{"not_picked":["Redo","Compile Driver","Leap"],"picked":"SKIP","floor":6.0},{"not_picked":["Streamline","Cold Snap"],"picked":"Coolheaded","floor":10.0},{"not_picked":["Gash","Leap"],"picked":"Echo Form","floor":13.0},{"not_picked":["Fission","Thunder Strike"],"picked":"Electrodynamics","floor":16.0},{"not_picked":["Turbo","Steam","Hello World+1"],"picked":"SKIP","floor":18.0},{"not_picked":["Turbo","Barrage","Cold Snap+1"],"picked":"SKIP","floor":20.0},{"not_picked":["Ball Lightning","Steam Power","Barrage+1"],"picked":"SKIP","floor":21.0},{"not_picked":["Go for the Eyes+1","Gash"],"picked":"Meteor Strike","floor":23.0},{"not_picked":["Go for the Eyes","Auto Shields+1"],"picked":"Self Repair","floor":24.0},{"not_picked":["Storm","Steam","FTL"],"picked":"SKIP","floor":25.0},{"not_picked":["Chill","Aggregate+1","Rip and Tear"],"picked":"SKIP","floor":27.0},{"not_picked":["Chaos","White Noise","Go for the Eyes"],"picked":"SKIP","floor":29.0},{"not_picked":["Meteor Strike","Biased Cognition+1"],"picked":"Creative AI+1","floor":33.0},{"not_picked":["Barrage","Compile Driver+1","Redo"],"picked":"SKIP","floor":35.0},{"not_picked":["Sunder","Glacier+1"],"picked":"Skim","floor":39.0},{"not_picked":["Ball Lightning+1","Hologram+1","Fusion+1"],"picked":"SKIP","floor":40.0},{"not_picked":["Redo+1","Rainbow","Conserve Battery+1"],"picked":"SKIP","floor":42.0},{"not_picked":["Self Repair+1","Steam","All For One"],"picked":"SKIP","floor":44.0},{"not_picked":["Self Repair+1","Steam","All For One"],"picked":"SKIP","floor":44.0},{"not_picked":["Barrage+1","Sweeping Beam+1"],"picked":"Consume+1","floor":46},{"not_picked":["Steam Power+1","Conserve Battery+1","Streamline+1"],"picked":"SKIP","floor":48}],"player_experience":320822,"relics_obtained":[{"floor":6.0,"key":"Anchor"},{"floor":9.0,"key":"Symbiotic Virus"},{"floor":23.0,"key":"Ice Cream"},{"floor":25.0,"key":"CaptainsWheel"},{"floor":26.0,"key":"Frozen Egg 2"},{"floor":37.0,"key":"FossilizedHelix"},{"floor":40.0,"key":"Torii"},{"floor":42.0,"key":"Ancient Tea Set"},{"floor":43.0,"key":"Omamori"},{"floor":44.0,"key":"Art of War"}],"event_choices":[{"damage_healed":0.0,"max_hp_gain":0.0,"max_hp_loss":0.0,"gold_gain":0.0,"event_name":"Living Wall","player_choice":"Grow","floor":3.0,"gold_loss":0.0,"damage_taken":0.0,"cards_upgraded":["Recycle"]},{"damage_healed":0.0,"max_hp_gain":0.0,"max_hp_loss":0.0,"gold_gain":30.0,"event_name":"Dead Adventurer","player_choice":"Searched \u00272\u0027 times","floor":8.0,"gold_loss":0.0,"damage_taken":0.0,"relics_obtained":["DataDisk"]},{"damage_healed":0.0,"max_hp_gain":0.0,"max_hp_loss":0.0,"gold_gain":0.0,"event_name":"Scrap Ooze","player_choice":"Success","floor":14.0,"gold_loss":0.0,"damage_taken":7.0,"relics_obtained":["MawBank"]},{"damage_healed":0.0,"max_hp_gain":5.0,"max_hp_loss":0.0,"gold_gain":0.0,"event_name":"Forgotten Altar","player_choice":"Shed Blood","floor":19.0,"gold_loss":0.0,"damage_taken":19.0},{"damage_healed":0.0,"max_hp_gain":0.0,"max_hp_loss":0.0,"gold_gain":100.0,"event_name":"The Joust","player_choice":"Bet on Murderer","floor":30.0,"gold_loss":50.0,"damage_taken":0.0},{"damage_healed":0.0,"max_hp_gain":0.0,"max_hp_loss":0.0,"gold_gain":0.0,"event_name":"MindBloom","player_choice":"Fight","floor":37.0,"gold_loss":0.0,"damage_taken":0.0},{"damage_healed":0.0,"max_hp_gain":0.0,"max_hp_loss":0.0,"gold_gain":0.0,"event_name":"Tomb of Lord Red Mask","player_choice":"Ignored","floor":38.0,"gold_loss":0.0,"damage_taken":0.0},{"damage_healed":20.0,"max_hp_gain":0.0,"max_hp_loss":0.0,"gold_gain":0.0,"event_name":"Winding Halls","player_choice":"Writhe","floor":45.0,"gold_loss":0.0,"damage_taken":0.0,"cards_obtained":["Writhe"]}],"is_beta":false,"boss_relics":[{"not_picked":["Black Star","Tiny House"],"picked":"SlaversCollar"},{"not_picked":["Calling Bell","Fusion Hammer"],"picked":"Sozu"}],"items_purged_floors":[4,31,41],"is_endless":false,"potions_floor_spawned":[2,16,24,25,33,37,42,46,48],"killed_by":"Shield and Spear","ascension_level":9}}