{"host":"y7sd46uq4xlni546","time":1608982503,"event":{"mods":["AchievementEnabler","BaseMod","Colored Map","Colored Powertips","Curses Come First","Minty Spire (QoL Compilation)","Random Character Button","Rare Cards Sparkle","StSLib"],"gold_per_floor":[116,116,191,191,207,239,266,266,315,347,347,47,76,90,90,186,186,197,197,197,197,197,232,232,264,290,316,241,255,255,255,255,255,255],"floor_reached":33,"playtime":1681,"items_purged":[],"score":500,"play_id":"8008e706-3bce-4884-9b9c-c1143206a8ff","local_time":"20201226123503","daily_mods":["SealedDeck","Heirloom","Time Dilation","Flight"],"is_ascension_mode":false,"campfire_choices":[{"data":"Echo Form","floor":8.0,"key":"SMITH"},{"data":"DevaForm","floor":15.0,"key":"SMITH"},{"data":"Sweeping Beam","floor":24,"key":"PURGE"},{"data":"Compile Driver","floor":30,"key":"PURGE"},{"data":"Scrape","floor":32,"key":"PURGE"}],"circlet_count":0,"master_deck":["Demon Form","Wraith Form v2","Echo Form+1","DevaForm+1","Self Repair","Conserve Battery","Streamline","Leap+1","Double Energy+1","Capacitor","Echo Form","Hologram","White Noise","Creative AI","Doom and Gloom","Echo Form","Sunder+1","Sunder+1","Buffer","Beam Cell"],"relics":["Snecko Eye","Unceasing Top","Prayer Wheel","Dream Catcher","White Beast Statue","Art of War","Lantern","Anchor","Peace Pipe","Eternal Feather","Black Star","CaptainsWheel","War Paint","Akabeko","Orichalcum","Juzu Bracelet","Strawberry","Mummified Hand","Omamori"],"acts_visited":["Exordium","TheCity"],"potions_floor_usage":[18,18,25,33,33,33],"damage_taken":[{"damage":0.0,"enemies":"Cultist","floor":1.0,"turns":2.0},{"damage":0.0,"enemies":"2 Louse","floor":5.0,"turns":3.0},{"damage":0.0,"enemies":"Gremlin Nob","floor":6.0,"turns":2.0},{"damage":3.0,"enemies":"3 Sentries","floor":7.0,"turns":5.0},{"damage":0.0,"enemies":"Gremlin Nob","floor":10.0,"turns":3.0},{"damage":0.0,"enemies":"Lagavulin","floor":13.0,"turns":5.0},{"damage":0.0,"enemies":"Small Slimes","floor":14.0,"turns":3.0},{"damage":0.0,"enemies":"The Guardian","floor":16.0,"turns":4.0},{"damage":2,"enemies":"Shell Parasite","floor":18,"turns":2},{"damage":0,"enemies":"Gremlin Leader","floor":23,"turns":4},{"damage":2,"enemies":"Book of Stabbing","floor":25,"turns":4},{"damage":0,"enemies":"Gremlin Leader","floor":27,"turns":3},{"damage":0,"enemies":"Chosen","floor":29,"turns":2},{"damage":0,"enemies":"Automaton","floor":33,"turns":2}],"seed_played":"7121376155932714372","potions_obtained":[{"floor":1.0,"key":"Fire Potion"},{"floor":5.0,"key":"LiquidMemories"},{"floor":7.0,"key":"Energy Potion"},{"floor":10.0,"key":"PotionOfCapacity"},{"floor":13.0,"key":"LiquidBronze"},{"floor":14.0,"key":"Energy Potion"},{"floor":18,"key":"SkillPotion"},{"floor":23,"key":"Strength Potion"},{"floor":25,"key":"SteroidPotion"}],"is_trial":true,"path_per_floor":["M","?","?","?","M","E","E","R","T","E","?","$","E","M","R","B",null,"M","?","?","?","?","E","R","E","T","E","?","M","R","?","R","B"],"character_chosen":"DEFECT","items_purchased":["Peace Pipe"],"campfire_rested":0,"item_purchase_floors":[12],"current_hp_per_floor":[75,68,57,57,71,71,75,75,75,75,75,75,75,75,75,75,75,73,73,59,59,59,73,80,80,87,87,87,87,87,87,87,87,87],"gold":255,"neow_bonus":"","is_daily":false,"chose_seed":true,"campfire_upgraded":2,"win_rate":0.0,"timestamp":1608982503,"path_taken":["M","?","?","?","?","E","E","R","T","E","?","$","E","?","R","BOSS","M","?","?","?","?","E","R","E","T","E","?","M","R","?","R","BOSS"],"items_purchased_type":["Relic"],"build_version":"2020-12-22","purchased_purges":0,"victory":false,"max_hp_per_floor":[75,75,75,75,75,75,75,75,75,75,75,75,75,75,75,75,75,75,75,80,80,80,80,80,80,87,87,87,87,87,87,87,87,87],"card_choices":[{"not_picked":["Coolheaded","Conserve Battery"],"picked":"Capacitor","floor":1.0},{"not_picked":["Compile Driver","Self Repair","Cold Snap"],"picked":"SKIP","floor":1.0},{"not_picked":["Leap","Cold Snap"],"picked":"Hologram","floor":5.0},{"not_picked":["Sweeping Beam","Ball Lightning","Beam Cell"],"picked":"SKIP","floor":5.0},{"not_picked":["Blizzard","Streamline"],"picked":"White Noise","floor":6.0},{"not_picked":["Thunder Strike","Turbo"],"picked":"Creative AI","floor":7.0},{"not_picked":["Ball Lightning","Redo"],"picked":"Doom and Gloom","floor":10.0},{"not_picked":["Stack","Lockon","Compile Driver"],"picked":"SKIP","floor":13.0},{"not_picked":["Compile Driver","Rebound","Conserve Battery"],"picked":"SKIP","floor":14.0},{"not_picked":["Rip and Tear","Ball Lightning","Glacier"],"picked":"SKIP","floor":14.0},{"not_picked":["Machine Learning","Amplify"],"picked":"Echo Form","floor":16.0},{"not_picked":["Cold Snap","Sweeping Beam"],"picked":"Sunder+1","floor":18},{"not_picked":["Compile Driver+1","Cold Snap+1","Sweeping Beam"],"picked":"SKIP","floor":18},{"not_picked":["Storm+1","Cold Snap+1"],"picked":"Sunder+1","floor":23},{"not_picked":["Leap","Electrodynamics"],"picked":"Buffer","floor":25},{"not_picked":["Compile Driver+1","Stack","Aggregate+1"],"picked":"SKIP","floor":27},{"not_picked":["Scrape","Hologram","Stack+1"],"picked":"SKIP","floor":29},{"not_picked":["Redo","Stack","Steam"],"picked":"SKIP","floor":29}],"player_experience":507757,"relics_obtained":[{"floor":6.0,"key":"White Beast Statue"},{"floor":7.0,"key":"Art of War"},{"floor":9.0,"key":"Lantern"},{"floor":10.0,"key":"Anchor"},{"floor":13.0,"key":"Eternal Feather"},{"floor":23,"key":"War Paint"},{"floor":23,"key":"Akabeko"},{"floor":25,"key":"Orichalcum"},{"floor":25,"key":"Juzu Bracelet"},{"floor":26,"key":"Strawberry"},{"floor":27,"key":"Mummified Hand"},{"floor":27,"key":"Omamori"}],"event_choices":[{"damage_healed":0.0,"max_hp_gain":0.0,"max_hp_loss":0.0,"gold_gain":0.0,"event_name":"Scrap Ooze","player_choice":"Success","floor":2.0,"gold_loss":0.0,"damage_taken":7.0,"relics_obtained":["Dream Catcher"]},{"damage_healed":0.0,"max_hp_gain":0.0,"max_hp_loss":0.0,"gold_gain":75.0,"event_name":"World of Goop","player_choice":"Gather Gold","floor":3.0,"gold_loss":0.0,"damage_taken":11.0},{"damage_healed":0.0,"max_hp_gain":0.0,"max_hp_loss":0.0,"gold_gain":0.0,"cards_transformed":["Cold Snap"],"event_name":"Transmorgrifier","player_choice":"Transformed","floor":4.0,"gold_loss":0.0,"damage_taken":0.0,"cards_obtained":["Echo Form"]},{"damage_healed":0.0,"max_hp_gain":0.0,"max_hp_loss":0.0,"gold_gain":0.0,"event_name":"The Woman in Blue","player_choice":"Bought 0 Potions","floor":11.0,"gold_loss":0.0,"damage_taken":0.0},{"damage_healed":0,"gold_gain":0,"player_choice":"Stole Relic","damage_taken":0,"relics_obtained":["CaptainsWheel"],"max_hp_gain":0,"max_hp_loss":0,"event_name":"Addict","floor":19,"gold_loss":0,"cards_obtained":["Shame"]},{"damage_healed":0,"gold_gain":0,"player_choice":"Shed Blood","damage_taken":19,"max_hp_gain":5,"max_hp_loss":0,"event_name":"Forgotten Altar","floor":20,"gold_loss":0},{"damage_healed":0,"gold_gain":0,"player_choice":"Ignored","damage_taken":0,"max_hp_gain":0,"max_hp_loss":0,"event_name":"Vampires","floor":21,"gold_loss":0},{"damage_healed":0,"gold_gain":0,"player_choice":"Ignored","damage_taken":0,"max_hp_gain":0,"max_hp_loss":0,"event_name":"Ghosts","floor":22,"gold_loss":0},{"cards_removed":["Shame"],"damage_healed":0,"gold_gain":0,"player_choice":"Gave Gold","damage_taken":0,"max_hp_gain":0,"max_hp_loss":0,"event_name":"Beggar","floor":28,"gold_loss":75},{"damage_healed":0,"gold_gain":0,"cards_transformed":["Cold Snap"],"player_choice":"Transformed","damage_taken":0,"max_hp_gain":0,"max_hp_loss":0,"event_name":"Transmorgrifier","floor":31,"gold_loss":0,"cards_obtained":["Beam Cell"]}],"is_beta":false,"boss_relics":[{"not_picked":["Calling Bell","Runic Pyramid"],"picked":"Black Star"}],"items_purged_floors":[],"is_endless":false,"potions_floor_spawned":[1,5,7,10,13,14,16,18,23,25,27,29],"killed_by":"Automaton","ascension_level":0}}