{"host":"g75gtovmj0ine2rf","time":1608986409,"event":{"mods":["2.2 Compatiblity","AchievementEnabler","Act Like it!","Aspiration","Astrologer","Bard","BaseMod","Better Match","BetterRewards","CapriCore","Challenge The Spire","ChefMod","Colored Map","Conspire","Energized Spire","Friendly Minions","Gensokyo","Halation","Hallownest","Hermit","HexUI Lib","Highlight Path","Hubris","Infinite Spire","Jedi Mod","Lobotomy","Minty Spire (QoL Compilation)","Puzzle Mod","Quick Restart","Rare Cards Sparkle","Relic Stats","Replay The Spire","Shade Mod","Shop Mod","Spicy Shops","StSLib","SuperFastMode","The Construct","The Cursed","The Factory","The Jungle","The Runesmith","TheBandit","TheFirefly","TheSwordswoman","TheVacant","Transform Curses","Wandering Minibosses","thorton","vexMod"],"gold_per_floor":[117,117,128,128,140,140,173,98,98,128,15,42,87,117,129,212,224,249,261,248,0,32,44,56,68,80,92,104,142,154,154,154],"floor_reached":30,"playtime":2496,"items_purged":["wariomod:ChargeForth+1"],"score":446,"play_id":"6ba572ed-4553-4f42-95ac-a2c00990f4cc","local_time":"20201226234009","is_ascension_mode":true,"campfire_choices":[{"data":"wariomod:ChargeForth","floor":6,"key":"SMITH"},{"floor":15,"key":"REST"},{"data":"wariomod:KeyFinisher","floor":23,"key":"SMITH"},{"data":"wariomod:MassiveParty","floor":25,"key":"SMITH"},{"data":"wariomod:TreasureDig","floor":27,"key":"SMITH"}],"circlet_count":0,"master_deck":["AscendersBane","wariomod:Strike","wariomod:Strike","wariomod:Defend","wariomod:Defend","wariomod:Defend","wariomod:Defend","wariomod:Step","wariomod:HappyHit","wariomod:Purify","wariomod:TreasureDig+1","wariomod:DeadlyDash+1","wariomod:Immortalize","wariomod:MassiveParty+1","wariomod:KeyFinisher+1"],"relics":["wariomod:TheHat","Hallownest:DreamNailRelic","hubris:Towel","Anchor","Matryoshka","MawBank","Incense Burner","halation:PinkAlligatorPlush","Membership Card","Oddly Smooth Stone","Bottled Tornado","jedi:bottledfury"],"acts_visited":["Exordium","Hallownest:Greenpath"],"potions_floor_usage":[16,16],"damage_taken":[{"damage":5,"enemies":"2_ Uuma","floor":1,"turns":6},{"damage":0,"enemies":"Hallownest:monsterHuskGuard","floor":3,"turns":3},{"damage":2,"enemies":"Hallownest:2_Baldur","floor":5,"turns":3},{"damage":12,"enemies":"Hallownest:eliteMossKnight","floor":7,"turns":14},{"damage":20,"enemies":"Hallownest:eliteCrystalGuardian","floor":10,"turns":11},{"damage":0,"enemies":"Hallownest:monsterAspidMother","floor":12,"turns":8},{"damage":1,"enemies":"Hallownest:eliteVengeflyKing","floor":13,"turns":9},{"damage":5,"enemies":"Hallownest:Guard_and_Warrior","floor":14,"turns":6},{"damage":14,"enemies":"Hallownest:BossFalseKnight","floor":16,"turns":8},{"damage":57,"enemies":"Hallownest:2_Mistakes","floor":18,"turns":14},{"damage":3,"enemies":"Hallownest:Flukemon_and_Top","floor":22,"turns":6},{"damage":41,"enemies":"Hallownest:eliteWatcherKnight","floor":29,"turns":13},{"damage":29,"enemies":"Hallownest:monsterMisterMushroom","floor":30,"turns":5}],"seed_played":"8022553242250646289","potions_obtained":[{"floor":1,"key":"ColorlessPotion"},{"floor":10,"key":"Strength Potion"},{"floor":29,"key":"AttackPotion"}],"is_trial":false,"path_per_floor":["M","?","M","?","M","R","E","$","T","E","?","M","E","M","R","B",null,"M","?","?","?","M","R","?","R","T","R","$","E","M"],"character_chosen":"THE_BANDIT","items_purchased":[],"campfire_rested":1,"item_purchase_floors":[],"current_hp_per_floor":[42,42,42,42,40,40,28,28,28,8,8,8,7,2,23,9,56,72,72,72,72,69,69,69,69,69,69,69,28,0,0,0],"gold":154,"neow_bonus":"TRANSFORM_TWO_CARDS","is_daily":false,"chose_seed":false,"campfire_upgraded":4,"win_rate":0.0,"timestamp":1608986409,"path_taken":["M","?","?","?","M","R","E","$","T","E","?","?","E","M","R","BOSS","M","?","?","?","?","R","?","R","T","R","?","E","M"],"items_purchased_type":[],"build_version":"2020-12-22","purchased_purges":1,"victory":false,"max_hp_per_floor":[72,72,72,72,72,72,72,72,72,72,72,72,72,72,72,72,72,72,72,72,72,72,72,72,72,72,72,72,72,72,72,72],"relic_stats":{"counters":[13,106],"MawBank":240,"obtain_stats":[{"wariomod:TheHat":0,"Oddly Smooth Stone":26,"Hallownest:DreamNailRelic":2,"Incense Burner":13,"jedi:bottledfury":29,"hubris:Towel":4,"Bottled Tornado":26,"MawBank":10,"Anchor":7,"Matryoshka":9,"halation:PinkAlligatorPlush":17,"Membership Card":21,"jedi:command_shop":21},{"wariomod:TheHat":0,"Oddly Smooth Stone":11,"Hallownest:DreamNailRelic":1,"Incense Burner":7,"jedi:bottledfury":12,"hubris:Towel":2,"Bottled Tornado":11,"MawBank":5,"Anchor":4,"Matryoshka":4,"halation:PinkAlligatorPlush":9,"Membership Card":10,"jedi:command_shop":10},{"wariomod:TheHat":0,"Oddly Smooth Stone":88,"Hallownest:DreamNailRelic":6,"Incense Burner":54,"jedi:bottledfury":101,"hubris:Towel":9,"Bottled Tornado":88,"MawBank":37,"Anchor":26,"Matryoshka":26,"halation:PinkAlligatorPlush":68,"Membership Card":82,"jedi:command_shop":82}]},"card_choices":[{"not_picked":["wariomod:ChargeForth","wariomod:DropBash","wariomod:Boomsmack"],"picked":"SKIP","floor":1},{"not_picked":["wariomod:SmallSprint","wariomod:PayItForwards","wariomod:DisarmingMoves"],"picked":"SKIP","floor":3},{"not_picked":["wariomod:HastyRush","wariomod:Goblast"],"picked":"wariomod:Purify","floor":5},{"not_picked":["wariomod:DropBash","wariomod:PayItForwards"],"picked":"wariomod:TreasureDig","floor":7},{"not_picked":["wariomod:Smackflip","wariomod:Leapslam","wariomod:BoomBoom"],"picked":"SKIP","floor":10},{"not_picked":["wariomod:ForbiddenMagic+1","wariomod:FabulousPrizes+1"],"picked":"wariomod:DeadlyDash+1","floor":11},{"not_picked":["wariomod:BlastDash","wariomod:Bombshield","wariomod:EndlessBlast"],"picked":"SKIP","floor":12},{"not_picked":["wariomod:DanceDash","wariomod:BoomAndDoom"],"picked":"wariomod:Immortalize","floor":13},{"not_picked":["wariomod:Smackflip","wariomod:ThatsNotAll"],"picked":"wariomod:MassiveParty","floor":14},{"not_picked":["wariomod:AbandonGame","wariomod:GodlyGift"],"picked":"wariomod:KeyFinisher","floor":16},{"not_picked":["wariomod:Smackflip+1","wariomod:AwfulLook","wariomod:SmackSlam"],"picked":"SKIP","floor":18},{"not_picked":["wariomod:DeepDig","wariomod:ThatsNotAll","wariomod:Hopshield"],"picked":"SKIP","floor":22},{"not_picked":["wariomod:HastyRush","wariomod:SmackSlam","wariomod:Boomsmack+1"],"picked":"SKIP","floor":29}],"player_experience":1340058,"relics_obtained":[{"floor":7,"key":"Anchor"},{"floor":9,"key":"Matryoshka"},{"floor":10,"key":"MawBank"},{"floor":13,"key":"Incense Burner"},{"floor":26,"key":"Oddly Smooth Stone"},{"floor":26,"key":"Bottled Tornado"},{"floor":29,"key":"jedi:bottledfury"}],"event_choices":[{"damage_healed":0,"gold_gain":0,"player_choice":"2","damage_taken":0,"max_hp_gain":0,"max_hp_loss":0,"event_name":"betterMatch:BetterMatch","floor":11,"gold_loss":0,"cards_obtained":["betterMatch:RareCard"]}],"is_beta":false,"boss_relics":[{"not_picked":["halation:Yufonium","ReplayTheSpireMod:DimensionalGlitch"],"picked":"halation:PinkAlligatorPlush"}],"items_purged_floors":[8],"is_endless":false,"potions_floor_spawned":[1,7,10,12,29],"killed_by":"Hallownest:monsterMisterMushroom","ascension_level":17}}