{"host":"b4asi0laiv85suj9","time":1608954923,"event":{"mods":["ATMod(°¢èªMod)","BaseMod","Minty Spire (QoL Compilation)","MostiFishMod","Relic Stats","StSLib","TestMod","noobMod"],"gold_per_floor":[115,115,130,143,153,188,188,218,218,218,237,250,250,175,175,252,252,266,285,285,210,260,287,299,199,199,218,253,271,321,341,341,418,418,438,458,458,481,206,206,243,243,289,311,323,352,375,375,375,375,375,375,0,33,38],"floor_reached":56,"playtime":2045,"items_purged":["Strike_R","Defend_R","Defend_R"],"score":2705,"play_id":"ac12edcb-ad0f-42c6-8443-4eb87dfa7f12","local_time":"20201226115522","is_ascension_mode":true,"campfire_choices":[{"data":"AT_IchimonjiDouble","floor":7,"key":"SMITH"},{"data":"Evolve","floor":10,"key":"SMITH"},{"data":"AT_FamilyPortrait","floor":13,"key":"SMITH"},{"data":"MostiFishMod:DarkDeal","floor":15,"key":"SMITH"},{"data":"MostiFishMod:RainCloud","floor":32,"key":"SMITH"},{"data":"MostiFishMod:RacingGame","floor":40,"key":"SMITH"},{"data":"MostiFishMod:404NotFound","floor":42,"key":"SMITH"},{"floor":49,"key":"RECALL"},{"data":"Dark Embrace","floor":52,"key":"SMITH"}],"circlet_count":0,"master_deck":["AscendersBane","Strike_R","Strike_R","Strike_R","Defend_R","Bash","MostiFishMod:EE1D","MostiFishMod:EE1D","MostiFishMod:EE1D","AT_FamilyPortrait+1","Shrug It Off","AT_IchimonjiDouble+1","Evolve+1","MostiFishMod:DarkDeal+1","Pommel Strike","MostiFishMod:ChineseTea","MostiFishMod:BrandingRite","MostiFishMod:RainCloud+1","Decay","Inflame","Second Wind","MostiFishMod:RacingGame+1","MostiFishMod:404NotFound+1","AT_IchimonjiDouble+1","Dark Embrace+1","Dual Wield+1","Feel No Pain","AT_BodySlamDance","Master of Strategy","Exhume"],"relics":["testmod-TestBox","DaveBox","ice","AT_ATBox","EE1DDrone","testmod-ArcanaOfDestiny","OneHitWonderSystem","SynthV:TestCard","Omamori","testmod-Motorcycle","BionicSphere","HereWithMe","testmod-Laevatain","Ornamental Fan","Bag of Marbles","testmod-DeterminationOfClimber","Mummified Hand","Red Skull","Akabeko"],"acts_visited":["Exordium","TheCity","TheBeyond","TheEnding"],"potions_floor_usage":[],"damage_taken":[{"damage":0.0,"enemies":"2 Louse","floor":1.0,"turns":4.0},{"damage":0.0,"enemies":"Cultist","floor":3.0,"turns":2.0},{"damage":0.0,"enemies":"Small Slimes","floor":4.0,"turns":2.0},{"damage":0.0,"enemies":"2 Fungi Beasts","floor":5.0,"turns":3.0},{"damage":0,"enemies":"3 Sentries","floor":6,"turns":7},{"damage":0,"enemies":"Lagavulin","floor":8,"turns":3},{"damage":0,"enemies":"Large Slime","floor":11,"turns":2},{"damage":0,"enemies":"Blue Slaver","floor":12,"turns":1},{"damage":0,"enemies":"Slime Boss","floor":16,"turns":2},{"damage":0,"enemies":"2 Thieves","floor":18,"turns":2},{"damage":0,"enemies":"3 Byrds","floor":19,"turns":3},{"damage":0,"enemies":"Gremlin Leader","floor":23,"turns":3},{"damage":0,"enemies":"Cultist and Chosen","floor":24,"turns":3},{"damage":0,"enemies":"Centurion and Healer","floor":27,"turns":3},{"damage":0,"enemies":"Book of Stabbing","floor":28,"turns":3},{"damage":0,"enemies":"Sentry and Sphere","floor":29,"turns":3},{"damage":0,"enemies":"Snecko","floor":31,"turns":1},{"damage":0,"enemies":"Champ","floor":33,"turns":4},{"damage":0,"enemies":"3 Darklings","floor":35,"turns":3},{"damage":0,"enemies":"Orb Walker","floor":36,"turns":1},{"damage":0,"enemies":"Sphere and 2 Shapes","floor":38,"turns":1},{"damage":0,"enemies":"Giant Head","floor":41,"turns":1},{"damage":0,"enemies":"4 Shapes","floor":44,"turns":2},{"damage":0,"enemies":"Spire Growth","floor":45,"turns":1},{"damage":0,"enemies":"Nemesis","floor":46,"turns":1},{"damage":0,"enemies":"Transient","floor":47,"turns":2},{"damage":0,"enemies":"Time Eater","floor":50,"turns":1},{"damage":0,"enemies":"Shield and Spear","floor":54,"turns":1},{"damage":0,"enemies":"The Heart","floor":55,"turns":2}],"seed_played":"7221725326532048376","potions_obtained":[{"floor":3.0,"key":"LiquidBronze"},{"floor":6,"key":"Regen Potion"},{"floor":11,"key":"DistilledChaos"},{"floor":28,"key":"BlessingOfTheForge"}],"is_trial":false,"path_per_floor":["M","?","M","M","M","E","R","E","T","R","M","M","R","$","R","B",null,"M","M","?","?","?","E","M","$","T","M","E","M","?","M","R","B",null,"M","M","?","M","$","R","E","R","T","M","M","E","M","?","R","B",null,"R","$","E","B",null],"character_chosen":"IRONCLAD","items_purchased":["MostiFishMod:404NotFound","Feel No Pain","AT_BodySlamDance","PowerPotion","Master of Strategy"],"campfire_rested":0,"item_purchase_floors":[39,53,53,53,53],"current_hp_per_floor":[1,1,1,1,1,1,1,1,1,1,1,1,1,1,1,1,1,1,1,1,1,1,1,1,1,1,1,1,1,1,1,1,1,1,1,1,1,1,1,1,1,1,1,1,1,1,1,1,1,1,1,1,1,1,1],"gold":38,"neow_bonus":"BOSS_RELIC","is_daily":false,"chose_seed":false,"campfire_upgraded":8,"win_rate":0.0,"timestamp":1608954922,"path_taken":["M","?","?","?","M","E","R","E","T","R","M","M","R","?","R","BOSS","M","M","?","?","?","E","M","?","T","M","E","?","?","M","R","BOSS","M","M","?","M","$","R","E","R","T","M","M","E","M","?","R","BOSS","R","$","E","BOSS"],"items_purchased_type":["Card","Card","Card","Potion","Card"],"build_version":"2020-12-22","purchased_purges":3,"victory":true,"max_hp_per_floor":[1,1,1,1,1,1,1,1,1,1,1,1,1,1,1,1,1,1,1,1,1,1,1,1,1,1,1,1,1,1,1,1,1,1,1,1,1,1,1,1,1,1,1,1,1,1,1,1,1,1,1,1,1,1,1],"relic_stats":{"counters":[29,67],"Ornamental Fan":[40],"Mummified Hand":[14],"obtain_stats":[{"testmod-TestBox":0,"AT_ATBox":0,"DaveBox":0,"ice":0,"Omamori":6,"Burning Blood":0,"Akabeko":54,"SynthV:TestCard":1,"EE1DDrone":0,"testmod-Motorcycle":8,"testmod-Laevatain":23,"Ornamental Fan":26,"Mummified Hand":41,"BionicSphere":9,"HereWithMe":17,"Bag of Marbles":28,"testmod-DeterminationOfClimber":34,"OneHitWonderSystem":0,"testmod-ArcanaOfDestiny":0,"Red Skull":46},{"testmod-TestBox":0,"AT_ATBox":0,"DaveBox":0,"ice":0,"Omamori":5,"Burning Blood":0,"Akabeko":28,"SynthV:TestCard":1,"EE1DDrone":0,"testmod-Motorcycle":6,"testmod-Laevatain":12,"Ornamental Fan":13,"Mummified Hand":22,"BionicSphere":6,"HereWithMe":9,"Bag of Marbles":15,"testmod-DeterminationOfClimber":18,"OneHitWonderSystem":0,"testmod-ArcanaOfDestiny":0,"Red Skull":25},{"testmod-TestBox":0,"AT_ATBox":0,"DaveBox":0,"ice":0,"Omamori":18,"Burning Blood":0,"Akabeko":65,"SynthV:TestCard":4,"EE1DDrone":0,"testmod-Motorcycle":21,"testmod-Laevatain":34,"Ornamental Fan":37,"Mummified Hand":57,"BionicSphere":21,"HereWithMe":26,"Bag of Marbles":43,"testmod-DeterminationOfClimber":51,"OneHitWonderSystem":0,"testmod-ArcanaOfDestiny":0,"Red Skull":61}]},"card_choices":[{"not_picked":["Flex","Heavy Blade"],"picked":"Shrug It Off","floor":1.0},{"not_picked":["Wild Strike","Disarm","Spot Weakness","AT_BodySlamDance"],"picked":"AT_IchimonjiDouble","floor":3.0},{"not_picked":["Iron Wave","Havoc","Flame Barrier","Uppercut","Fire Breathing"],"picked":"SKIP","floor":4.0},{"not_picked":["Spot Weakness","Iron Wave","AT_IchimonjiDouble","Thunderclap","Combust"],"picked":"SKIP","floor":5.0},{"not_picked":["Entrench","Havoc","Warcry","Heavy Blade"],"picked":"Evolve","floor":6},{"not_picked":["MostiFishMod:CullingBlade","Power Through","Headbutt","Clothesline"],"picked":"MostiFishMod:DarkDeal","floor":8},{"not_picked":["Evolve","Sword Boomerang","AT_BodySlamDance","Cleave"],"picked":"Pommel Strike","floor":11},{"not_picked":["Pommel Strike","Shrug It Off","Clash","Wild Strike","Dropkick"],"picked":"SKIP","floor":12},{"not_picked":["Reaper","Limit Break","MostiFishMod:HellRitual","MostiFishMod:NewArrival"],"picked":"MostiFishMod:ChineseTea","floor":16},{"not_picked":["Armaments","Havoc","Uppercut","MostiFishMod:#F4004"],"picked":"MostiFishMod:BrandingRite","floor":18},{"not_picked":["Sword Boomerang","Thunderclap","Dual Wield","Cleave"],"picked":"MostiFishMod:RainCloud","floor":19},{"not_picked":["Shrug It Off","Shockwave","Ghostly Armor","Cleave","Wild Strike"],"picked":"SKIP","floor":23},{"not_picked":["Iron Wave","Searing Blow","Disarm","Cleave"],"picked":"Inflame","floor":24},{"not_picked":["Pummel","Whirlwind","True Grit","Anger","Headbutt"],"picked":"SKIP","floor":27},{"not_picked":["Dropkick","Perfected Strike","Berserk","AT_IchimonjiDouble"],"picked":"Second Wind","floor":28},{"not_picked":["Seeing Red","Reckless Charge","Inflame","Shrug It Off","Carnage"],"picked":"SKIP","floor":29},{"not_picked":["Flame Barrier","Iron Wave+1","Ghostly Armor","Sentinel+1","AT_CaressingTears"],"picked":"SKIP","floor":31},{"not_picked":["Barricade","Bludgeon","MostiFishMod:TemporaryOutbreak","MostiFishMod:FireWorks"],"picked":"MostiFishMod:RacingGame","floor":33},{"not_picked":["Anger","Evolve","Headbutt","True Grit","Combust+1"],"picked":"SKIP","floor":35},{"not_picked":["Twin Strike","Uppercut","Sever Soul","Ghostly Armor","True Grit"],"picked":"SKIP","floor":36},{"not_picked":["Cleave","Headbutt","Clash","Dual Wield","Anger"],"picked":"SKIP","floor":38},{"not_picked":["Flex","Bloodletting","Pummel","Seeing Red+1"],"picked":"AT_IchimonjiDouble+1","floor":41},{"not_picked":["Blood for Blood","AT_BodySlamDance","Entrench","Thunderclap"],"picked":"Dark Embrace","floor":44},{"not_picked":["MostiFishMod:ChineseTea","AT_IchimonjiDouble","Wild Strike","Heavy Blade","Anger"],"picked":"SKIP","floor":45},{"not_picked":["AT_IchimonjiDouble+1","Twin Strike+1","Burning Pact+1","Blood for Blood+1"],"picked":"Dual Wield+1","floor":46},{"not_picked":["Battle Trance","Body Slam+1","Evolve","Sentinel","Twin Strike"],"picked":"SKIP","floor":47},{"not_picked":["AT_DrawKnifeCut+1","Havoc+1","Blood for Blood","Clash+1"],"picked":"Exhume","floor":54}],"player_experience":230742,"relics_obtained":[{"floor":1.0,"key":"SynthV:TestCard"},{"floor":6,"key":"Omamori"},{"floor":8,"key":"testmod-Motorcycle"},{"floor":9,"key":"BionicSphere"},{"floor":23,"key":"testmod-Laevatain"},{"floor":26,"key":"Ornamental Fan"},{"floor":28,"key":"Bag of Marbles"},{"floor":41,"key":"Mummified Hand"},{"floor":46,"key":"Red Skull"},{"floor":54,"key":"Akabeko"}],"event_choices":[{"cards_removed":["Strike_R"],"damage_healed":0.0,"max_hp_gain":0.0,"max_hp_loss":0.0,"gold_gain":0.0,"event_name":"Purifier","player_choice":"Purged","floor":2.0,"gold_loss":0.0,"damage_taken":0.0},{"damage_healed":0,"gold_gain":0,"player_choice":"Ignored","damage_taken":0,"max_hp_gain":0,"max_hp_loss":0,"event_name":"Vampires","floor":20,"gold_loss":0},{"cards_removed":["Defend_R"],"damage_healed":0,"gold_gain":0,"player_choice":"Gave Gold","damage_taken":0,"max_hp_gain":0,"max_hp_loss":0,"event_name":"Beggar","floor":21,"gold_loss":75},{"damage_healed":0,"gold_gain":50,"player_choice":"Stole From Cult","damage_taken":0,"max_hp_gain":0,"max_hp_loss":0,"event_name":"Nest","floor":22,"gold_loss":0},{"damage_healed":0,"gold_gain":50,"player_choice":"Pray","damage_taken":0,"max_hp_gain":0,"max_hp_loss":0,"event_name":"Golden Shrine","floor":30,"gold_loss":0},{"damage_healed":0,"gold_gain":0,"player_choice":"Memory 1","damage_taken":0,"max_hp_gain":0,"max_hp_loss":0,"event_name":"SensoryStone","floor":37,"gold_loss":0},{"damage_healed":0,"gold_gain":0,"player_choice":"Ignored","damage_taken":0,"max_hp_gain":0,"max_hp_loss":0,"event_name":"Tomb of Lord Red Mask","floor":48,"gold_loss":0}],"is_beta":false,"boss_relics":[{"not_picked":["testmod-HarvestTotem","Runic Dome"],"picked":"HereWithMe"},{"not_picked":["GreenFoldingFan","Snecko Eye"],"picked":"testmod-DeterminationOfClimber"}],"items_purged_floors":[14,25,39],"is_endless":false,"potions_floor_spawned":[3,6,11,12,16,18,28,29,41,44,45,54],"ascension_level":16}}