{"host":"qwttrqaysb380yri","time":1608985660,"event":{"mods":["BaseMod","Custom Start","Minty Spire (QoL Compilation)","Permanent Neow","Puzzle Mod","Relic Stats","StSLib","The Cursed","The Hierophant"],"gold_per_floor":[13,13,13,28,41,80,29,29,29,29,69,97,132,159,159,248,248,257,207,51,98,98,98,132,132,182,196,235,107,107,141,141,238,238,259,259,259,48,48,85,109,109,109,109,9,53,53,1,1,11,11],"floor_reached":50,"playtime":1546,"items_purged":["hierophant:Strike_Hierophant","Writhe"],"score":1041,"play_id":"bb58ff4b-14da-41f6-9fda-2e53152f728c","local_time":"20201226132740","is_ascension_mode":true,"campfire_choices":[{"floor":10.0,"key":"REST"},{"floor":15.0,"key":"REST"},{"data":"hierophant:Martyrdom","floor":23.0,"key":"SMITH"},{"data":"hierophant:Sermon","floor":25,"key":"SMITH"},{"floor":32,"key":"REST"},{"floor":42,"key":"REST"},{"floor":47,"key":"REST"},{"floor":49,"key":"REST"}],"circlet_count":0,"master_deck":["AscendersBane","hierophant:Strike_Hierophant+1","hierophant:Punish","hierophant:Defend_Hierophant","hierophant:Defend_Hierophant","hierophant:Defend_Hierophant","hierophant:Defend_Hierophant","hierophant:ChurchCoffers","hierophant:SealAway+1","hierophant:OrnateJavelin","hierophant:Sermon+1","hierophant:Martyrdom+1","hierophant:DeathKnell","hierophant:FlamingChariot","hierophant:Zeal","hierophant:Batter","hierophant:Smite","hierophant:Bribe+1","hierophant:MorningPrayer","hierophant:Shelter","hierophant:FaithHealing","hierophant:OrnateBuckler","hierophant:Batter","Apotheosis","hierophant:MorningPrayer","hierophant:Levitation","hierophant:Rebuild","hierophant:Embezzle","hierophant:Encroach","hierophant:MorningPrayer"],"relics":["hierophant:PropheticMaskRelic","CaptainsWheel","Golden Idol","White Beast Statue","Akabeko","Darkstone Periapt","Velvet Choker","Lee\u0027s Waffle","Ancient Tea Set","Juzu Bracelet","Pen Nib","Bronze Scales","Vajra","Sozu","Frozen Egg 2","Omamori","Potion Belt"],"acts_visited":["Exordium","TheCity","TheBeyond"],"potions_floor_usage":[24,28,31,40,50],"damage_taken":[{"damage":4.0,"enemies":"Jaw Worm","floor":1.0,"turns":4.0},{"damage":0.0,"enemies":"2 Louse","floor":4.0,"turns":1.0},{"damage":0.0,"enemies":"Cultist","floor":5.0,"turns":2.0},{"damage":37.0,"enemies":"Lagavulin","floor":6.0,"turns":6.0},{"damage":15.0,"enemies":"3 Sentries","floor":11.0,"turns":5.0},{"damage":0.0,"enemies":"Large Slime","floor":12.0,"turns":3.0},{"damage":11.0,"enemies":"Gremlin Nob","floor":13.0,"turns":4.0},{"damage":0.0,"enemies":"2 Fungi Beasts","floor":14.0,"turns":2.0},{"damage":10.0,"enemies":"Slime Boss","floor":16.0,"turns":4.0},{"damage":17.0,"enemies":"2 Thieves","floor":18.0,"turns":4.0},{"damage":27,"enemies":"Slavers","floor":24,"turns":6},{"damage":11,"enemies":"Shell Parasite","floor":27,"turns":3},{"damage":29,"enemies":"Book of Stabbing","floor":28,"turns":3},{"damage":14,"enemies":"Slavers","floor":31,"turns":4},{"damage":6,"enemies":"Automaton","floor":33,"turns":3},{"damage":4,"enemies":"Orb Walker","floor":35,"turns":3},{"damage":36,"enemies":"Reptomancer","floor":40,"turns":8},{"damage":12,"enemies":"3 Darklings","floor":41,"turns":2},{"damage":10,"enemies":"Spire Growth","floor":44,"turns":6},{"damage":30,"enemies":"Giant Head","floor":46,"turns":9},{"damage":63,"enemies":"Donu and Deca","floor":50,"turns":11}],"seed_played":"8018542833665417988","potions_obtained":[{"floor":5.0,"key":"Energy Potion"},{"floor":11.0,"key":"FairyPotion"},{"floor":12.0,"key":"AttackPotion"},{"floor":13.0,"key":"SteroidPotion"},{"floor":18.0,"key":"Block Potion"},{"floor":24,"key":"SpeedPotion"},{"floor":27,"key":"FearPotion"},{"floor":28,"key":"LiquidMemories"},{"floor":31,"key":"SteroidPotion"},{"floor":33,"key":"Energy Potion"}],"is_trial":false,"path_per_floor":["M","?","?","M","M","E","?","$","T","R","E","M","E","M","R","B",null,"M","?","$","T","?","R","E","R","T","M","E","$","?","E","R","B",null,"M","?","?","$","?","E","M","R","T","M","$","E","R","$","R","B"],"character_chosen":"HIEROPHANT","items_purchased":["Lee\u0027s Waffle","hierophant:MorningPrayer","Apotheosis","hierophant:MorningPrayer","hierophant:MorningPrayer"],"campfire_rested":6,"item_purchase_floors":[20,29,38,38,48],"current_hp_per_floor":[64,64,44,44,44,7,7,7,7,27,12,12,1,1,21,11,54,37,37,75,75,75,75,48,48,48,37,8,8,8,17,39,33,65,61,56,56,56,77,41,29,53,53,43,43,13,37,37,61,0,0],"gold":11,"neow_bonus":"ONE_RARE_RELIC","is_daily":false,"chose_seed":false,"campfire_upgraded":2,"win_rate":0.0,"timestamp":1608985660,"path_taken":["M","?","?","M","M","E","?","?","T","R","E","M","E","M","R","BOSS","M","?","$","?","?","R","E","R","T","M","E","$","?","E","R","BOSS","M","?","?","$","?","E","M","R","T","M","$","E","R","?","R","BOSS"],"items_purchased_type":["Relic","Card","Card","Card","Card"],"build_version":"2020-12-22","purchased_purges":2,"victory":false,"max_hp_per_floor":[75,68,68,68,68,68,68,68,68,68,68,68,68,68,68,68,68,68,68,75,75,75,75,75,75,75,75,75,75,75,75,75,75,75,75,75,75,75,81,81,81,81,81,81,81,81,81,81,81,81,81],"relic_stats":{"Darkstone Periapt":6,"Sozu":4,"Lee\u0027s Waffle":38,"counters":[21,93],"Golden Idol":135,"Bronze Scales":[117],"Pen Nib":[6],"Juzu Bracelet":0,"obtain_stats":[{"Darkstone Periapt":13,"Potion Belt":46,"Lee\u0027s Waffle":20,"Golden Idol":2,"hierophant:PropheticMaskRelic":0,"Velvet Choker":17,"Vajra":31,"Pen Nib":26,"Juzu Bracelet":24,"Omamori":43,"Frozen Egg 2":40,"Ancient Tea Set":21,"White Beast Statue":6,"Akabeko":9,"Sozu":34,"CaptainsWheel":0,"Bronze Scales":28},{"Darkstone Periapt":7,"Potion Belt":20,"Lee\u0027s Waffle":10,"Golden Idol":1,"hierophant:PropheticMaskRelic":0,"Velvet Choker":9,"Vajra":14,"Pen Nib":11,"Juzu Bracelet":11,"Omamori":18,"Frozen Egg 2":17,"Ancient Tea Set":10,"White Beast Statue":4,"Akabeko":4,"Sozu":15,"CaptainsWheel":0,"Bronze Scales":13},{"Darkstone Periapt":25,"Potion Belt":82,"Lee\u0027s Waffle":35,"Golden Idol":4,"hierophant:PropheticMaskRelic":0,"Velvet Choker":31,"Vajra":51,"Pen Nib":41,"Juzu Bracelet":41,"Omamori":67,"Frozen Egg 2":65,"Ancient Tea Set":35,"White Beast Statue":13,"Akabeko":13,"Sozu":54,"CaptainsWheel":0,"Bronze Scales":47}]},"card_choices":[{"not_picked":["hierophant:ArchangelShield","hierophant:Alms"],"picked":"hierophant:SealAway","floor":1.0},{"not_picked":["hierophant:Sermon","hierophant:SolarFlare"],"picked":"hierophant:OrnateJavelin","floor":4.0},{"not_picked":["hierophant:OrnateJavelin","hierophant:Smite"],"picked":"hierophant:Sermon","floor":5.0},{"not_picked":["hierophant:AuricBeam","hierophant:Patience"],"picked":"hierophant:Martyrdom","floor":6.0},{"not_picked":["hierophant:OrnateBuckler","hierophant:Sermon"],"picked":"hierophant:DeathKnell","floor":11.0},{"not_picked":["hierophant:Racketeering","hierophant:HolyVerse"],"picked":"hierophant:FlamingChariot","floor":12.0},{"not_picked":["hierophant:Smite","hierophant:FaithHealing"],"picked":"hierophant:Zeal","floor":13.0},{"not_picked":["hierophant:PassingBell","hierophant:TollTheBells","hierophant:Invocation"],"picked":"SKIP","floor":14.0},{"not_picked":["hierophant:DivineIntervention","hierophant:Cornucopia"],"picked":"hierophant:Batter","floor":16.0},{"not_picked":["hierophant:AuricShield","hierophant:OrnateJavelin","hierophant:HolyVerse"],"picked":"SKIP","floor":18.0},{"not_picked":["hierophant:Repentance","hierophant:MirrorShield"],"picked":"hierophant:Smite","floor":24},{"not_picked":["hierophant:HolyVerse","hierophant:OrnateJavelin"],"picked":"hierophant:Bribe+1","floor":27},{"not_picked":["hierophant:AuricBeam","hierophant:PassingBell","hierophant:RustyCrate"],"picked":"SKIP","floor":28},{"not_picked":["hierophant:Charity","hierophant:EyeForCoin"],"picked":"hierophant:OrnateBuckler","floor":31},{"not_picked":["hierophant:DivineIntervention","hierophant:BulkyChest"],"picked":"hierophant:Batter","floor":33},{"not_picked":["hierophant:AuricBeam+1","hierophant:PristineSoul","hierophant:SealAway+1"],"picked":"SKIP","floor":35},{"not_picked":["hierophant:Alms+1","hierophant:Blessing"],"picked":"hierophant:Levitation","floor":40},{"not_picked":["hierophant:DisplayOfPower","hierophant:CursedGold+1"],"picked":"hierophant:Rebuild","floor":41},{"not_picked":["hierophant:RepressedViolence","hierophant:CoinFling+1"],"picked":"hierophant:Embezzle","floor":44},{"not_picked":["hierophant:Alms+1","hierophant:OrnateJavelin"],"picked":"hierophant:Encroach","floor":46}],"player_experience":1950269,"relics_obtained":[{"floor":6.0,"key":"White Beast Statue"},{"floor":9.0,"key":"Akabeko"},{"floor":13.0,"key":"Darkstone Periapt"},{"floor":21.0,"key":"Ancient Tea Set"},{"floor":24,"key":"Juzu Bracelet"},{"floor":26,"key":"Pen Nib"},{"floor":28,"key":"Bronze Scales"},{"floor":31,"key":"Vajra"},{"floor":40,"key":"Frozen Egg 2"},{"floor":43,"key":"Omamori"},{"floor":46,"key":"Potion Belt"}],"event_choices":[{"damage_healed":0.0,"max_hp_gain":0.0,"max_hp_loss":7.0,"gold_gain":0.0,"event_name":"Golden Idol","player_choice":"Lose Max HP","floor":2.0,"gold_loss":0.0,"damage_taken":0.0,"relics_obtained":["Golden Idol"]},{"damage_healed":0.0,"max_hp_gain":0.0,"max_hp_loss":0.0,"gold_gain":0.0,"event_name":"Shining Light","player_choice":"Entered Light","floor":3.0,"gold_loss":0.0,"damage_taken":20.0,"cards_upgraded":["hierophant:Strike_Hierophant","hierophant:SealAway"]},{"damage_healed":0.0,"max_hp_gain":0.0,"max_hp_loss":0.0,"gold_gain":0.0,"event_name":"World of Goop","player_choice":"Left Gold","floor":7.0,"gold_loss":51.0,"damage_taken":0.0},{"damage_healed":0.0,"max_hp_gain":0.0,"max_hp_loss":0.0,"gold_gain":0.0,"event_name":"The Joust","player_choice":"Bet on Murderer","floor":19.0,"gold_loss":50.0,"damage_taken":0.0},{"damage_healed":0.0,"max_hp_gain":0.0,"max_hp_loss":0.0,"gold_gain":0.0,"event_name":"Ghosts","player_choice":"Ignored","floor":22.0,"gold_loss":0.0,"damage_taken":0.0},{"damage_healed":0,"gold_gain":0,"cards_transformed":["hierophant:Strike_Hierophant","hierophant:Strike_Hierophant"],"player_choice":"Became Test Subject","damage_taken":0,"max_hp_gain":0,"max_hp_loss":0,"event_name":"Drug Dealer","floor":30,"gold_loss":0,"cards_obtained":["hierophant:Shelter","hierophant:FaithHealing"]},{"damage_healed":0,"gold_gain":0,"player_choice":"Memory 2","damage_taken":5,"max_hp_gain":0,"max_hp_loss":0,"event_name":"SensoryStone","floor":36,"gold_loss":0},{"damage_healed":0,"gold_gain":0,"player_choice":"Ignored","damage_taken":0,"max_hp_gain":0,"max_hp_loss":0,"event_name":"Tomb of Lord Red Mask","floor":37,"gold_loss":0},{"damage_healed":15,"gold_gain":0,"player_choice":"Writhe","damage_taken":0,"max_hp_gain":0,"max_hp_loss":0,"event_name":"Winding Halls","floor":39,"gold_loss":0,"cards_obtained":["Writhe"]}],"is_beta":false,"boss_relics":[{"not_picked":["Black Star","SacredBark"],"picked":"Velvet Choker"},{"not_picked":["Snecko Eye","Fusion Hammer"],"picked":"Sozu"}],"items_purged_floors":[29,45],"is_endless":false,"potions_floor_spawned":[5,11,12,13,14,16,18,24,27,28,31,33,35,40,41,44,46],"killed_by":"Donu and Deca","ascension_level":15}}