{"host":"uyrebrj0204enqpc","time":1608961929,"event":{"mods":["Act Like it!","Bard","BaseMod","Block Reminder","Challenge The Spire","Colored Map","Colored Powertips","DeckTracker","Downfall","GifTheSpireLib","HexUI Lib","Highlight Path","Hubris","Minty Spire (QoL Compilation)","Pale of the Ancients","Quick Restart","Random Character Button","Relic Stats","Replay The Spire","Shop Mod","StSLib","The Blue Laboratory","The Bug Knight","The Cursed","The Marked"],"gold_per_floor":[115,190,190,190,202,202,234,234,234,246,261,288,288,304,304,304,304],"floor_reached":16,"playtime":688,"items_purged":[],"score":116,"play_id":"299053e3-6bee-441d-b489-fec080ade565","local_time":"20201226005209","is_ascension_mode":true,"campfire_choices":[{"data":"TheCursedMod:FleshFromBone","floor":6,"key":"SMITH"},{"data":"TheCursedMod:CleanUpWorkshop","floor":8,"key":"SMITH"},{"data":"TheCursedMod:CursedAmulet","floor":15,"key":"SMITH"}],"circlet_count":0,"master_deck":["TheCursedMod:Strike_TheCursed","TheCursedMod:Strike_TheCursed","TheCursedMod:Strike_TheCursed","TheCursedMod:Strike_TheCursed","TheCursedMod:Defend_TheCursed","TheCursedMod:Defend_TheCursed","TheCursedMod:Defend_TheCursed","TheCursedMod:Defend_TheCursed","TheCursedMod:CursedWand","TheCursedMod:CleanUpWorkshop+1","TheCursedMod:Dregs","TheCursedMod:FleshFromBone+1","Regret","TheCursedMod:TroublousMinions","TheCursedMod:CursedAmulet+1","TheCursedMod:TroublousMinions"],"relics":["TheCursedMod:BlackMagic101","CaptainsWheel","hubris:BundleOfHerbs","Ornamental Fan","Potion Belt","TheCursedMod:CrystalBall","hubris:Potato"],"acts_visited":["Exordium"],"potions_floor_usage":[7,16,16],"damage_taken":[{"damage":1,"enemies":"2 Louse","floor":1,"turns":3},{"damage":0,"enemies":"Small Slimes","floor":5,"turns":4},{"damage":4,"enemies":"Lagavulin","floor":7,"turns":16},{"damage":0,"enemies":"Jaw Worm","floor":10,"turns":3},{"damage":4,"enemies":"Looter","floor":11,"turns":3},{"damage":18,"enemies":"3 Sentries","floor":12,"turns":14},{"damage":0,"enemies":"Gremlin Gang","floor":14,"turns":5},{"damage":17,"enemies":"Fading Forest","floor":16,"turns":6}],"seed_played":"-4265591522041723421","potions_obtained":[{"floor":5,"key":"TheCursedMod:DregsPotion"},{"floor":10,"key":"SteroidPotion"},{"floor":11,"key":"blueLaboratory:BottleOfRum"},{"floor":14,"key":"Strength Potion"}],"is_trial":false,"path_per_floor":["M","?","?","T","M","R","E","R","T","M","M","E","?","M","R","B"],"character_chosen":"THE_CURSED","items_purchased":[],"campfire_rested":0,"item_purchase_floors":[],"current_hp_per_floor":[53,42,42,42,42,42,38,38,38,38,34,16,16,16,16,0,0],"gold":304,"neow_bonus":"ONE_RARE_RELIC","is_daily":false,"chose_seed":false,"campfire_upgraded":3,"win_rate":0.0,"timestamp":1608961929,"path_taken":["M","?","?","?","M","R","E","R","T","M","M","E","?","M","R","BOSS"],"items_purchased_type":[],"build_version":"2020-12-22","purchased_purges":0,"victory":false,"max_hp_per_floor":[75,75,75,75,75,75,75,75,75,75,75,75,75,75,75,75,75],"relic_stats":{"counters":[8,54],"Ornamental Fan":[20],"obtain_stats":[{"Potion Belt":7,"TheCursedMod:BlackMagic101":0,"CaptainsWheel":0,"Ornamental Fan":4,"TheCursedMod:CrystalBall":9,"hubris:BundleOfHerbs":3,"hubris:Potato":12},{"Potion Belt":3,"TheCursedMod:BlackMagic101":0,"CaptainsWheel":0,"Ornamental Fan":1,"TheCursedMod:CrystalBall":3,"hubris:BundleOfHerbs":1,"hubris:Potato":6},{"Potion Belt":23,"TheCursedMod:BlackMagic101":0,"CaptainsWheel":0,"Ornamental Fan":3,"TheCursedMod:CrystalBall":23,"hubris:BundleOfHerbs":3,"hubris:Potato":43}]},"card_choices":[{"not_picked":["TheCursedMod:Stigma","TheCursedMod:DoubleShield"],"picked":"TheCursedMod:FleshFromBone","floor":1},{"not_picked":["TheCursedMod:Stigma","TheCursedMod:Hemoplague","TheCursedMod:CircleOfFlame"],"picked":"SKIP","floor":5},{"not_picked":["TheCursedMod:ManaBullet","TheCursedMod:CursedMace"],"picked":"TheCursedMod:TroublousMinions","floor":7},{"not_picked":["TheCursedMod:Mangle","TheCursedMod:RavingStaff","TheCursedMod:SurpriseAttack"],"picked":"SKIP","floor":10},{"not_picked":["TheCursedMod:RavingStaff","TheCursedMod:CircleOfFocus","TheCursedMod:EmpowerCircles"],"picked":"SKIP","floor":11},{"not_picked":["TheCursedMod:CircleOfFlame","TheCursedMod:ReleasedKnowledge"],"picked":"TheCursedMod:CursedAmulet","floor":12},{"not_picked":["TheCursedMod:CircleOfCorruption","TheCursedMod:Torture"],"picked":"TheCursedMod:TroublousMinions","floor":14}],"player_experience":921087,"relics_obtained":[{"floor":4,"key":"Ornamental Fan"},{"floor":7,"key":"Potion Belt"},{"floor":9,"key":"TheCursedMod:CrystalBall"},{"floor":12,"key":"hubris:Potato"}],"event_choices":[{"damage_healed":0,"gold_gain":75,"player_choice":"Gather Gold","damage_taken":11,"max_hp_gain":0,"max_hp_loss":0,"event_name":"World of Goop","floor":2,"gold_loss":0},{"damage_healed":0,"gold_gain":0,"player_choice":"Box","damage_taken":0,"relics_obtained":["hubris:BundleOfHerbs"],"max_hp_gain":0,"max_hp_loss":0,"event_name":"Big Fish","floor":3,"gold_loss":0,"cards_obtained":["Regret"]},{"damage_healed":0,"gold_gain":0,"player_choice":"Ignored","damage_taken":0,"max_hp_gain":0,"max_hp_loss":0,"event_name":"Fountain of Cleansing","floor":13,"gold_loss":0}],"is_beta":false,"boss_relics":[],"items_purged_floors":[],"is_endless":false,"potions_floor_spawned":[5,10,11,14],"killed_by":"Fading Forest","ascension_level":1}}