{"host":"6ld56ls1xbe0aj21","time":1608977771,"event":{"mods":["AchievementEnabler","BaseMod","Colored Powertips","Minty Spire (QoL Compilation)","Quick Restart","Rare Cards Sparkle","StSLib","SuperFastMode","everything is the same but u backflip on backflip","slay the spire mod where everything is the same but ironclad has a cowboy hat"],"gold_per_floor":[115,168,168,243,418,418,438,470,497,526,545,12,12,12,12,138,138,154,173,173,173],"floor_reached":20,"playtime":850,"items_purged":["Doubt"],"score":308,"play_id":"72eaf9b0-efa8-4bfe-b317-b0be9e5fac0f","local_time":"20201226211611","is_ascension_mode":true,"campfire_choices":[{"data":"Eruption","floor":6.0,"key":"SMITH"},{"floor":15.0,"key":"REST"}],"circlet_count":0,"master_deck":["AscendersBane","Strike_P","Strike_P","Strike_P","Strike_P","Defend_P","Defend_P","Defend_P","Defend_P","Eruption+1","Vigilance","Nirvana","InnerPeace","LikeWater","JustLucky","JustLucky","Wireheading","Mayhem+1","ConjureBlade","Halt"],"relics":["PureWater","NeowsBlessing","Bag of Marbles","TeardropLocket","Happy Flower","Centennial Puzzle","Bag of Preparation","Letter Opener","Golden Idol","Runic Pyramid"],"acts_visited":["Exordium","TheCity"],"potions_floor_usage":[19],"damage_taken":[{"damage":0.0,"enemies":"Cultist","floor":1.0,"turns":1.0},{"damage":0.0,"enemies":"Jaw Worm","floor":7.0,"turns":1.0},{"damage":0.0,"enemies":"3 Sentries","floor":8.0,"turns":1.0},{"damage":28.0,"enemies":"Lagavulin","floor":10.0,"turns":8.0},{"damage":0.0,"enemies":"Small Slimes","floor":11.0,"turns":3.0},{"damage":24.0,"enemies":"Hexaghost","floor":16.0,"turns":16.0},{"damage":29,"enemies":"2 Thieves","floor":18,"turns":4},{"damage":4,"enemies":"Shell Parasite","floor":19,"turns":4},{"damage":19,"enemies":"Snecko","floor":20,"turns":4}],"seed_played":"-7379318865989419369","potions_obtained":[{"floor":1.0,"key":"LiquidMemories"},{"floor":11.0,"key":"SneckoOil"},{"floor":18,"key":"BottledMiracle"}],"is_trial":false,"path_per_floor":["M","T","?","?","?","R","M","E","T","E","M","$","?","?","R","B",null,"M","M","M"],"character_chosen":"WATCHER","items_purchased":["Wireheading","Letter Opener","Mayhem"],"campfire_rested":1,"item_purchase_floors":[12,12,12],"current_hp_per_floor":[65,65,58,47,47,47,47,47,47,19,19,19,19,19,39,15,54,25,21,2,2],"gold":173,"neow_bonus":"THREE_ENEMY_KILL","is_daily":false,"chose_seed":false,"campfire_upgraded":1,"win_rate":0.0,"timestamp":1608977771,"path_taken":["M","?","?","?","?","R","M","E","T","E","M","$","?","?","R","BOSS","M","M","?"],"items_purchased_type":["Card","Relic","Card"],"build_version":"2020-12-22","purchased_purges":1,"victory":false,"max_hp_per_floor":[72,72,72,72,72,72,72,72,72,72,72,72,67,67,67,67,67,67,67,67,67],"card_choices":[{"not_picked":["Worship","PathToVictory"],"picked":"Nirvana","floor":1.0},{"not_picked":["ThirdEye","ForeignInfluence"],"picked":"InnerPeace","floor":7.0},{"not_picked":["Protect","WheelKick"],"picked":"LikeWater","floor":8.0},{"not_picked":["Nirvana","EmptyBody"],"picked":"JustLucky","floor":10.0},{"not_picked":["WindmillStrike","SashWhip"],"picked":"JustLucky","floor":11.0},{"not_picked":["MasterReality","Establishment"],"picked":"ConjureBlade","floor":16.0},{"not_picked":["Prostrate","JustLucky"],"picked":"Halt","floor":18},{"not_picked":["EmptyBody","Crescendo","WaveOfTheHand"],"picked":"SKIP","floor":19}],"player_experience":263279,"relics_obtained":[{"floor":2.0,"key":"Bag of Marbles"},{"floor":8.0,"key":"Happy Flower"},{"floor":9.0,"key":"Centennial Puzzle"},{"floor":10.0,"key":"Bag of Preparation"}],"event_choices":[{"damage_healed":0.0,"max_hp_gain":0.0,"max_hp_loss":0.0,"gold_gain":0.0,"event_name":"Scrap Ooze","player_choice":"Success","floor":3.0,"gold_loss":0.0,"damage_taken":7.0,"relics_obtained":["TeardropLocket"]},{"damage_healed":0.0,"max_hp_gain":0.0,"max_hp_loss":0.0,"gold_gain":75.0,"event_name":"World of Goop","player_choice":"Gather Gold","floor":4.0,"gold_loss":0.0,"damage_taken":11.0},{"damage_healed":0.0,"max_hp_gain":0.0,"max_hp_loss":0.0,"gold_gain":175.0,"event_name":"Liars Game","player_choice":"AGREE","floor":5.0,"gold_loss":0.0,"damage_taken":0.0,"cards_obtained":["Doubt"]},{"damage_healed":0.0,"max_hp_gain":0.0,"max_hp_loss":5.0,"gold_gain":0.0,"event_name":"Golden Idol","player_choice":"Lose Max HP","floor":13.0,"gold_loss":0.0,"damage_taken":0.0,"relics_obtained":["Golden Idol"]},{"damage_healed":0.0,"max_hp_gain":0.0,"max_hp_loss":0.0,"gold_gain":0.0,"event_name":"Upgrade Shrine","player_choice":"Upgraded","floor":14.0,"gold_loss":0.0,"damage_taken":0.0,"cards_upgraded":["Mayhem"]}],"is_beta":false,"boss_relics":[{"not_picked":["VioletLotus","Ectoplasm"],"picked":"Runic Pyramid"}],"items_purged_floors":[12],"is_endless":false,"potions_floor_spawned":[1,11,18],"killed_by":"Snecko","ascension_level":10}}