{"host":"lvhfn8l5bvc4nolx","time":1608980548,"event":{"mods":["AchievementEnabler","BaseMod","Colored Map","Keyboard Shortcuts","Minty Spire (QoL Compilation)","Permanent Neow","Quick Restart","SuperFastMode"],"gold_per_floor":[111,286,302,319,175,175,125,152,178,178,198,198,210,225,225,225,225],"floor_reached":16,"playtime":531,"items_purged":["Doubt"],"score":184,"play_id":"f049dd94-fde6-45d8-b239-bd5cdfc16789","local_time":"20201226200228","is_ascension_mode":true,"campfire_choices":[{"data":"Entrench","floor":6,"key":"SMITH"},{"data":"Barricade","floor":12,"key":"SMITH"},{"data":"Flame Barrier","floor":15,"key":"SMITH"}],"circlet_count":0,"master_deck":["Strike_R","Strike_R","Strike_R","Strike_R","Defend_R","Defend_R","Defend_R","Defend_R","Bash","Barricade+1","Entrench+1","Shrug It Off","Flame Barrier+1","True Grit","Offering+1","Perfected Strike"],"relics":["Burning Blood","PreservedInsect","Toy Ornithopter","Toxic Egg 2"],"acts_visited":["Exordium"],"potions_floor_usage":[8],"damage_taken":[{"damage":12,"enemies":"Small Slimes","floor":1,"turns":4},{"damage":19,"enemies":"Cultist","floor":3,"turns":5},{"damage":14,"enemies":"Jaw Worm","floor":4,"turns":6},{"damage":37,"enemies":"3 Sentries","floor":8,"turns":10},{"damage":3,"enemies":"Red Slaver","floor":11,"turns":7},{"damage":7,"enemies":"Large Slime","floor":13,"turns":24},{"damage":10,"enemies":"3 Louse","floor":14,"turns":8},{"damage":12,"enemies":"Hexaghost","floor":16,"turns":4}],"seed_played":"5750349721502754772","potions_obtained":[{"floor":3,"key":"DuplicationPotion"},{"floor":4,"key":"Weak Potion"},{"floor":13,"key":"SteroidPotion"}],"is_trial":false,"path_per_floor":["M","?","M","M","$","R","?","E","T","?","M","R","M","M","R","B"],"character_chosen":"IRONCLAD","items_purchased":["Flame Barrier"],"campfire_rested":0,"item_purchase_floors":[5],"current_hp_per_floor":[66,66,53,45,45,45,45,14,14,14,17,17,16,12,12,0,0],"gold":225,"neow_bonus":"THREE_RARE_CARDS","is_daily":false,"chose_seed":false,"campfire_upgraded":3,"win_rate":0.0,"timestamp":1608980548,"path_taken":["M","?","M","M","$","R","?","E","T","?","?","R","M","M","R","BOSS"],"items_purchased_type":["Card"],"build_version":"2020-12-22","purchased_purges":1,"victory":false,"max_hp_per_floor":[72,72,72,72,72,72,72,72,72,72,72,72,72,72,72,72,72],"card_choices":[{"not_picked":["Exhume","Reaper"],"picked":"Barricade","floor":0},{"not_picked":["Flex","Cleave"],"picked":"Entrench","floor":1},{"not_picked":["Heavy Blade","Spot Weakness"],"picked":"Shrug It Off","floor":3},{"not_picked":["Searing Blow","Havoc","Inflame"],"picked":"SKIP","floor":4},{"not_picked":["Dropkick","Perfected Strike"],"picked":"True Grit","floor":8},{"not_picked":["Dropkick","Wild Strike","Sword Boomerang"],"picked":"SKIP","floor":11},{"not_picked":["Cleave","Iron Wave"],"picked":"Offering+1","floor":13},{"not_picked":["Havoc+1","Intimidate+1"],"picked":"Perfected Strike","floor":14}],"player_experience":334033,"relics_obtained":[{"floor":8,"key":"PreservedInsect"},{"floor":9,"key":"Toy Ornithopter"}],"event_choices":[{"damage_healed":0,"gold_gain":175,"player_choice":"AGREE","damage_taken":0,"max_hp_gain":0,"max_hp_loss":0,"event_name":"Liars Game","floor":2,"gold_loss":0,"cards_obtained":["Doubt"]},{"cards_removed":["Strike_R"],"damage_healed":0,"gold_gain":0,"player_choice":"Card Removal","damage_taken":0,"max_hp_gain":0,"max_hp_loss":0,"event_name":"The Cleric","floor":7,"gold_loss":50},{"damage_healed":0,"gold_gain":0,"player_choice":"Gave Potion","damage_taken":0,"relics_obtained":["Toxic Egg 2"],"max_hp_gain":0,"max_hp_loss":0,"event_name":"WeMeetAgain","floor":10,"gold_loss":0}],"is_beta":false,"boss_relics":[],"items_purged_floors":[5],"is_endless":false,"potions_floor_spawned":[3,4,13],"killed_by":"Hexaghost","ascension_level":9}}