{"host":"627up2rvtmm0cf0r","time":1608987736,"event":{"mods":["ATMod(°¢èªMod)","Act Like it!","BaseMod","Better Vampires","CapriCore","Card Filter","Card Forge","Colored Powertips","DeckTracker","Dota2Spire","Friendly Minions","Highlight Path","Infinite Spire","Marked Mod","Mimic Mod","Minty Spire (QoL Compilation)","MostiFishMod","Permanent Neow","Practice Mode","Quick Restart","Relic Stats","Shop Mod","Spicy Shops","StSLib","SuperFastMode","TestMod","¡¾ÒÅÎï¿¨ÅÆ¡¿REMEMod","²ÐÁôÖ®Îï","óô»ðÖ¸ÄÏ"],"gold_per_floor":[367,381,401,106,106,146,221,256,326,326,365,365,378,418,318,449,449,462,485,74,115,178,288,288,397,397,397,512,582,582,672,672,875,875,974,1118,1118,1132,1228,1362,1695,645,700,732,756,812,812,914,914,939,939,387,110,194,249],"floor_reached":56,"playtime":1913,"items_purged":["Strike_P","Strike_P","Strike_P","Defend_P","Defend_P","Defend_P"],"score":2890,"play_id":"6879c974-9e78-43a9-bfb3-c9a264263e98","local_time":"20201226210216","is_ascension_mode":true,"campfire_choices":[{"data":"AT_RealColorLess","floor":12.0,"key":"SMITH"},{"data":"Discovery","floor":27.0,"key":"SMITH"},{"data":"REME_Repentance","floor":32.0,"key":"SMITH"},{"floor":49,"key":"RECALL"}],"circlet_count":0,"master_deck":["AscendersBane","Defend_P","AT_RealColorLess+1","DeusExMachina","Weave+1","CrushJoints+1","Perseverance+1","Discovery+1","REME_Repentance+1","Sadistic Nature","REME_AllRoundStrike"],"relics":["Dota2Spire:Vanguard","Nunchaku","SynthV","NlothsMask","infinitespire:DarkRift","Dota2Spire:ShadowBlade","Astrolabe","MetatronsCube","PlaceholderMod:SoulofChaos","Charon\u0027s Ashes","EGODaCapo","infinitespire:Chaos","ChiLing","Chi","Ling","testmod-LifeArmor","Dota2Spire:UrnOfShadows","Dota2Spire:BladeMail","infinitespire:Beetle Shell","testmod-SaigiyounoYou","AT_MibuBalloonWealth","AT_TimeSand","infinitespire:BottledMercury","testmod-BlackFramedGlasses","testmod-Prudence","AT_BladeRuinedKing","OrangePellets","Dota2Spire:MonkeyKingBar","AT_BellDemon","testmod-InjuryResistance","testmod-Antiphasic","PreservedInsect","SynthV:C4","Yang","AT_LudenTempest","StrikeDummy","Pen Nib","testmod-CrystalShield","testmod-Muramasa","Dota2Spire:PhaseBoots","AT_SunfireAegis","Dota2Spire:HandOfMidas"],"acts_visited":["Exordium","TheCity","TheBeyond","TheEnding"],"potions_floor_usage":[],"damage_taken":[{"damage":0.0,"enemies":"2 Louse","floor":1.0,"turns":2.0},{"damage":0.0,"enemies":"Jaw Worm","floor":2.0,"turns":3.0},{"damage":13.0,"enemies":"Small Slimes","floor":3.0,"turns":5.0},{"damage":3.0,"enemies":"Gremlin Nob","floor":6.0,"turns":2.0},{"damage":2.0,"enemies":"3 Sentries","floor":8.0,"turns":2.0},{"damage":2.0,"enemies":"3 Louse","floor":9.0,"turns":3.0},{"damage":3.0,"enemies":"Gremlin Nob","floor":11.0,"turns":2.0},{"damage":1.0,"enemies":"3 Louse","floor":13.0,"turns":1.0},{"damage":3.0,"enemies":"Lagavulin","floor":14.0,"turns":3.0},{"damage":3.0,"enemies":"Slime Boss","floor":16.0,"turns":3.0},{"damage":3.0,"enemies":"Spheric Guardian","floor":18.0,"turns":1.0},{"damage":2.0,"enemies":"3 Byrds","floor":19.0,"turns":1.0},{"damage":3.0,"enemies":"Snecko","floor":21.0,"turns":2.0},{"damage":10.0,"enemies":"Centurion and Healer","floor":22.0,"turns":2.0},{"damage":8.0,"enemies":"Gremlin Leader","floor":23.0,"turns":5.0},{"damage":15.0,"enemies":"Slavers","floor":25.0,"turns":2.0},{"damage":2.0,"enemies":"Gremlin Leader","floor":28.0,"turns":3.0},{"damage":3.0,"enemies":"Cultist and Chosen","floor":29.0,"turns":2.0},{"damage":2.0,"enemies":"3 Cultists","floor":31.0,"turns":2.0},{"damage":3.0,"enemies":"Automaton","floor":33.0,"turns":5.0},{"damage":2.0,"enemies":"3 Shapes","floor":35.0,"turns":1.0},{"damage":2.0,"enemies":"3 Darklings","floor":36.0,"turns":1.0},{"damage":3.0,"enemies":"Transient","floor":38.0,"turns":2.0},{"damage":2.0,"enemies":"Jaw Worm Horde","floor":39.0,"turns":1.0},{"damage":3.0,"enemies":"Reptomancer","floor":40.0,"turns":2.0},{"damage":2.0,"enemies":"Giant Head","floor":44.0,"turns":2.0},{"damage":13.0,"enemies":"Nemesis","floor":46.0,"turns":2.0},{"damage":1.0,"enemies":"Reptomancer","floor":48.0,"turns":2.0},{"damage":24,"enemies":"Time Eater","floor":50,"turns":4},{"damage":1,"enemies":"Shield and Spear","floor":54,"turns":1},{"damage":3,"enemies":"The Heart","floor":55,"turns":3}],"seed_played":"-2601600964485964246","potions_obtained":[{"floor":2.0,"key":"LiquidBronze"},{"floor":16.0,"key":"infinitespire:BlackPotion"},{"floor":22.0,"key":"testmod-SpacePotion"},{"floor":29.0,"key":"testmod-TestPotion"},{"floor":31.0,"key":"Dota2Spire:Clarity"}],"is_trial":false,"path_per_floor":["M","M","M","$","?","E","?","E","MIM","?","E","R","M","E","R","B",null,"M","M","$","M","M","E","?","E","T","R","E","M","?","M","R","B",null,"M","M","?","M","M","E","?","$","T","E","T","E","?","E","R","B",null,"R","$","E","B",null],"character_chosen":"WATCHER","items_purchased":["infinitespire:Chaos","ChiLing","Discovery","AT_MibuBalloonWealth","OrangePellets","Dota2Spire:MonkeyKingBar","AT_BellDemon","testmod-InjuryResistance","testmod-CrystalShield","testmod-Muramasa","Dota2Spire:PhaseBoots"],"campfire_rested":0,"item_purchase_floors":[4,4,20,20,42,42,42,42,52,52,53],"current_hp_per_floor":[65,65,55,55,41,38,30,28,26,22,19,19,18,15,15,12,59,56,54,54,57,53,65,68,55,55,55,68,72,75,80,80,83,83,81,81,84,88,87,89,92,95,95,95,98,98,92,97,97,96,100,100,100,101,101],"gold":249,"neow_bonus":"TWO_FIFTY_GOLD","is_daily":false,"chose_seed":false,"campfire_upgraded":3,"win_rate":0.0,"timestamp":1608987736,"path_taken":["M","M","M","$","?","E","?","E","MIM","?","E","R","M","E","R","BOSS","M","M","$","M","?","E","?","E","T","R","E","M","?","M","R","BOSS","M","M","?","?","M","E","?","?","T","E","?","E","?","E","R","BOSS","R","$","E","BOSS"],"items_purchased_type":["Relic","Relic","Card","Relic","Relic","Relic","Relic","Relic","Relic","Relic","Relic"],"build_version":"2020-12-22","purchased_purges":6,"victory":true,"max_hp_per_floor":[65,65,65,65,68,68,71,71,71,74,74,74,74,74,74,74,74,74,74,74,74,77,77,80,80,80,80,80,80,83,83,83,83,83,83,83,86,89,89,89,92,95,95,95,98,98,101,101,101,101,101,101,101,101,101],"relic_stats":{"OrangePellets":[6],"Nunchaku":[16],"counters":[31,72],"Astrolabe":["Weave","CrushJoints","Perseverance"],"Yang":[37],"Charon\u0027s Ashes":[981],"PreservedInsect":187,"Pen Nib":[3],"obtain_stats":[{"infinitespire:BottledMercury":25,"AT_ATBox":0,"Chi":4,"AT_MibuBalloonWealth":20,"Hammer of Thor":0,"Dota2Spire:ShadowBlade":4,"testmod-LifeArmor":6,"AT_TimeSand":23,"testmod-BlackFramedGlasses":26,"testmod-Prudence":34,"testmod-ChristmasGift":0,"Dota2Spire:HandOfMidas":54,"testmod-TestBox":0,"Dota2Spire:UrnOfShadows":8,"Astrolabe":4,"Charon\u0027s Ashes":4,"infinitespire:Beetle Shell":14,"Pen Nib":48,"testmod-SaigiyounoYou":17,"OrangePellets":42,"Ling":4,"AT_LudenTempest":46,"Anvil of the Gods":0,"EGODaCapo":4,"PlaceholderMod:SoulofChaos":4,"Dota2Spire:MonkeyKingBar":42,"StrikeDummy":48,"NlothsMask":4,"MetatronsCube":4,"ChiLing":4,"Dota2Spire:PhaseBoots":53,"AT_BellDemon":42,"DaveBox":0,"SynthV":4,"Yang":46,"Dota2Spire:Vanguard":4,"SynthV:C4":44,"Nunchaku":4,"testmod-CrystalShield":52,"testmod-InjuryResistance":42,"Dota2Spire:BladeMail":11,"Chemical X":0,"infinitespire:Chaos":4,"testmod-Muramasa":52,"Golden Idol":5,"infinitespire:EmptyRelic":4,"AT_BladeRuinedKing":40,"PreservedInsect":44,"Seething Fire":0,"testmod-Antiphasic":43,"infinitespire:DarkRift":4,"SynthV:TestCard":1,"PureWater":0,"AT_SunfireAegis":54,"REME_ComplimentaryCards":0},{"infinitespire:BottledMercury":16,"AT_ATBox":0,"Chi":3,"AT_MibuBalloonWealth":12,"Hammer of Thor":0,"Dota2Spire:ShadowBlade":3,"testmod-LifeArmor":4,"AT_TimeSand":15,"testmod-BlackFramedGlasses":16,"testmod-Prudence":20,"testmod-ChristmasGift":0,"Dota2Spire:HandOfMidas":30,"testmod-TestBox":0,"Dota2Spire:UrnOfShadows":5,"Astrolabe":3,"Charon\u0027s Ashes":3,"infinitespire:Beetle Shell":9,"Pen Nib":28,"testmod-SaigiyounoYou":10,"OrangePellets":25,"Ling":3,"AT_LudenTempest":27,"Anvil of the Gods":0,"EGODaCapo":3,"PlaceholderMod:SoulofChaos":3,"Dota2Spire:MonkeyKingBar":25,"StrikeDummy":28,"NlothsMask":3,"MetatronsCube":3,"ChiLing":3,"Dota2Spire:PhaseBoots":29,"AT_BellDemon":25,"DaveBox":0,"SynthV":3,"Yang":27,"Dota2Spire:Vanguard":3,"SynthV:C4":26,"Nunchaku":3,"testmod-CrystalShield":29,"testmod-InjuryResistance":25,"Dota2Spire:BladeMail":7,"Chemical X":0,"infinitespire:Chaos":3,"testmod-Muramasa":29,"Golden Idol":3,"infinitespire:EmptyRelic":3,"AT_BladeRuinedKing":25,"PreservedInsect":26,"Seething Fire":0,"testmod-Antiphasic":25,"infinitespire:DarkRift":3,"SynthV:TestCard":1,"PureWater":0,"AT_SunfireAegis":30,"REME_ComplimentaryCards":0},{"infinitespire:BottledMercury":39,"AT_ATBox":0,"Chi":10,"AT_MibuBalloonWealth":28,"Hammer of Thor":0,"Dota2Spire:ShadowBlade":10,"testmod-LifeArmor":12,"AT_TimeSand":37,"testmod-BlackFramedGlasses":39,"testmod-Prudence":51,"testmod-ChristmasGift":0,"Dota2Spire:HandOfMidas":69,"testmod-TestBox":0,"Dota2Spire:UrnOfShadows":14,"Astrolabe":10,"Charon\u0027s Ashes":10,"infinitespire:Beetle Shell":23,"Pen Nib":64,"testmod-SaigiyounoYou":26,"OrangePellets":58,"Ling":10,"AT_LudenTempest":62,"Anvil of the Gods":0,"EGODaCapo":10,"PlaceholderMod:SoulofChaos":10,"Dota2Spire:MonkeyKingBar":58,"StrikeDummy":64,"NlothsMask":10,"MetatronsCube":10,"ChiLing":10,"Dota2Spire:PhaseBoots":68,"AT_BellDemon":58,"DaveBox":0,"SynthV":10,"Yang":62,"Dota2Spire:Vanguard":10,"SynthV:C4":60,"Nunchaku":10,"testmod-CrystalShield":68,"testmod-InjuryResistance":58,"Dota2Spire:BladeMail":19,"Chemical X":0,"infinitespire:Chaos":10,"testmod-Muramasa":68,"Golden Idol":10,"infinitespire:EmptyRelic":10,"AT_BladeRuinedKing":58,"PreservedInsect":60,"Seething Fire":0,"testmod-Antiphasic":58,"infinitespire:DarkRift":10,"SynthV:TestCard":2,"PureWater":0,"AT_SunfireAegis":69,"REME_ComplimentaryCards":0}]},"card_choices":[{"not_picked":["MarkedMod:GentlePulse","Tantrum","Halt"],"picked":"SKIP","floor":1.0},{"not_picked":["MarkedMod:GentlePulse","Tantrum","Halt"],"picked":"SKIP","floor":1.0},{"not_picked":["FearNoEvil","Tantrum","CrushJoints","AT_SoftenMuscles","Crescendo"],"picked":"SKIP","floor":2.0},{"not_picked":["JustLucky","ThirdEye","EmptyFist","Worship","MostiFishMod:LegendTransform"],"picked":"SKIP","floor":3.0},{"not_picked":["Crescendo","TalkToTheHand","WaveOfTheHand"],"picked":"SKIP","floor":6.0},{"not_picked":["Adaptation","CarveReality","Consecrate"],"picked":"SKIP","floor":8.0},{"not_picked":["EmptyFist","Halt","Prostrate"],"picked":"SKIP","floor":11.0},{"not_picked":["Evaluate","Prostrate","MostiFishMod:Pointsdynamics"],"picked":"SKIP","floor":13.0},{"not_picked":["Consecrate","AT_OneInchPunch","EmptyBody"],"picked":"SKIP","floor":14.0},{"not_picked":["Protect","PathToVictory","Crescendo"],"picked":"SKIP","floor":18.0},{"not_picked":["BowlingBash","Consecrate","EmptyBody"],"picked":"SKIP","floor":19.0},{"not_picked":["Consecrate","CrushJoints+1","EmptyFist"],"picked":"SKIP","floor":21.0},{"not_picked":["MostiFishMod:Clarity+1","BowlingBash"],"picked":"REME_Repentance","floor":22.0},{"not_picked":["Judgement","MarkedMod:FirstStrike","FlyingSleeves"],"picked":"SKIP","floor":23.0},{"not_picked":["Vengeance","Pray","Halt"],"picked":"SKIP","floor":25.0},{"not_picked":["Crescendo+1","Alpha","Sanctity"],"picked":"SKIP","floor":28.0},{"not_picked":["MarkedMod:FirstStrike","Fasting2+1","BowlingBash"],"picked":"SKIP","floor":29.0},{"not_picked":["Study","Weave+1","Sanctity"],"picked":"SKIP","floor":31.0},{"not_picked":["Evaluate","REME_Repentance+1","BowlingBash"],"picked":"SKIP","floor":35.0},{"not_picked":["Evaluate","REME_Repentance","Meditate"],"picked":"SKIP","floor":36.0},{"not_picked":["Conclude","LikeWater+1","MarkedMod:GentlePulse"],"picked":"SKIP","floor":38.0},{"not_picked":["InnerPeace+1","MarkedMod:FirstStrike","REME_Repentance"],"picked":"SKIP","floor":39.0},{"not_picked":["Crescendo","Wallop","FollowUp+1"],"picked":"SKIP","floor":40.0},{"not_picked":["CrushJoints","MarkedMod:GentlePulse+1","Prostrate"],"picked":"SKIP","floor":44.0},{"not_picked":["Indignation","FearNoEvil","MarkedMod:FirstStrike"],"picked":"SKIP","floor":46.0},{"not_picked":["WreathOfFlame+1","REME_Repentance","Nirvana"],"picked":"SKIP","floor":48.0},{"not_picked":["Halt","MarkedMod:PinPointDefense","Nirvana"],"picked":"SKIP","floor":54}],"player_experience":52283,"relics_obtained":[{"floor":1.0,"key":"SynthV:TestCard"},{"floor":6.0,"key":"testmod-LifeArmor"},{"floor":8.0,"key":"Dota2Spire:UrnOfShadows"},{"floor":11.0,"key":"Dota2Spire:BladeMail"},{"floor":14.0,"key":"infinitespire:Beetle Shell"},{"floor":23.0,"key":"AT_TimeSand"},{"floor":25.0,"key":"infinitespire:BottledMercury"},{"floor":26.0,"key":"testmod-BlackFramedGlasses"},{"floor":40.0,"key":"AT_BladeRuinedKing"},{"floor":43.0,"key":"testmod-Antiphasic"},{"floor":44.0,"key":"PreservedInsect"},{"floor":44.0,"key":"SynthV:C4"},{"floor":46.0,"key":"Yang"},{"floor":46.0,"key":"AT_LudenTempest"},{"floor":48.0,"key":"StrikeDummy"},{"floor":48.0,"key":"Pen Nib"},{"floor":54,"key":"AT_SunfireAegis"},{"floor":54,"key":"Dota2Spire:HandOfMidas"}],"event_choices":[{"damage_healed":0.0,"max_hp_gain":0.0,"max_hp_loss":0.0,"gold_gain":0.0,"event_name":"Golden Idol","player_choice":"Take Damage","floor":5.0,"gold_loss":0.0,"damage_taken":17.0,"relics_obtained":["Golden Idol"]},{"damage_healed":0.0,"max_hp_gain":0.0,"max_hp_loss":0.0,"gold_gain":75.0,"event_name":"World of Goop","player_choice":"Gather Gold","floor":7.0,"gold_loss":0.0,"damage_taken":11.0},{"damage_healed":0.0,"max_hp_gain":0.0,"max_hp_loss":0.0,"gold_gain":0.0,"event_name":"Wheel of Change","player_choice":"Damaged","floor":10.0,"gold_loss":0.0,"damage_taken":7.0},{"damage_healed":0.0,"max_hp_gain":0.0,"max_hp_loss":0.0,"gold_gain":0.0,"event_name":"Vampires","player_choice":"Ignored","floor":30.0,"gold_loss":0.0,"damage_taken":0.0},{"damage_healed":0.0,"max_hp_gain":0.0,"max_hp_loss":0.0,"gold_gain":0.0,"event_name":"Lab","player_choice":"Got Potions","floor":37.0,"gold_loss":0.0,"damage_taken":0.0},{"damage_healed":0.0,"max_hp_gain":0.0,"max_hp_loss":0.0,"gold_gain":333.0,"event_name":"The Moai Head","player_choice":"Gave Idol","floor":41.0,"relics_lost":["Golden Idol"],"gold_loss":0.0,"damage_taken":0.0},{"damage_healed":0.0,"max_hp_gain":0.0,"max_hp_loss":0.0,"gold_gain":0.0,"event_name":"SensoryStone","player_choice":"Memory 3","floor":47.0,"gold_loss":0.0,"damage_taken":10.0}],"is_beta":false,"boss_relics":[{"not_picked":["HereWithMe","FeatherPendant"],"picked":"testmod-SaigiyounoYou"},{"not_picked":["OneHitWonderSystem","BloodWine"],"picked":"testmod-Prudence"}],"items_purged_floors":[4,15,42,42,52,53],"is_endless":false,"potions_floor_spawned":[2,3,8,11,13,16,21,22,29,31,33,36,39,44,54],"ascension_level":12}}