{"host":"lg1avtpkuoyoubr4","time":1608993254,"event":{"mods":["Act Like it!","BaseMod","BetterRewards","Downfall","Friendly Minions","Gensokyo","Hallownest","Lobotomy","Mari Mod (Legacy)","Mari\u0027s V1 Patch","Marisa£®ÏF”Í°°ƒß¿Ì…≥£©","Mimic Mod","Minty Spire (QoL Compilation)","MostiFishMod","Reimu£®≤©¿ˆ¡È√Œ£©","Remilia£®¿Ÿ√◊¿Ú—«£©","Replay The Spire","Shop Mod","StSLib","The Jungle","Waifu the Spire"],"gold_per_floor":[114,169,169,169,180,180,206,218,218,218,235,235,255,58,58,153,153,172,192,132,132,57,91,91,91,91,123,140,170,185,220,220,318,-1082,-1065,-1065,-1051,-1040,-1023,-1023,-1011,-1011,-1011,-1001,-1001,-989,-989,-955,-955,-955,-955,-955,-955,-955,-925,-925],"floor_reached":57,"playtime":3203,"items_purged":["Defend_Lin:ReiMu"],"score":1724,"play_id":"a9eb0d02-a819-4218-a039-4319e6995ea5","local_time":"20201226223414","is_ascension_mode":true,"campfire_choices":[{"data":"Conquer:ReiMu","floor":6.0,"key":"SMITH"},{"data":"RainPray2:ReiMu","floor":10.0,"key":"SMITH"},{"data":"CareerPray:ReiMu","floor":12.0,"key":"SMITH"},{"data":"expansioncontent:StudyTheSpire","floor":15.0,"key":"SMITH"},{"data":"MostiFishMod:WinterMarkForm","floor":25.0,"key":"SMITH"},{"data":"DependentForm:ReiMu","floor":32.0,"key":"SMITH"},{"data":"KamiRite:ReiMu","floor":40.0,"key":"SMITH"},{"data":"CardOfSanctity:ReiMu","floor":42,"key":"SMITH"},{"data":"LovePray:ReiMu","floor":45,"key":"SMITH"},{"floor":47,"key":"RECALL"},{"data":"MostiFishMod:FrostNova","floor":49,"key":"SMITH"},{"data":"YinYangSange:ReiMu","floor":53,"key":"SMITH"}],"circlet_count":0,"master_deck":["Strike_Lin:ReiMu","Strike_Lin:ReiMu","Strike_Lin:ReiMu","Strike_Lin:ReiMu","Defend_Lin:ReiMu","Defend_Lin:ReiMu","Defend_Lin:ReiMu","NB:ReiMu","Stagnation:ReiMu","RainPray2:ReiMu+1","Conquer:ReiMu+1","Amulet:ReiMu","AirStrike:ReiMu","SubAcupoint:ReiMu","CareerPray:ReiMu+1","CardOfSanctity:ReiMu+1","expansioncontent:StudyTheSpire+1","DependentForm:ReiMu+1","MostiFishMod:FrostNova+1","MostiFishMod:WinterMarkForm+1","SpreadBorder2:ReiMu+1","OctopathBindingBorder2:ReiMu","RitualDagger","YinYangSange:ReiMu+1","Enchanting:ReiMu","KamiRite:ReiMu+1","Doubt","LovePray:ReiMu+1"],"relics":["FlyPower:ReiMu","DaveBox","Blood Vial","SynthV:TestCard","Letter Opener","Hallownest:DreamNailRelic","ScarletDevilRocket","MealTicket","FrostBlade","Bow_fan:ReiMu","Eternal Feather","Meat on the Bone","SynthV:C4","Mastiff:ReiMu","SynthV:MejaisSoulstealer","Ring of Peace","ReplayTheSpireMod:Ring of Addiction","SacredBark","Potion Belt","FadedRune:ReiMu","Bottled Lightning","Snack Pack"],"acts_visited":["Hallownest:Greenpath","TheCity","Hallownest:KingdomsEdge","TheEnding"],"potions_floor_usage":[41,44,50,56,56],"damage_taken":[{"damage":0.0,"enemies":"Hallownest:monsterHuskWarrior","floor":1.0,"turns":4.0},{"damage":3.0,"enemies":"2_ Uuma","floor":5.0,"turns":5.0},{"damage":6.0,"enemies":"Hallownest:eliteCrystalGuardian","floor":7.0,"turns":5.0},{"damage":0.0,"enemies":"Hallownest:2_MossCreeps","floor":8.0,"turns":5.0},{"damage":8.0,"enemies":"Hallownest:1_Baldur_1_Crawlid_1_Warrior","floor":11.0,"turns":5.0},{"damage":5.0,"enemies":"Hallownest:1_Ooma_and_2_Uuma","floor":13.0,"turns":4.0},{"damage":44.0,"enemies":"Hallownest:BossHornet","floor":16.0,"turns":12.0},{"damage":11.0,"enemies":"2 Thieves","floor":18.0,"turns":4.0},{"damage":0.0,"enemies":"Spheric Guardian","floor":19.0,"turns":3.0},{"damage":0.0,"enemies":"Book of Stabbing","floor":23.0,"turns":3.0},{"damage":3.0,"enemies":"Replay:Snechameleon","floor":27.0,"turns":3.0},{"damage":0.0,"enemies":"Cultist and Chosen","floor":28.0,"turns":6.0},{"damage":0.0,"enemies":"Gremlin Leader","floor":29.0,"turns":3.0},{"damage":15.0,"enemies":"3 Cultists","floor":30.0,"turns":4.0},{"damage":0.0,"enemies":"Slavers","floor":31.0,"turns":3.0},{"damage":27.0,"enemies":"Collector","floor":33.0,"turns":6.0},{"damage":17.0,"enemies":"Hallownest:3_Siblings","floor":35.0,"turns":7.0},{"damage":0.0,"enemies":"Hallownest:Shield_Heavy","floor":37.0,"turns":2.0},{"damage":0.0,"enemies":"Hallownest:Shield_Sturdy","floor":38.0,"turns":5.0},{"damage":12.0,"enemies":"Hallownest:Xero_Hu_Marmu","floor":39.0,"turns":4.0},{"damage":0,"enemies":"Hallownest:2_Soldiers_and_1_Guardian","floor":41,"turns":4},{"damage":0,"enemies":"Hallownest:Shield_Sturdy","floor":44,"turns":4},{"damage":0,"enemies":"Hallownest:2_Wing_and_1_Kings","floor":46,"turns":4},{"damage":0,"enemies":"Hallownest:eliteCollector","floor":48,"turns":4},{"damage":10,"enemies":"Hallownest:BossGreyPrinceZote","floor":50,"turns":5},{"damage":40,"enemies":"Shield and Spear","floor":55,"turns":8},{"damage":23,"enemies":"The Heart","floor":56,"turns":6}],"seed_played":"5806356129895320168","potions_obtained":[{"floor":1.0,"key":"BlessingOfTheForge"},{"floor":2.0,"key":"LifebloodPotion"},{"floor":13.0,"key":"Cursed Concoction"},{"floor":18.0,"key":"GrandPatriotsElixir:ReiMu"},{"floor":28.0,"key":"SpeedPotion"},{"floor":29.0,"key":"FearPotion"},{"floor":35.0,"key":"Weak Potion"},{"floor":36.0,"key":"Energy Potion"},{"floor":36.0,"key":"Languid Potion"},{"floor":36.0,"key":"Elixir"},{"floor":44,"key":"ColorlessPotion"},{"floor":48,"key":"PowerPotion"}],"is_trial":false,"path_per_floor":["M","?","T","?","M","R","E","M","T","R","M","R","M","$","R","B",null,"M","M","?","?","$","E","$","R","T","E","M","E","M","E","R","B",null,"M","?","M","M","M","R","M","R","T","M","R","M","R","E","R","B",null,null,"R","$","E","B",null],"character_chosen":"REIMU","items_purchased":["Blood Vial","expansioncontent:StudyTheSpire"],"campfire_rested":0,"item_purchase_floors":[0,14],"current_hp_per_floor":[65,65,65,65,62,62,58,60,60,60,54,54,51,65,65,21,65,54,56,56,50,65,65,65,65,65,62,64,65,50,52,65,38,65,48,48,50,52,42,57,59,65,65,65,65,65,65,63,63,53,53,63,63,61,33,34],"gold":-925,"neow_bonus":"","is_daily":false,"chose_seed":false,"campfire_upgraded":11,"win_rate":0.0,"timestamp":1608993254,"path_taken":["M","?","?","?","M","R","E","M","T","R","?","R","M","$","R","BOSS","M","M","?","?","$","E","?","R","T","E","?","E","M","E","R","BOSS","M","?","M","M","M","R","?","R","T","?","R","M","R","E","R","BOSS","R","$","E","BOSS"],"items_purchased_type":["Relic","Card"],"build_version":"2020-12-22","purchased_purges":1,"victory":true,"max_hp_per_floor":[65,65,65,65,65,65,65,65,65,65,65,65,65,65,65,65,65,65,65,65,65,65,65,65,65,65,65,65,65,65,65,65,65,65,65,65,65,65,65,65,65,65,65,65,65,65,65,63,63,63,63,63,63,61,61,61],"card_choices":[{"not_picked":["Dreaming2:ReiMu","TightArray:ReiMu"],"picked":"RainPray2:ReiMu","floor":1.0},{"not_picked":["Amulet:ReiMu","SubAcupoint:ReiMu","SpringWay:ReiMu","BarrageOfMoneybags:ReiMu"],"picked":"Conquer:ReiMu","floor":2.0},{"not_picked":["SpreadBorder2:ReiMu","Conquer:ReiMu","SubcavityInstant:ReiMu","AlertArray:ReiMu"],"picked":"Amulet:ReiMu","floor":5.0},{"not_picked":["CardOfSanctity:ReiMu","Crusade:ReiMu","ForcedLanding:ReiMu","SubcavityInstant:ReiMu"],"picked":"AirStrike:ReiMu","floor":7.0},{"not_picked":["EmergencyTakeOff:ReiMu","Conquer:ReiMu","Meditation:ReiMu","TightArray:ReiMu"],"picked":"SubAcupoint:ReiMu","floor":8.0},{"not_picked":["BarrageOfMoneybags:ReiMu","AirStrike:ReiMu","Amulet:ReiMu","DoubleButterfly:ReiMu"],"picked":"CareerPray:ReiMu","floor":11.0},{"not_picked":["AlertArray:ReiMu","UpKicking:ReiMu","ForcedLanding:ReiMu","Amulet:ReiMu"],"picked":"CardOfSanctity:ReiMu","floor":13.0},{"not_picked":["Authority:ReiMu","CardOfSanctity:ReiMu","OctopathSalyBorderN:ReiMu","Free:ReiMu"],"picked":"DependentForm:ReiMu","floor":16.0},{"not_picked":["KamiSacrifice:ReiMu","Conquer:ReiMu+1","TakeOff:ReiMu","TightArray:ReiMu"],"picked":"SpreadBorder2:ReiMu+1","floor":18.0},{"not_picked":["PhosphorusFlame:ReiMu+1","Intuition:ReiMu+1","SubcavityInstant:ReiMu","BarrageOfMoneybags:ReiMu+1"],"picked":"OctopathBindingBorder2:ReiMu","floor":19.0},{"not_picked":["OctopathSalyBorderN:ReiMu","FantasyMoon:ReiMu","SubcavityInstant:ReiMu","SubAcupoint:ReiMu+1"],"picked":"YinYangSange:ReiMu","floor":23.0},{"not_picked":["NineCharacters:ReiMu+1","AirManeuver:ReiMu","KamiSacrifice:ReiMu","SpiritualOutbreak2:ReiMu","OctopathBindingBorder2:ReiMu"],"picked":"SKIP","floor":27.0},{"not_picked":["Conquer:ReiMu","PrepareRite:ReiMu","AlertArray:ReiMu","SubAcupoint:ReiMu","Mountainwind:ReiMu"],"picked":"SKIP","floor":28.0},{"not_picked":["Conquer:ReiMu+1","TightArray:ReiMu","FoulBorder2:ReiMu","SubAcupoint:ReiMu+1"],"picked":"Enchanting:ReiMu","floor":29.0},{"not_picked":["SpreadBorder2:ReiMu+1","Dreaming2:ReiMu","Gathering:ReiMu","Enchanting:ReiMu","EmergencyTakeOff:ReiMu"],"picked":"SKIP","floor":30.0},{"not_picked":["InherentArray:ReiMu","MountainWay:ReiMu","CollectionFlower2:ReiMu","FantasyMoon:ReiMu+1","YinYangSange:ReiMu"],"picked":"SKIP","floor":31.0},{"not_picked":["YinYang:ReiMu","CeremonyResonance:ReiMu","CardOfSanctity:ReiMu","Shading:ReiMu"],"picked":"KamiRite:ReiMu","floor":33.0},{"not_picked":["BarrageOfMoneybags:ReiMu+1","PassingAway:ReiMu+1","AlertArray:ReiMu","OctopathBindingBorder2:ReiMu","FineLineFantasy:ReiMu"],"picked":"SKIP","floor":35.0},{"not_picked":["SubcavityInstant:ReiMu+1","SpreadBorder2:ReiMu","PayForSelf:ReiMu+1","MikOfLucky:ReiMu","CareerPray:ReiMu"],"picked":"SKIP","floor":37.0},{"not_picked":["YinYangSange:ReiMu","SubAcupoint:ReiMu","FantasyBorder:ReiMu+1","SpreadBorder2:ReiMu+1","YinYangSign:ReiMu+1"],"picked":"SKIP","floor":38.0},{"not_picked":["Amulet:ReiMu","SafetyPray:ReiMu","FineLineFantasy:ReiMu+1","SubcavityInstant:ReiMu+1","AirStrike:ReiMu+1"],"picked":"SKIP","floor":39.0},{"not_picked":["RainPray2:ReiMu","Intuition:ReiMu","PhosphorusFlame:ReiMu","ForcedLanding:ReiMu"],"picked":"LovePray:ReiMu","floor":41},{"not_picked":["SpreadBorder2:ReiMu","Revelation:ReiMu","DoubleButterfly:ReiMu+1","Meditation:ReiMu+1","TightArray:ReiMu"],"picked":"SKIP","floor":44},{"not_picked":["AirStrike:ReiMu","MountainWay:ReiMu+1","SubcavityInstant:ReiMu+1","FineLineFantasy:ReiMu+1","Enchanting:ReiMu+1"],"picked":"SKIP","floor":46},{"not_picked":["PassingAway:ReiMu+1","SubcavityInstant:ReiMu+1","Enchanting:ReiMu","ForcedLanding:ReiMu","RunawayExorcism:ReiMu"],"picked":"SKIP","floor":48},{"not_picked":["TightArray:ReiMu+1","Intuition:ReiMu","WonderfulDomain:ReiMu","AirManeuver:ReiMu","ShadowOfCrow2:ReiMu+1"],"picked":"SKIP","floor":55}],"player_experience":183345,"relics_obtained":[{"floor":1.0,"key":"SynthV:TestCard"},{"floor":2.0,"key":"Letter Opener"},{"floor":7.0,"key":"ScarletDevilRocket"},{"floor":9.0,"key":"MealTicket"},{"floor":23.0,"key":"Bow_fan:ReiMu"},{"floor":26.0,"key":"Eternal Feather"},{"floor":27.0,"key":"Meat on the Bone"},{"floor":29.0,"key":"SynthV:C4"},{"floor":31.0,"key":"Mastiff:ReiMu"},{"floor":36.0,"key":"Ring of Peace"},{"floor":36.0,"key":"ReplayTheSpireMod:Ring of Addiction"},{"floor":36.0,"key":"SacredBark"},{"floor":36.0,"key":"Potion Belt"},{"floor":43,"key":"FadedRune:ReiMu"},{"floor":48,"key":"Bottled Lightning"},{"floor":55,"key":"Snack Pack"}],"event_choices":[{"damage_healed":0.0,"max_hp_gain":0.0,"max_hp_loss":0.0,"gold_gain":0.0,"event_name":"Nest","player_choice":"Joined the Cult","floor":21.0,"gold_loss":0.0,"damage_taken":6.0,"cards_obtained":["RitualDagger"]}],"is_beta":false,"boss_relics":[{"not_picked":["Tiny House","EE1DDrone"],"picked":"FrostBlade"},{"not_picked":["Ring of Chaos","ChewingGum"],"picked":"SynthV:MejaisSoulstealer"}],"items_purged_floors":[22],"is_endless":false,"potions_floor_spawned":[1,13,18,28,29,30,35,44,48],"ascension_level":1}}