{"host":"l017gercouzhorma","time":1608958297,"event":{"mods":["AchievementEnabler","Aspiration","BaseMod","Challenge The Spire","Conspire","Downfall","Halation","Hermit","Hubris","Infinite Spire","Jorbs\u0027s Wanderer Trilogy","Mad Scientist","Marisa????????","Mimic Mod","Minty Spire (QoL Compilation)","Random Character Button","Rare Cards Sparkle","Relic Stats","Replay The Spire","Shade Mod","StSLib","The Cursed","The Disciple","The Hierophant","The Jungle","The Runesmith","The Servant 0.9.4"],"gold_per_floor":[114,129,146,146,146,146,71,71,102,113,133,133,133],"floor_reached":12,"playtime":1092,"items_purged":["Strike_S"],"score":70,"play_id":"cce91431-b48b-4f0a-ae79-fd1ee3888a1c","local_time":"20201225215137","is_ascension_mode":false,"campfire_choices":[{"floor":6,"key":"REST"},{"data":"RealityMarble","floor":8,"key":"SMITH"}],"circlet_count":0,"master_deck":["Strike_S","Strike_S","Strike_S","Defend_S","Defend_S","Defend_S","Defend_S","KidneyShot","Exchange","Luminosity","RealityMarble+1","BestPractice","SpecialFormula","TheWorld"],"relics":["Uniform","aspiration:Nostalgia","Chronometer","hubris:EvacipatedBox","ReplayTheSpireMod:Lightbulb"],"acts_visited":["Exordium"],"potions_floor_usage":[11,12],"damage_taken":[{"damage":6,"enemies":"Cultist","floor":1,"turns":4},{"damage":5,"enemies":"2 Louse","floor":2,"turns":2},{"damage":6,"enemies":"Small Slimes","floor":3,"turns":4},{"damage":7,"enemies":"2 Fungi Beasts","floor":9,"turns":10},{"damage":19,"enemies":"2 Fungi Beasts","floor":10,"turns":4},{"damage":10,"enemies":"3 Louse","floor":11,"turns":4},{"damage":31,"enemies":"3 Sentries","floor":12,"turns":4}],"seed_played":"4791969105650602901","potions_obtained":[{"floor":10,"key":"AttackPotion"},{"floor":11,"key":"Strength Potion"}],"is_trial":false,"path_per_floor":["M","M","M","$","?","R","$","R","MIM","M","M","E"],"character_chosen":"THE_SERVANT","items_purchased":["hubris:EvacipatedBox"],"campfire_rested":1,"item_purchase_floors":[4],"current_hp_per_floor":[59,54,48,29,34,53,53,53,46,27,22,0,0],"gold":133,"neow_bonus":"NOSTALGIA","is_daily":false,"chose_seed":false,"campfire_upgraded":1,"win_rate":0.0,"timestamp":1608958297,"path_taken":["M","M","M","?","?","R","$","R","MIM","M","M","E"],"items_purchased_type":["Relic"],"build_version":"2020-12-22","purchased_purges":1,"victory":false,"max_hp_per_floor":[65,65,65,65,65,65,65,65,65,65,65,65,65],"relic_stats":{"counters":[7,32],"obtain_stats":[{"aspiration:Nostalgia":0,"Chronometer":0,"Uniform":0,"ReplayTheSpireMod:Lightbulb":9,"hubris:EvacipatedBox":4},{"aspiration:Nostalgia":0,"Chronometer":0,"Uniform":0,"ReplayTheSpireMod:Lightbulb":4,"hubris:EvacipatedBox":3},{"aspiration:Nostalgia":0,"Chronometer":0,"Uniform":0,"ReplayTheSpireMod:Lightbulb":20,"hubris:EvacipatedBox":10}]},"card_choices":[{"not_picked":["Revamp","Alleviate"],"picked":"Rewind","floor":1},{"not_picked":["Rewind","Reset"],"picked":"Luminosity","floor":2},{"not_picked":["Spin","Contraction"],"picked":"RealityMarble","floor":3},{"not_picked":["TimeWarp","Alleviate"],"picked":"BestPractice","floor":9},{"not_picked":["TimeWarp","ShiftingGears"],"picked":"SpecialFormula","floor":10},{"not_picked":["DoubleEdge","Rewind"],"picked":"TheWorld","floor":11}],"player_experience":756784,"relics_obtained":[{"floor":9,"key":"ReplayTheSpireMod:Lightbulb"}],"event_choices":[{"cards_removed":["Rewind"],"damage_healed":5,"gold_gain":0,"player_choice":"Offered Common","damage_taken":0,"max_hp_gain":0,"max_hp_loss":0,"event_name":"Bonfire Elementals","floor":5,"gold_loss":0},{"cards_removed":["Rewind"],"damage_healed":5,"gold_gain":0,"player_choice":"Offered Special","damage_taken":0,"max_hp_gain":0,"max_hp_loss":0,"event_name":"Bonfire Elementals","floor":5,"gold_loss":0}],"is_beta":false,"boss_relics":[],"items_purged_floors":[7],"is_endless":false,"potions_floor_spawned":[10,11],"killed_by":"3 Sentries","ascension_level":0}}