{"host":"kev6uqotw4tlyx8l","time":1608999698,"event":{"mods":["Act Like it!","Aspiration","BaseMod","Colored Powertips","Dota2Spire","Downfall","Hallownest","Infinite Spire","Marisa????????","Minty Spire (QoL Compilation)","Quick Restart","Remilia??????","Replay The Spire","StSLib","The Cursed","The Jungle","The Marked","The Mystic","The Servant 0.9.4"],"gold_per_floor":[109,39,39,39,39,39,39,39,64,97,110,141,141,153,153,255,255,274,274,274,293,310,310,310],"floor_reached":23,"playtime":901,"items_purged":[],"score":222,"play_id":"b6328cf8-b88d-4d31-b5d0-9aea5be77cce","local_time":"20201226232138","is_ascension_mode":false,"campfire_choices":[{"data":"EndlessAdversity","floor":6,"key":"SMITH"},{"data":"RedMoon","floor":8,"key":"SMITH"},{"data":"FitfulNightmare","floor":13,"key":"SMITH"},{"data":"ChainGang","floor":15,"key":"SMITH"}],"circlet_count":0,"master_deck":["Strike_RM","Strike_RM","Strike_RM","Defend_RM","Defend_RM","Defend_RM","Defend_RM","RedMoon+1","ScarletShoot","EndlessAdversity+1","Hallownest:curseDreamersLament","FitfulNightmare+1","NightDance","ChainGang+1","ScarletImprint","KillingBlow","MastersStateliness+1","NightDance","BloodHunter","TransientEternity"],"relics":["ScarletHat","NeowsBlessing","Hallownest:StagBellRelic1","Hallownest:TeacherSealRelic","aspiration:HiddenCompartment","Replay:Rubber Ducky","Gungnir","Black Star"],"acts_visited":["Hallownest:Greenpath","TheCity"],"potions_floor_usage":[16,23],"damage_taken":[{"damage":0,"enemies":"Hallownest:2_Baldur","floor":1,"turns":2},{"damage":0,"enemies":"Hallownest:eliteMossKnight","floor":10,"turns":1},{"damage":0,"enemies":"2_ Uuma","floor":11,"turns":1},{"damage":18,"enemies":"Hallownest:eliteCrystalGuardian","floor":12,"turns":7},{"damage":0,"enemies":"Hallownest:monsterHuskWarrior","floor":14,"turns":1},{"damage":26,"enemies":"Hallownest:BossHornet","floor":16,"turns":9},{"damage":4,"enemies":"Shell Parasite","floor":18,"turns":3},{"damage":6,"enemies":"3 Byrds","floor":21,"turns":5},{"damage":39,"enemies":"Centurion and Healer","floor":22,"turns":3},{"damage":32,"enemies":"Slavers","floor":23,"turns":2}],"seed_played":"2026889340063760169","potions_obtained":[{"floor":1,"key":"Strength Potion"},{"floor":12,"key":"Dota2Spire:HealingSalve"}],"is_trial":false,"path_per_floor":["M","?","?","?","$","R","$","R","T","E","M","?","R","M","R","B",null,"M","?","?","M","M","E"],"character_chosen":"REMILIA","items_purchased":[],"campfire_rested":0,"item_purchase_floors":[],"current_hp_per_floor":[75,75,75,75,75,75,75,75,75,75,75,60,60,60,60,59,75,71,57,57,54,20,0,0],"gold":310,"neow_bonus":"THREE_ENEMY_KILL","is_daily":false,"chose_seed":false,"campfire_upgraded":4,"win_rate":0.0,"timestamp":1608999698,"path_taken":["M","?","?","?","$","R","?","R","T","E","M","?","R","M","R","BOSS","M","?","?","M","?","E"],"items_purchased_type":[],"build_version":"2020-12-22","purchased_purges":0,"victory":false,"max_hp_per_floor":[75,75,75,75,75,75,75,75,75,75,75,75,75,75,75,75,75,75,80,80,80,80,80,80],"card_choices":[{"not_picked":["ScarletSymphony","Septette"],"picked":"EndlessAdversity","floor":1},{"not_picked":["VampireKiss","BloodRain"],"picked":"FitfulNightmare","floor":10},{"not_picked":["BloodHunter","VampireClaw"],"picked":"NightDance","floor":11},{"not_picked":["StarOfDavid","FavorOfDestiny"],"picked":"ChainGang","floor":12},{"not_picked":["ScarletDevil","BlasphemousPunishment"],"picked":"ScarletImprint","floor":14},{"not_picked":["ChaoticDestiny","BatForm"],"picked":"KillingBlow","floor":16},{"not_picked":["FavorOfDestiny","ScarletDream"],"picked":"MastersStateliness+1","floor":18},{"not_picked":["ScarletDevil","VampireSweep"],"picked":"BloodHunter","floor":21},{"not_picked":["FitfulNightmare","VampireFantasy+1"],"picked":"TransientEternity","floor":22}],"player_experience":6200,"relics_obtained":[{"floor":9,"key":"aspiration:HiddenCompartment"},{"floor":10,"key":"Replay:Rubber Ducky"},{"floor":12,"key":"Gungnir"}],"event_choices":[{"damage_healed":0,"gold_gain":0,"player_choice":"Shed Blood","damage_taken":19,"max_hp_gain":5,"max_hp_loss":0,"event_name":"Forgotten Altar","floor":19,"gold_loss":0},{"damage_healed":0,"gold_gain":0,"cards_transformed":["Strike_RM"],"player_choice":"Transformed","damage_taken":0,"max_hp_gain":0,"max_hp_loss":0,"event_name":"Transmorgrifier","floor":20,"gold_loss":0,"cards_obtained":["NightDance"]}],"is_beta":false,"boss_relics":[{"not_picked":["Tiny House","aspiration:SecretTechniqueScroll"],"picked":"Black Star"}],"items_purged_floors":[],"is_endless":false,"potions_floor_spawned":[1,12],"killed_by":"Slavers","ascension_level":0}}