{"host":"ir6vojma30jz6tvk","time":1608974865,"event":{"mods":["AchievementEnabler","BaseMod","Colored Map","Minty Spire (QoL Compilation)","StSLib","SuperFastMode"],"gold_per_floor":[218,218,229,187,206,206,235,235,235,254,281,295,295,313,313,415,415,435,435,435,264,278,278,294,294,294,294,294,294],"floor_reached":28,"playtime":4998,"items_purged":["Strike_B","Ball Lightning"],"score":240,"play_id":"117cad27-073f-4441-a8c8-89e385727d63","local_time":"20201226182745","is_ascension_mode":true,"campfire_choices":[{"data":"Recycle","floor":6,"key":"SMITH"},{"data":"Storm","floor":8,"key":"SMITH"},{"data":"Dualcast","floor":13,"key":"SMITH"},{"data":"Glacier","floor":15,"key":"SMITH"},{"data":"Coolheaded","floor":23,"key":"SMITH"},{"data":"Seek","floor":25,"key":"SMITH"},{"data":"Fusion","floor":27,"key":"SMITH"}],"circlet_count":0,"master_deck":["Zap","Dualcast+1","Sweeping Beam","Storm+1","Recycle+1","Self Repair","Doom and Gloom","Rebound","Static Discharge","Steam","Glacier+1","Seek+1","Fusion+1","Glacier","Hologram","Cold Snap","Skim","Streamline","Force Field+1","Coolheaded+1","Loop","Hologram"],"relics":["Cracked Core","Omamori","Odd Mushroom","Pandora\u0027s Box","Juzu Bracelet"],"acts_visited":["Exordium","TheCity"],"potions_floor_usage":[16,16,28,28],"damage_taken":[{"damage":2.0,"enemies":"Jaw Worm","floor":1.0,"turns":3.0},{"damage":4,"enemies":"Small Slimes","floor":3,"turns":4},{"damage":6,"enemies":"Cultist","floor":5,"turns":3},{"damage":27,"enemies":"3 Sentries","floor":7,"turns":3},{"damage":11,"enemies":"Looter","floor":10,"turns":2},{"damage":30,"enemies":"The Mushroom Lair","floor":11,"turns":2},{"damage":15,"enemies":"Blue Slaver","floor":12,"turns":2},{"damage":15,"enemies":"3 Louse","floor":14,"turns":3},{"damage":28,"enemies":"Hexaghost","floor":16,"turns":10},{"damage":6,"enemies":"3 Byrds","floor":18,"turns":2},{"damage":10,"enemies":"Chosen","floor":22,"turns":8},{"damage":7,"enemies":"Snecko","floor":24,"turns":5},{"damage":80,"enemies":"Book of Stabbing","floor":28,"turns":5}],"seed_played":"-7402348052719625892","potions_obtained":[{"floor":3,"key":"BlessingOfTheForge"},{"floor":7,"key":"Energy Potion"},{"floor":10,"key":"GamblersBrew"},{"floor":16,"key":"Energy Potion"},{"floor":22,"key":"SkillPotion"}],"is_trial":false,"path_per_floor":["M","?","M","$","M","R","E","R","T","M","?","M","R","M","R","B",null,"M","?","?","$","M","R","M","R","T","R","E"],"character_chosen":"DEFECT","items_purchased":["Self Repair","Doom and Gloom","Rebound","Loop"],"campfire_rested":0,"item_purchase_floors":[4,4,4,21],"current_hp_per_floor":[73,73,69,69,70,70,50,50,50,39,9,15,15,28,28,28,75,75,75,75,75,72,72,72,72,72,72,0,0],"gold":294,"neow_bonus":"HUNDRED_GOLD","is_daily":false,"chose_seed":false,"campfire_upgraded":7,"win_rate":0.0,"timestamp":1608974865,"path_taken":["M","?","M","$","M","R","E","R","T","M","?","M","R","M","R","BOSS","M","?","?","$","M","R","M","R","T","R","E"],"items_purchased_type":["Card","Card","Card","Card"],"build_version":"2020-12-22","purchased_purges":2,"victory":false,"max_hp_per_floor":[75,75,75,75,75,75,75,75,75,75,75,75,75,75,75,75,75,75,75,75,75,75,75,75,75,75,75,75,75],"card_choices":[{"not_picked":["Hologram","Coolheaded"],"picked":"Sweeping Beam","floor":1.0},{"not_picked":["Compile Driver","Cold Snap"],"picked":"Recycle","floor":3},{"not_picked":["Steam","Sweeping Beam"],"picked":"Ball Lightning","floor":5},{"not_picked":["All For One","Lockon"],"picked":"Static Discharge","floor":7},{"not_picked":["Beam Cell","FTL"],"picked":"Steam","floor":10},{"not_picked":["Gash","Beam Cell","Doom and Gloom"],"picked":"SKIP","floor":12},{"not_picked":["Doom and Gloom","Ball Lightning"],"picked":"Glacier","floor":14},{"not_picked":["Buffer","Thunder Strike"],"picked":"Seek","floor":16},{"not_picked":["Gash","Compile Driver"],"picked":"Force Field+1","floor":18},{"not_picked":["Cold Snap","Sunder"],"picked":"Hologram","floor":22},{"not_picked":["Leap","Tempest","Stack+1"],"picked":"SKIP","floor":24}],"player_experience":620153,"relics_obtained":[{"floor":7,"key":"Omamori"},{"floor":11,"key":"Odd Mushroom"},{"floor":26,"key":"Juzu Bracelet"}],"event_choices":[{"damage_healed":0,"gold_gain":0,"cards_transformed":["Strike_B"],"player_choice":"Change","damage_taken":0,"max_hp_gain":0,"max_hp_loss":0,"event_name":"Living Wall","floor":2,"gold_loss":0,"cards_obtained":["Storm"]},{"damage_healed":0,"gold_gain":0,"player_choice":"Fought Mushrooms","damage_taken":0,"max_hp_gain":0,"max_hp_loss":0,"event_name":"Mushrooms","floor":11,"gold_loss":0},{"damage_healed":0,"gold_gain":0,"player_choice":"Read","damage_taken":0,"max_hp_gain":0,"max_hp_loss":0,"event_name":"The Library","floor":19,"gold_loss":0,"cards_obtained":["Coolheaded"]},{"damage_healed":0,"gold_gain":0,"player_choice":"Bought 0 Potions","damage_taken":0,"max_hp_gain":0,"max_hp_loss":0,"event_name":"The Woman in Blue","floor":20,"gold_loss":0}],"is_beta":false,"boss_relics":[{"not_picked":["Nuclear Battery","Black Star"],"picked":"Pandora\u0027s Box"}],"items_purged_floors":[4,21],"is_endless":false,"potions_floor_spawned":[3,7,10,14,16,22],"killed_by":"Book of Stabbing","ascension_level":2}}