{"host":"o7j6aatxjwpw1421","time":1608981020,"event":{"mods":["2.2 Compatiblity","AchievementEnabler","BaseMod","Colored Map","DeckTracker","Highlight Path","Keyboard Shortcuts","Minty Spire (QoL Compilation)","Permanent Neow","Quick Restart","StSLib","SuperFastMode","everything is the same but u backflip on backflip"],"gold_per_floor":[117,117,134,144,159,159,170,170,243,243,253,284,284,359,359,438,438,450,465,475,475,495,495,410,429,429,429,457,457,120,131,131,205,205,221,321,321,335,351,351,351],"floor_reached":40,"playtime":1645,"items_purged":["Strike_R+1"],"score":677,"play_id":"7a01ca19-b126-497a-b8c2-c76826bb7646","local_time":"20201226201020","is_ascension_mode":true,"campfire_choices":[{"data":"Fiend Fire","floor":10.0,"key":"SMITH"},{"data":"Fire Breathing","floor":13.0,"key":"SMITH"},{"data":"Reckless Charge","floor":15.0,"key":"SMITH"},{"floor":23.0,"key":"REST"},{"floor":27.0,"key":"REST"},{"data":"Bash","floor":29.0,"key":"SMITH"},{"floor":32.0,"key":"REST"}],"circlet_count":0,"master_deck":["AscendersBane","Strike_R+1","Strike_R+1","Strike_R+1","Defend_R+1","Defend_R+1","Defend_R+1","Defend_R+1","Bash+1","Fiend Fire+1","Reckless Charge+1","Fire Breathing+1","Pommel Strike+1","Body Slam+1","Wild Strike+1","Whirlwind+1","Shockwave","Second Wind","Barricade","Dropkick+1","Dark Shackles"],"relics":["Burning Blood","Molten Egg 2","TungstenRod","Busted Crown","Juzu Bracelet","Pear","Paper Frog","Medical Kit","Runic Pyramid"],"acts_visited":["Exordium","TheCity","TheBeyond"],"potions_floor_usage":[40],"damage_taken":[{"damage":2.0,"enemies":"2 Louse","floor":1.0,"turns":4.0},{"damage":0.0,"enemies":"Cultist","floor":3.0,"turns":2.0},{"damage":8.0,"enemies":"Small Slimes","floor":4.0,"turns":3.0},{"damage":13.0,"enemies":"3 Louse","floor":5.0,"turns":4.0},{"damage":7.0,"enemies":"Looter","floor":7.0,"turns":3.0},{"damage":9.0,"enemies":"Blue Slaver","floor":11.0,"turns":5.0},{"damage":15.0,"enemies":"Lagavulin","floor":12.0,"turns":6.0},{"damage":40.0,"enemies":"Hexaghost","floor":16.0,"turns":9.0},{"damage":10.0,"enemies":"2 Thieves","floor":18.0,"turns":3.0},{"damage":18.0,"enemies":"Shell Parasite","floor":19.0,"turns":5.0},{"damage":30.0,"enemies":"Snake Plant","floor":20.0,"turns":5.0},{"damage":4.0,"enemies":"3 Cultists","floor":22.0,"turns":4.0},{"damage":25.0,"enemies":"Cultist and Chosen","floor":25.0,"turns":6.0},{"damage":19.0,"enemies":"Slavers","floor":28.0,"turns":4.0},{"damage":7.0,"enemies":"Snake Plant","floor":31.0,"turns":3.0},{"damage":52.0,"enemies":"Champ","floor":33.0,"turns":12.0},{"damage":12.0,"enemies":"Orb Walker","floor":35.0,"turns":3.0},{"damage":33.0,"enemies":"3 Darklings","floor":38.0,"turns":6.0},{"damage":14.0,"enemies":"Sphere and 2 Shapes","floor":39.0,"turns":5.0},{"damage":12,"enemies":"Giant Head","floor":40,"turns":6}],"seed_played":"1285330736962283910","potions_obtained":[{"floor":2.0,"key":"Fire Potion"},{"floor":2.0,"key":"BloodPotion"},{"floor":5.0,"key":"DuplicationPotion"},{"floor":18.0,"key":"LiquidBronze"},{"floor":25.0,"key":"Explosive Potion"},{"floor":28.0,"key":"FearPotion"},{"floor":33.0,"key":"Swift Potion"},{"floor":38.0,"key":"Fire Potion"},{"floor":39.0,"key":"Swift Potion"}],"is_trial":false,"path_per_floor":["M","?","M","M","M","?","M","?","T","R","M","E","R","?","R","B",null,"M","M","M","?","M","R","?","M","T","R","E","R","$","M","R","B",null,"M","?","?","M","M","E"],"character_chosen":"IRONCLAD","items_purchased":["Medical Kit","Shockwave","Second Wind"],"campfire_rested":3,"item_purchase_floors":[30,30,30],"current_hp_per_floor":[76,76,80,78,80,80,79,72,72,72,69,60,60,50,50,16,64,60,48,24,24,26,50,50,31,41,68,55,55,55,54,81,35,76,70,70,61,34,26,14,14],"gold":351,"neow_bonus":"ONE_RANDOM_RARE_CARD","is_daily":false,"chose_seed":false,"campfire_upgraded":4,"win_rate":0.0,"timestamp":1608981020,"path_taken":["M","?","?","M","M","?","M","?","T","R","M","E","R","?","R","BOSS","M","M","M","?","M","R","?","M","T","R","E","R","$","M","R","BOSS","M","?","?","M","M","E"],"items_purchased_type":["Relic","Card","Card"],"build_version":"2020-12-22","purchased_purges":1,"victory":false,"max_hp_per_floor":[80,80,80,80,80,80,80,80,80,80,80,80,80,80,80,80,80,80,80,80,80,80,80,80,80,90,90,90,90,90,90,90,90,90,90,90,90,90,90,90,90],"card_choices":[{"not_picked":["Warcry","Entrench","Iron Wave"],"picked":"SKIP","floor":1.0},{"not_picked":["Flame Barrier","Clothesline","Warcry"],"picked":"SKIP","floor":3.0},{"not_picked":["Ghostly Armor","Rupture","True Grit"],"picked":"SKIP","floor":4.0},{"not_picked":["Clothesline","Spot Weakness","Cleave"],"picked":"SKIP","floor":5.0},{"not_picked":["Warcry","True Grit"],"picked":"Reckless Charge","floor":7.0},{"not_picked":["Clash+1","Whirlwind+1"],"picked":"Fire Breathing","floor":11.0},{"not_picked":["Heavy Blade+1","Entrench"],"picked":"Pommel Strike+1","floor":12.0},{"not_picked":[],"picked":"Body Slam+1","floor":18.0},{"not_picked":["Sword Boomerang+1"],"picked":"SKIP","floor":19.0},{"not_picked":["Burning Pact+1"],"picked":"SKIP","floor":20.0},{"not_picked":["Armaments"],"picked":"SKIP","floor":22.0},{"not_picked":[],"picked":"Wild Strike+1","floor":25.0},{"not_picked":[],"picked":"Whirlwind+1","floor":28.0},{"not_picked":["Thunderclap+1"],"picked":"SKIP","floor":31.0},{"not_picked":[],"picked":"Barricade","floor":33.0},{"not_picked":[],"picked":"Dropkick+1","floor":35.0},{"not_picked":[],"picked":"Dark Shackles","floor":37.0},{"not_picked":["Havoc"],"picked":"SKIP","floor":38.0},{"not_picked":["Cleave+1"],"picked":"SKIP","floor":39.0}],"player_experience":364182,"relics_obtained":[{"floor":9.0,"key":"Molten Egg 2"},{"floor":12.0,"key":"TungstenRod"},{"floor":26.0,"key":"Pear"},{"floor":28.0,"key":"Paper Frog"}],"event_choices":[{"damage_healed":0.0,"max_hp_gain":0.0,"max_hp_loss":0.0,"gold_gain":0.0,"event_name":"Lab","player_choice":"Got Potions","floor":2.0,"gold_loss":0.0,"damage_taken":0.0},{"damage_healed":0.0,"max_hp_gain":0.0,"max_hp_loss":0.0,"gold_gain":0.0,"event_name":"Liars Game","player_choice":"Ignored","floor":6.0,"gold_loss":0.0,"damage_taken":0.0},{"cards_removed":["Strike_R"],"damage_healed":0.0,"max_hp_gain":0.0,"max_hp_loss":0.0,"gold_gain":0.0,"event_name":"Golden Wing","player_choice":"Card Removal","floor":8.0,"gold_loss":0.0,"damage_taken":7.0},{"damage_healed":0.0,"max_hp_gain":0.0,"max_hp_loss":0.0,"gold_gain":75.0,"event_name":"World of Goop","player_choice":"Gather Gold","floor":14.0,"gold_loss":0.0,"damage_taken":11.0},{"damage_healed":0.0,"max_hp_gain":0.0,"max_hp_loss":0.0,"gold_gain":0.0,"event_name":"Back to Basics","player_choice":"Simplicity","floor":21.0,"gold_loss":0.0,"damage_taken":0.0,"cards_upgraded":["Strike_R","Strike_R","Strike_R","Strike_R","Defend_R","Defend_R","Defend_R","Defend_R"]},{"damage_healed":0.0,"max_hp_gain":0.0,"max_hp_loss":0.0,"gold_gain":0.0,"event_name":"Addict","player_choice":"Obtained Relic","floor":24.0,"gold_loss":85.0,"damage_taken":0.0,"relics_obtained":["Juzu Bracelet"]},{"damage_healed":0.0,"max_hp_gain":0.0,"max_hp_loss":0.0,"gold_gain":100.0,"event_name":"Golden Shrine","player_choice":"Pray","floor":36.0,"gold_loss":0.0,"damage_taken":0.0},{"damage_healed":0.0,"max_hp_gain":0.0,"max_hp_loss":0.0,"gold_gain":0.0,"event_name":"SensoryStone","player_choice":"Memory 3","floor":37.0,"gold_loss":0.0,"damage_taken":10.0}],"is_beta":false,"boss_relics":[{"not_picked":["Velvet Choker","Ectoplasm"],"picked":"Busted Crown"},{"not_picked":["Tiny House","SacredBark"],"picked":"Runic Pyramid"}],"items_purged_floors":[30],"is_endless":false,"potions_floor_spawned":[5,11,18,25,28,33,38,39],"killed_by":"Giant Head","ascension_level":13}}