{"host":"l1ihaotq1cxp1b6b","time":1608990951,"event":{"mods":["AchievementEnabler","BaseMod","Colored Map","Custom Start","DeckTracker","Minty Spire (QoL Compilation)","StSLib","SuperFastMode","everything is the same but u backflip on backflip"],"gold_per_floor":[119,119,15,290,308,308,327,327,327,327,277,296,307,333,333,333,333],"floor_reached":16,"playtime":286,"items_purged":[],"score":150,"play_id":"88fbeea3-70dc-4beb-b920-832f7a7d6bb3","local_time":"20201226225551","is_ascension_mode":true,"campfire_choices":[{"data":"Capacitor","floor":6,"key":"SMITH"},{"data":"Aggregate","floor":8,"key":"SMITH"},{"data":"Chaos","floor":10,"key":"SMITH"},{"data":"Hyperbeam","floor":15,"key":"SMITH"}],"circlet_count":0,"master_deck":["AscendersBane","Strike_B","Strike_B","Strike_B","Strike_B","Defend_B","Defend_B","Defend_B","Zap","Dualcast","Go for the Eyes","Panacea","Hyperbeam+1","Aggregate+1","Capacitor+1","Conserve Battery","Chaos+1","Steam Power","Double Energy","Cold Snap"],"relics":["Cracked Core","Orichalcum","Meat on the Bone"],"acts_visited":["Exordium"],"potions_floor_usage":[14,14,16],"damage_taken":[{"damage":7,"enemies":"Jaw Worm","floor":1,"turns":4},{"damage":0,"enemies":"Cultist","floor":5,"turns":2},{"damage":7,"enemies":"Small Slimes","floor":7,"turns":2},{"damage":9,"enemies":"Blue Slaver","floor":12,"turns":4},{"damage":9,"enemies":"Looter","floor":13,"turns":3},{"damage":20,"enemies":"3 Sentries","floor":14,"turns":5},{"damage":41,"enemies":"Slime Boss","floor":16,"turns":10}],"seed_played":"1527615396087909050","potions_obtained":[{"floor":7,"key":"Weak Potion"},{"floor":13,"key":"Regen Potion"},{"floor":14,"key":"Strength Potion"}],"is_trial":false,"path_per_floor":["M","?","$","?","M","R","M","R","T","R","?","M","M","E","R","B"],"character_chosen":"DEFECT","items_purchased":["Aggregate","Capacitor"],"campfire_rested":0,"item_purchase_floors":[3,3],"current_hp_per_floor":[61,61,61,61,61,61,54,54,54,54,54,45,36,30,30,0,0],"gold":333,"neow_bonus":"REMOVE_CARD","is_daily":false,"chose_seed":false,"campfire_upgraded":4,"win_rate":0.0,"timestamp":1608990951,"path_taken":["M","?","?","?","M","R","?","R","T","R","?","M","M","E","R","BOSS"],"items_purchased_type":["Card","Card"],"build_version":"2020-12-22","purchased_purges":0,"victory":false,"max_hp_per_floor":[75,75,75,75,75,75,75,75,75,75,75,75,75,75,75,75,75],"card_choices":[{"not_picked":["Rebound","Stack"],"picked":"Go for the Eyes","floor":1},{"not_picked":["Rainbow","Hologram"],"picked":"Conserve Battery","floor":5},{"not_picked":["Coolheaded","Steam Power"],"picked":"Chaos","floor":7},{"not_picked":["Conserve Battery","Barrage"],"picked":"Steam Power","floor":12},{"not_picked":["Darkness","Go for the Eyes"],"picked":"Double Energy","floor":13},{"not_picked":["Conserve Battery","Leap"],"picked":"Cold Snap","floor":14}],"player_experience":531139,"relics_obtained":[{"floor":9,"key":"Orichalcum"},{"floor":14,"key":"Meat on the Bone"}],"event_choices":[{"damage_healed":0,"gold_gain":0,"player_choice":"2 cards matched","damage_taken":0,"max_hp_gain":0,"max_hp_loss":0,"event_name":"Match and Keep!","floor":2,"gold_loss":0,"cards_obtained":["Panacea","Hyperbeam"]},{"damage_healed":0,"gold_gain":275,"player_choice":"Desecrate","damage_taken":0,"max_hp_gain":0,"max_hp_loss":0,"event_name":"Golden Shrine","floor":4,"gold_loss":0,"cards_obtained":["Regret"]},{"cards_removed":["Regret"],"damage_healed":0,"gold_gain":0,"player_choice":"Card Removal","damage_taken":0,"max_hp_gain":0,"max_hp_loss":0,"event_name":"The Cleric","floor":11,"gold_loss":50}],"is_beta":false,"boss_relics":[],"items_purged_floors":[],"is_endless":false,"potions_floor_spawned":[7,13,14],"killed_by":"Slime Boss","ascension_level":10}}