{"host":"cjhtzh7tp54jdfyv","time":1608950226,"event":{"mods":["AchievementEnabler","BaseMod","Colored Map","Colored Powertips","Curses Come First","DeckTracker","Filter the Spire","Minty Spire (QoL Compilation)","RNG Fix","Relic Sorter","Relic Stats","StSLib","The Cursed","The Marked","UnlockEverythingMod","Waifu the Spire","ojb\u0027s Better Paths Mod","ojb\u0027s Info Mod"],"gold_per_floor":[118,118,136,4,14,46,46,72,95,107,132,132,149,160,160,232,232,246,263,274,10,10,45,56,86,111,140,152,177,277,290,290,361,361,375,375,375],"floor_reached":36,"playtime":3786,"items_purged":[],"score":1057,"play_id":"00c5c1c8-f62e-4f71-b14c-1676c4a38192","local_time":"20201225213706","is_ascension_mode":true,"campfire_choices":[{"data":"theMarked:MaelstromOfLightning","floor":7,"key":"SMITH"},{"data":"theMarked:Polarize","floor":15,"key":"SMITH"},{"data":"theMarked:MuscleMemory","floor":32,"key":"SMITH"}],"circlet_count":0,"master_deck":["AscendersBane","theMarked:SoldierOfQuellstein+1","theMarked:Parkour","theMarked:MagicAdept","theMarked:MaelstromOfLightning+1","theMarked:Parkour","theMarked:MuscleMemory+1","theMarked:RepellingDischarge","theMarked:Polarize+1","theMarked:ParalyzingBlade","theMarked:StartUp","theMarked:TakeOffHeels","theMarked:CreepingChasm","theMarked:Overcharge+1","theMarked:Indomitable+1","theMarked:RepellingDischarge+1","theMarked:StartUp","theMarked:PowerFlow","theMarked:Generate","theMarked:ComboAttacks+1","theMarked:Challenge","theMarked:StartUp","theMarked:MagicAdept+1","theMarked:ChannelForce","theMarked:LightningStrikesTwice","theMarked:Indomitable","theMarked:RogueSparks+1","theMarked:TakeOffHeels","theMarked:StartUp","theMarked:TwofoldDefense"],"relics":["SlaversCollar","theMarked:DemonDagger","theMarked:Gun","Pen Nib","Vajra","Coffee Dripper","Meat on the Bone","Frozen Egg 2","Gremlin Horn","MealTicket","Dream Catcher","Shovel","Eternal Feather","Pandora\u0027s Box"],"acts_visited":["Exordium","TheCity","TheBeyond"],"potions_floor_usage":[6,8,11,16,19,24,27,28,29,35],"damage_taken":[{"damage":6,"enemies":"Jaw Worm","floor":1,"turns":5},{"damage":1,"enemies":"Small Slimes","floor":3,"turns":3},{"damage":0,"enemies":"2 Louse","floor":5,"turns":2},{"damage":9,"enemies":"Gremlin Nob","floor":6,"turns":3},{"damage":10,"enemies":"3 Sentries","floor":8,"turns":5},{"damage":19,"enemies":"Exordium Thugs","floor":10,"turns":7},{"damage":0,"enemies":"Gremlin Nob","floor":11,"turns":2},{"damage":1,"enemies":"2 Fungi Beasts","floor":13,"turns":3},{"damage":0,"enemies":"Large Slime","floor":14,"turns":3},{"damage":1,"enemies":"Hexaghost","floor":16,"turns":7},{"damage":0,"enemies":"Chosen","floor":18,"turns":3},{"damage":0,"enemies":"2 Thieves","floor":19,"turns":2},{"damage":5,"enemies":"3 Cultists","floor":20,"turns":3},{"damage":19,"enemies":"Slavers","floor":23,"turns":4},{"damage":9,"enemies":"Chosen and Byrds","floor":24,"turns":4},{"damage":25,"enemies":"Gremlin Leader","floor":25,"turns":6},{"damage":29,"enemies":"Book of Stabbing","floor":27,"turns":5},{"damage":0,"enemies":"Snecko","floor":28,"turns":3},{"damage":11,"enemies":"Gremlin Leader","floor":29,"turns":4},{"damage":5,"enemies":"Colosseum Slavers","floor":30,"turns":4},{"damage":7,"enemies":"Colosseum Nobs","floor":30,"turns":3},{"damage":18,"enemies":"Cultist and Chosen","floor":31,"turns":4},{"damage":25,"enemies":"Collector","floor":33,"turns":6},{"damage":53,"enemies":"3 Shapes","floor":35,"turns":6},{"damage":32,"enemies":"2 Orb Walkers","floor":36,"turns":2}],"seed_played":"7828863427423718600","potions_obtained":[{"floor":6,"key":"DistilledChaos"},{"floor":10,"key":"FearPotion"},{"floor":14,"key":"AttackPotion"},{"floor":16,"key":"Energy Potion"},{"floor":20,"key":"ColorlessPotion"},{"floor":23,"key":"CultistPotion"},{"floor":25,"key":"Swift Potion"},{"floor":27,"key":"SneckoOil"},{"floor":33,"key":"EssenceOfSteel"}],"is_trial":false,"path_per_floor":["M","?","M","$","M","E","R","E","T","M","E","?","M","M","R","B",null,"M","M","M","$","?","E","M","E","T","E","M","E","?","M","R","B",null,"M","?"],"character_chosen":"THE_DEFAULT","items_purchased":["SteroidPotion","theMarked:MaelstromOfLightning","Meat on the Bone"],"campfire_rested":0,"item_purchase_floors":[4,4,21],"current_hp_per_floor":[53,53,52,52,52,43,43,33,33,14,14,14,13,13,13,12,53,53,53,48,48,48,41,44,31,31,14,26,27,39,33,48,35,58,17,0,0],"gold":375,"neow_bonus":"BOSS_RELIC","is_daily":false,"chose_seed":false,"campfire_upgraded":3,"win_rate":0.0,"timestamp":1608950226,"path_taken":["M","?","M","$","M","E","R","E","T","M","E","?","?","M","R","BOSS","M","M","M","$","?","E","M","E","T","E","M","E","?","M","R","BOSS","M","?"],"items_purchased_type":["Potion","Card","Relic"],"build_version":"2020-12-22","purchased_purges":0,"victory":false,"max_hp_per_floor":[66,66,66,66,66,66,66,66,66,66,66,66,66,66,66,66,66,66,66,66,66,66,66,66,66,66,66,66,66,66,66,66,66,66,66,66,66],"relic_stats":{"Dream Catcher":0,"Shovel":0,"Gremlin Horn":[12,12],"counters":[25,99],"MealTicket":0,"Eternal Feather":15,"Pandora\u0027s Box":["theMarked:StartUp","theMarked:MagicAdept","theMarked:ChannelForce","theMarked:LightningStrikesTwice","theMarked:Indomitable","theMarked:RogueSparks","theMarked:TakeOffHeels","theMarked:StartUp","theMarked:TwofoldDefense"],"Pen Nib":[14],"obtain_stats":[{"theMarked:DemonDagger":6,"theMarked:Gun":8,"Gremlin Horn":25,"Vajra":11,"Eternal Feather":30,"Pen Nib":9,"Frozen Egg 2":23,"theMarked:ArtifactOfAir":0,"SlaversCollar":0,"Dream Catcher":29,"Shovel":30,"MealTicket":27,"Pandora\u0027s Box":34,"Coffee Dripper":17,"Meat on the Bone":21},{"theMarked:DemonDagger":4,"theMarked:Gun":5,"Gremlin Horn":16,"Vajra":7,"Eternal Feather":21,"Pen Nib":5,"Frozen Egg 2":14,"theMarked:ArtifactOfAir":0,"SlaversCollar":0,"Dream Catcher":19,"Shovel":21,"MealTicket":17,"Pandora\u0027s Box":23,"Coffee Dripper":10,"Meat on the Bone":13},{"theMarked:DemonDagger":13,"theMarked:Gun":18,"Gremlin Horn":62,"Vajra":27,"Eternal Feather":81,"Pen Nib":18,"Frozen Egg 2":52,"theMarked:ArtifactOfAir":0,"SlaversCollar":0,"Dream Catcher":74,"Shovel":81,"MealTicket":67,"Pandora\u0027s Box":91,"Coffee Dripper":40,"Meat on the Bone":48}],"Meat on the Bone":132},"card_choices":[{"not_picked":["theMarked:BanishingStrike","theMarked:ResourceFulStrike"],"picked":"theMarked:Parkour","floor":1},{"not_picked":["theMarked:CreepingChasm","theMarked:EnhanceMovement"],"picked":"theMarked:MagicAdept","floor":3},{"not_picked":["theMarked:Static","theMarked:RepellingDischarge"],"picked":"theMarked:Parkour","floor":5},{"not_picked":["theMarked:PowerFlow","theMarked:Seal"],"picked":"theMarked:MuscleMemory","floor":6},{"not_picked":["theMarked:ResourceFulStrike","theMarked:WardOff"],"picked":"theMarked:RepellingDischarge","floor":8},{"not_picked":["theMarked:BanishingStrike","theMarked:Improvise","theMarked:TwofoldDefense"],"picked":"SKIP","floor":10},{"not_picked":["theMarked:ElectricStrings","theMarked:TunnelVision"],"picked":"theMarked:Polarize","floor":11},{"not_picked":["theMarked:Improvise","theMarked:ShockingTouch"],"picked":"theMarked:ParalyzingBlade","floor":13},{"not_picked":["theMarked:Improvise","theMarked:Aftermath"],"picked":"theMarked:StartUp","floor":14},{"not_picked":["theMarked:SuspiciousRaven","theMarked:Defy"],"picked":"theMarked:TakeOffHeels","floor":16},{"not_picked":["theMarked:Electrocute","theMarked:Frustration+1"],"picked":"theMarked:CreepingChasm","floor":18},{"not_picked":["theMarked:SwordAndMagic","theMarked:Polarize"],"picked":"theMarked:Overcharge+1","floor":19},{"not_picked":["theMarked:RepellingDischarge","theMarked:EmpowerWeapon"],"picked":"theMarked:Indomitable+1","floor":20},{"not_picked":["theMarked:KeepCalmAndFightOn","theMarked:Static","theMarked:ElectricStrings"],"picked":"SKIP","floor":23},{"not_picked":["theMarked:Panic","theMarked:Challenge"],"picked":"theMarked:RepellingDischarge+1","floor":24},{"not_picked":["theMarked:Parkour","theMarked:WastefulDefense","theMarked:RogueSparks+1"],"picked":"SKIP","floor":25},{"not_picked":["theMarked:DispelDoubt","theMarked:BanishingStrike"],"picked":"theMarked:StartUp","floor":27},{"not_picked":["theMarked:HeritageOfTheMarked+1","theMarked:WastefulAttack"],"picked":"theMarked:PowerFlow","floor":28},{"not_picked":["theMarked:ResourceFulStrike","theMarked:BanishingStrike"],"picked":"theMarked:Generate","floor":29},{"not_picked":["theMarked:Parkour","theMarked:ResourceFulStrike"],"picked":"theMarked:ComboAttacks+1","floor":31},{"not_picked":["theMarked:Snap","theMarked:UnarmedFury"],"picked":"theMarked:Challenge","floor":33},{"not_picked":["theMarked:Reabsorb+1","theMarked:ChainLightning","theMarked:MagicAdept+1"],"picked":"SKIP","floor":35}],"player_experience":4431524,"relics_obtained":[{"floor":6,"key":"theMarked:DemonDagger"},{"floor":8,"key":"theMarked:Gun"},{"floor":9,"key":"Pen Nib"},{"floor":11,"key":"Vajra"},{"floor":23,"key":"Frozen Egg 2"},{"floor":25,"key":"Gremlin Horn"},{"floor":27,"key":"MealTicket"},{"floor":29,"key":"Dream Catcher"},{"floor":30,"key":"Shovel"},{"floor":30,"key":"Eternal Feather"}],"event_choices":[{"damage_healed":0,"gold_gain":0,"player_choice":"Upgraded","damage_taken":0,"max_hp_gain":0,"max_hp_loss":0,"event_name":"Upgrade Shrine","floor":2,"gold_loss":0,"cards_upgraded":["theMarked:SoldierOfQuellstein"]},{"damage_healed":0,"gold_gain":0,"player_choice":"Ignored","damage_taken":0,"max_hp_gain":0,"max_hp_loss":0,"event_name":"Liars Game","floor":12,"gold_loss":0},{"damage_healed":0,"gold_gain":0,"player_choice":"Ignored","damage_taken":0,"max_hp_gain":0,"max_hp_loss":0,"event_name":"The Mausoleum","floor":22,"gold_loss":0},{"damage_healed":0,"gold_gain":0,"player_choice":"Fight","damage_taken":0,"max_hp_gain":0,"max_hp_loss":0,"event_name":"Colosseum","floor":30,"gold_loss":0},{"damage_healed":0,"gold_gain":0,"player_choice":"Fought Nobs","damage_taken":0,"max_hp_gain":0,"max_hp_loss":0,"event_name":"Colosseum","floor":30,"gold_loss":0},{"damage_healed":0,"gold_gain":0,"player_choice":"Fight","damage_taken":0,"max_hp_gain":0,"max_hp_loss":0,"event_name":"Mysterious Sphere","floor":36,"gold_loss":0}],"is_beta":false,"boss_relics":[{"not_picked":["Empty Cage","Black Star"],"picked":"Coffee Dripper"},{"not_picked":["Fusion Hammer","Cursed Key"],"picked":"Pandora\u0027s Box"}],"items_purged_floors":[],"is_endless":false,"potions_floor_spawned":[6,10,14,16,20,23,25,27,30,33],"killed_by":"2 Orb Walkers","ascension_level":20}}