{"host":"p6s16n2sj7zvsuor","time":1608978374,"event":{"mods":["BaseMod","Minty Spire (QoL Compilation)"],"gold_per_floor":[117,128,145,159,169,169,197,210,210,38,38,98,98,98,98,222,222,242,255,101,101,64,64,103,103,103,103,103,103],"floor_reached":28,"playtime":1366,"items_purged":["Strike_G"],"score":300,"play_id":"1965e01e-a05d-4ed8-91e2-dc3b6910c0f3","local_time":"20201226122614","is_ascension_mode":true,"campfire_choices":[{"data":"Setup","floor":6,"key":"SMITH"},{"data":"HandOfGreed","floor":11,"key":"SMITH"},{"data":"Quick Slash","floor":13,"key":"SMITH"},{"floor":15,"key":"REST"},{"data":"Adrenaline","floor":23,"key":"SMITH"},{"floor":27,"key":"REST"}],"circlet_count":0,"master_deck":["Defend_G","Defend_G","Defend_G","Defend_G","Defend_G","Survivor","Neutralize","Grand Finale","Backstab","Backflip","Well Laid Plans","Setup+1","Escape Plan","HandOfGreed+1","Quick Slash+1","Phantasmal Killer","Adrenaline+1","Bite","Bite","Bite","Bite","Bite","Dash","Backstab"],"relics":["Ring of the Snake","Bottled Tornado","Bronze Scales","Busted Crown","Enchiridion","Kunai"],"acts_visited":["Exordium","TheCity"],"potions_floor_usage":[7,7,16],"damage_taken":[{"damage":2,"enemies":"Cultist","floor":1,"turns":5},{"damage":2,"enemies":"Jaw Worm","floor":2,"turns":3},{"damage":0,"enemies":"2 Louse","floor":3,"turns":4},{"damage":6,"enemies":"Looter","floor":4,"turns":3},{"damage":2,"enemies":"2 Fungi Beasts","floor":5,"turns":4},{"damage":20,"enemies":"3 Sentries","floor":7,"turns":6},{"damage":3,"enemies":"Blue Slaver","floor":8,"turns":6},{"damage":6,"enemies":"Exordium Wildlife","floor":12,"turns":4},{"damage":35,"enemies":"The Guardian","floor":16,"turns":11},{"damage":12,"enemies":"Shell Parasite","floor":18,"turns":3},{"damage":0,"enemies":"Chosen","floor":19,"turns":4},{"damage":34,"enemies":"Centurion and Healer","floor":24,"turns":4},{"damage":2,"enemies":"Colosseum Slavers","floor":28,"turns":3},{"damage":40,"enemies":"Colosseum Nobs","floor":28,"turns":3}],"seed_played":"7138871282816558537","potions_obtained":[{"floor":1,"key":"ColorlessPotion"},{"floor":2,"key":"DistilledChaos"},{"floor":12,"key":"Energy Potion"}],"is_trial":false,"path_per_floor":["M","M","M","M","M","R","E","M","T","$","R","M","R","?","R","B",null,"M","M","$","?","$","R","M","?","T","R","?"],"character_chosen":"THE_SILENT","items_purchased":["HandOfGreed","Adrenaline","Dash"],"campfire_rested":2,"item_purchase_floors":[10,20,22],"current_hp_per_floor":[68,66,66,60,58,58,38,35,35,35,35,29,29,22,43,8,55,43,43,43,43,43,43,17,1,1,15,0,0],"gold":103,"neow_bonus":"ONE_RANDOM_RARE_CARD","is_daily":false,"chose_seed":false,"campfire_upgraded":4,"win_rate":0.0,"timestamp":1608978374,"path_taken":["M","M","M","M","?","R","E","M","T","$","R","M","R","?","R","BOSS","M","M","$","?","$","R","M","?","T","R","?"],"items_purchased_type":["Card","Card","Card"],"build_version":"2020-12-22","purchased_purges":1,"victory":false,"max_hp_per_floor":[70,70,70,70,70,70,70,70,70,70,70,70,70,70,70,70,70,70,70,70,49,49,49,49,49,49,49,49,49],"card_choices":[{"not_picked":["PiercingWail","Finisher"],"picked":"Backstab","floor":1},{"not_picked":["Sucker Punch","Flying Knee"],"picked":"Backflip","floor":2},{"not_picked":["Dodge and Roll","Choke"],"picked":"Well Laid Plans","floor":3},{"not_picked":["Tactician","Bullet Time"],"picked":"Setup","floor":4},{"not_picked":["PiercingWail","Flying Knee","Cloak And Dagger"],"picked":"SKIP","floor":5},{"not_picked":["Outmaneuver","Deadly Poison","Cloak And Dagger"],"picked":"SKIP","floor":7},{"not_picked":["Deflect","Outmaneuver"],"picked":"Escape Plan","floor":8},{"not_picked":["Bouncing Flask","Underhanded Strike"],"picked":"Quick Slash","floor":12},{"not_picked":["Burst","Grand Finale"],"picked":"Phantasmal Killer","floor":16},{"not_picked":["Underhanded Strike"],"picked":"SKIP","floor":18},{"not_picked":["Slice"],"picked":"SKIP","floor":19},{"not_picked":[],"picked":"Backstab","floor":24}],"player_experience":767429,"relics_obtained":[{"floor":7,"key":"Bottled Tornado"},{"floor":9,"key":"Bronze Scales"},{"floor":25,"key":"Enchiridion"},{"floor":26,"key":"Kunai"}],"event_choices":[{"cards_removed":["Strike_G"],"damage_healed":0,"gold_gain":0,"player_choice":"Card Removal","damage_taken":7,"max_hp_gain":0,"max_hp_loss":0,"event_name":"Golden Wing","floor":14,"gold_loss":0},{"damage_healed":0,"gold_gain":0,"player_choice":"Became a vampire","damage_taken":0,"max_hp_gain":0,"max_hp_loss":21,"event_name":"Vampires","floor":21,"gold_loss":0,"cards_obtained":["Bite","Bite","Bite","Bite","Bite"]},{"damage_healed":0,"gold_gain":0,"player_choice":"Obtained Book","damage_taken":16,"max_hp_gain":0,"max_hp_loss":0,"event_name":"Cursed Tome","floor":25,"gold_loss":0},{"damage_healed":0,"gold_gain":0,"player_choice":"Fight","damage_taken":0,"max_hp_gain":0,"max_hp_loss":0,"event_name":"Colosseum","floor":28,"gold_loss":0},{"damage_healed":0,"gold_gain":0,"player_choice":"Fought Nobs","damage_taken":0,"max_hp_gain":0,"max_hp_loss":0,"event_name":"Colosseum","floor":28,"gold_loss":0}],"is_beta":false,"boss_relics":[{"not_picked":["Ring of the Serpent","Coffee Dripper"],"picked":"Busted Crown"}],"items_purged_floors":[20],"is_endless":false,"potions_floor_spawned":[1,2,12,28],"killed_by":"Colosseum Nobs","ascension_level":5}}