{"host":"reretk0dz0kj8f1n","time":1608974298,"event":{"mods":["Arknights The Spire","BaseMod","Colored Map","Minty Spire (QoL Compilation)","StSLib"],"gold_per_floor":[113,38,38,38,58,84,84,112,192,208,223,242,131,143,143,143,143],"floor_reached":16,"playtime":477,"items_purged":["ats:Strike S"],"score":144,"play_id":"88f2344c-5921-4596-a49b-a4da4e1f00aa","local_time":"20201226181818","is_ascension_mode":true,"campfire_choices":[{"data":"ats:Emotion Absorption","floor":7,"key":"SMITH"},{"data":"ats:Healing Strengthening","floor":15,"key":"SMITH"}],"circlet_count":0,"master_deck":["ats:Strike C+1","ats:Strike G","ats:Defend","ats:Defend","ats:Defend","ats:Defend","ats:Emotion Absorption+1","ats:Revitalization","ats:Volcano+1","ats:Healing Strengthening+1","ats:Guardian Obelisk","ats:Apocalypse","ats:Revitalization","ats:Song Of Battle"],"relics":["ats:Sanity","NeowsBlessing","ats:Originium","Whetstone","ats:Originium","Bottled Tornado","Molten Egg 2"],"acts_visited":["Exordium"],"potions_floor_usage":[8,10,14],"damage_taken":[{"damage":0,"enemies":"2 Louse","floor":1,"turns":1},{"damage":0,"enemies":"Cultist","floor":5,"turns":1},{"damage":0,"enemies":"Lagavulin","floor":6,"turns":1},{"damage":46,"enemies":"Gremlin Nob","floor":8,"turns":5},{"damage":15,"enemies":"Small Slimes","floor":10,"turns":10},{"damage":13,"enemies":"2 Fungi Beasts","floor":11,"turns":3},{"damage":20,"enemies":"3 Louse","floor":12,"turns":3},{"damage":22,"enemies":"Lots of Slimes","floor":14,"turns":4},{"damage":81,"enemies":"The Guardian","floor":16,"turns":8}],"seed_played":"-6029533762042842398","potions_obtained":[{"floor":5,"key":"DistilledChaos"},{"floor":8,"key":"PowerPotion"},{"floor":10,"key":"Block Potion"}],"is_trial":false,"path_per_floor":["M","$","?","?","M","E","R","E","T","M","M","M","$","M","R","B"],"character_chosen":"DOCTOR_CLASS","items_purchased":["ats:Volcano","ats:Song Of Battle"],"campfire_rested":0,"item_purchase_floors":[2,13],"current_hp_per_floor":[72,72,65,65,65,65,65,19,19,60,55,35,35,25,25,0,0],"gold":143,"neow_bonus":"THREE_ENEMY_KILL","is_daily":false,"chose_seed":false,"campfire_upgraded":2,"win_rate":0.0,"timestamp":1608974298,"path_taken":["M","$","?","?","?","E","R","E","T","M","M","M","$","M","R","BOSS"],"items_purchased_type":["Card","Card"],"build_version":"2020-12-22","purchased_purges":1,"victory":false,"max_hp_per_floor":[72,72,72,72,72,72,72,72,72,72,72,72,72,72,72,72,72],"card_choices":[{"not_picked":["ats:Childhood Dance","ats:Hammer On"],"picked":"ats:Revitalization","floor":1},{"not_picked":["ats:Poison Spread","ats:Beaten Up"],"picked":"ats:Healing Strengthening","floor":5},{"not_picked":["ats:Spore Proliferation","ats:Cat Scratch"],"picked":"ats:Guardian Obelisk","floor":6},{"not_picked":["ats:Flexible Camouflage","ats:LN2 Cannon"],"picked":"ats:Apocalypse","floor":8},{"not_picked":["ats:Magnetic Hammer+1","ats:Explosion Area Strengthen+1","ats:Childhood Dance"],"picked":"SKIP","floor":10},{"not_picked":["ats:Curse Doll","ats:Assault Order"],"picked":"ats:Revitalization","floor":11},{"not_picked":["ats:Collapsing Strike+1","ats:Curse Doll","ats:Powerful Strike+1"],"picked":"SKIP","floor":12},{"not_picked":["ats:Curse Doll","ats:Powerful Strike+1","ats:Echo Reverb"],"picked":"SKIP","floor":14}],"player_experience":248042,"relics_obtained":[{"floor":6,"key":"ats:Originium"},{"floor":6,"key":"Whetstone"},{"floor":8,"key":"ats:Originium"},{"floor":8,"key":"Bottled Tornado"},{"floor":9,"key":"Molten Egg 2"}],"event_choices":[{"cards_removed":["ats:Armor Crushing Shot"],"damage_healed":0,"gold_gain":0,"player_choice":"Card Removal","damage_taken":7,"max_hp_gain":0,"max_hp_loss":0,"event_name":"Golden Wing","floor":3,"gold_loss":0},{"cards_removed":["ats:Strike V"],"damage_healed":0,"gold_gain":0,"player_choice":"Purged","damage_taken":0,"max_hp_gain":0,"max_hp_loss":0,"event_name":"Purifier","floor":4,"gold_loss":0}],"is_beta":false,"boss_relics":[],"items_purged_floors":[13],"is_endless":false,"potions_floor_spawned":[5,8,10],"killed_by":"The Guardian","ascension_level":1}}