{"host":"3ek78t4i81ecmdy1","time":1608947177,"event":{"mods":["2.2 Compatiblity","AchievementEnabler","BaseMod","Colored Map","DeckTracker","Filter the Spire","Keyboard Shortcuts","Minty Spire (QoL Compilation)","Permanent Neow","Quick Restart","SuperFastMode","everything is the same but u backflip on backflip"],"gold_per_floor":[152,152,196,196,287,343,386,421,421,466,587,28,138,188,188,188,188],"floor_reached":16,"playtime":587,"items_purged":["Strike_R"],"score":152,"play_id":"f8000323-4c00-4c7f-9f09-7c018125b88d","local_time":"20201226104617","is_ascension_mode":true,"campfire_choices":[{"floor":15,"key":"REST"}],"circlet_count":0,"master_deck":["Strike_R","Strike_R+1","Strike_R","Defend_R","Defend_R","Defend_R","Defend_R","Bash","HandOfGreed+1","Uppercut","Armaments","Disarm","Ghostly Armor","Barricade","Feel No Pain+1","Rupture+1"],"relics":["Burning Blood","Golden Idol","SsserpentHead","Whetstone","Mercury Hourglass","Frozen Egg 2","Blue Candle","Tiny Chest","Matryoshka","Dream Catcher"],"acts_visited":["Exordium"],"potions_floor_usage":[6,8,11,11,13],"damage_taken":[{"damage":2,"enemies":"2 Louse","floor":1,"turns":6},{"damage":2,"enemies":"Cultist","floor":3,"turns":4},{"damage":6,"enemies":"Jaw Worm","floor":5,"turns":2},{"damage":26,"enemies":"Lagavulin","floor":6,"turns":7},{"damage":5,"enemies":"Blue Slaver","floor":7,"turns":5},{"damage":0,"enemies":"Gremlin Nob","floor":8,"turns":3},{"damage":1,"enemies":"Exordium Thugs","floor":10,"turns":5},{"damage":1,"enemies":"Gremlin Nob","floor":11,"turns":3},{"damage":18,"enemies":"3 Sentries","floor":13,"turns":9},{"damage":65,"enemies":"Hexaghost","floor":16,"turns":14}],"seed_played":"-6386938863413104648","potions_obtained":[{"floor":1,"key":"FearPotion"},{"floor":5,"key":"DistilledChaos"},{"floor":7,"key":"LiquidMemories"},{"floor":10,"key":"Swift Potion"},{"floor":11,"key":"Regen Potion"},{"floor":13,"key":"Fire Potion"}],"is_trial":false,"path_per_floor":["M","?","M","?","M","E","M","E","T","M","?","$","E","?","R","B"],"character_chosen":"IRONCLAD","items_purchased":["Tiny Chest","Matryoshka","Rupture+1"],"campfire_rested":1,"item_purchase_floors":[12,12,12],"current_hp_per_floor":[60,40,44,44,44,24,25,31,31,36,41,41,44,37,61,0,0],"gold":188,"neow_bonus":"RANDOM_COLORLESS_2","is_daily":false,"chose_seed":false,"campfire_upgraded":0,"win_rate":0.0,"timestamp":1608947177,"path_taken":["M","?","M","?","?","E","M","E","T","M","?","$","E","?","R","BOSS"],"items_purchased_type":["Relic","Relic","Card"],"build_version":"2020-12-22","purchased_purges":1,"victory":false,"max_hp_per_floor":[80,80,80,80,80,80,80,80,80,80,80,80,80,80,80,80,80],"card_choices":[{"not_picked":["Transmutation","Sadistic Nature"],"picked":"HandOfGreed","floor":0},{"not_picked":["Clothesline","Pommel Strike"],"picked":"Uppercut","floor":1},{"not_picked":["Twin Strike","Anger"],"picked":"Armaments","floor":3},{"not_picked":["Battle Trance","Clothesline"],"picked":"Disarm","floor":5},{"not_picked":["Battle Trance","Fiend Fire","Clothesline"],"picked":"SKIP","floor":6},{"not_picked":["Whirlwind","Sword Boomerang"],"picked":"Ghostly Armor","floor":7},{"not_picked":["Hemokinesis","Armaments"],"picked":"Barricade","floor":8},{"not_picked":["Bloodletting","Sever Soul"],"picked":"Feel No Pain+1","floor":10},{"not_picked":["Clothesline","Wild Strike","Armaments"],"picked":"SKIP","floor":13}],"player_experience":37311,"relics_obtained":[{"floor":6,"key":"Whetstone"},{"floor":8,"key":"Mercury Hourglass"},{"floor":9,"key":"Frozen Egg 2"},{"floor":11,"key":"Blue Candle"},{"floor":13,"key":"Dream Catcher"}],"event_choices":[{"damage_healed":0,"gold_gain":0,"player_choice":"Take Damage","damage_taken":20,"relics_obtained":["Golden Idol"],"max_hp_gain":0,"max_hp_loss":0,"event_name":"Golden Idol","floor":2,"gold_loss":0},{"damage_healed":0,"gold_gain":0,"player_choice":"Trade","damage_taken":0,"relics_obtained":["SsserpentHead"],"max_hp_gain":0,"max_hp_loss":0,"event_name":"FaceTrader","floor":4,"gold_loss":0},{"damage_healed":0,"gold_gain":30,"player_choice":"Searched \u00272\u0027 times","damage_taken":0,"max_hp_gain":0,"max_hp_loss":0,"event_name":"Dead Adventurer","floor":11,"gold_loss":0},{"cards_removed":["Strike_R"],"damage_healed":0,"gold_gain":0,"player_choice":"Card Removal","damage_taken":7,"max_hp_gain":0,"max_hp_loss":0,"event_name":"Golden Wing","floor":14,"gold_loss":0}],"is_beta":false,"boss_relics":[],"items_purged_floors":[12],"is_endless":false,"potions_floor_spawned":[1,5,7,10,11,13],"killed_by":"Hexaghost","ascension_level":1}}