{"host":"31q8uht4v38sth7r","time":1608984250,"event":{"mods":["BaseMod","Colored Map","Highlight Path","Minty Spire (QoL Compilation)","Permanent Neow","StSLib"],"gold_per_floor":[118,118,130,148,165,165,194,194,194,221,238,35,35,63,63,134,134,145,160,58,78,78,105,105,105],"floor_reached":24,"playtime":2863,"items_purged":["Strike_B","Strike_B"],"score":501,"play_id":"4991b1b3-1fca-4854-b17e-04ad7a063a80","local_time":"20201226200410","is_ascension_mode":true,"campfire_choices":[{"data":"Beam Cell","floor":6,"key":"SMITH"},{"data":"Streamline","floor":13,"key":"SMITH"},{"data":"Double Energy","floor":15,"key":"SMITH"}],"circlet_count":0,"master_deck":["AscendersBane","Strike_B","Strike_B","Defend_B","Defend_B","Defend_B","Defend_B","Zap+1","Dualcast","Chill","Streamline+1","Beam Cell+1","Rebound","Seek","Meteor Strike","Double Energy+1","Turbo","Core Surge","Redo","Consume+1","Hologram","Coolheaded","Loop"],"relics":["Cracked Core","Gremlin Horn","Shuriken","The Courier","Bag of Marbles","DataDisk","Coffee Dripper","Ancient Tea Set","Blue Candle"],"acts_visited":["Exordium","TheCity"],"potions_floor_usage":[10,23],"damage_taken":[{"damage":2,"enemies":"Jaw Worm","floor":1,"turns":3},{"damage":0,"enemies":"Cultist","floor":3,"turns":3},{"damage":0,"enemies":"2 Louse","floor":4,"turns":2},{"damage":17,"enemies":"Lots of Slimes","floor":5,"turns":4},{"damage":26,"enemies":"Lagavulin","floor":7,"turns":5},{"damage":5,"enemies":"3 Sentries","floor":10,"turns":6},{"damage":1,"enemies":"Blue Slaver","floor":11,"turns":3},{"damage":2,"enemies":"Gremlin Nob","floor":14,"turns":3},{"damage":0,"enemies":"Slime Boss","floor":16,"turns":8},{"damage":16,"enemies":"3 Byrds","floor":18,"turns":6},{"damage":9,"enemies":"Shell Parasite","floor":19,"turns":3},{"damage":0,"enemies":"Cultist and Chosen","floor":21,"turns":6},{"damage":45,"enemies":"Gremlin Leader","floor":23,"turns":8},{"damage":21,"enemies":"Snake Plant","floor":24,"turns":1}],"seed_played":"6267816670083935201","potions_obtained":[{"floor":1,"key":"Fire Potion"},{"floor":7,"key":"AttackPotion"},{"floor":14,"key":"Regen Potion"},{"floor":16,"key":"LiquidMemories"},{"floor":18,"key":"FairyPotion"},{"floor":23,"key":"AttackPotion"}],"is_trial":false,"path_per_floor":["M","?","M","M","M","R","E","?","T","E","M","$","R","E","R","B",null,"M","M","$","M","?","E","M"],"character_chosen":"DEFECT","items_purchased":["Turbo","Bag of Marbles","Hologram"],"campfire_rested":0,"item_purchase_floors":[12,12,20],"current_hp_per_floor":[62,62,62,62,45,45,19,71,71,66,65,65,65,63,63,63,69,53,44,44,44,44,21,0,0],"gold":105,"neow_bonus":"UPGRADE_CARD","is_daily":false,"chose_seed":false,"campfire_upgraded":3,"win_rate":0.0,"timestamp":1608984250,"path_taken":["M","?","M","?","M","R","E","?","T","E","M","$","R","E","R","BOSS","M","M","?","M","?","E","?"],"items_purchased_type":["Card","Relic","Card"],"build_version":"2020-12-22","purchased_purges":2,"victory":false,"max_hp_per_floor":[71,71,71,71,71,71,71,71,71,71,71,71,71,71,71,71,71,71,71,71,71,71,71,71,71],"card_choices":[{"not_picked":["Static Discharge","Redo"],"picked":"Chill","floor":1},{"not_picked":["Rebound","FTL"],"picked":"Beam Cell","floor":3},{"not_picked":["Turbo","Reprogram"],"picked":"Leap","floor":4},{"not_picked":["Turbo","Scrape"],"picked":"Rebound","floor":5},{"not_picked":["Go for the Eyes","Aggregate"],"picked":"Seek","floor":7},{"not_picked":["Heatsinks","Gash"],"picked":"Meteor Strike","floor":10},{"not_picked":["Hologram","Streamline"],"picked":"Double Energy","floor":11},{"not_picked":["Steam Power","Barrage","Reprogram"],"picked":"SKIP","floor":14},{"not_picked":["All For One","Multi-Cast"],"picked":"Core Surge","floor":16},{"not_picked":["Beam Cell","Steam Power"],"picked":"Redo","floor":18},{"not_picked":["Coolheaded","Turbo"],"picked":"Consume+1","floor":19},{"not_picked":["Steam","Creative AI"],"picked":"Coolheaded","floor":21},{"not_picked":["Double Energy","Conserve Battery"],"picked":"Loop","floor":23}],"player_experience":990491,"relics_obtained":[{"floor":7,"key":"Gremlin Horn"},{"floor":9,"key":"Shuriken"},{"floor":10,"key":"The Courier"},{"floor":14,"key":"DataDisk"},{"floor":23,"key":"Blue Candle"}],"event_choices":[{"damage_healed":0,"gold_gain":0,"player_choice":"1 cards matched","damage_taken":0,"max_hp_gain":0,"max_hp_loss":0,"event_name":"Match and Keep!","floor":2,"gold_loss":0,"cards_obtained":["Streamline"]},{"damage_healed":52,"gold_gain":0,"player_choice":"Full Heal","damage_taken":0,"max_hp_gain":0,"max_hp_loss":0,"event_name":"Wheel of Change","floor":8,"gold_loss":0},{"cards_removed":["Leap"],"damage_healed":0,"gold_gain":0,"player_choice":"Gave Card","damage_taken":0,"relics_obtained":["Ancient Tea Set"],"max_hp_gain":0,"max_hp_loss":0,"event_name":"WeMeetAgain","floor":22,"gold_loss":0}],"is_beta":false,"boss_relics":[{"not_picked":["Busted Crown","SlaversCollar"],"picked":"Coffee Dripper"}],"items_purged_floors":[12,20],"is_endless":false,"potions_floor_spawned":[1,7,14,16,18,23],"killed_by":"Snake Plant","ascension_level":15}}