{"host":"qc1sjgtdjonvdsd8","time":1608987882,"event":{"mods":["BaseMod","Colored Map","Colored Powertips","Curses Come First","Minty Spire (QoL Compilation)","Replay The Spire","StSLib"],"gold_per_floor":[113,113,140,1,87,87,117,134,183,183,197,16,28,47,47,145,145,85,85,85,98,98,98,98,98],"floor_reached":24,"playtime":1970,"items_purged":["Defend_R"],"score":219,"play_id":"cbcfbe09-8c78-4915-967f-68b0c901d7d7","local_time":"20201226050442","is_ascension_mode":false,"campfire_choices":[{"data":"Flame Barrier","floor":6,"key":"SMITH"},{"data":"Hemogenesis","floor":10,"key":"SMITH"},{"data":"ReplayTheSpireMod:Splinters","floor":15,"key":"PURGE"},{"floor":23,"key":"RECALL"}],"circlet_count":0,"master_deck":["Strike_R","Strike_R","Strike_R","Strike_R","Strike_R","Defend_R","Defend_R","Defend_R","Bash","Shrug It Off","Armaments","Metallicize","Flame Barrier+1","Battle Trance","Iron Wave","Hemogenesis+1","Defy Death","Disarm","True Grit","Cleave","Dark Embrace","Corruption","Havoc+1"],"relics":["Burning Blood","NeowsBlessing","MawBank","Lantern","Membership Card","SacredBark","Replay:Wax Seal"],"acts_visited":["Exordium","TheCity"],"potions_floor_usage":[11,13,16,24],"damage_taken":[{"damage":0,"enemies":"Cultist","floor":1,"turns":1},{"damage":0,"enemies":"Jaw Worm","floor":3,"turns":1},{"damage":0,"enemies":"Lagavulin","floor":7,"turns":1},{"damage":2,"enemies":"2 Louse","floor":8,"turns":3},{"damage":6,"enemies":"Gremlin Gang","floor":11,"turns":6},{"damage":0,"enemies":"Looter","floor":13,"turns":4},{"damage":1,"enemies":"Large Slime","floor":14,"turns":10},{"damage":30,"enemies":"Fading Forest","floor":16,"turns":11},{"damage":15,"enemies":"2 Thieves","floor":18,"turns":4},{"damage":11,"enemies":"Shell Parasite","floor":21,"turns":10},{"damage":58,"enemies":"3 Cultists","floor":24,"turns":7}],"seed_played":"8375493155392364402","potions_obtained":[{"floor":7,"key":"DuplicationPotion"},{"floor":8,"key":"Adrenaline Potion"},{"floor":11,"key":"Fire Potion"},{"floor":14,"key":"ColorlessPotion"}],"is_trial":false,"path_per_floor":["M","?","M","$","?","R","E","M","T","R","M","$","M","M","R_BF","B",null,"M","?","?","M","T","R","M"],"character_chosen":"IRONCLAD","items_purchased":["Metallicize","Membership Card","True Grit"],"campfire_rested":0,"item_purchase_floors":[4,12,12],"current_hp_per_floor":[80,73,79,79,79,79,80,80,80,80,80,80,80,80,80,69,80,79,79,64,67,67,67,25,25],"gold":98,"neow_bonus":"THREE_ENEMY_KILL","is_daily":false,"chose_seed":false,"campfire_upgraded":2,"win_rate":0.0,"timestamp":1608987882,"path_taken":["M","?","M","$","?","R","E","?","T","R","M","$","M","M","R_BF","BOSS","M","?","?","M","?","R","M"],"items_purchased_type":["Card","Relic","Card"],"build_version":"2020-12-22","purchased_purges":1,"victory":false,"max_hp_per_floor":[80,80,80,80,80,80,80,80,80,80,80,80,80,80,80,80,80,80,80,85,85,85,85,85,85],"card_choices":[{"not_picked":["Second Wind","Flex"],"picked":"Shrug It Off","floor":1},{"not_picked":["Uppercut","Headbutt"],"picked":"Armaments","floor":3},{"not_picked":["Fire Breathing","Bloodletting"],"picked":"Flame Barrier","floor":5},{"not_picked":["Sever Soul","Uppercut"],"picked":"Battle Trance","floor":5},{"not_picked":["Perfected Strike","Heavy Blade"],"picked":"Iron Wave","floor":5},{"not_picked":["Rupture","Clash"],"picked":"Hemogenesis","floor":7},{"not_picked":["Cleave","Run Through"],"picked":"Defy Death","floor":8},{"not_picked":["Perfected Strike","Inflame"],"picked":"Disarm","floor":11},{"not_picked":["Wild Strike","Clothesline"],"picked":"Cleave","floor":13},{"not_picked":["ReplayReversal","Anger"],"picked":"Dark Embrace","floor":14},{"not_picked":["Bludgeon","Double Tap"],"picked":"Corruption","floor":16},{"not_picked":["Sword Boomerang","Perfected Strike+1","Reckless Charge"],"picked":"SKIP","floor":18},{"not_picked":["Clash","Wild Strike"],"picked":"Havoc+1","floor":21}],"player_experience":162162,"relics_obtained":[{"floor":7,"key":"Lantern"},{"floor":22,"key":"Replay:Wax Seal"}],"event_choices":[{"damage_healed":0,"gold_gain":0,"player_choice":"Success","damage_taken":7,"relics_obtained":["MawBank"],"max_hp_gain":0,"max_hp_loss":0,"event_name":"Scrap Ooze","floor":2,"gold_loss":0},{"damage_healed":0,"gold_gain":0,"player_choice":"Ignored","damage_taken":0,"max_hp_gain":0,"max_hp_loss":0,"event_name":"Ghosts","floor":19,"gold_loss":0},{"damage_healed":0,"gold_gain":0,"player_choice":"Shed Blood","damage_taken":20,"max_hp_gain":5,"max_hp_loss":0,"event_name":"Forgotten Altar","floor":20,"gold_loss":0}],"is_beta":false,"boss_relics":[{"not_picked":["Runic Pyramid","Velvet Choker"],"picked":"SacredBark"}],"items_purged_floors":[4],"is_endless":false,"potions_floor_spawned":[7,8,11,14],"killed_by":"3 Cultists","ascension_level":0}}