{"host":"sabve5zmqufxyc5o","time":1608985978,"event":{"mods":["2.2 Compatiblity","AchievementEnabler","Act Like it!","Arknights The Spire","BaseMod","Block Reminder","Colored Map","Colored Powertips","DeckTracker","KOR Keyword Fix","Keyboard Shortcuts","Minty Spire (QoL Compilation)","Quick Restart","Rare Cards Sparkle","Relic Stats","StSLib","SuperFastMode"],"gold_per_floor":[118,43,63,363,374,374,407,407,407,407,419,419,433,433,433,528,528,538,538,554,387,407,442,442,454,502,502,412,429,440,457,457,554,554,570,300,311,331,351,351,351],"floor_reached":40,"playtime":1397,"items_purged":["ats:Strike V","ats:Defend","ats:Defend"],"score":474,"play_id":"7e4f1dc5-e58f-40c8-9c28-e35d0114e37e","local_time":"20201226213258","is_ascension_mode":true,"campfire_choices":[{"data":"ats:Armor Crushing Shot","floor":6.0,"key":"SMITH"},{"floor":8.0,"key":"REST"},{"data":"ats:Neurotoxin","floor":10.0,"key":"SMITH"},{"data":"ats:Rapid Magazine","floor":12.0,"key":"SMITH"},{"data":"ats:Consecutive Shot Auto","floor":15.0,"key":"SMITH"},{"floor":24.0,"key":"REST"},{"floor":27.0,"key":"REST"},{"data":"ats:Healing Strengthening","floor":32.0,"key":"SMITH"}],"circlet_count":0,"master_deck":["ats:Strike S","ats:Armor Crushing Shot+1","ats:Defend","ats:Emotion Absorption+1","ats:Shell Defense","ats:Explosion Area Strengthen+1","ats:Shadow Raid","ats:Neurotoxin+1","ats:Rapid Magazine+1","ats:Consecutive Shot Auto+1","ats:Calcification","ats:Poison Spread","ats:Healing Strengthening+1","ats:Hook Shot","ats:Assault Order","ats:Shell Defense","ats:Hook Shot+1","ats:Flexible Camouflage","ats:Overload"],"relics":["ats:Sanity","Old Coin","ats:Originium","Juzu Bracelet","ats:Bonebreaker","ats:Tactical Delivery","ats:Originium","Calipers","ats:MaxSp1","Runic Pyramid","Bag of Preparation"],"acts_visited":["Exordium","TheCity","TheBeyond"],"potions_floor_usage":[39,39,40],"damage_taken":[{"damage":6.0,"enemies":"2 Louse","floor":1.0,"turns":5.0},{"damage":0.0,"enemies":"Cultist","floor":3.0,"turns":5.0},{"damage":18.0,"enemies":"Jaw Worm","floor":5.0,"turns":5.0},{"damage":35.0,"enemies":"Gremlin Nob","floor":7.0,"turns":5.0},{"damage":8.0,"enemies":"Looter","floor":11.0,"turns":4.0},{"damage":1.0,"enemies":"3 Louse","floor":13.0,"turns":4.0},{"damage":34.0,"enemies":"Hexaghost","floor":16.0,"turns":10.0},{"damage":12.0,"enemies":"Spheric Guardian","floor":18.0,"turns":6.0},{"damage":0.0,"enemies":"Chosen","floor":20.0,"turns":4.0},{"damage":41.0,"enemies":"Centurion and Healer","floor":22.0,"turns":7.0},{"damage":40.0,"enemies":"Slavers","floor":23.0,"turns":6.0},{"damage":12.0,"enemies":"Cultist and Chosen","floor":25.0,"turns":6.0},{"damage":22.0,"enemies":"3 Cultists","floor":29.0,"turns":5.0},{"damage":14.0,"enemies":"Centurion and Healer","floor":30.0,"turns":6.0},{"damage":24.0,"enemies":"Snake Plant","floor":31.0,"turns":4.0},{"damage":60.0,"enemies":"Collector","floor":33.0,"turns":11.0},{"damage":8.0,"enemies":"3 Shapes","floor":35.0,"turns":6.0},{"damage":17.0,"enemies":"Orb Walker","floor":37.0,"turns":4.0},{"damage":14.0,"enemies":"4 Shapes","floor":38.0,"turns":5.0},{"damage":28,"enemies":"Transient","floor":39,"turns":5},{"damage":59,"enemies":"Giant Head","floor":40,"turns":8}],"seed_played":"5516069533212278784","potions_obtained":[{"floor":3.0,"key":"Regen Potion"},{"floor":18.0,"key":"Weak Potion"},{"floor":20.0,"key":"Strength Potion"},{"floor":23.0,"key":"Weak Potion"},{"floor":33.0,"key":"AttackPotion"},{"floor":35.0,"key":"Weak Potion"},{"floor":39,"key":"FearPotion"}],"is_trial":false,"path_per_floor":["M","$","M","?","M","R","E","R","T","R","M","R","M","?","R","B",null,"M","?","M","$","M","E","R","M","T","R","?","M","M","M","R","B",null,"M","$","M","M","M","E"],"character_chosen":"DOCTOR_CLASS","items_purchased":["ats:Healing Strengthening","Bag of Preparation"],"campfire_rested":3,"item_purchase_floors":[21,36],"current_hp_per_floor":[66,66,71,59,46,46,29,50,50,50,47,47,53,53,53,33,72,64,64,70,70,54,24,45,46,46,67,67,63,68,55,55,63,72,72,72,63,62,60,23,23],"gold":351,"neow_bonus":"UPGRADE_CARD","is_daily":false,"chose_seed":false,"campfire_upgraded":5,"win_rate":0.0,"timestamp":1608985978,"path_taken":["M","$","M","?","M","R","E","R","T","R","M","R","M","?","R","BOSS","M","?","M","$","M","E","R","M","T","R","?","M","M","M","R","BOSS","M","$","M","M","M","E"],"items_purchased_type":["Card","Relic"],"build_version":"2020-12-22","purchased_purges":3,"victory":false,"max_hp_per_floor":[72,72,72,72,72,72,72,72,72,72,72,72,72,72,72,72,72,72,72,72,72,72,72,72,72,72,72,72,72,72,72,72,72,72,72,72,72,72,72,72,72],"relic_stats":{"counters":[21,121],"Juzu Bracelet":1,"Bag of Preparation":[8],"obtain_stats":[{"ats:MaxSp1":26,"Calipers":23,"ats:Originium":7,"ats:Tactical Delivery":17,"Juzu Bracelet":7,"Bag of Preparation":36,"ats:Sanity":0,"ats:Bonebreaker":9,"Old Coin":4,"Runic Pyramid":34},{"ats:MaxSp1":12,"Calipers":11,"ats:Originium":4,"ats:Tactical Delivery":7,"Juzu Bracelet":4,"Bag of Preparation":17,"ats:Sanity":0,"ats:Bonebreaker":4,"Old Coin":2,"Runic Pyramid":16},{"ats:MaxSp1":67,"Calipers":61,"ats:Originium":20,"ats:Tactical Delivery":38,"Juzu Bracelet":20,"Bag of Preparation":99,"ats:Sanity":0,"ats:Bonebreaker":20,"Old Coin":10,"Runic Pyramid":93}]},"card_choices":[{"not_picked":["ats:Consecutive Shot Auto","ats:Leaping Hammer"],"picked":"ats:Shell Defense","floor":1.0},{"not_picked":["ats:Apocalypse","ats:Powerful Strike"],"picked":"ats:Explosion Area Strengthen","floor":3.0},{"not_picked":["ats:Burning Ground","ats:Soul Rend"],"picked":"ats:Shadow Raid","floor":5.0},{"not_picked":["ats:Hammer On","ats:Part Time Job"],"picked":"ats:Neurotoxin","floor":7.0},{"not_picked":["ats:Flexible Camouflage","ats:LN2 Cannon"],"picked":"ats:Rapid Magazine","floor":11.0},{"not_picked":["ats:Neurotoxin","ats:Flexible Camouflage"],"picked":"ats:Consecutive Shot Auto","floor":13.0},{"not_picked":["ats:Disruption Kick","ats:Roar Of Ursus"],"picked":"ats:Calcification","floor":16.0},{"not_picked":["ats:Leaping Hammer","ats:Curse Doll+1"],"picked":"ats:Poison Spread","floor":18.0},{"not_picked":["ats:Consecutive Shot Auto","ats:Curse Doll","ats:Ignite+1"],"picked":"SKIP","floor":20.0},{"not_picked":["ats:Powerful Strike","ats:Calcification"],"picked":"ats:Hook Shot","floor":22.0},{"not_picked":["ats:Revitalization","ats:Assault Order","ats:Steam Pump+1"],"picked":"SKIP","floor":23.0},{"not_picked":["ats:Revitalization","ats:Steam Pump+1"],"picked":"ats:Assault Order","floor":23.0},{"not_picked":["ats:Powerful Strike","ats:Apocalypse+1","ats:Flexible Camouflage"],"picked":"SKIP","floor":25.0},{"not_picked":["ats:Thermite Blade","ats:Encircling Forest+1"],"picked":"ats:Shell Defense","floor":29.0},{"not_picked":["ats:Counter Healing Mode","ats:Burning Ground","ats:Flexible Camouflage"],"picked":"SKIP","floor":30.0},{"not_picked":["ats:Thermite Blade","ats:Demon Strength","ats:Composite Medical Shells+1"],"picked":"SKIP","floor":31.0},{"not_picked":["ats:Hammer On","ats:Apocalypse+1"],"picked":"ats:Hook Shot+1","floor":35.0},{"not_picked":["ats:Hammer On+1","ats:Powerful Strike"],"picked":"ats:Flexible Camouflage","floor":37.0},{"not_picked":["ats:Neurotoxin","ats:Revitalization+1"],"picked":"ats:Overload","floor":38.0},{"not_picked":["ats:Explosion Area Strengthen+1","ats:Assault Order","ats:Cat Scratch+1"],"picked":"SKIP","floor":39}],"player_experience":821493,"relics_obtained":[{"floor":7.0,"key":"ats:Originium"},{"floor":7.0,"key":"Juzu Bracelet"},{"floor":9.0,"key":"ats:Bonebreaker"},{"floor":23.0,"key":"ats:Originium"},{"floor":23.0,"key":"Calipers"},{"floor":26.0,"key":"ats:MaxSp1"}],"event_choices":[{"damage_healed":0.0,"max_hp_gain":0.0,"max_hp_loss":0.0,"gold_gain":0.0,"event_name":"Scrap Ooze","player_choice":"Success","floor":4.0,"gold_loss":0.0,"damage_taken":12.0,"relics_obtained":["Old Coin"]},{"cards_removed":["ats:Strike G"],"damage_healed":0.0,"max_hp_gain":0.0,"max_hp_loss":0.0,"gold_gain":0.0,"event_name":"Bonfire Elementals","player_choice":"Offered Basic","floor":14.0,"gold_loss":0.0,"damage_taken":0.0},{"cards_removed":["ats:Strike C"],"damage_healed":0.0,"max_hp_gain":0.0,"max_hp_loss":0.0,"gold_gain":0.0,"event_name":"Purifier","player_choice":"Purged","floor":19.0,"gold_loss":0.0,"damage_taken":0.0},{"cards_removed":["ats:Defend"],"damage_healed":0.0,"max_hp_gain":0.0,"max_hp_loss":0.0,"gold_gain":0.0,"event_name":"Designer","player_choice":"Upgrade and Remove","floor":28.0,"gold_loss":90.0,"damage_taken":0.0,"cards_upgraded":["ats:Explosion Area Strengthen"]}],"is_beta":false,"boss_relics":[{"not_picked":["Sozu","Fusion Hammer"],"picked":"ats:Tactical Delivery"},{"not_picked":["Philosopher\u0027s Stone","Coffee Dripper"],"picked":"Runic Pyramid"}],"items_purged_floors":[2,21,36],"is_endless":false,"potions_floor_spawned":[3,18,20,23,33,35,38,39],"killed_by":"Giant Head","ascension_level":3}}