{"host":"fhxfqpb5jtirt13c","time":1608996271,"event":{"mods":["BaseMod","Downfall","Hermit","Minty Spire (QoL Compilation)","Shop Mod","StSLib","Waifu the Spire"],"gold_per_floor":[99,110,560,735,835,850,850,850,775,787,804,804,804,829,847,847,847],"floor_reached":16,"playtime":748,"items_purged":[],"score":200,"play_id":"7b82e077-140b-4f68-ba1a-61f6113aa1b3","local_time":"20201226232431","is_ascension_mode":false,"campfire_choices":[{"floor":1.0,"key":"RECALL"},{"data":"hermit:Covet","floor":9.0,"key":"SMITH"},{"data":"hermit:Manifest","floor":13.0,"key":"SMITH"}],"circlet_count":0,"master_deck":["hermit:Strike_Hermit+1","hermit:Strike_Hermit","hermit:Strike_Hermit+1","hermit:Strike_Hermit","hermit:Defend_Hermit+1","hermit:Defend_Hermit","hermit:Defend_Hermit","hermit:Defend_Hermit+1","hermit:Snapshot+1","hermit:Covet+1","hermit:ItchyTrigger","Slimebound:Icky","Slimebound:Icky","Slimebound:Icky","Doubt","Regret","hermit:Manifest+1","hermit:OverwhelmingPower","hermit:Reprieve","hermit:EyeOfTheStorm"],"relics":["hermit:Momento","Nunchaku","downfall:HeartBlessingRed","downfall:BrokenWingStatue","Whetstone"],"acts_visited":["Exordium"],"potions_floor_usage":[16,16],"damage_taken":[{"damage":0.0,"enemies":"2 Louse","floor":2.0,"turns":3.0},{"damage":16.0,"enemies":"Jaw Worm","floor":6.0,"turns":4.0},{"damage":4.0,"enemies":"Small Slimes","floor":10.0,"turns":3.0},{"damage":7.0,"enemies":"2 Fungi Beasts","floor":11.0,"turns":5.0},{"damage":26.0,"enemies":"Lagavulin","floor":14.0,"turns":7.0},{"damage":10.0,"enemies":"Exordium Thugs","floor":15.0,"turns":4.0},{"damage":48,"enemies":"downfall:Defect","floor":16,"turns":6}],"seed_played":"7790359848865253923","potions_obtained":[{"floor":0.0,"key":"hermit:BlackBile"},{"floor":0.0,"key":"hermit:BlackBile"},{"floor":0.0,"key":"AttackPotion"},{"floor":10.0,"key":"ColorlessPotion"},{"floor":11.0,"key":"FearPotion"}],"is_trial":false,"path_per_floor":["R","M","?","?","?","M","T","?","R","M","M","?","R","E","M","B"],"character_chosen":"HERMIT","items_purchased":[],"campfire_rested":0,"item_purchase_floors":[],"current_hp_per_floor":[75,75,75,75,75,59,59,59,59,55,48,48,48,22,28,0,0],"gold":847,"neow_bonus":"THREE_SMALL_POTIONS","is_daily":false,"chose_seed":false,"campfire_upgraded":2,"win_rate":0.0,"timestamp":1608996271,"path_taken":["R","M","?","?","?","M","T","?","R","M","?","?","R","E","M","BOSS"],"items_purchased_type":[],"build_version":"2020-12-22","purchased_purges":0,"victory":false,"max_hp_per_floor":[75,75,75,75,75,75,75,75,75,75,75,75,75,75,75,75,75],"card_choices":[{"not_picked":["hermit:EyeOfTheStorm","hermit:HighCaliber"],"picked":"hermit:ItchyTrigger","floor":2.0},{"not_picked":["hermit:Coalescence","hermit:Feint","hermit:WideOpen"],"picked":"SKIP","floor":6.0},{"not_picked":["hermit:Cheat","hermit:Roulette"],"picked":"hermit:Manifest","floor":10.0},{"not_picked":["hermit:ItchyTrigger","hermit:LowProfile"],"picked":"hermit:OverwhelmingPower","floor":11.0},{"not_picked":["hermit:LowProfile","hermit:TrackingShot"],"picked":"hermit:Reprieve","floor":14.0},{"not_picked":["hermit:ItchyTrigger","hermit:HighCaliber"],"picked":"hermit:EyeOfTheStorm","floor":15.0}],"player_experience":496915,"relics_obtained":[{"floor":7.0,"key":"Nunchaku"},{"floor":14.0,"key":"Whetstone"}],"event_choices":[],"is_beta":false,"boss_relics":[],"items_purged_floors":[],"is_endless":false,"potions_floor_spawned":[10,11],"killed_by":"downfall:Defect","ascension_level":0}}