{"host":"30jsp143e4v19aze","time":1608966117,"event":{"mods":["BaseMod","Colored Map","Colored Powertips","Curses Come First","DeckTracker","Highlight Path","Minty Spire (QoL Compilation)","Quick Restart","Relic Stats","StSLib","everything is the same but u backflip on backflip","slay the spire mod where everything is the same but ironclad has a cowboy hat"],"gold_per_floor":[118,11,27,43,60,88,105,131,131,157,157,191,204,227,227,316,316,336,251,266,191,20,59,59,59,59,99,99,115,149,170,170,263,263,277,25,25,39,57,92,92,130,202,236,236,256,299,330,330,330,330,330,330,33,69,69,69],"floor_reached":56,"playtime":13011,"items_purged":["Strike_R"],"score":2210,"play_id":"2c19d6c6-9056-4e41-82ca-84507ced7210","local_time":"20201226080157","is_ascension_mode":true,"campfire_choices":[{"data":"True Grit","floor":15,"key":"SMITH"},{"data":"Whirlwind","floor":24,"key":"SMITH"},{"data":"Spot Weakness","floor":28,"key":"SMITH"},{"data":"Feel No Pain","floor":32,"key":"SMITH"},{"floor":41,"key":"RECALL"},{"floor":49,"key":"REST"},{"floor":53,"key":"REST"}],"circlet_count":0,"master_deck":["AscendersBane","Defend_R","Defend_R","Defend_R","Defend_R","Bash","Whirlwind+1","Pommel Strike","Iron Wave+1","Rampage","Headbutt","True Grit+1","Feel No Pain+1","Sword Boomerang","Evolve","Spot Weakness+1","Reaper+1","Clothesline+1","Impervious+1","True Grit+1","Shockwave","Shrug It Off+1","Burning Pact","Warcry+1","Limit Break+1","Battle Trance","Disarm+1","Dual Wield+1","Sentinel","Impervious","Thinking Ahead","Sentinel"],"relics":["SacredBark","Akabeko","Ancient Tea Set","Charon\u0027s Ashes","Sundial","Golden Idol","FossilizedHelix","Astrolabe","Centennial Puzzle","Anchor","Frozen Egg 2","Whetstone","Pen Nib","Letter Opener","Fusion Hammer","Chemical X","Art of War","Blood Vial","Bag of Preparation","Mercury Hourglass","Champion Belt","Medical Kit","Gremlin Horn"],"acts_visited":["Exordium","TheCity","TheBeyond","TheEnding"],"potions_floor_usage":[3,6,8,8,12,16,16,23,30,33,44,50,56,56],"damage_taken":[{"damage":7,"enemies":"Cultist","floor":1,"turns":4},{"damage":0,"enemies":"Jaw Worm","floor":3,"turns":1},{"damage":2,"enemies":"2 Louse","floor":4,"turns":4},{"damage":17,"enemies":"Lots of Slimes","floor":5,"turns":6},{"damage":3,"enemies":"Gremlin Nob","floor":6,"turns":3},{"damage":11,"enemies":"Blue Slaver","floor":7,"turns":4},{"damage":5,"enemies":"Lagavulin","floor":8,"turns":6},{"damage":10,"enemies":"3 Sentries","floor":10,"turns":8},{"damage":5,"enemies":"Gremlin Nob","floor":12,"turns":3},{"damage":0,"enemies":"Large Slime","floor":13,"turns":4},{"damage":0,"enemies":"Exordium Thugs","floor":14,"turns":4},{"damage":2,"enemies":"Hexaghost","floor":16,"turns":8},{"damage":29,"enemies":"3 Byrds","floor":18,"turns":7},{"damage":16,"enemies":"Spheric Guardian","floor":20,"turns":4},{"damage":21,"enemies":"Slavers","floor":23,"turns":4},{"damage":30,"enemies":"Gremlin Leader","floor":27,"turns":7},{"damage":0,"enemies":"Chosen and Byrds","floor":29,"turns":5},{"damage":47,"enemies":"Slavers","floor":30,"turns":7},{"damage":0,"enemies":"Centurion and Healer","floor":31,"turns":12},{"damage":56,"enemies":"Champ","floor":33,"turns":10},{"damage":0,"enemies":"3 Shapes","floor":35,"turns":1},{"damage":7,"enemies":"3 Darklings","floor":38,"turns":3},{"damage":0,"enemies":"Transient","floor":39,"turns":6},{"damage":0,"enemies":"Nemesis","floor":40,"turns":5},{"damage":15,"enemies":"Reptomancer","floor":42,"turns":5},{"damage":30,"enemies":"Giant Head","floor":44,"turns":7},{"damage":32,"enemies":"Maw","floor":46,"turns":9},{"damage":0,"enemies":"Reptomancer","floor":47,"turns":2},{"damage":18,"enemies":"Mind Bloom Boss Battle","floor":48,"turns":7},{"damage":3,"enemies":"Awakened One","floor":50,"turns":11},{"damage":34,"enemies":"Donu and Deca","floor":51,"turns":9},{"damage":9,"enemies":"Shield and Spear","floor":55,"turns":3},{"damage":86,"enemies":"The Heart","floor":56,"turns":11}],"seed_played":"6628532094566351391","potions_obtained":[{"floor":1,"key":"Fire Potion"},{"floor":5,"key":"Ancient Potion"},{"floor":6,"key":"SpeedPotion"},{"floor":8,"key":"Strength Potion"},{"floor":13,"key":"ElixirPotion"},{"floor":14,"key":"LiquidBronze"},{"floor":16,"key":"PowerPotion"},{"floor":27,"key":"BloodPotion"},{"floor":31,"key":"FearPotion"},{"floor":33,"key":"Swift Potion"},{"floor":35,"key":"Block Potion"},{"floor":39,"key":"BloodPotion"},{"floor":42,"key":"Strength Potion"},{"floor":47,"key":"Block Potion"}],"is_trial":false,"path_per_floor":["M","$","M","M","M","E","M","E","T","E","?","E","M","M","R","B",null,"M","?","M","?","$","E","R","?","T","E","R","M","E","M","R","B",null,"M","$","?","M","M","E","R","E","T","E","?","M","E","?","R","B","B",null,"R","$","E","B"],"character_chosen":"IRONCLAD","items_purchased":["Pommel Strike","Energy Potion","Shockwave","AttackPotion","Chemical X","Battle Trance","Medical Kit","SpeedPotion","Ancient Potion"],"campfire_rested":2,"item_purchase_floors":[2,2,22,22,36,36,54,54,54],"current_hp_per_floor":[61,61,61,59,42,39,28,23,23,13,13,8,8,8,8,6,53,39,39,23,23,23,47,47,47,47,38,38,41,26,68,68,31,59,68,68,68,68,68,68,68,68,68,68,58,68,68,50,68,65,33,59,68,68,59,0,0],"gold":69,"neow_bonus":"BOSS_RELIC","is_daily":false,"chose_seed":false,"campfire_upgraded":4,"win_rate":0.0,"timestamp":1608966117,"path_taken":["M","?","?","M","M","E","M","E","T","E","?","E","M","M","R","BOSS","M","?","M","?","$","E","R","?","T","E","R","M","E","M","R","BOSS","M","?","?","M","?","E","R","E","T","E","?","M","E","?","R","BOSS","BOSS","R","$","E","BOSS"],"items_purchased_type":["Card","Potion","Card","Potion","Relic","Card","Relic","Potion","Potion"],"build_version":"2020-12-22","purchased_purges":1,"victory":false,"max_hp_per_floor":[75,75,75,75,75,75,75,75,75,75,68,68,68,68,68,68,68,68,68,68,68,68,68,68,68,68,68,68,68,68,68,68,68,68,68,68,68,68,68,68,68,68,68,68,68,68,68,68,68,68,68,68,68,68,68,68,68],"relic_stats":{"Gremlin Horn":[0,0],"counters":[33,190],"Golden Idol":184,"Astrolabe":["Clothesline","Impervious","True Grit"],"Charon\u0027s Ashes":[814],"Pen Nib":[13],"Bag of Preparation":[14],"Whetstone":["Iron Wave","Reaper"],"Letter Opener":[226],"Medical Kit":[4],"Mercury Hourglass":[169],"Blood Vial":6,"Centennial Puzzle":[42],"Sundial":[18],"Art of War":[20],"Chemical X":[27],"Champion Belt":[7],"obtain_stats":[{"Gremlin Horn":55,"Golden Idol":11,"SacredBark":0,"Astrolabe":17,"Charon\u0027s Ashes":9,"Pen Nib":27,"Bag of Preparation":44,"Whetstone":26,"Letter Opener":30,"Frozen Egg 2":25,"Ancient Tea Set":8,"Medical Kit":54,"Burning Blood":0,"Akabeko":6,"Mercury Hourglass":47,"Blood Vial":42,"Centennial Puzzle":19,"Anchor":23,"Sundial":10,"Fusion Hammer":34,"Art of War":40,"Chemical X":36,"Champion Belt":48,"FossilizedHelix":12},{"Gremlin Horn":32,"Golden Idol":8,"SacredBark":0,"Astrolabe":12,"Charon\u0027s Ashes":7,"Pen Nib":16,"Bag of Preparation":26,"Whetstone":15,"Letter Opener":18,"Frozen Egg 2":15,"Ancient Tea Set":7,"Medical Kit":31,"Burning Blood":0,"Akabeko":5,"Mercury Hourglass":28,"Blood Vial":25,"Centennial Puzzle":13,"Anchor":15,"Sundial":8,"Fusion Hammer":20,"Art of War":24,"Chemical X":21,"Champion Belt":29,"FossilizedHelix":9},{"Gremlin Horn":179,"Golden Idol":36,"SacredBark":0,"Astrolabe":55,"Charon\u0027s Ashes":28,"Pen Nib":77,"Bag of Preparation":138,"Whetstone":70,"Letter Opener":89,"Frozen Egg 2":70,"Ancient Tea Set":28,"Medical Kit":176,"Burning Blood":0,"Akabeko":18,"Mercury Hourglass":149,"Blood Vial":131,"Centennial Puzzle":62,"Anchor":70,"Sundial":36,"Fusion Hammer":111,"Art of War":126,"Chemical X":112,"Champion Belt":156,"FossilizedHelix":39}]},"card_choices":[{"not_picked":["Armaments","Anger"],"picked":"Whirlwind","floor":1},{"not_picked":["Dark Embrace","Sword Boomerang"],"picked":"Iron Wave","floor":3},{"not_picked":["Clash","Warcry"],"picked":"Rampage","floor":4},{"not_picked":["Armaments","Dark Embrace"],"picked":"Headbutt","floor":5},{"not_picked":["Sentinel","Burning Pact"],"picked":"True Grit","floor":6},{"not_picked":["Warcry","Infernal Blade"],"picked":"Feel No Pain","floor":7},{"not_picked":["Pommel Strike","Thunderclap"],"picked":"Sword Boomerang","floor":8},{"not_picked":["Immolate","Iron Wave"],"picked":"Evolve","floor":10},{"not_picked":["Iron Wave","Entrench","Cleave"],"picked":"SKIP","floor":12},{"not_picked":["Clash","Carnage","Clothesline"],"picked":"SKIP","floor":13},{"not_picked":["Clash","Carnage","Clothesline"],"picked":"SKIP","floor":13},{"not_picked":["Body Slam","Iron Wave"],"picked":"Spot Weakness","floor":14},{"not_picked":["Feed","Corruption"],"picked":"Reaper","floor":16},{"not_picked":["Pommel Strike","Clothesline","True Grit"],"picked":"SKIP","floor":18},{"not_picked":["Havoc","Twin Strike","Shrug It Off"],"picked":"SKIP","floor":20},{"not_picked":["Armaments","Anger","Headbutt"],"picked":"SKIP","floor":23},{"not_picked":["Immolate","Inflame+1","Armaments"],"picked":"SKIP","floor":27},{"not_picked":["Flex","Entrench"],"picked":"Shrug It Off+1","floor":29},{"not_picked":["Sentinel","Headbutt"],"picked":"Burning Pact","floor":30},{"not_picked":["True Grit","Dropkick"],"picked":"Warcry+1","floor":31},{"not_picked":["Impervious","Fiend Fire"],"picked":"Limit Break","floor":33},{"not_picked":["Burning Pact","Thunderclap","Clash"],"picked":"SKIP","floor":35},{"not_picked":["Anger","Bloodletting+1"],"picked":"Disarm+1","floor":38},{"not_picked":["Clothesline","Pommel Strike","Hemokinesis"],"picked":"SKIP","floor":39},{"not_picked":["Whirlwind","Clothesline"],"picked":"Dual Wield+1","floor":40},{"not_picked":["Clothesline","Warcry"],"picked":"Sentinel","floor":42},{"not_picked":["Sword Boomerang","Twin Strike+1"],"picked":"Impervious","floor":44},{"not_picked":["Forethought","Enlightenment"],"picked":"Thinking Ahead","floor":45},{"not_picked":["Headbutt+1","Twin Strike","Armaments"],"picked":"SKIP","floor":46},{"not_picked":["Sword Boomerang","Clash","Dual Wield"],"picked":"SKIP","floor":47},{"not_picked":["Seeing Red","Havoc"],"picked":"Sentinel","floor":55}],"player_experience":3223643,"relics_obtained":[{"floor":6,"key":"Akabeko"},{"floor":8,"key":"Ancient Tea Set"},{"floor":9,"key":"Charon\u0027s Ashes"},{"floor":10,"key":"Sundial"},{"floor":12,"key":"FossilizedHelix"},{"floor":23,"key":"Anchor"},{"floor":25,"key":"Frozen Egg 2"},{"floor":26,"key":"Whetstone"},{"floor":27,"key":"Pen Nib"},{"floor":30,"key":"Letter Opener"},{"floor":40,"key":"Art of War"},{"floor":42,"key":"Blood Vial"},{"floor":44,"key":"Bag of Preparation"},{"floor":47,"key":"Mercury Hourglass"},{"floor":48,"key":"Champion Belt"},{"floor":55,"key":"Gremlin Horn"}],"event_choices":[{"damage_healed":0,"gold_gain":0,"player_choice":"Lose Max HP","damage_taken":0,"relics_obtained":["Golden Idol"],"max_hp_gain":0,"max_hp_loss":7,"event_name":"Golden Idol","floor":11,"gold_loss":0},{"damage_healed":0,"gold_gain":0,"player_choice":"Obtained Relic","damage_taken":0,"relics_obtained":["Centennial Puzzle"],"max_hp_gain":0,"max_hp_loss":0,"event_name":"Addict","floor":19,"gold_loss":85},{"cards_removed":["Strike_R"],"damage_healed":0,"gold_gain":0,"player_choice":"Gave Gold","damage_taken":0,"max_hp_gain":0,"max_hp_loss":0,"event_name":"Beggar","floor":21,"gold_loss":75},{"damage_healed":0,"gold_gain":0,"player_choice":"Relic","damage_taken":0,"max_hp_gain":0,"max_hp_loss":0,"event_name":"Wheel of Change","floor":25,"gold_loss":0},{"damage_healed":0,"gold_gain":0,"player_choice":"Upgraded","damage_taken":0,"max_hp_gain":0,"max_hp_loss":0,"event_name":"Upgrade Shrine","floor":37,"gold_loss":0,"cards_upgraded":["Limit Break"]},{"damage_healed":0,"gold_gain":0,"player_choice":"Memory 3","damage_taken":10,"max_hp_gain":0,"max_hp_loss":0,"event_name":"SensoryStone","floor":45,"gold_loss":0},{"damage_healed":0,"gold_gain":0,"player_choice":"Fight","damage_taken":0,"max_hp_gain":0,"max_hp_loss":0,"event_name":"MindBloom","floor":48,"gold_loss":0}],"is_beta":false,"boss_relics":[{"not_picked":["Busted Crown","Black Star"],"picked":"Astrolabe"},{"not_picked":["Calling Bell","Philosopher\u0027s Stone"],"picked":"Fusion Hammer"}],"items_purged_floors":[22],"is_endless":false,"potions_floor_spawned":[1,5,6,8,13,14,16,27,31,33,35,39,42,47,55],"killed_by":"The Heart","ascension_level":20}}