{"host":"w2kjv12xyhtt0cv2","time":1608996855,"event":{"mods":["10 clothes from DAL","Act Like it!","BaseMod","Colored Map","Conspire","Downfall","Friendly Minions","Gensokyo","Highlight Path","Hubris","Marisa（F雨　魔理沙）","Minty Spire (QoL Compilation)","Quick Restart","Reimu（博丽灵梦）","Relic Stats","Replay The Spire","RumiaBox-露米娅的神秘盒子","Spicy Shops","StSLib","SuperFastMode","The Servant 0.9.4","UnlockEverythingMod","Waifu the Spire","[功能]功能增强和修复MOD","vexMod","【功能Mod】Neow奖励","【功能Mod】混沌之环修复补丁","【遗物卡牌】REMEMod","没有小屋子和绿帽子啦"],"gold_per_floor":[99,178,178,23,23,23,49,95,95,545,530,530,530,86,131,229,229,262,304,304,304,304],"floor_reached":20,"playtime":1279,"items_purged":["Slimebound:Icky"],"score":158,"play_id":"c202a33a-5dec-4f1e-8dde-df751f11d60b","local_time":"20201226233415","is_ascension_mode":false,"campfire_choices":[{"data":"HandOfGreedExtend","floor":1.0,"key":"SMITH"},{"data":"champ:Execute","floor":9.0,"key":"SMITH"},{"data":"champ:Lariat","floor":13,"key":"SMITH"}],"circlet_count":0,"master_deck":["champ:Strike","champ:Defend","champ:Defend","champ:Defend","champ:Defend","champ:Execute+1","champ:Taunt","ReplayTheSpireMod:From All Sides+1","HandOfGreedExtend+1","champ:CalledShot+1","Slimebound:Icky","Slimebound:Icky","champ:Lariat+1","champ:StanceDance","champ:ShieldWall","champ:LastStand","champ:Shatter+1","champ:EnragedBash+1","champ:ViciousMockery+1"],"relics":["champ:ChampionCrown","REME_ComplimentaryCards","Chemical X","champ:LiftRelic","Lantern","downfall:BrokenWingStatue","hubris:OldNail","conspire:DeflatedDodgeball","Astrolabe","LastBattle"],"acts_visited":["Exordium","TheCity"],"potions_floor_usage":[],"damage_taken":[{"damage":1.0,"enemies":"2 Louse","floor":2.0,"turns":3.0},{"damage":5.0,"enemies":"downfall:FleeingMerchant","floor":4.0,"turns":4.0},{"damage":7.0,"enemies":"Small Slimes","floor":8.0,"turns":2.0},{"damage":15.0,"enemies":"downfall:FleeingMerchant","floor":11.0,"turns":4.0},{"damage":10,"enemies":"downfall:FleeingMerchant","floor":14,"turns":4},{"damage":13,"enemies":"conspire:RoseBush","floor":15,"turns":2},{"damage":58,"enemies":"downfall:Silent","floor":16,"turns":9},{"damage":40,"enemies":"conspire:MimicChest","floor":18,"turns":6},{"damage":50,"enemies":"3 Byrds","floor":19,"turns":7},{"damage":29,"enemies":"conspire:FuzzyDice","floor":20,"turns":3}],"seed_played":"5726229634580975157","potions_obtained":[{"floor":15,"key":"Guardian:BlockOnCardUsePotion"},{"floor":15,"key":"MagicPotion:ReiMu"},{"floor":18,"key":"EssenceOfSteel"}],"is_trial":false,"path_per_floor":["R_BF","M","?","$","?","?","T","M","R","?","$","?","R","$","M","B",null,"R_BF","M","M"],"character_chosen":"THE_CHAMP","items_purchased":["Chemical X","hubris:OldNail","conspire:DeflatedDodgeball"],"campfire_rested":0,"item_purchase_floors":[4,14,14],"current_hp_per_floor":[90,89,89,89,89,89,89,87,87,87,77,77,77,72,64,11,90,67,29,0,0,0],"gold":304,"neow_bonus":"RANDOM_COLORLESS","is_daily":false,"chose_seed":false,"campfire_upgraded":3,"win_rate":0.0,"timestamp":1608996855,"path_taken":["R_BF","M","?","$","?","?","T","M","R","?","$","?","R","$","M","BOSS","R_BF","M","M"],"items_purchased_type":["Relic","Relic","Relic"],"build_version":"2020-12-22","purchased_purges":1,"victory":false,"max_hp_per_floor":[90,90,90,90,90,90,90,90,90,90,90,90,90,90,90,90,90,90,90,90,90,90],"relic_stats":{"counters":[10,44],"Astrolabe":["champ:Shatter","champ:EnragedBash","champ:ViciousMockery"],"Chemical X":[14],"obtain_stats":[{"Lantern":7,"downfall:BrokenWingStatue":12,"champ:LiftRelic":5,"Astrolabe":17,"champ:ChampionCrown":0,"Chemical X":4,"conspire:DeflatedDodgeball":14,"LastBattle":18,"hubris:OldNail":14,"REME_ComplimentaryCards":0},{"Lantern":2,"downfall:BrokenWingStatue":4,"champ:LiftRelic":2,"Astrolabe":7,"champ:ChampionCrown":0,"Chemical X":2,"conspire:DeflatedDodgeball":5,"LastBattle":8,"hubris:OldNail":5,"REME_ComplimentaryCards":0},{"Lantern":7,"downfall:BrokenWingStatue":13,"champ:LiftRelic":7,"Astrolabe":28,"champ:ChampionCrown":0,"Chemical X":7,"conspire:DeflatedDodgeball":17,"LastBattle":34,"hubris:OldNail":17,"REME_ComplimentaryCards":0}]},"card_choices":[{"not_picked":["Replay:Sssssssssshield","Flash of Steel"],"picked":"HandOfGreedExtend","floor":0.0},{"not_picked":["champ:Lariat","champ:CrookedStrike","champ:Backstep"],"picked":"SKIP","floor":2.0},{"not_picked":["champ:DefensiveShout","champ:ArenaPreparation"],"picked":"champ:CalledShot","floor":4.0},{"not_picked":["champ:EnGarde","champ:Circumvent","champ:Haymaker"],"picked":"SKIP","floor":8.0},{"not_picked":["champ:FanOfKnives","champ:CrookedStrike"],"picked":"champ:Lariat","floor":11},{"not_picked":["champ:DefensiveShout","champ:FlashCut"],"picked":"champ:StanceDance","floor":14},{"not_picked":["champ:CrookedStrike","champ:FocusedDefense"],"picked":"champ:ShieldWall","floor":15},{"not_picked":["champ:DancingMaster","champ:HoldFirm"],"picked":"champ:LastStand","floor":16},{"not_picked":["champ:Duel","champ:PerfectedStrike","champ:BladeFlurry"],"picked":"SKIP","floor":19}],"player_experience":8798,"relics_obtained":[{"floor":7.0,"key":"Lantern"},{"floor":18,"key":"LastBattle"}],"event_choices":[],"is_beta":false,"boss_relics":[{"not_picked":["hubris:GrandSneckoEye","Cursed Key"],"picked":"Astrolabe"}],"items_purged_floors":[14],"is_endless":false,"potions_floor_spawned":[15,15,18],"killed_by":"conspire:FuzzyDice","ascension_level":0}}