{"host":"4myia77ydcdhvoxj","time":1608989397,"event":{"mods":["2.2 Compatiblity","BaseMod","Better Third Choice","Colored Powertips","Downfall","Minty Spire (QoL Compilation)","Replay The Spire","Spicy Shops","StSLib"],"gold_per_floor":[99,109,120,120,120,147,147,166,91,112,125,140,112,97,116,217,217,299,309,327,155,174,263,331,178,193,207,207,207,222,39,50,149,149,146,166,184,197,247,264,264,264,294,33,43,73,73,141,160,160],"floor_reached":51,"playtime":7402,"items_purged":[],"score":788,"play_id":"47d464b5-4238-44e5-b598-a8f572bbc7b6","local_time":"20201226222957","is_ascension_mode":false,"campfire_choices":[{"floor":1,"key":"RECALL"},{"floor":9,"key":"REST"},{"data":"Guardian:TwinSlam","floor":42,"key":"SMITH"},{"data":"Guardian:DonusPower","floor":47,"key":"SMITH"}],"circlet_count":0,"master_deck":["Guardian:Strike_Guardian","Guardian:Strike_Guardian","Guardian:Defend_Guardian","Guardian:Defend_Guardian","Guardian:Defend_Guardian","Guardian:CurlUp","Guardian:TwinSlam+1","Guardian:VentSteam","Guardian:BronzeOrb","Guardian:BaubleBeam+1","Guardian:Recover","Guardian:Incinerate+1","Guardian:SentryBeam+1","ReplayTheSpireMod:Faulty Equipment","Mayhem","Guardian:ChargeCore+1","Guardian:Repulse","Guardian:StasisField","Guardian:SpikerProtocol+1","Guardian:VentSteam","Replay:SS_forest_6+1","Guardian:PiercingHide+1","Guardian:Planning","Guardian:SpikerProtocol","Guardian:RevengeProtocol+1","Guardian:AncientConstruct+1","Guardian:BronzeOrb+1","Guardian:PrismaticBarrier","Guardian:TimeSifter+1","Guardian:SphericShield+1","Guardian:ChargeUp+1","Transmutation+1","Guardian:DonusPower+1","Guardian:Gem_Blue","Guardian:PiercingHide+1"],"relics":["Guardian:ModeShifter","ReplayTheSpireMod:Ninjato","Molten Egg 2","downfall:HeartBlessingRed","Odd Mushroom","ReplayTheSpireMod:CursedCoin","Replay:Bronze Core","Golden Egg","Guardian:BottledStasis","Orrery","Empty Cage","downfall:HeartBlessingBlue","Thread and Needle","InkBottle","Pear","Replay:Wax Seal","HornCleat","Bottled Lightning"],"acts_visited":["Exordium","TheCity","TheBeyond"],"potions_floor_usage":[13,21,21,32,33,38,40],"damage_taken":[{"damage":8,"enemies":"Jaw Worm","floor":2,"turns":4},{"damage":5,"enemies":"Cultist","floor":3,"turns":4},{"damage":32,"enemies":"3 Sentries","floor":6,"turns":13},{"damage":0,"enemies":"Small Slimes","floor":8,"turns":4},{"damage":6,"enemies":"The Mushroom Lair","floor":10,"turns":3},{"damage":0,"enemies":"Exordium Wildlife","floor":11,"turns":3},{"damage":3,"enemies":"Gremlin Gang","floor":12,"turns":4},{"damage":0,"enemies":"downfall:FleeingMerchant","floor":13,"turns":4},{"damage":0,"enemies":"downfall:FleeingMerchant","floor":14,"turns":4},{"damage":0,"enemies":"Blue Slaver","floor":15,"turns":2},{"damage":20,"enemies":"downfall:Defect","floor":16,"turns":6},{"damage":0,"enemies":"3 Byrds","floor":19,"turns":5},{"damage":4,"enemies":"Shell Parasite","floor":20,"turns":4},{"damage":0,"enemies":"downfall:FleeingMerchant","floor":21,"turns":3},{"damage":8,"enemies":"Shelled Parasite and Fungi","floor":22,"turns":4},{"damage":0,"enemies":"3 Cultists","floor":26,"turns":4},{"damage":3,"enemies":"Snake Plant","floor":27,"turns":2},{"damage":14,"enemies":"Centurion and Healer","floor":30,"turns":8},{"damage":4,"enemies":"Chosen and Byrds","floor":32,"turns":8},{"damage":14,"enemies":"downfall:Silent","floor":33,"turns":7},{"damage":3,"enemies":"3 Darklings","floor":36,"turns":5},{"damage":0,"enemies":"3 Shapes","floor":37,"turns":5},{"damage":28,"enemies":"Sphere and 2 Shapes","floor":38,"turns":7},{"damage":3,"enemies":"Mind Bloom Boss Battle","floor":39,"turns":7},{"damage":3,"enemies":"3 Darklings","floor":40,"turns":4},{"damage":16,"enemies":"Reptomancer","floor":43,"turns":6},{"damage":0,"enemies":"Transient","floor":45,"turns":5},{"damage":0,"enemies":"Giant Head","floor":46,"turns":7},{"damage":0,"enemies":"Sphere and 2 Shapes","floor":49,"turns":6},{"damage":7,"enemies":"downfall:Ironclad","floor":50,"turns":10}],"seed_played":"3416829401731229018","potions_obtained":[{"floor":6,"key":"Swift Potion"},{"floor":11,"key":"hexamod:EctoCoolerPotion"},{"floor":15,"key":"Adrenaline Potion"},{"floor":19,"key":"FearPotion"},{"floor":30,"key":"hexamod:EctoCoolerPotion"},{"floor":33,"key":"Regen Potion"},{"floor":39,"key":"Toxic Potion"},{"floor":45,"key":"Weak Potion"},{"floor":46,"key":"SkillPotion"},{"floor":49,"key":"Guardian:StasisDiscoveryPotion"}],"is_trial":false,"path_per_floor":["R","M","M","?","?","E","T","M","R","?","M","M","$","$","M","B",null,"R","M","M","$","M","?","T","$","M","M","?","?","M","$","M","B",null,"R","M","M","M","?","M","T","R","E","$","M","E","R","?","M","B",null],"character_chosen":"GUARDIAN","items_purchased":["ReplayTheSpireMod:CursedCoin","Mayhem","Golden Egg","Guardian:Gem_Cyan","Guardian:BottledStasis","Replay:SS_forest_6","Orrery","Guardian:Gem_Orange","Replay:Wax Seal","Transmutation"],"campfire_rested":1,"item_purchase_floors":[13,13,21,21,21,21,25,31,44,44],"current_hp_per_floor":[80,72,67,67,67,35,35,35,59,53,53,50,50,50,50,30,80,80,80,76,76,80,48,48,48,60,57,57,57,55,55,63,49,80,90,87,87,71,68,65,65,65,71,71,83,83,83,83,95,100],"gold":160,"neow_bonus":"THREE_CARDS","is_daily":false,"chose_seed":false,"campfire_upgraded":2,"win_rate":0.0,"timestamp":1608989397,"path_taken":["R","M","M","?","?","E","T","?","R","?","M","M","?","$","M","BOSS","R","M","?","$","M","?","T","$","M","M","?","?","?","$","M","BOSS","R","M","M","M","?","M","T","R","E","$","M","E","R","?","M","BOSS"],"items_purchased_type":["Relic","Card","Relic","Card","Relic","Card","Relic","Card","Relic","Card"],"build_version":"2020-12-22","purchased_purges":0,"victory":true,"max_hp_per_floor":[80,80,80,80,80,80,80,80,80,80,80,80,80,80,80,80,80,80,80,80,80,80,80,80,80,80,80,80,80,80,80,80,80,80,90,90,90,90,90,90,90,90,100,100,100,100,100,100,100,100],"card_choices":[{"not_picked":["Guardian:CrystalBeam","Guardian:Gem_Red"],"picked":"Guardian:Gem_Fragmented","floor":0},{"not_picked":["Guardian:PrismaticBarrier","Guardian:WalkerClaw"],"picked":"Guardian:VentSteam","floor":2},{"not_picked":["Guardian:Gem_Red","Guardian:PrismaticBarrier"],"picked":"Guardian:BronzeOrb","floor":3},{"not_picked":["Guardian:Orbwalk","Guardian:Preprogram"],"picked":"Guardian:Gem_Cyan","floor":6},{"not_picked":["Guardian:RefractedBeam+1","Guardian:Repulse"],"picked":"Guardian:BaubleBeam+1","floor":8},{"not_picked":["Guardian:ShieldCharger","Guardian:ArmoredProtocol"],"picked":"Guardian:Recover","floor":10},{"not_picked":["Guardian:TemporalStrike+1","Guardian:Gem_Cyan"],"picked":"Guardian:Incinerate+1","floor":11},{"not_picked":["Guardian:HyperBeam_Guardian+1","Guardian:Gem_Cyan"],"picked":"Guardian:SentryBeam+1","floor":12},{"not_picked":["Guardian:GuardianWhirl+1","Guardian:Reroute+1"],"picked":"Guardian:Gem_Lightblue","floor":13},{"not_picked":["Guardian:VentSteam","Guardian:Gem_Lightblue"],"picked":"Guardian:ChargeCore+1","floor":14},{"not_picked":["Guardian:RollAttack+1","Guardian:Suspension"],"picked":"Guardian:Repulse","floor":15},{"not_picked":["Guardian:FierceBash+1","Guardian:BaubleBeam+1"],"picked":"Guardian:StasisField","floor":16},{"not_picked":["Guardian:VentSteam","Guardian:TemporalStrike+1"],"picked":"Guardian:SpikerProtocol+1","floor":19},{"not_picked":["Guardian:Reroute+1","Guardian:RollAttack+1"],"picked":"Guardian:VentSteam","floor":20},{"not_picked":["Guardian:Emergency+1","Guardian:Preprogram"],"picked":"Guardian:Gem_Crimson","floor":21},{"not_picked":["Guardian:Gem_Crimson","Guardian:Recover"],"picked":"Guardian:PiercingHide+1","floor":22},{"not_picked":["Guardian:Suspension","Guardian:Reroute+1"],"picked":"Guardian:Gem_Crimson","floor":23},{"not_picked":["Guardian:BaubleBeam+1","Guardian:ShieldCharger"],"picked":"Guardian:Planning","floor":23},{"not_picked":["Guardian:ShieldCharger","Guardian:Reroute+1"],"picked":"Guardian:SpikerProtocol","floor":23},{"not_picked":["Guardian:FloatingOrbs","Guardian:Recover+1"],"picked":"Guardian:RevengeProtocol","floor":25},{"not_picked":["Guardian:TimeSifter","Guardian:Gem_Lightblue"],"picked":"Guardian:AncientConstruct","floor":25},{"not_picked":["Guardian:VentSteam+1","Guardian:TemporalStrike+1"],"picked":"Guardian:Gem_Lightblue","floor":25},{"not_picked":["Guardian:TemporalStrike+1","Guardian:PiercingHide"],"picked":"Guardian:BronzeOrb+1","floor":25},{"not_picked":["Guardian:Gem_Lightblue","Guardian:StasisField"],"picked":"Guardian:Gem_Red","floor":25},{"not_picked":["Guardian:Recover","Guardian:Gem_Red"],"picked":"Guardian:PrismaticBarrier","floor":26},{"not_picked":["Guardian:SpikerProtocol+1","Guardian:Gem_Lightblue"],"picked":"Guardian:Gem_Red","floor":27},{"not_picked":["Guardian:Incinerate+1","Guardian:Reroute+1"],"picked":"Guardian:Gem_Fragmented","floor":30},{"not_picked":["Guardian:ChargeCore+1","Guardian:Gem_Green"],"picked":"Guardian:TimeSifter","floor":32},{"not_picked":["Guardian:BaubleBeam+1","Guardian:HyperBeam_Guardian+1"],"picked":"Guardian:SphericShield","floor":33},{"not_picked":["Guardian:Gem_Red","Guardian:ShieldCharger"],"picked":"Guardian:Gem_Cyan","floor":36},{"not_picked":["Guardian:DonusPower","Guardian:SpikerProtocol"],"picked":"Guardian:Gem_Fragmented","floor":37},{"not_picked":["Guardian:Emergency+1","Guardian:TimeCapacitor+1"],"picked":"Guardian:Gem_Purple","floor":38},{"not_picked":["Guardian:Recover+1","Guardian:ExploitGems"],"picked":"Guardian:Gem_Green","floor":40},{"not_picked":["Guardian:RollAttack+1","Guardian:Gem_Synthetic"],"picked":"Guardian:ChargeUp+1","floor":43},{"not_picked":["Guardian:BronzeArmor+1","Guardian:Incinerate+1"],"picked":"Guardian:DonusPower","floor":45},{"not_picked":["Guardian:Incinerate+1","Guardian:Gem_Purple"],"picked":"Guardian:Gem_Blue","floor":46},{"not_picked":["Guardian:Gem_Lightblue","Guardian:BronzeArmor"],"picked":"Guardian:PiercingHide+1","floor":49}],"player_experience":444956,"relics_obtained":[{"floor":6,"key":"ReplayTheSpireMod:Ninjato"},{"floor":7,"key":"Molten Egg 2"},{"floor":10,"key":"Odd Mushroom"},{"floor":39,"key":"Thread and Needle"},{"floor":41,"key":"InkBottle"},{"floor":43,"key":"Pear"},{"floor":46,"key":"HornCleat"},{"floor":48,"key":"Bottled Lightning"}],"event_choices":[{"cards_removed":["Guardian:Strike_Guardian"],"damage_healed":0,"gold_gain":0,"player_choice":"Offered Basic","damage_taken":0,"max_hp_gain":0,"max_hp_loss":0,"event_name":"Bonfire Elementals","floor":5,"gold_loss":0},{"damage_healed":0,"gold_gain":0,"player_choice":"Fought Mushrooms","damage_taken":0,"max_hp_gain":0,"max_hp_loss":0,"event_name":"Mushrooms","floor":10,"gold_loss":0}],"is_beta":false,"boss_relics":[{"not_picked":["Fusion Hammer","Snecko Eye"],"picked":"Replay:Bronze Core"},{"not_picked":["ReplayTheSpireMod:DimensionalGlitch","Guardian:StasisSlotReductionRelic"],"picked":"Empty Cage"}],"items_purged_floors":[],"is_endless":false,"potions_floor_spawned":[6,11,15,19,30,33,39,45,46,49],"ascension_level":0}}