{"host":"m1ntkrf87179kmo6","time":1608946172,"event":{"mods":["BaseMod","Better Third Choice","Minty Spire (QoL Compilation)","Shade Mod","StSLib"],"gold_per_floor":[115,115,115,130,130,145,178,178,178,178,190,190,219,236,236,340,340,356,356,70,70,90,90,121,121,169,169,189,39,58,71,71,169,169,188,188,188,116,129,129,158,171,198,176,176,176,194,218,218,218,218],"floor_reached":50,"playtime":3446,"items_purged":[],"score":523,"play_id":"c4c3dd88-3491-46d9-b91b-a7cd6176724e","local_time":"20201225212932","is_ascension_mode":false,"campfire_choices":[{"floor":8,"key":"REST"},{"floor":10,"key":"RECALL"},{"floor":12,"key":"REST"},{"data":"Shade:AnimateDead","floor":15,"key":"SMITH"},{"floor":23,"key":"REST"},{"data":"Shade:Premonition","floor":25,"key":"SMITH"},{"data":"Shade:GreyBargain","floor":27,"key":"SMITH"},{"floor":32,"key":"REST"},{"data":"Shade:TouchOfTheGrave","floor":40,"key":"SMITH"},{"floor":45,"key":"REST"},{"floor":49,"key":"REST"}],"circlet_count":0,"master_deck":["Shade:Defend_Shade","Shade:Defend_Shade","Shade:Defend_Shade","Shade:Defend_Shade","Shade:AnimateDead+1","Shade:CarefulCut","Shade:FleshLikeOak","Shade:GreyBargain+1","Shade:AncientSpear","Shade:Coordination","Shade:Premonition+1","Shade:ExtraLimbs+1","Shade:GreyBargain","Shade:FuneraryJewels","Shade:FuneraryArmor","Shade:LyeBath+1","Shade:Awaken+1","Shade:CloudOfShrapnel+1","Shade:RitualOffering+1","Shade:TouchOfTheGrave+1","Shade:ExtraLimbs+1","Shade:FuneraryJewels","Parasite","Shade:FleshToFlesh","Shade:Premonition","Madness","Madness"],"relics":["Shade:YorickSkull","Matryoshka","Happy Flower","Vajra","TungstenRod","PreservedInsect","Black Star","Ginger","MutagenicStrength","Whetstone","Regal Pillow","Orichalcum","Tiny Chest","Bag of Marbles","Astrolabe","White Beast Statue","MealTicket","Ancient Tea Set"],"acts_visited":["Exordium","TheCity","TheBeyond"],"potions_floor_usage":[7,13,16,18,22,24,24,24,33,39,47,50,50],"damage_taken":[{"damage":0,"enemies":"2 Louse","floor":1,"turns":3},{"damage":0,"enemies":"Small Slimes","floor":4,"turns":3},{"damage":0,"enemies":"Jaw Worm","floor":6,"turns":4},{"damage":25,"enemies":"Gremlin Nob","floor":7,"turns":5},{"damage":0,"enemies":"3 Louse","floor":11,"turns":4},{"damage":0,"enemies":"3 Sentries","floor":13,"turns":6},{"damage":0,"enemies":"Blue Slaver","floor":14,"turns":3},{"damage":37,"enemies":"Slime Boss","floor":16,"turns":9},{"damage":9,"enemies":"3 Byrds","floor":18,"turns":6},{"damage":11,"enemies":"2 Thieves","floor":22,"turns":5},{"damage":8,"enemies":"Book of Stabbing","floor":24,"turns":4},{"damage":8,"enemies":"Snecko","floor":28,"turns":6},{"damage":0,"enemies":"Centurion and Healer","floor":30,"turns":6},{"damage":0,"enemies":"Shelled Parasite and Fungi","floor":31,"turns":5},{"damage":41,"enemies":"Automaton","floor":33,"turns":11},{"damage":0,"enemies":"3 Shapes","floor":35,"turns":7},{"damage":4,"enemies":"Orb Walker","floor":39,"turns":4},{"damage":20,"enemies":"Nemesis","floor":41,"turns":5},{"damage":24,"enemies":"Writhing Mass","floor":42,"turns":6},{"damage":14,"enemies":"Jaw Worm Horde","floor":47,"turns":6},{"damage":82,"enemies":"Time Eater","floor":50,"turns":12}],"seed_played":"-115704008141055114","potions_obtained":[{"floor":4,"key":"SteroidPotion"},{"floor":7,"key":"LiquidBronze"},{"floor":14,"key":"SkillPotion"},{"floor":16,"key":"SkillPotion"},{"floor":22,"key":"EntropicBrew"},{"floor":28,"key":"FearPotion"},{"floor":31,"key":"SkillPotion"},{"floor":41,"key":"FearPotion"},{"floor":42,"key":"Energy Potion"},{"floor":47,"key":"Strength Potion"}],"is_trial":false,"path_per_floor":["M","?","$","M","?","M","E","R","T","R","M","R","E","M","R","B",null,"M","?","$","?","M","R","E","R","T","R","M","$","M","M","R","B",null,"M","?","?","$","M","R","E","M","T","$","R","?","M","T","R","B"],"character_chosen":"SHADE","items_purchased":["Ginger","Bag of Marbles","Shade:TouchOfTheGrave","Shade:Premonition"],"campfire_rested":6,"item_purchase_floors":[20,29,38,44],"current_hp_per_floor":[71,71,71,71,59,59,34,55,55,55,55,71,71,71,71,34,71,62,62,62,62,51,71,63,63,63,63,55,55,55,55,71,30,71,71,71,71,71,67,67,47,23,23,38,71,63,49,49,71,0,0],"gold":218,"neow_bonus":"TEN_PERCENT_HP_BONUS","is_daily":false,"chose_seed":false,"campfire_upgraded":4,"win_rate":0.0,"timestamp":1608946172,"path_taken":["M","?","$","M","?","M","E","R","T","R","M","R","E","M","R","BOSS","M","?","$","?","M","R","E","R","T","R","M","$","M","M","R","BOSS","M","?","?","$","M","R","E","M","T","$","R","?","M","?","R","BOSS"],"items_purchased_type":["Relic","Relic","Card","Card"],"build_version":"2020-12-22","purchased_purges":0,"victory":false,"max_hp_per_floor":[71,71,71,71,71,71,71,71,71,71,71,71,71,71,71,71,71,71,71,71,71,71,71,71,71,71,71,71,71,71,71,71,71,71,71,71,71,71,71,71,71,71,71,71,71,71,71,71,71,71,71],"card_choices":[{"not_picked":["Shade:GreyBargain","Shade:CommandSoldier"],"picked":"Shade:FleshLikeOak","floor":1},{"not_picked":["Shade:PressTheAttack","Shade:Patience","Shade:PoundOfFlesh"],"picked":"SKIP","floor":4},{"not_picked":["Shade:CommandSoldier","Shade:FleshOffering","Shade:Doomsay"],"picked":"SKIP","floor":6},{"not_picked":["Shade:Asphyxiate","Shade:WallOfFlesh"],"picked":"Shade:GreyBargain","floor":7},{"not_picked":["Shade:Haruspicy","Shade:AuraOfUnlife"],"picked":"Shade:AncientSpear","floor":11},{"not_picked":["Shade:BoneShards","Shade:PressTheAttack","Shade:CoffinDance"],"picked":"SKIP","floor":13},{"not_picked":["Shade:PoundOfFlesh","Shade:Frenzy","Shade:CommandSoldier"],"picked":"SKIP","floor":14},{"not_picked":["Shade:MadHubris","Shade:SelfBurial"],"picked":"Shade:Coordination","floor":16},{"not_picked":["Shade:StitchTogether","Shade:FuneraryArmor"],"picked":"Shade:Premonition","floor":18},{"not_picked":["Shade:RavenousHorde","Shade:ClawBack"],"picked":"Shade:ExtraLimbs","floor":22},{"not_picked":["Shade:BoneShards+1","Shade:Consume"],"picked":"Shade:GreyBargain","floor":24},{"not_picked":["Shade:FeralStrike","Shade:Frenzy"],"picked":"Shade:FuneraryJewels","floor":28},{"not_picked":["Shade:Haruspicy","Shade:Trample+1"],"picked":"Shade:FuneraryArmor","floor":30},{"not_picked":["Shade:CloudOfShrapnel","Shade:Asphyxiate","Shade:LyeBath"],"picked":"SKIP","floor":31},{"not_picked":["Shade:WallOfFlesh","Shade:AblativeArmor+1"],"picked":"Shade:RitualOffering+1","floor":35},{"not_picked":["Shade:FeralStrike+1","Shade:Premonition+1"],"picked":"Shade:ExtraLimbs+1","floor":39},{"not_picked":["Shade:ExtraLimbs","Shade:CoffinDance+1"],"picked":"Shade:FuneraryJewels","floor":41},{"not_picked":["Shade:SelfBurial","Shade:FeralStrike"],"picked":"Shade:FleshToFlesh","floor":42},{"not_picked":["Shade:SkeletonHug+1","Shade:FingerOfDeath","Shade:Premonition"],"picked":"SKIP","floor":47}],"player_experience":1116284,"relics_obtained":[{"floor":7,"key":"Happy Flower"},{"floor":9,"key":"Vajra"},{"floor":9,"key":"TungstenRod"},{"floor":13,"key":"PreservedInsect"},{"floor":24,"key":"Whetstone"},{"floor":24,"key":"Regal Pillow"},{"floor":26,"key":"Orichalcum"},{"floor":26,"key":"Tiny Chest"},{"floor":41,"key":"White Beast Statue"},{"floor":41,"key":"MealTicket"},{"floor":48,"key":"Ancient Tea Set"}],"event_choices":[{"cards_removed":["Shade:Strike_Shade"],"damage_healed":0,"gold_gain":0,"player_choice":"Forget","damage_taken":0,"max_hp_gain":0,"max_hp_loss":0,"event_name":"Living Wall","floor":2,"gold_loss":0},{"damage_healed":0,"gold_gain":1,"player_choice":"Relic ","damage_taken":12,"max_hp_gain":0,"max_hp_loss":0,"event_name":"betterThird:BetterScrap","floor":5,"gold_loss":0,"cards_obtained":["Reckless Charge"]},{"damage_healed":0,"gold_gain":0,"player_choice":"Ignored","damage_taken":0,"max_hp_gain":0,"max_hp_loss":0,"event_name":"Vampires","floor":19,"gold_loss":0},{"damage_healed":0,"gold_gain":0,"player_choice":"Inject Mutagens","damage_taken":0,"relics_obtained":["MutagenicStrength"],"max_hp_gain":0,"max_hp_loss":0,"event_name":"Drug Dealer","floor":21,"gold_loss":0},{"damage_healed":0,"gold_gain":0,"player_choice":"Ignored","damage_taken":0,"max_hp_gain":0,"max_hp_loss":0,"event_name":"Tomb of Lord Red Mask","floor":36,"gold_loss":0},{"damage_healed":0,"gold_gain":0,"player_choice":"Ignored","damage_taken":0,"max_hp_gain":0,"max_hp_loss":0,"event_name":"Mysterious Sphere","floor":37,"gold_loss":0},{"damage_healed":0,"gold_gain":0,"player_choice":"Embrace Madness","damage_taken":9,"max_hp_gain":0,"max_hp_loss":0,"event_name":"Winding Halls","floor":46,"gold_loss":0,"cards_obtained":["Madness","Madness"]}],"is_beta":false,"boss_relics":[{"not_picked":["Empty Cage","Velvet Choker"],"picked":"Black Star"},{"not_picked":["Cursed Key","Fusion Hammer"],"picked":"Astrolabe"}],"items_purged_floors":[],"is_endless":false,"potions_floor_spawned":[4,7,14,16,22,28,31,41,42,47],"killed_by":"Time Eater","ascension_level":0}}