{"host":"l15sdf2mmi0nobpi","time":1608976580,"event":{"mods":["ATMod(阿瑾Mod)","BaseMod","Highlight Path","Minty Spire (QoL Compilation)","Quick Restart","StSLib","【功能Mod】Neow奖励","残留之物"],"gold_per_floor":[118,118,129,149,166,166,193,193,193,6,23,23,40,59,59,158,158,177,20,20,38,48,79,79,106,129,129,139,139,139,151,151,255,255,269,280,331,231,281,281,309,309,334,400,258,276,151,151,151,151,151,151,5,32,32],"floor_reached":56,"playtime":2722,"items_purged":["PlaceholderMod:BaseStrike","PlaceholderMod:PoisonWhip+1","AT_EssenceShift"],"score":1340,"play_id":"f82aa8fc-3583-405d-a739-4f3406f05b3b","local_time":"20201226175620","is_ascension_mode":false,"campfire_choices":[{"data":"PlaceholderMod:PoisonWhip","floor":6.0,"key":"SMITH"},{"data":"PlaceholderMod:CorePoison","floor":8.0,"key":"SMITH"},{"data":"PlaceholderMod:HardStrike","floor":15.0,"key":"SMITH"},{"data":"PlaceholderMod:BaseStrike","floor":27.0,"key":"PURGE"},{"data":"PlaceholderMod:BaseStrike","floor":30,"key":"PURGE"},{"data":"Apotheosis","floor":32,"key":"SMITH"},{"data":"PlaceholderMod:CycleAttack","floor":40,"key":"PURGE"},{"data":"PlaceholderMod:Crystal","floor":42,"key":"PURGE"},{"floor":49,"key":"RECALL"},{"data":"PlaceholderMod:DoublePoint","floor":52,"key":"SMITH"}],"circlet_count":0,"master_deck":["PlaceholderMod:FastReaction","PlaceholderMod:CorePoison+1","Apotheosis+1","PlaceholderMod:HardStrike+1","PlaceholderMod:Hard","PlaceholderMod:DiffusionPoison","PlaceholderMod:ChainPoly","PlaceholderMod:Stable","PlaceholderMod:SelectReaction","PlaceholderMod:ReactionCatalyze","PlaceholderMod:Assimilation","PlaceholderMod:DoublePoint+1","PlaceholderMod:PericyclicReaction","PlaceholderMod:Stratification","PlaceholderMod:HighConcentration","PlaceholderMod:Hard+1","PlaceholderMod:Activation"],"relics":["AT_ATBox","Runic Pyramid","AT_SunfireAegis","Anchor","Sozu","AT_RedNoBalance","Peace Pipe","Pandora\u0027s Box","AT_BladeRuinedKing","Pocketwatch","Art of War","MawBank","Ginger","Orrery","TheAbacus","AT_RedTearstoneRing"],"acts_visited":["Exordium","TheCity","TheBeyond","TheEnding"],"potions_floor_usage":[],"damage_taken":[{"damage":0.0,"enemies":"Jaw Worm","floor":1.0,"turns":3.0},{"damage":1.0,"enemies":"Cultist","floor":3.0,"turns":3.0},{"damage":4.0,"enemies":"2 Louse","floor":4.0,"turns":4.0},{"damage":4.0,"enemies":"Large Slime","floor":5.0,"turns":10.0},{"damage":29.0,"enemies":"Lagavulin","floor":7.0,"turns":8.0},{"damage":3.0,"enemies":"Red Slaver","floor":11.0,"turns":2.0},{"damage":0.0,"enemies":"Looter","floor":13.0,"turns":2.0},{"damage":2.0,"enemies":"2 Fungi Beasts","floor":14.0,"turns":2.0},{"damage":10.0,"enemies":"Slime Boss","floor":16.0,"turns":8.0},{"damage":0.0,"enemies":"2 Thieves","floor":18.0,"turns":4.0},{"damage":0.0,"enemies":"Spheric Guardian","floor":21.0,"turns":4.0},{"damage":0.0,"enemies":"Snecko","floor":22.0,"turns":4.0},{"damage":15.0,"enemies":"Slavers","floor":23.0,"turns":5.0},{"damage":3.0,"enemies":"Gremlin Leader","floor":25.0,"turns":7.0},{"damage":0.0,"enemies":"Snake Plant","floor":28.0,"turns":5.0},{"damage":3,"enemies":"Chosen and Byrds","floor":31,"turns":6},{"damage":14,"enemies":"Collector","floor":33,"turns":7},{"damage":4,"enemies":"3 Shapes","floor":35,"turns":3},{"damage":3,"enemies":"Orb Walker","floor":36,"turns":3},{"damage":0,"enemies":"Mind Bloom Boss Battle","floor":39,"turns":5},{"damage":16,"enemies":"Giant Head","floor":41,"turns":7},{"damage":0,"enemies":"2 Orb Walkers","floor":44,"turns":5},{"damage":0,"enemies":"Spire Growth","floor":46,"turns":2},{"damage":8,"enemies":"Awakened One","floor":50,"turns":3},{"damage":0,"enemies":"Shield and Spear","floor":54,"turns":2},{"damage":0,"enemies":"The Heart","floor":55,"turns":4}],"seed_played":"3553432794866453471","potions_obtained":[{"floor":1.0,"key":"Fire Potion"},{"floor":5.0,"key":"Explosive Potion"},{"floor":7.0,"key":"EntropicBrew"}],"is_trial":false,"path_per_floor":["M","?","M","M","M","R","E","R","T","$","M","$","M","M","R","B",null,"M","$","?","M","M","E","?","E","T","R","M","?","R","M","R","B",null,"M","M","T","$","?","R","E","R","T","?","$","M","$","?","R","B",null,"R","$","E","B",null],"character_chosen":"THE_PLACEHOLDER","items_purchased":["Apotheosis","PlaceholderMod:Stable","Orrery","TheAbacus"],"campfire_rested":0,"item_purchase_floors":[10,19,45,53],"current_hp_per_floor":[78,78,77,73,69,69,40,40,40,40,37,37,37,35,35,25,78,78,78,78,78,78,63,63,36,36,36,39,39,39,36,36,25,78,40,42,42,42,42,42,26,26,26,31,31,36,36,36,36,33,103,103,103,108,113],"gold":32,"neow_bonus":"BOSS_RELIC","is_daily":false,"chose_seed":false,"campfire_upgraded":5,"win_rate":0.0,"timestamp":1608976580,"path_taken":["M","?","M","M","M","R","E","R","T","?","M","$","M","?","R","BOSS","M","$","?","?","M","E","?","E","T","R","M","?","R","M","R","BOSS","M","M","?","$","?","R","E","R","T","?","$","?","$","?","R","BOSS","R","$","E","BOSS"],"items_purchased_type":["Card","Card","Relic","Relic"],"build_version":"2020-12-22","purchased_purges":3,"victory":true,"max_hp_per_floor":[78,78,78,78,78,78,78,78,78,78,78,78,78,78,78,78,78,78,78,78,78,78,78,78,78,78,78,78,78,78,78,78,78,78,83,88,88,88,88,88,88,88,88,93,93,98,98,98,98,103,103,103,103,108,113],"card_choices":[{"not_picked":["PlaceholderMod:Break","PlaceholderMod:Sweep","PlaceholderMod:Turn"],"picked":"SKIP","floor":1.0},{"not_picked":["PlaceholderMod:ProliferateStrike","PlaceholderMod:StrongAcid"],"picked":"PlaceholderMod:FastReaction","floor":3.0},{"not_picked":["PlaceholderMod:DissolvingSpikes","PlaceholderMod:EvolutionSpray","PlaceholderMod:StrongAcid"],"picked":"SKIP","floor":4.0},{"not_picked":["PlaceholderMod:PoisonBlast","PlaceholderMod:EvolutionSpray","PlaceholderMod:StrongAcid"],"picked":"SKIP","floor":5.0},{"not_picked":["PlaceholderMod:Colorful","PlaceholderMod:NutritionAbsorb"],"picked":"PlaceholderMod:CorePoison","floor":7.0},{"not_picked":["PlaceholderMod:DissolvingSpikes","PlaceholderMod:ParasiteChange","PlaceholderMod:PoisonExcitation"],"picked":"SKIP","floor":11.0},{"not_picked":["PlaceholderMod:Polyp","PlaceholderMod:Sweep"],"picked":"PlaceholderMod:HardStrike","floor":13.0},{"not_picked":["PlaceholderMod:Sweep","PlaceholderMod:AngryAttack"],"picked":"PlaceholderMod:Hard","floor":14.0},{"not_picked":["PlaceholderMod:PericyclicReaction","PlaceholderMod:QualitativeChange"],"picked":"PlaceholderMod:DiffusionPoison","floor":16.0},{"not_picked":["PlaceholderMod:PoisonExcitation","PlaceholderMod:EnergyAbsorb"],"picked":"PlaceholderMod:ChainPoly","floor":18.0},{"not_picked":["PlaceholderMod:HardStrike","PlaceholderMod:DirectingGroup+1","PlaceholderMod:Sweep"],"picked":"SKIP","floor":21.0},{"not_picked":["PlaceholderMod:StressReaction","PlaceholderMod:Eat","PlaceholderMod:RadicalHit+1"],"picked":"SKIP","floor":22.0},{"not_picked":["PlaceholderMod:Eat","PlaceholderMod:Stable","PlaceholderMod:ProliferateStrike"],"picked":"SKIP","floor":23.0},{"not_picked":["PlaceholderMod:SprayAttack+1","PlaceholderMod:ParasiteChange","PlaceholderMod:ThreeBenzyolStart"],"picked":"SKIP","floor":25.0},{"not_picked":["PlaceholderMod:HornyBlast","PlaceholderMod:SprayAttack","PlaceholderMod:Stable"],"picked":"SKIP","floor":28.0},{"not_picked":["PlaceholderMod:Sweep+1","PlaceholderMod:ProliferateStrike","PlaceholderMod:Colorful"],"picked":"SKIP","floor":31},{"not_picked":["PlaceholderMod:HornyCollision","PlaceholderMod:GrowthForm"],"picked":"PlaceholderMod:Assimilation","floor":33},{"not_picked":["PlaceholderMod:HardStinger","PlaceholderMod:AttackAsDefend+1","PlaceholderMod:SpinBlade"],"picked":"SKIP","floor":35},{"not_picked":["PlaceholderMod:StressReaction+1","PlaceholderMod:Crystallization","PlaceholderMod:FastReaction+1"],"picked":"SKIP","floor":36},{"not_picked":["PlaceholderMod:Sweep+1","PlaceholderMod:StressReaction+1","PlaceholderMod:SeverePoisonStrike+1"],"picked":"SKIP","floor":41},{"not_picked":["PlaceholderMod:DissolvingSpikes+1","PlaceholderMod:Turn"],"picked":"PlaceholderMod:Hard+1","floor":45},{"not_picked":["PlaceholderMod:StressReaction","PlaceholderMod:QualitativeChange"],"picked":"PlaceholderMod:Activation","floor":45},{"not_picked":["PlaceholderMod:Stratification","PlaceholderMod:StrongAcid","PlaceholderMod:ProliferateStrike+1"],"picked":"SKIP","floor":46},{"not_picked":["PlaceholderMod:SprayAttack+1","PlaceholderMod:Eat","PlaceholderMod:AttackAsDefend"],"picked":"SKIP","floor":54}],"player_experience":434061,"relics_obtained":[{"floor":7.0,"key":"AT_SunfireAegis"},{"floor":9.0,"key":"Anchor"},{"floor":23.0,"key":"AT_SilverBalance"},{"floor":25.0,"key":"Peace Pipe"},{"floor":37,"key":"AT_BladeRuinedKing"},{"floor":39,"key":"Pocketwatch"},{"floor":41,"key":"Art of War"},{"floor":43,"key":"MawBank"},{"floor":44,"key":"Ginger"},{"floor":54,"key":"AT_RedTearstoneRing"}],"event_choices":[{"cards_removed":["PlaceholderMod:BaseStrike"],"damage_healed":0.0,"max_hp_gain":0.0,"max_hp_loss":0.0,"gold_gain":0.0,"event_name":"Purifier","player_choice":"Purged","floor":2.0,"gold_loss":0.0,"damage_taken":0.0},{"damage_healed":0.0,"max_hp_gain":0.0,"max_hp_loss":0.0,"gold_gain":0.0,"cards_transformed":["PlaceholderMod:BaseStrike"],"event_name":"Transmorgrifier","player_choice":"Transformed","floor":20.0,"gold_loss":0.0,"damage_taken":0.0,"cards_obtained":["PlaceholderMod:SelectReaction"]},{"damage_healed":0.0,"max_hp_gain":0.0,"max_hp_loss":0.0,"gold_gain":0.0,"event_name":"Vampires","player_choice":"Ignored","floor":24.0,"gold_loss":0.0,"damage_taken":0.0},{"damage_healed":0,"gold_gain":0,"player_choice":"1 cards matched","damage_taken":0,"max_hp_gain":0,"max_hp_loss":0,"event_name":"Match and Keep!","floor":29,"gold_loss":0,"cards_obtained":["PlaceholderMod:ReactionCatalyze"]},{"damage_healed":0,"gold_gain":0,"player_choice":"Fight","damage_taken":0,"max_hp_gain":0,"max_hp_loss":0,"event_name":"MindBloom","floor":39,"gold_loss":0},{"damage_healed":0,"gold_gain":0,"player_choice":"Fight","damage_taken":0,"max_hp_gain":0,"max_hp_loss":0,"event_name":"Mysterious Sphere","floor":44,"gold_loss":0},{"damage_healed":0,"gold_gain":0,"player_choice":"Ignored","damage_taken":0,"max_hp_gain":0,"max_hp_loss":0,"event_name":"NoteForYourself","floor":48,"gold_loss":0}],"is_beta":false,"boss_relics":[{"not_picked":["Tiny House","Cursed Key"],"picked":"Sozu"},{"not_picked":["Busted Crown","PlaceholderMod:LiveLive"],"picked":"Pandora\u0027s Box"}],"items_purged_floors":[19,38,47],"is_endless":false,"potions_floor_spawned":[1,5,7,13,21,23,28,31,46],"ascension_level":0}}