{"host":"qwttrqaysb380yri","time":1608980610,"event":{"mods":["BaseMod","Custom Start","Minty Spire (QoL Compilation)","Permanent Neow","Puzzle Mod","Relic Stats","StSLib","The Cursed","The Hierophant"],"gold_per_floor":[118,131,131,147,147,147,158,168,168,168,193,214,214,204,204],"floor_reached":14,"playtime":357,"items_purged":[],"score":161,"play_id":"b5d1f5c9-c9f4-4107-b393-9b62b7c71436","local_time":"20201226120330","is_ascension_mode":true,"campfire_choices":[{"floor":6,"key":"REST"},{"data":"hierophant:HammerAndAnvil","floor":10,"key":"SMITH"}],"circlet_count":0,"master_deck":["AscendersBane","hierophant:Strike_Hierophant","hierophant:Strike_Hierophant","hierophant:Strike_Hierophant+1","hierophant:Punish","hierophant:Defend_Hierophant","hierophant:Defend_Hierophant+1","hierophant:Defend_Hierophant","hierophant:Defend_Hierophant","hierophant:ChurchCoffers","hierophant:Doomsaying","hierophant:RepressedViolence","hierophant:HammerAndAnvil+1","hierophant:MorningPrayer","hierophant:MirrorShield","hierophant:Encroach","hierophant:OrnateJavelin","hierophant:Rebuild"],"relics":["hierophant:PropheticMaskRelic","CeramicFish","Juzu Bracelet"],"acts_visited":["Exordium"],"potions_floor_usage":[],"damage_taken":[{"damage":11,"enemies":"Small Slimes","floor":1,"turns":4},{"damage":4,"enemies":"2 Louse","floor":2,"turns":3},{"damage":8,"enemies":"Cultist","floor":4,"turns":4},{"damage":3,"enemies":"3 Louse","floor":7,"turns":3},{"damage":0,"enemies":"2 Fungi Beasts","floor":8,"turns":3},{"damage":1,"enemies":"Blue Slaver","floor":11,"turns":5},{"damage":10,"enemies":"Lagavulin","floor":12,"turns":5},{"damage":10,"enemies":"Gremlin Nob","floor":14,"turns":3}],"seed_played":"-624828487577756314","potions_obtained":[{"floor":7,"key":"SpeedPotion"},{"floor":11,"key":"Explosive Potion"},{"floor":12,"key":"LiquidBronze"}],"is_trial":false,"path_per_floor":["M","M","?","M","?","R","M","M","T","R","M","E","?","E"],"character_chosen":"HIEROPHANT","items_purchased":[],"campfire_rested":1,"item_purchase_floors":[],"current_hp_per_floor":[57,53,30,22,22,44,41,41,41,41,40,30,19,9,9],"gold":204,"neow_bonus":"TRANSFORM_CARD","is_daily":false,"chose_seed":false,"campfire_upgraded":1,"win_rate":0.0,"timestamp":1608980610,"path_taken":["M","M","?","M","?","R","M","M","T","R","M","E","?","E"],"items_purchased_type":[],"build_version":"2020-12-22","purchased_purges":0,"victory":false,"max_hp_per_floor":[75,75,75,75,75,75,75,75,75,75,75,75,75,75,75],"relic_stats":{"counters":[8,30],"CeramicFish":18,"Juzu Bracelet":0,"obtain_stats":[{"hierophant:PropheticMaskRelic":0,"CeramicFish":9,"Juzu Bracelet":12},{"hierophant:PropheticMaskRelic":0,"CeramicFish":5,"Juzu Bracelet":7},{"hierophant:PropheticMaskRelic":0,"CeramicFish":17,"Juzu Bracelet":27}]},"card_choices":[{"not_picked":["hierophant:Doubloon","hierophant:Encroach"],"picked":"hierophant:RepressedViolence","floor":1},{"not_picked":["hierophant:AuricShield","hierophant:RustyCrate"],"picked":"hierophant:HammerAndAnvil","floor":2},{"not_picked":["hierophant:Shelter","hierophant:OrnateBuckler"],"picked":"hierophant:MorningPrayer","floor":4},{"not_picked":["hierophant:RepressedViolence","hierophant:FlamingChariot"],"picked":"hierophant:MirrorShield","floor":7},{"not_picked":["hierophant:Martyrdom","hierophant:Charity"],"picked":"hierophant:Encroach","floor":8},{"not_picked":["hierophant:Levitation","hierophant:DisplayOfPower"],"picked":"hierophant:OrnateJavelin","floor":11},{"not_picked":["hierophant:SealAway","hierophant:CoinFling"],"picked":"hierophant:Rebuild","floor":12}],"player_experience":1947577,"relics_obtained":[{"floor":9,"key":"CeramicFish"},{"floor":12,"key":"Juzu Bracelet"}],"event_choices":[{"damage_healed":0,"gold_gain":0,"player_choice":"Entered Light","damage_taken":23,"max_hp_gain":0,"max_hp_loss":0,"event_name":"Shining Light","floor":3,"gold_loss":0,"cards_upgraded":["hierophant:Strike_Hierophant","hierophant:Defend_Hierophant"]},{"damage_healed":0,"gold_gain":0,"player_choice":"Ignored","damage_taken":0,"max_hp_gain":0,"max_hp_loss":0,"event_name":"Liars Game","floor":5,"gold_loss":0},{"damage_healed":0,"gold_gain":0,"player_choice":"Fled","damage_taken":11,"max_hp_gain":0,"max_hp_loss":0,"event_name":"Scrap Ooze","floor":13,"gold_loss":0}],"is_beta":false,"boss_relics":[],"items_purged_floors":[],"is_endless":false,"potions_floor_spawned":[7,11,12],"killed_by":"Gremlin Nob","ascension_level":15}}