{"host":"w7dhjqgqsib0c3vt","time":1608986154,"event":{"mods":["ATMod(°¢èªMod)","BaseMod","Minty Spire (QoL Compilation)","Shop Mod","StSLib","TheWitcher"],"gold_per_floor":[118,118,118,132,146,184,184,184,184,209,209,34,77,95,95,189,189,214,234,253,253,253,281,281,306,332,362,379,407,407,49,49,127,127,145,145,162,162,162,196,196,231,257,269,294,294,314,85,85,285],"floor_reached":51,"playtime":1685,"items_purged":["Defend_R"],"score":1675,"play_id":"c18a07b4-30e9-431b-ae53-238d4f6c0f18","local_time":"20201226203554","is_ascension_mode":true,"campfire_choices":[{"floor":8,"key":"REST"},{"data":"1","floor":11,"key":"LIFT"},{"data":"2","floor":15,"key":"LIFT"},{"data":"3","floor":24,"key":"LIFT"},{"data":"AT_ShrugMaster","floor":30,"key":"SMITH"},{"data":"AT_ShrugMaster","floor":32,"key":"SMITH"},{"data":"Apotheosis","floor":41,"key":"SMITH"},{"data":"Mind Blast","floor":46,"key":"SMITH"},{"data":"AT_EmpoweredMortalDraw","floor":49,"key":"SMITH"}],"circlet_count":0,"master_deck":["AscendersBane","Strike_R","Strike_R","Strike_R","Strike_R","Defend_R","Defend_R","Defend_R","Bash","AT_SoftenMuscles+1","Thunderclap","Flex","AT_ShrugMaster+1","AT_IchimonjiDouble","AT_DrawKnifeCut","AT_ManFootWork","Twin Strike","Carnage","Rupture","Reaper","Flex","Battle Trance","Infernal Blade+1","Necronomicurse","AT_ManFootWork","Inflame","AT_IchimonjiDouble+1","Wild Strike","Body Slam","AT_BodySlamDance","Mind Blast+1","AT_ShrugMaster+1","Bludgeon","AT_EmpoweredMortalDraw+1","Headbutt","Dark Shackles","Apotheosis+1","AT_FamilyPortrait","Bloodletting","Warcry","Body Slam+1"],"relics":["AT_ATBox","Runic Pyramid","Bloody Idol","StoneCalendar","Girya","SnafuTest:CatRelic","AT_TrinityForce","Necronomicon","Happy Flower","Nunchaku","Potion Belt","PreservedInsect","AT_BellowingDragoncrestRing","Pen Nib","AT_MortalBlade","Blue Candle","Ginger","AT_BladeRuinedKing","AT_TheCollector","ClockworkSouvenir"],"acts_visited":["TheCity","TheBeyond"],"potions_floor_usage":[4,13,13,16,40,50,50,50],"damage_taken":[{"damage":3,"enemies":"Small Slimes","floor":1,"turns":5},{"damage":4,"enemies":"Jaw Worm","floor":4,"turns":3},{"damage":0,"enemies":"2 Louse","floor":5,"turns":2},{"damage":21,"enemies":"3 Sentries","floor":6,"turns":7},{"damage":8,"enemies":"Blue Slaver","floor":10,"turns":3},{"damage":0,"enemies":"Lagavulin","floor":13,"turns":3},{"damage":0,"enemies":"Large Slime","floor":14,"turns":2},{"damage":0,"enemies":"Slime Boss","floor":16,"turns":5},{"damage":12,"enemies":"Chosen","floor":18,"turns":3},{"damage":11,"enemies":"2 Thieves","floor":19,"turns":2},{"damage":0,"enemies":"Snecko","floor":20,"turns":3},{"damage":12,"enemies":"Gremlin Leader","floor":23,"turns":3},{"damage":38,"enemies":"Book of Stabbing","floor":25,"turns":3},{"damage":15,"enemies":"Slavers","floor":27,"turns":3},{"damage":0,"enemies":"3 Cultists","floor":28,"turns":2},{"damage":0,"enemies":"Gremlin Leader","floor":29,"turns":1},{"damage":0,"enemies":"Collector","floor":33,"turns":2},{"damage":0,"enemies":"Orb Walker","floor":35,"turns":1},{"damage":0,"enemies":"3 Darklings","floor":37,"turns":2},{"damage":13,"enemies":"Giant Head","floor":40,"turns":2},{"damage":0,"enemies":"Reptomancer","floor":42,"turns":1},{"damage":9,"enemies":"Sphere and 2 Shapes","floor":44,"turns":2},{"damage":0,"enemies":"Mind Bloom Boss Battle","floor":45,"turns":1},{"damage":0,"enemies":"Maw","floor":47,"turns":2},{"damage":17,"enemies":"Awakened One","floor":50,"turns":3}],"seed_played":"4720054332912915766","potions_obtained":[{"floor":1,"key":"Energy Potion"},{"floor":10,"key":"ColorlessPotion"},{"floor":14,"key":"SkillPotion"},{"floor":16,"key":"ElixirPotion"},{"floor":25,"key":"Fire Potion"},{"floor":27,"key":"Weak Potion"},{"floor":28,"key":"BlessingOfTheForge"},{"floor":35,"key":"HeartOfIron"},{"floor":37,"key":"ColorlessPotion"},{"floor":42,"key":"BloodPotion"}],"is_trial":false,"path_per_floor":["M","?","?","M","M","E","?","R","T","M","R","$","E","M","R","B",null,"M","M","M","?","?","E","R","E","T","E","M","E","R","$","R","B",null,"M","?","M","?","?","E","R","E","T","M","?","R","M","$","R","B",null],"character_chosen":"IRONCLAD","items_purchased":["AT_ManFootWork","Twin Strike","Block Potion","Pen Nib","AT_BodySlamDance","Mind Blast","AT_ShrugMaster","ClockworkSouvenir"],"campfire_rested":1,"item_purchase_floors":[12,12,12,31,31,31,31,48],"current_hp_per_floor":[65,65,58,54,54,33,33,55,55,47,47,47,47,47,47,47,68,75,64,75,75,59,68,68,59,64,60,75,75,75,75,75,75,75,75,71,71,71,61,71,71,71,71,71,71,71,71,71,71,71],"gold":285,"neow_bonus":"BOSS_RELIC","is_daily":false,"chose_seed":false,"campfire_upgraded":5,"win_rate":0.0,"timestamp":1608986154,"path_taken":["M","?","?","M","M","E","?","R","T","M","R","?","E","M","R","BOSS","M","M","M","?","?","E","R","E","T","E","M","E","R","$","R","BOSS","M","?","M","?","?","E","R","E","T","M","?","R","M","$","R","BOSS"],"items_purchased_type":["Card","Card","Potion","Relic","Card","Card","Card","Relic"],"build_version":"2020-12-22","purchased_purges":1,"victory":true,"max_hp_per_floor":[75,75,75,75,75,75,75,75,75,75,75,75,75,75,75,75,75,75,75,75,75,75,75,75,75,75,75,75,75,75,75,75,75,75,75,71,71,71,71,71,71,71,71,71,71,71,71,71,71,71],"card_choices":[{"not_picked":["Second Wind","Anger"],"picked":"Thunderclap","floor":1},{"not_picked":["AT_CaressingTears","Second Wind"],"picked":"Flex","floor":4},{"not_picked":["True Grit","Entrench"],"picked":"AT_ShrugMaster","floor":5},{"not_picked":["True Grit","Flame Barrier"],"picked":"AT_IchimonjiDouble","floor":6},{"not_picked":["Headbutt","Anger"],"picked":"AT_DrawKnifeCut","floor":10},{"not_picked":["Warcry","Thunderclap"],"picked":"Carnage","floor":13},{"not_picked":["Thunderclap","AT_IchimonjiDouble"],"picked":"Rupture","floor":14},{"not_picked":["Corruption","Immolate"],"picked":"Reaper","floor":16},{"not_picked":["Battle Trance","Warcry"],"picked":"Flex","floor":18},{"not_picked":["Uppercut","Combust"],"picked":"Battle Trance","floor":19},{"not_picked":["AT_BodySlamDance","Perfected Strike"],"picked":"Infernal Blade+1","floor":20},{"not_picked":["Disarm","Rage"],"picked":"AT_ManFootWork","floor":23},{"not_picked":["Thunderclap+1","AT_BodySlamDance"],"picked":"Inflame","floor":25},{"not_picked":["Blood for Blood","Reaper"],"picked":"AT_IchimonjiDouble+1","floor":27},{"not_picked":["AT_CaressingTears","Evolve"],"picked":"Wild Strike","floor":28},{"not_picked":["AT_DrawKnifeCut","Perfected Strike"],"picked":"Body Slam","floor":29},{"not_picked":["Corruption","Berserk"],"picked":"Bludgeon","floor":33},{"not_picked":["Iron Wave","Havoc","Body Slam"],"picked":"SKIP","floor":35},{"not_picked":["AT_GerminateFire","AT_IchimonjiDouble+1"],"picked":"Headbutt","floor":37},{"not_picked":["Finesse","Deep Breath"],"picked":"Dark Shackles","floor":39},{"not_picked":["Trip","Flash of Steel"],"picked":"Apotheosis","floor":39},{"not_picked":["AT_CelerityRune","Jack Of All Trades"],"picked":"AT_FamilyPortrait","floor":39},{"not_picked":["AT_IchimonjiDouble","Metallicize"],"picked":"Bloodletting","floor":40},{"not_picked":["Armaments","Ghostly Armor"],"picked":"Warcry","floor":42},{"not_picked":["Metallicize","Clothesline","Flame Barrier+1"],"picked":"SKIP","floor":44},{"not_picked":["Flex","Warcry"],"picked":"Body Slam+1","floor":47}],"player_experience":580227,"relics_obtained":[{"floor":6,"key":"StoneCalendar"},{"floor":9,"key":"Girya"},{"floor":13,"key":"SnafuTest:CatRelic"},{"floor":22,"key":"Necronomicon"},{"floor":23,"key":"Happy Flower"},{"floor":25,"key":"Nunchaku"},{"floor":26,"key":"Potion Belt"},{"floor":27,"key":"PreservedInsect"},{"floor":29,"key":"AT_BellowingDragoncrestRing"},{"floor":40,"key":"Blue Candle"},{"floor":42,"key":"Ginger"},{"floor":43,"key":"AT_BladeRuinedKing"},{"floor":45,"key":"AT_TheCollector"}],"event_choices":[{"damage_healed":0,"gold_gain":0,"player_choice":"Take Wound","damage_taken":0,"relics_obtained":["Golden Idol"],"max_hp_gain":0,"max_hp_loss":0,"event_name":"Golden Idol","floor":2,"gold_loss":0,"cards_obtained":["Injury"]},{"cards_removed":["Injury"],"damage_healed":0,"gold_gain":0,"player_choice":"Card Removal","damage_taken":7,"max_hp_gain":0,"max_hp_loss":0,"event_name":"Golden Wing","floor":3,"gold_loss":0},{"damage_healed":0,"gold_gain":0,"player_choice":"Grow","damage_taken":0,"max_hp_gain":0,"max_hp_loss":0,"event_name":"Living Wall","floor":7,"gold_loss":0,"cards_upgraded":["AT_SoftenMuscles"]},{"damage_healed":0,"gold_gain":0,"player_choice":"Gave Idol","damage_taken":0,"relics_obtained":["Bloody Idol"],"max_hp_gain":0,"max_hp_loss":0,"event_name":"Forgotten Altar","floor":21,"relics_lost":["Golden Idol"],"gold_loss":0},{"damage_healed":0,"gold_gain":0,"player_choice":"Obtained Book","damage_taken":16,"max_hp_gain":0,"max_hp_loss":0,"event_name":"Cursed Tome","floor":22,"gold_loss":0},{"damage_healed":0,"gold_gain":0,"player_choice":"Max HP","damage_taken":0,"max_hp_gain":0,"max_hp_loss":4,"event_name":"Winding Halls","floor":36,"gold_loss":0},{"cards_removed":["Strike_R"],"damage_healed":0,"gold_gain":0,"player_choice":"Removed Attack","damage_taken":0,"max_hp_gain":0,"max_hp_loss":0,"event_name":"Falling","floor":38,"gold_loss":0},{"damage_healed":0,"gold_gain":0,"player_choice":"Memory 3","damage_taken":10,"max_hp_gain":0,"max_hp_loss":0,"event_name":"SensoryStone","floor":39,"gold_loss":0},{"damage_healed":0,"gold_gain":0,"player_choice":"Fight","damage_taken":0,"max_hp_gain":0,"max_hp_loss":0,"event_name":"MindBloom","floor":45,"gold_loss":0}],"is_beta":false,"boss_relics":[{"not_picked":["SacredBark","Cursed Key"],"picked":"AT_TrinityForce"},{"not_picked":["Pandora\u0027s Box","Busted Crown"],"picked":"AT_MortalBlade"}],"items_purged_floors":[48],"is_endless":false,"potions_floor_spawned":[1,10,14,16,25,27,28,35,37,42],"ascension_level":14}}