{"host":"cnluwb240fdd52tp","time":1608941385,"event":{"mods":["BaseMod","Colored Map","Minty Spire (QoL Compilation)","Rare Cards Sparkle","StSLib"],"gold_per_floor":[118,118,4,18,18,43,43,68,68,68,100,100,116,143,143,143,143],"floor_reached":16,"playtime":990,"items_purged":[],"score":148,"play_id":"127b1bd0-fd9f-4ba3-af7b-8349245245e1","local_time":"20201226010945","is_ascension_mode":true,"campfire_choices":[{"data":"Flex","floor":10,"key":"SMITH"},{"data":"Flex","floor":12,"key":"SMITH"},{"floor":15,"key":"REST"}],"circlet_count":0,"master_deck":["Strike_R","Strike_R","Strike_R","Strike_R","Strike_R","Defend_R","Defend_R","Defend_R+1","Defend_R","Bash","Pummel+1","Flex+1","Flex+1","Flex+1"],"relics":["Burning Blood","NeowsBlessing","Question Card","Gremlin Horn","Pantograph","Pen Nib","War Paint"],"acts_visited":["Exordium"],"potions_floor_usage":[11],"damage_taken":[{"damage":0,"enemies":"Small Slimes","floor":1,"turns":1},{"damage":0,"enemies":"Cultist","floor":4,"turns":1},{"damage":0,"enemies":"Lagavulin","floor":6,"turns":1},{"damage":26,"enemies":"3 Sentries","floor":8,"turns":8},{"damage":36,"enemies":"Lagavulin","floor":11,"turns":4},{"damage":3,"enemies":"Jaw Worm","floor":13,"turns":3},{"damage":82,"enemies":"Slime Boss","floor":16,"turns":9}],"seed_played":"-8731817877432590072","potions_obtained":[{"floor":6,"key":"BlessingOfTheForge"},{"floor":8,"key":"Dexterity Potion"}],"is_trial":false,"path_per_floor":["M","?","$","M","$","E","?","E","T","R","E","R","M","T","R","B"],"character_chosen":"IRONCLAD","items_purchased":["Pummel","Flex"],"campfire_rested":1,"item_purchase_floors":[3,3],"current_hp_per_floor":[80,80,80,80,80,80,80,60,60,60,30,30,33,33,57,0,0],"gold":143,"neow_bonus":"THREE_ENEMY_KILL","is_daily":false,"chose_seed":false,"campfire_upgraded":2,"win_rate":0.0,"timestamp":1608941385,"path_taken":["M","?","$","?","?","E","?","E","T","R","E","R","?","?","R","BOSS"],"items_purchased_type":["Card","Card"],"build_version":"2020-12-22","purchased_purges":0,"victory":false,"max_hp_per_floor":[80,80,80,80,80,80,80,80,80,80,80,80,80,80,80,80,80],"card_choices":[{"not_picked":["True Grit","Warcry","Armaments"],"picked":"SKIP","floor":1},{"not_picked":["Armaments","Spot Weakness"],"picked":"Flex","floor":4},{"not_picked":["Sever Soul","Warcry","Flame Barrier"],"picked":"SKIP","floor":6},{"not_picked":["Exhume","Havoc","Second Wind"],"picked":"Flex","floor":8},{"not_picked":["Armaments","Ghostly Armor","Perfected Strike","Shockwave"],"picked":"SKIP","floor":11},{"not_picked":["Iron Wave","Havoc","Searing Blow","Wild Strike"],"picked":"SKIP","floor":13}],"player_experience":122382,"relics_obtained":[{"floor":6,"key":"Question Card"},{"floor":8,"key":"Gremlin Horn"},{"floor":9,"key":"Pantograph"},{"floor":11,"key":"Pen Nib"},{"floor":14,"key":"War Paint"}],"event_choices":[{"damage_healed":0,"gold_gain":0,"player_choice":"Bought 0 Potions","damage_taken":0,"max_hp_gain":0,"max_hp_loss":0,"event_name":"The Woman in Blue","floor":2,"gold_loss":0},{"damage_healed":0,"gold_gain":0,"player_choice":"Upgraded","damage_taken":0,"max_hp_gain":0,"max_hp_loss":0,"event_name":"Upgrade Shrine","floor":7,"gold_loss":0,"cards_upgraded":["Pummel"]}],"is_beta":false,"boss_relics":[],"items_purged_floors":[],"is_endless":false,"potions_floor_spawned":[6,8],"killed_by":"Slime Boss","ascension_level":1}}