{"host":"d8hh7rr4yzitjeuj","time":1608987159,"event":{"mods":["2.2 Compatiblity","AchievementEnabler","BaseMod","CapriCore","Colored Map","Colored Powertips","Highlight Path","Keyboard Shortcuts","Minty Spire (QoL Compilation)","Permanent Neow","Quick Restart","StSLib","SuperFastMode"],"gold_per_floor":[118,130,140,156,167,167,177,189,189,199,349,366,41,316,316,390,390,407,421,421,421],"floor_reached":20,"playtime":616,"items_purged":["Doubt"],"score":344,"play_id":"c7900a3f-fbfc-43f7-a702-97a7e0ab0ce0","local_time":"20201226215239","is_ascension_mode":true,"campfire_choices":[{"data":"Chaos","floor":6.0,"key":"SMITH"},{"data":"Capacitor","floor":15.0,"key":"SMITH"}],"circlet_count":0,"master_deck":["AscendersBane","Strike_B","Strike_B","Strike_B","Defend_B","Defend_B","Defend_B","Defend_B","Zap","Dualcast","Go for the Eyes","Beam Cell","Chill","Chaos+1","Rebound","Sweeping Beam","Rip and Tear","Capacitor+1","Coolheaded","Defragment","Consume","Regret","Echo Form","Stack","Skim"],"relics":["Cracked Core","Regal Pillow","DataDisk","Philosopher\u0027s Stone"],"acts_visited":["Exordium","TheCity"],"potions_floor_usage":[18],"damage_taken":[{"damage":0.0,"enemies":"Cultist","floor":1.0,"turns":3.0},{"damage":2.0,"enemies":"Small Slimes","floor":2.0,"turns":3.0},{"damage":0.0,"enemies":"2 Louse","floor":3.0,"turns":2.0},{"damage":0.0,"enemies":"2 Fungi Beasts","floor":4.0,"turns":5.0},{"damage":8.0,"enemies":"Exordium Wildlife","floor":5.0,"turns":5.0},{"damage":1.0,"enemies":"Blue Slaver","floor":7.0,"turns":3.0},{"damage":6.0,"enemies":"Looter","floor":8.0,"turns":2.0},{"damage":0.0,"enemies":"Exordium Thugs","floor":10.0,"turns":4.0},{"damage":3.0,"enemies":"Blue Slaver","floor":12.0,"turns":4.0},{"damage":38.0,"enemies":"Hexaghost","floor":16.0,"turns":12.0},{"damage":38,"enemies":"Shell Parasite","floor":18,"turns":4},{"damage":7,"enemies":"Spheric Guardian","floor":19,"turns":5},{"damage":14,"enemies":"Shelled Parasite and Fungi","floor":20,"turns":1}],"seed_played":"-76164360006291410","potions_obtained":[{"floor":1.0,"key":"GamblersBrew"},{"floor":3.0,"key":"SkillPotion"},{"floor":12.0,"key":"SteroidPotion"},{"floor":16.0,"key":"Energy Potion"}],"is_trial":false,"path_per_floor":["M","M","M","M","M","R","M","M","T","M","?","M","$","?","R","B",null,"M","M","M"],"character_chosen":"DEFECT","items_purchased":["DataDisk","Consume"],"campfire_rested":0,"item_purchase_floors":[13,13],"current_hp_per_floor":[64,62,62,62,54,54,53,47,47,47,47,44,44,44,44,6,55,17,10,0,0],"gold":421,"neow_bonus":"TRANSFORM_CARD","is_daily":false,"chose_seed":false,"campfire_upgraded":2,"win_rate":0.0,"timestamp":1608987159,"path_taken":["M","M","M","M","?","R","M","M","T","M","?","M","$","?","R","BOSS","M","?","M"],"items_purchased_type":["Relic","Card"],"build_version":"2020-12-22","purchased_purges":1,"victory":false,"max_hp_per_floor":[71,71,71,71,71,71,71,71,71,71,71,71,71,71,71,71,71,71,71,71,71],"card_choices":[{"not_picked":["White Noise","Steam Power"],"picked":"Beam Cell","floor":1.0},{"not_picked":["Rebound","Stack"],"picked":"Chill","floor":2.0},{"not_picked":["Coolheaded","Turbo"],"picked":"Chaos","floor":3.0},{"not_picked":["Steam","Beam Cell"],"picked":"Rebound","floor":4.0},{"not_picked":["Amplify","Redo"],"picked":"Sweeping Beam","floor":5.0},{"not_picked":["Conserve Battery","Sweeping Beam"],"picked":"Rip and Tear","floor":7.0},{"not_picked":["Amplify","Hologram"],"picked":"Capacitor","floor":8.0},{"not_picked":["Skim","Streamline"],"picked":"Coolheaded","floor":10.0},{"not_picked":["Auto Shields","Beam Cell"],"picked":"Defragment","floor":12.0},{"not_picked":["Thunder Strike","All For One"],"picked":"Echo Form","floor":16.0},{"not_picked":["Beam Cell+1","Streamline"],"picked":"Stack","floor":18},{"not_picked":["Ball Lightning+1","Hyperbeam"],"picked":"Skim","floor":19}],"player_experience":1384140,"relics_obtained":[{"floor":9.0,"key":"Regal Pillow"}],"event_choices":[{"damage_healed":0.0,"max_hp_gain":0.0,"max_hp_loss":0.0,"gold_gain":150.0,"event_name":"Liars Game","player_choice":"AGREE","floor":11.0,"gold_loss":0.0,"damage_taken":0.0,"cards_obtained":["Doubt"]},{"damage_healed":0.0,"max_hp_gain":0.0,"max_hp_loss":0.0,"gold_gain":275.0,"event_name":"Golden Shrine","player_choice":"Desecrate","floor":14.0,"gold_loss":0.0,"damage_taken":0.0,"cards_obtained":["Regret"]}],"is_beta":false,"boss_relics":[{"not_picked":["Coffee Dripper","Cursed Key"],"picked":"Philosopher\u0027s Stone"}],"items_purged_floors":[13],"is_endless":false,"potions_floor_spawned":[1,3,4,12,16],"killed_by":"Shelled Parasite and Fungi","ascension_level":20}}