{"host":"7bu9q13m6bmpbxjk","time":1608982464,"event":{"mods":["BaseMod","Colored Powertips","Highlight Path","Minty Spire (QoL Compilation)","Random Character Button","Relic Stats","StSLib"],"gold_per_floor":[10,10,28,49,74,110,110,130,153,165,207,219,244,49,49,180,180,196,219,219,244,269,269,269,294,294,149,167,192,192,192,192,313,313,336,40,104,123,139,139,154,154,154,154,167,181,129,129,129,129,129,129,62,97,97,97],"floor_reached":55,"playtime":4115,"items_purged":[],"score":723,"play_id":"01f39520-19be-4005-9eff-6dd61a561520","local_time":"20201226123424","is_ascension_mode":false,"campfire_choices":[{"data":"Rupture","floor":7,"key":"SMITH"},{"floor":10,"key":"RECALL"},{"floor":12,"key":"REST"},{"data":"Brutality","floor":15,"key":"SMITH"},{"floor":23,"key":"REST"},{"floor":30,"key":"REST"},{"data":"Heavy Blade","floor":32,"key":"SMITH"},{"floor":40,"key":"REST"},{"floor":42,"key":"REST"},{"data":"Heavy Blade","floor":44,"key":"SMITH"},{"floor":49,"key":"REST"},{"data":"Heavy Blade","floor":52,"key":"SMITH"}],"circlet_count":0,"master_deck":["Strike_R+1","Strike_R+1","Strike_R+1","Strike_R+1","Strike_R+1","Defend_R+1","Defend_R+1","Defend_R+1","Defend_R+1","Bash","Reaper","Ghostly Armor","Rupture+1","Thunderclap","Ghostly Armor","Impervious","Disarm","Brutality+1","Heavy Blade+1","Heavy Blade+1","Reaper","Warcry","Infernal Blade+1","Heavy Blade","Barricade","Shrug It Off+1","Shrug It Off","Bloodletting","Heavy Blade+1","True Grit","Power Through","Hemokinesis","CurseOfTheBell","Blood for Blood+1","Shrug It Off+1","Disarm+1","Metallicize+1","Disarm+1","Rupture+1","Armaments+1","Armaments+1","Shrug It Off+1","Combust","Bloodletting+1"],"relics":["Burning Blood","Golden Idol","Prayer Wheel","MawBank","Odd Mushroom","Lee\u0027s Waffle","Velvet Choker","Red Skull","Vajra","Calling Bell","Centennial Puzzle","Toxic Egg 2","WingedGreaves","Strange Spoon","Blood Vial","Turnip","Bronze Scales"],"acts_visited":["Exordium","TheCity","TheBeyond","TheEnding"],"potions_floor_usage":[6,6,6,19,22,33,39,48,50,54],"damage_taken":[{"damage":15,"enemies":"Jaw Worm","floor":1,"turns":4},{"damage":1,"enemies":"2 Louse","floor":3,"turns":3},{"damage":8,"enemies":"Small Slimes","floor":4,"turns":3},{"damage":10,"enemies":"Looter","floor":5,"turns":3},{"damage":27,"enemies":"Gremlin Nob","floor":6,"turns":5},{"damage":11,"enemies":"2 Fungi Beasts","floor":8,"turns":5},{"damage":52,"enemies":"The Mushroom Lair","floor":11,"turns":7},{"damage":19,"enemies":"Large Slime","floor":13,"turns":10},{"damage":36,"enemies":"The Guardian","floor":16,"turns":10},{"damage":16,"enemies":"Shell Parasite","floor":18,"turns":6},{"damage":63,"enemies":"3 Byrds","floor":19,"turns":7},{"damage":41,"enemies":"Centurion and Healer","floor":21,"turns":7},{"damage":21,"enemies":"Snake Plant","floor":22,"turns":5},{"damage":41,"enemies":"Cultist and Chosen","floor":25,"turns":7},{"damage":32,"enemies":"Chosen and Byrds","floor":28,"turns":7},{"damage":21,"enemies":"Snecko","floor":29,"turns":4},{"damage":30,"enemies":"Champ","floor":33,"turns":7},{"damage":31,"enemies":"Orb Walker","floor":35,"turns":4},{"damage":30,"enemies":"2 Orb Walkers","floor":37,"turns":5},{"damage":50,"enemies":"3 Darklings","floor":38,"turns":4},{"damage":42,"enemies":"Writhing Mass","floor":39,"turns":5},{"damage":44,"enemies":"Jaw Worm Horde","floor":41,"turns":6},{"damage":41,"enemies":"Sphere and 2 Shapes","floor":45,"turns":8},{"damage":13,"enemies":"Maw","floor":46,"turns":7},{"damage":66,"enemies":"Time Eater","floor":50,"turns":8},{"damage":127,"enemies":"Shield and Spear","floor":54,"turns":8},{"damage":91,"enemies":"The Heart","floor":55,"turns":6}],"seed_played":"8056818290391892006","potions_obtained":[{"floor":3,"key":"Explosive Potion"},{"floor":4,"key":"Weak Potion"},{"floor":5,"key":"Strength Potion"},{"floor":13,"key":"GamblersBrew"},{"floor":19,"key":"SpeedPotion"},{"floor":22,"key":"CultistPotion"},{"floor":25,"key":"BloodPotion"},{"floor":35,"key":"FairyPotion"},{"floor":45,"key":"Swift Potion"},{"floor":48,"key":"Fruit Juice"},{"floor":48,"key":"DuplicationPotion"}],"is_trial":false,"path_per_floor":["M","?","M","M","M","E","R","M","T","R","?","R","M","$","R","B",null,"M","M","?","M","M","R","?","M","T","$","M","M","R","?","R","B",null,"M","$","?","M","M","R","M","R","T","R","M","M","$","?","R","B",null,"R","$","E","B"],"character_chosen":"IRONCLAD","items_purchased":["Lee\u0027s Waffle","Heavy Blade","Vajra","Strange Spoon","Blood Vial","Shrug It Off+1","Combust"],"campfire_rested":6,"item_purchase_floors":[14,14,27,36,36,47,53],"current_hp_per_floor":[77,77,80,78,74,58,58,61,61,61,27,51,46,87,87,57,87,77,39,39,30,27,53,53,34,34,34,29,30,56,56,56,32,87,77,77,87,43,36,62,36,62,62,62,29,36,36,41,68,16,92,92,92,62,0,0],"gold":97,"neow_bonus":"THREE_RARE_CARDS","is_daily":false,"chose_seed":false,"campfire_upgraded":5,"win_rate":0.0,"timestamp":1608982464,"path_taken":["M","?","M","M","M","E","R","M","T","R","?","R","M","$","R","BOSS","M","M","?","?","M","R","?","M","T","$","M","M","R","?","R","BOSS","M","$","?","M","M","R","M","R","T","R","M","M","$","?","R","BOSS","R","$","E","BOSS"],"items_purchased_type":["Relic","Card","Relic","Relic","Relic","Card","Card"],"build_version":"2020-12-22","purchased_purges":0,"victory":false,"max_hp_per_floor":[80,80,80,80,80,80,80,80,80,80,80,80,80,87,87,87,87,87,87,87,87,87,87,87,87,87,87,87,87,87,87,87,87,87,87,87,87,87,87,87,87,87,87,87,87,87,87,92,92,92,92,92,92,92,92,92],"relic_stats":{"Blood Vial":14,"Strange Spoon":[15],"Lee\u0027s Waffle":41,"Centennial Puzzle":[30],"counters":[27,161],"Golden Idol":181,"Bronze Scales":[75],"Prayer Wheel":15,"Turnip":[10],"MawBank":60,"obtain_stats":[{"Lee\u0027s Waffle":14,"Golden Idol":2,"Velvet Choker":17,"Vajra":27,"Odd Mushroom":11,"MawBank":9,"Burning Blood":0,"Calling Bell":34,"Blood Vial":36,"Strange Spoon":36,"Centennial Puzzle":34,"Bronze Scales":54,"Prayer Wheel":6,"WingedGreaves":34,"Turnip":37,"Toxic Egg 2":34,"Red Skull":26},{"Lee\u0027s Waffle":8,"Golden Idol":1,"Velvet Choker":9,"Vajra":14,"Odd Mushroom":7,"MawBank":6,"Burning Blood":0,"Calling Bell":17,"Blood Vial":18,"Strange Spoon":18,"Centennial Puzzle":17,"Bronze Scales":26,"Prayer Wheel":5,"WingedGreaves":17,"Turnip":19,"Toxic Egg 2":17,"Red Skull":14},{"Lee\u0027s Waffle":40,"Golden Idol":4,"Velvet Choker":50,"Vajra":82,"Odd Mushroom":30,"MawBank":23,"Burning Blood":0,"Calling Bell":100,"Blood Vial":104,"Strange Spoon":104,"Centennial Puzzle":100,"Bronze Scales":155,"Prayer Wheel":18,"WingedGreaves":100,"Turnip":109,"Toxic Egg 2":100,"Red Skull":82}],"Burning Blood":150},"card_choices":[{"not_picked":["Brutality","Berserk"],"picked":"Reaper","floor":0},{"not_picked":["Armaments","True Grit"],"picked":"Ghostly Armor","floor":1},{"not_picked":["Flex","Clash"],"picked":"Rupture","floor":3},{"not_picked":["Clothesline","Headbutt"],"picked":"Thunderclap","floor":4},{"not_picked":["Cleave","Thunderclap"],"picked":"Ghostly Armor","floor":5},{"not_picked":["Thunderclap","Pommel Strike"],"picked":"Impervious","floor":6},{"not_picked":["Dark Embrace","Sword Boomerang"],"picked":"Disarm","floor":8},{"not_picked":["Shrug It Off","Dark Embrace","Havoc"],"picked":"SKIP","floor":8},{"not_picked":["Shrug It Off","Second Wind"],"picked":"Brutality","floor":13},{"not_picked":["True Grit","Rampage"],"picked":"Heavy Blade","floor":13},{"not_picked":["Corruption","Berserk"],"picked":"Reaper","floor":16},{"not_picked":["Uppercut","Intimidate","Wild Strike"],"picked":"SKIP","floor":18},{"not_picked":["Warcry","Sword Boomerang","Evolve"],"picked":"SKIP","floor":18},{"not_picked":["Sword Boomerang","Evolve"],"picked":"Warcry","floor":18},{"not_picked":["Uppercut","Intimidate","Wild Strike"],"picked":"SKIP","floor":18},{"not_picked":["Warcry+1","Rampage"],"picked":"Infernal Blade+1","floor":19},{"not_picked":["Havoc","Heavy Blade","Burning Pact+1"],"picked":"SKIP","floor":19},{"not_picked":["Havoc","Burning Pact+1"],"picked":"Heavy Blade","floor":19},{"not_picked":["Body Slam","Second Wind"],"picked":"Barricade","floor":21},{"not_picked":["Dropkick","Whirlwind+1"],"picked":"Shrug It Off+1","floor":21},{"not_picked":["Hemokinesis","Perfected Strike+1"],"picked":"Shrug It Off","floor":22},{"not_picked":["Second Wind","Anger+1","Havoc"],"picked":"SKIP","floor":22},{"not_picked":["Twin Strike","Dropkick"],"picked":"Bloodletting","floor":25},{"not_picked":["Pommel Strike","Uppercut","Dropkick+1"],"picked":"SKIP","floor":25},{"not_picked":["Sever Soul+1","Headbutt+1"],"picked":"Heavy Blade","floor":28},{"not_picked":["Sentinel","Body Slam"],"picked":"True Grit","floor":28},{"not_picked":["Flex","Headbutt"],"picked":"Power Through","floor":29},{"not_picked":["Clothesline+1","Hemokinesis","Flex"],"picked":"SKIP","floor":29},{"not_picked":["Clothesline+1","Flex"],"picked":"Hemokinesis","floor":29},{"not_picked":["True Grit+1","Clothesline+1"],"picked":"Blood for Blood+1","floor":35},{"not_picked":["Sword Boomerang+1","Evolve"],"picked":"Shrug It Off+1","floor":35},{"not_picked":["Cleave","Infernal Blade+1"],"picked":"Disarm+1","floor":37},{"not_picked":["Reckless Charge","Seeing Red+1"],"picked":"Metallicize+1","floor":38},{"not_picked":["Wild Strike","Sword Boomerang+1"],"picked":"Disarm+1","floor":38},{"not_picked":["Warcry+1","Ghostly Armor+1"],"picked":"Rupture+1","floor":39},{"not_picked":["Entrench+1","Evolve+1","Thunderclap"],"picked":"SKIP","floor":39},{"not_picked":["Anger+1","Thunderclap","Entrench+1"],"picked":"SKIP","floor":41},{"not_picked":["Thunderclap","Intimidate+1","Wild Strike"],"picked":"SKIP","floor":41},{"not_picked":["Dropkick","Sentinel+1"],"picked":"Armaments+1","floor":45},{"not_picked":["True Grit+1","Evolve","Wild Strike"],"picked":"SKIP","floor":45},{"not_picked":["Reaper","Perfected Strike"],"picked":"Armaments+1","floor":46},{"not_picked":["Clash","Sentinel+1","Dropkick+1"],"picked":"SKIP","floor":46},{"not_picked":["Intimidate+1","Sever Soul+1"],"picked":"Bloodletting+1","floor":54}],"player_experience":518538,"relics_obtained":[{"floor":6,"key":"Prayer Wheel"},{"floor":9,"key":"MawBank"},{"floor":11,"key":"Odd Mushroom"},{"floor":26,"key":"Red Skull"},{"floor":34,"key":"Centennial Puzzle"},{"floor":34,"key":"Toxic Egg 2"},{"floor":34,"key":"WingedGreaves"},{"floor":37,"key":"Turnip"},{"floor":54,"key":"Bronze Scales"}],"event_choices":[{"damage_healed":0,"gold_gain":0,"player_choice":"Take Wound","damage_taken":0,"relics_obtained":["Golden Idol"],"max_hp_gain":0,"max_hp_loss":0,"event_name":"Golden Idol","floor":2,"gold_loss":0,"cards_obtained":["Injury"]},{"damage_healed":0,"gold_gain":0,"player_choice":"Fought Mushrooms","damage_taken":0,"max_hp_gain":0,"max_hp_loss":0,"event_name":"Mushrooms","floor":11,"gold_loss":0},{"cards_removed":["Injury"],"damage_healed":0,"gold_gain":0,"player_choice":"Purged","damage_taken":0,"max_hp_gain":0,"max_hp_loss":0,"event_name":"Purifier","floor":20,"gold_loss":0},{"damage_healed":0,"gold_gain":0,"player_choice":"Ignored","damage_taken":0,"max_hp_gain":0,"max_hp_loss":0,"event_name":"Vampires","floor":24,"gold_loss":0},{"damage_healed":0,"gold_gain":0,"player_choice":"Simplicity","damage_taken":0,"max_hp_gain":0,"max_hp_loss":0,"event_name":"Back to Basics","floor":31,"gold_loss":0,"cards_upgraded":["Strike_R","Strike_R","Strike_R","Strike_R","Strike_R","Defend_R","Defend_R","Defend_R","Defend_R"]},{"damage_healed":0,"gold_gain":0,"player_choice":"Fight","damage_taken":0,"max_hp_gain":0,"max_hp_loss":0,"event_name":"Mysterious Sphere","floor":37,"gold_loss":0},{"damage_healed":0,"gold_gain":0,"player_choice":"Got Potions","damage_taken":0,"max_hp_gain":0,"max_hp_loss":0,"event_name":"Lab","floor":48,"gold_loss":0}],"is_beta":false,"boss_relics":[{"not_picked":["Astrolabe","Snecko Eye"],"picked":"Velvet Choker"},{"not_picked":["Philosopher\u0027s Stone","Mark of Pain"],"picked":"Calling Bell"}],"items_purged_floors":[],"is_endless":false,"potions_floor_spawned":[3,4,5,13,19,22,25,35,45],"killed_by":"The Heart","ascension_level":0}}