{"host":"s9znsjs818tlhh47","time":1608961146,"event":{"mods":["2.2 Compatiblity","AchievementEnabler","Act Like it!","BaseMod","Bestiary","Better Note","Better Skull","Better Third Choice","Better Vampires","Card Forge","Colored Powertips","Force Act Four","Gensokyo","Marked Mod","Minty Spire (QoL Compilation)","Permanent Neow","Quick Restart","RumiaBox-露米娅的神秘盒子","StSLib","TheWitcher","【功能Mod】混沌之环修复补丁","残留之物"],"gold_per_floor":[110,110,35,35,46,81,106,106,106,124,124,140,160,160,160,234,234,249,249,249,274,286,314,314,349,349,349,349],"floor_reached":27,"playtime":4497,"items_purged":["Strike_P+1"],"score":623,"play_id":"c2e6054d-2aa2-4096-963a-e5eae402dd37","local_time":"20201226003906","is_ascension_mode":true,"campfire_choices":[{"floor":8.0,"key":"REST"},{"floor":15.0,"key":"REST"},{"floor":24.0,"key":"REST"}],"circlet_count":0,"master_deck":["AscendersBane","Strike_P+1","Strike_P+1","Strike_P+1","Defend_P+1","Defend_P+1","Defend_P+1","Defend_P+1","Eruption+1","Vigilance+1","SignatureMove+1","Prostrate+1","Adaptation+1","Alpha+1","Pray+1","Gensokyo:FourOfAKind+1","Gensokyo:FourOfAKind+1","Gensokyo:FourOfAKind+1","Gensokyo:FourOfAKind+1","Protect+1"],"relics":["Hammer of Thor","Seething Fire","Anvil of the Gods","Sozu","Ancient Tea Set","Omamori","Orichalcum","PlaceholderMod:DaolothFragment","Regal Pillow","EasyGame_NEW","Lantern","Meat on the Bone","Gremlin Horn","White Beast Statue"],"acts_visited":["Exordium","Gensokyo:Gensokyo"],"potions_floor_usage":[],"damage_taken":[{"damage":14.0,"enemies":"Gensokyo:3_Fairies","floor":1.0,"turns":4.0},{"damage":0.0,"enemies":"Gensokyo:Gryphon","floor":5.0,"turns":1.0},{"damage":0.0,"enemies":"Gensokyo:Mamizou","floor":6.0,"turns":5.0},{"damage":0.0,"enemies":"Gensokyo:2_Kodama","floor":10.0,"turns":2.0},{"damage":0.0,"enemies":"Gensokyo:2_Rabbits","floor":12.0,"turns":3.0},{"damage":0.0,"enemies":"Gensokyo:Kitsune","floor":13.0,"turns":2.0},{"damage":0.0,"enemies":"Gensokyo:Yukari","floor":16.0,"turns":5.0},{"damage":0.0,"enemies":"Gensokyo:Chomper","floor":18.0,"turns":3.0},{"damage":7.0,"enemies":"Gensokyo:3_Dogs","floor":22.0,"turns":3.0},{"damage":37.0,"enemies":"Gensokyo:Koishi","floor":23.0,"turns":6.0},{"damage":11.0,"enemies":"Gensokyo:Reisen","floor":25.0,"turns":5.0},{"damage":30,"enemies":"Gensokyo:3_Gloops","floor":27,"turns":3}],"seed_played":"-4352288797367536686","potions_obtained":[],"is_trial":false,"path_per_floor":["M","?","$","?","M","E","T","R","T","M","?","M","M","T","R","B",null,"M","?","?","T","M","E","R","E","T","M"],"character_chosen":"WATCHER","items_purchased":[],"campfire_rested":3,"item_purchase_floors":[],"current_hp_per_floor":[47,31,31,33,33,33,33,53,53,53,35,35,35,35,68,68,68,68,68,45,45,38,1,29,30,30,0,0],"gold":349,"neow_bonus":"BOSS_RELIC","is_daily":false,"chose_seed":false,"campfire_upgraded":0,"win_rate":0.0,"timestamp":1608961146,"path_taken":["M","?","?","?","?","E","?","R","T","M","?","M","?","?","R","BOSS","M","?","?","?","M","E","R","E","T","?"],"items_purchased_type":[],"build_version":"2020-12-22","purchased_purges":1,"victory":false,"max_hp_per_floor":[68,68,68,68,68,68,68,68,68,68,68,68,68,68,68,68,68,68,68,45,45,45,45,45,45,45,45,45],"card_choices":[{"not_picked":["FlyingSleeves","JustLucky"],"picked":"SignatureMove","floor":1.0},{"not_picked":["SashWhip","CutThroughFate"],"picked":"Prostrate","floor":5.0},{"not_picked":["DeceiveReality","Prostrate"],"picked":"Adaptation","floor":6.0},{"not_picked":["MarkedMod:Acupuncture","PathToVictory","Weave"],"picked":"SKIP","floor":10.0},{"not_picked":["WaveOfTheHand","BowlingBash","MarkedMod:GentlePulse"],"picked":"SKIP","floor":12.0},{"not_picked":["MarkedMod:GentlePulse","MarkedMod:FirstStrike"],"picked":"FlurryOfBlows","floor":13.0},{"not_picked":["Establishment","LessonLearned"],"picked":"Alpha","floor":16.0},{"not_picked":["Consecrate","FlyingSleeves"],"picked":"Pray","floor":18.0},{"not_picked":["FlurryOfBlows","ClearTheMind","ThirdEye+1"],"picked":"SKIP","floor":22.0},{"not_picked":["JustLucky","DevaForm"],"picked":"Protect","floor":23.0},{"not_picked":["Prostrate","JustLucky","Protect"],"picked":"SKIP","floor":25.0}],"player_experience":289686,"relics_obtained":[{"floor":6.0,"key":"Omamori"},{"floor":7.0,"key":"Orichalcum"},{"floor":9.0,"key":"PlaceholderMod:DaolothFragment"},{"floor":21.0,"key":"Lantern"},{"floor":23.0,"key":"Meat on the Bone"},{"floor":25.0,"key":"Gremlin Horn"},{"floor":26.0,"key":"White Beast Statue"}],"event_choices":[{"damage_healed":0.0,"max_hp_gain":0.0,"max_hp_loss":0.0,"gold_gain":0.0,"event_name":"betterSkull:BetterSkull","player_choice":"RE ","floor":2.0,"gold_loss":0.0,"damage_taken":18.0,"cards_upgraded":[],"relics_obtained":["Ancient Tea Set"]},{"damage_healed":2.0,"max_hp_gain":0.0,"max_hp_loss":0.0,"gold_gain":0.0,"event_name":"betterSkull:BetterSkull","player_choice":"LEAVE ","floor":4.0,"gold_loss":0.0,"damage_taken":0.0,"cards_upgraded":[],"relics_obtained":[]},{"damage_healed":0.0,"max_hp_gain":0.0,"max_hp_loss":0.0,"gold_gain":0.0,"event_name":"betterSkull:BetterSkull","player_choice":"RE ","floor":11.0,"gold_loss":0.0,"damage_taken":20.0,"cards_upgraded":[],"relics_obtained":["Regal Pillow"]}],"is_beta":false,"boss_relics":[{"not_picked":["PlaceholderMod:LiveLive","AddBug"],"picked":"EasyGame_NEW"}],"items_purged_floors":[3],"is_endless":false,"potions_floor_spawned":[6,12,13,22,23],"killed_by":"Gensokyo:3_Gloops","ascension_level":20}}