{"host":"npubv26u89aif4fa","time":1608974642,"event":{"mods":["Astrologer","BaseMod","Better Vampires","Better-Laid Plans","Colored Powertips","GifTheSpireLib","GungeonMod","HornydragonMod","Hubris","Jedi Mod","Minty Spire (QoL Compilation)","Quick Restart","Remilia（蕾米莉亚）","Replay The Spire","StSLib","Td1madao Mod","The Administrix","The Alterego","The Bug Knight","The Cursed","The Runesmith","Yuri Mod","残留之物"],"gold_per_floor":[119,138,149,17,34,59,74,110,110,110,128,138,138,16,16,150,150,169,195,208,208,227,227,227],"floor_reached":23,"playtime":2629,"items_purged":["DemoMod:RustySidearm","DemoMod:CrossBow"],"score":232,"play_id":"c6a529e8-8888-43f0-a136-362780dbc20a","local_time":"20201226172402","is_ascension_mode":false,"campfire_choices":[{"data":"DemoMod:TableSutra","floor":15,"key":"SMITH"}],"circlet_count":0,"master_deck":["DemoMod:Defend_Huntress","DemoMod:Defend_Huntress","DemoMod:Defend_Huntress","DemoMod:Roll","DemoMod:ManualReload","DemoMod:DarkMarker+1","DemoMod:SpreadAmmo+1","DemoMod:FeignSurrender+1","DemoMod:ShadowBullets","DemoMod:HardPowerCard","DemoMod:TableSutra+1","DemoMod:TableSutra","DemoMod:ChanceBullets","DemoMod:Camera","DemoMod:AbyssalTentacle","DemoMod:DoubleVision","DemoMod:Gungine","DemoMod:TeaPot","DemoMod:Eureka","DemoMod:CombinedRifle","DemoMod:DirectionalPad","DemoMod:ProbeStrike","DemoMod:ConditionalReflex"],"relics":["Astrolabe","Omamori","Blood Vial","Replay:Bottled Flurry","Golden Idol","Replay:Grab Bag","Fusion Hammer","jedi:hotpepper","Calling Bell","hubris:HollowSoul","Potion Belt","Replay:Bottled Steam","HollowMod:QueensCombRelic"],"acts_visited":["Exordium","TheCity"],"potions_floor_usage":[17],"damage_taken":[{"damage":0.0,"enemies":"Cultist","floor":1.0,"turns":3.0},{"damage":0.0,"enemies":"2 Louse","floor":2.0,"turns":3.0},{"damage":0.0,"enemies":"Jaw Worm","floor":3.0,"turns":2.0},{"damage":16.0,"enemies":"Large Slime","floor":5.0,"turns":6.0},{"damage":10.0,"enemies":"Gremlin Nob","floor":6.0,"turns":5.0},{"damage":0.0,"enemies":"3 Louse","floor":7.0,"turns":4.0},{"damage":0.0,"enemies":"3 Sentries","floor":8.0,"turns":7.0},{"damage":0,"enemies":"Gremlin Gang","floor":11,"turns":5},{"damage":0,"enemies":"Exordium Wildlife","floor":12,"turns":4},{"damage":14,"enemies":"Hexaghost","floor":16,"turns":8},{"damage":20,"enemies":"2 Thieves","floor":18,"turns":4},{"damage":8,"enemies":"Chosen","floor":19,"turns":5},{"damage":27,"enemies":"Snake Plant","floor":20,"turns":8},{"damage":12,"enemies":"Shelled Parasite and Fungi","floor":22,"turns":7},{"damage":12,"enemies":"Slavers","floor":23,"turns":1}],"seed_played":"-5478735536574012787","potions_obtained":[{"floor":1.0,"key":"DistilledChaos"},{"floor":3.0,"key":"Weak Potion"},{"floor":7.0,"key":"jedi:StrikingPotion"},{"floor":16,"key":"Fruit Juice"},{"floor":18,"key":"SteroidPotion"}],"is_trial":false,"path_per_floor":["M","M","M","$","M","E","M","E","T","?","M","M","?","$","R","B",null,"M","M","M","?","M","E"],"character_chosen":"HUNTRESS","items_purchased":["DemoMod:TableSutra","DemoMod:TeaPot"],"campfire_rested":0,"item_purchase_floors":[4,14],"current_hp_per_floor":[70,70,70,70,54,44,44,44,44,49,51,53,35,35,35,23,40,20,30,13,13,7,0,0],"gold":227,"neow_bonus":"BOSS_RELIC","is_daily":false,"chose_seed":false,"campfire_upgraded":1,"win_rate":0.0,"timestamp":1608974642,"path_taken":["M","M","M","?","M","E","M","E","T","?","M","M","?","?","R","BOSS","M","?","M","?","M","E"],"items_purchased_type":["Card","Card"],"build_version":"2020-12-22","purchased_purges":2,"victory":false,"max_hp_per_floor":[70,70,70,70,70,70,70,70,70,75,75,75,75,75,75,75,40,40,40,40,40,40,40,40],"card_choices":[{"not_picked":["DemoMod:HuntsMan","DemoMod:AC15","DemoMod:Unmoved"],"picked":"SKIP","floor":1.0},{"not_picked":["DemoMod:DoubleSwitch","DemoMod:EasyReloadBullets"],"picked":"DemoMod:ShadowBullets","floor":2.0},{"not_picked":["DemoMod:TeaPot","DemoMod:Ejector"],"picked":"DemoMod:HardPowerCard","floor":3.0},{"not_picked":["DemoMod:JK47","DemoMod:GunstockTap"],"picked":"DemoMod:ChanceBullets","floor":5.0},{"not_picked":["DemoMod:BattleInHaste","DemoMod:Unmoved"],"picked":"DemoMod:Camera","floor":6.0},{"not_picked":["DemoMod:StickyCrossBow","DemoMod:SAA"],"picked":"DemoMod:AbyssalTentacle","floor":7.0},{"not_picked":["DemoMod:BattleInHaste","DemoMod:DoubleSwitch"],"picked":"DemoMod:DoubleVision","floor":8.0},{"not_picked":["DemoMod:Unmoved","DemoMod:MachoBrace","DemoMod:SAA"],"picked":"SKIP","floor":11},{"not_picked":["DemoMod:FastSwitch","DemoMod:HardPowerCard"],"picked":"DemoMod:Gungine","floor":12},{"not_picked":["DemoMod:Slinger","DemoMod:Elimentaler"],"picked":"DemoMod:Eureka","floor":16},{"not_picked":["DemoMod:GunShield","DemoMod:HuntsMan"],"picked":"DemoMod:CombinedRifle","floor":18},{"not_picked":["DemoMod:Ejector","DemoMod:FastSwitch"],"picked":"DemoMod:DirectionalPad","floor":19},{"not_picked":["DemoMod:AC15","DemoMod:Behold!"],"picked":"DemoMod:ProbeStrike","floor":20},{"not_picked":["DemoMod:FeignSurrender","DemoMod:BoxingGlove","DemoMod:FastSwitch"],"picked":"SKIP","floor":22}],"player_experience":159968,"relics_obtained":[{"floor":6.0,"key":"Omamori"},{"floor":8.0,"key":"Blood Vial"},{"floor":9.0,"key":"Replay:Bottled Flurry"},{"floor":17,"key":"Potion Belt"},{"floor":17,"key":"Replay:Bottled Steam"},{"floor":17,"key":"HollowMod:QueensCombRelic"}],"event_choices":[{"damage_healed":0,"gold_gain":0,"player_choice":"Donut","damage_taken":0,"max_hp_gain":5,"max_hp_loss":0,"event_name":"Big Fish","floor":10,"gold_loss":0},{"damage_healed":0,"gold_gain":0,"player_choice":"Take Damage","damage_taken":18,"relics_obtained":["Golden Idol"],"max_hp_gain":0,"max_hp_loss":0,"event_name":"Golden Idol","floor":13,"gold_loss":0},{"damage_healed":0,"gold_gain":0,"cards_transformed":["DemoMod:Defend_Huntress"],"player_choice":"Transformed","damage_taken":0,"max_hp_gain":0,"max_hp_loss":0,"event_name":"Transmorgrifier","floor":21,"gold_loss":0,"cards_obtained":["DemoMod:ConditionalReflex"]}],"is_beta":false,"boss_relics":[{"not_picked":["hubris:ScarierMask","SlaversCollar"],"picked":"Replay:Grab Bag"},{"not_picked":["Velvet Choker","Cursed Key"],"picked":"Fusion Hammer"},{"not_picked":["hubris:CrackedHourglass","Runic Dome"],"picked":"jedi:hotpepper"},{"not_picked":["hubris:BlackHole","hubris:Backtick"],"picked":"Calling Bell"},{"not_picked":["DemoMod:Wolf","Snecko Eye"],"picked":"hubris:HollowSoul"}],"items_purged_floors":[4,14],"is_endless":false,"potions_floor_spawned":[1,3,7,16,18],"killed_by":"Slavers","ascension_level":0}}