{"host":"phniwng9zo19jwdb","time":1608977941,"event":{"mods":["AchievementEnabler","BaseMod","Colored Powertips","Faster Ascension Climbing","GifTheSpireLib","Minty Spire (QoL Compilation)","Permanent Neow","Quick Restart","Rare Cards Sparkle","StSLib"],"gold_per_floor":[110,110,125,142,97,123,123,138,216,235,235,235],"floor_reached":11,"playtime":460,"items_purged":[],"score":124,"play_id":"598c1043-186e-4606-b103-06585682931c","local_time":"20201226111901","is_ascension_mode":true,"campfire_choices":[{"data":"Armaments","floor":7,"key":"SMITH"}],"circlet_count":0,"master_deck":["AscendersBane","Strike_R","Strike_R","Strike_R","Strike_R","Defend_R","Defend_R","Defend_R","Defend_R","Bash","Feed","Flame Barrier","Rampage","Armaments+1","Warcry","True Grit","Ghostly Armor"],"relics":["Burning Blood","Magic Flower","Pantograph"],"acts_visited":["Exordium"],"potions_floor_usage":[6,11],"damage_taken":[{"damage":7,"enemies":"2 Louse","floor":1,"turns":4},{"damage":11,"enemies":"Cultist","floor":3,"turns":5},{"damage":2,"enemies":"Jaw Worm","floor":4,"turns":8},{"damage":10,"enemies":"Lagavulin","floor":6,"turns":8},{"damage":11,"enemies":"2 Fungi Beasts","floor":8,"turns":6},{"damage":17,"enemies":"3 Louse","floor":10,"turns":6},{"damage":66,"enemies":"Gremlin Nob","floor":11,"turns":5}],"seed_played":"642759201483741381","potions_obtained":[{"floor":3,"key":"EssenceOfSteel"},{"floor":4,"key":"LiquidBronze"},{"floor":10,"key":"SkillPotion"}],"is_trial":false,"path_per_floor":["M","?","M","M","$","E","R","M","T","M","E"],"character_chosen":"IRONCLAD","items_purchased":["Armaments"],"campfire_rested":0,"item_purchase_floors":[5],"current_hp_per_floor":[53,53,51,58,58,54,54,52,52,49,0,0],"gold":235,"neow_bonus":"THREE_RARE_CARDS","is_daily":false,"chose_seed":false,"campfire_upgraded":1,"win_rate":0.0,"timestamp":1608977941,"path_taken":["M","?","M","M","$","E","R","?","T","?","E"],"items_purchased_type":["Card"],"build_version":"2020-12-22","purchased_purges":0,"victory":false,"max_hp_per_floor":[83,83,86,89,89,89,89,89,89,92,92,92],"card_choices":[{"not_picked":["Fiend Fire","Reaper"],"picked":"Feed","floor":0},{"not_picked":["Headbutt","Warcry"],"picked":"Flame Barrier","floor":1},{"not_picked":["Sword Boomerang","Thunderclap","Heavy Blade"],"picked":"SKIP","floor":3},{"not_picked":["Cleave","Anger"],"picked":"Rampage","floor":4},{"not_picked":["Pummel","Whirlwind"],"picked":"Warcry","floor":6},{"not_picked":["Perfected Strike","Twin Strike"],"picked":"True Grit","floor":8},{"not_picked":["Armaments","Rage"],"picked":"Ghostly Armor","floor":10}],"player_experience":12581,"relics_obtained":[{"floor":6,"key":"Magic Flower"},{"floor":9,"key":"Pantograph"}],"event_choices":[{"cards_removed":["Strike_R"],"damage_healed":0,"gold_gain":0,"player_choice":"Purged","damage_taken":0,"max_hp_gain":0,"max_hp_loss":0,"event_name":"Purifier","floor":2,"gold_loss":0}],"is_beta":false,"boss_relics":[],"items_purged_floors":[],"is_endless":false,"potions_floor_spawned":[3,4,10],"killed_by":"Gremlin Nob","ascension_level":13}}