{"host":"uyrebrj0204enqpc","time":1608966055,"event":{"mods":["Act Like it!","Bard","BaseMod","Block Reminder","Challenge The Spire","Colored Map","Colored Powertips","DeckTracker","Downfall","GifTheSpireLib","HexUI Lib","Highlight Path","Hubris","Minty Spire (QoL Compilation)","Pale of the Ancients","Quick Restart","Random Character Button","Relic Stats","Replay The Spire","Shop Mod","StSLib","The Blue Laboratory","The Bug Knight","The Cursed","The Marked"],"gold_per_floor":[116,116,134,59,59,103,103,143,167,208,208,228,198,231,231,360,360,379,379,403,416,435,435,469,214,264,264,314,338,338,364,364,497,497,530,630,657,676,676,728,728,759,759,806,806,98,98,130,130,138,167,213,213,213,213,213,213],"floor_reached":56,"playtime":3868,"items_purged":["TheCursedMod:Defend_TheCursed","TheCursedMod:Strike_TheCursed","hexamod:Haunted"],"score":1278,"play_id":"8bd993fc-6a13-4b17-82b6-b427c7825a16","local_time":"20201226020055","is_ascension_mode":true,"campfire_choices":[{"data":"TheCursedMod:TroublousMinions","floor":7.0,"key":"SMITH"},{"data":"TheCursedMod:SpitefulPlan","floor":11.0,"key":"SMITH"},{"floor":15.0,"key":"REST"},{"data":"TheCursedMod:ReleasedStrength","floor":23.0,"key":"SMITH"},{"data":"TheCursedMod:DemonicPact","floor":27.0,"key":"SMITH"},{"floor":32.0,"key":"REST"},{"floor":41.0,"key":"RECALL"},{"floor":49.0,"key":"REST"},{"data":"TheCursedMod:DemonicPact","floor":55.0,"key":"SMITH"}],"circlet_count":0,"master_deck":["TheCursedMod:CursedWand","TheCursedMod:CleanUpWorkshop","TheCursedMod:Dregs","TheCursedMod:TroublousMinions+1","TheCursedMod:ManaCirculation","TheCursedMod:ReleasedStrength+1","TheCursedMod:FleshFromBone","Injury","TheCursedMod:SpitefulPlan+1","TheCursedMod:CursedShiv","TheCursedMod:WearCloak","TheCursedMod:CursedRelics","TheCursedMod:CursedBlade+1","TheCursedMod:FleshFromBone","TheCursedMod:CursedAmulet+1","TheCursedMod:CursedAmulet","TheCursedMod:DemonicPact+1","Overencumbered","TheCursedMod:HellfireBreathing","TheCursedMod:HellfireBreathing","TheCursedMod:DemonSword","Amnesia","CommonCold","TheCursedMod:CursedSpellbook+1","TheCursedMod:CollectTribute","TheCursedMod:Stigma","TheCursedMod:DemonicPact+1","Doubt","ReplayTheSpireMod:Faulty Equipment"],"relics":["TheCursedMod:BlackMagic101","Replay:Baseball","Golden Idol","Vajra","Centennial Puzzle","hubris:Metronome","Pen Nib","Cursed Key","Replay:Bandana","Toy Ornithopter","Tiny Chest","Iron Hammer","Pandora\u0027s Box","Art of War","ReplayTheSpireMod:Ring of Challenge","Ring of Peace","Replay:WaspNest","Replay:Wax Seal","hubris:TenFootPole","Counterbalance","Anchor","TheAbacus","paleoftheancients:Timepiece","paleoftheancients:KeyRelic","Gremlin Horn","CultistMask","hubris:ToyBattleship","Replay:Accelerometer"],"acts_visited":["Exordium","TheCity","TheBeyond","TheBeyond"],"potions_floor_usage":[],"damage_taken":[{"damage":0.0,"enemies":"2 Louse","floor":1.0,"turns":3.0},{"damage":9.0,"enemies":"Cultist","floor":3.0,"turns":4.0},{"damage":12.0,"enemies":"Lagavulin","floor":6.0,"turns":8.0},{"damage":8.0,"enemies":"3 Sentries","floor":8.0,"turns":12.0},{"damage":22.0,"enemies":"Gremlin Nob","floor":10.0,"turns":4.0},{"damage":2.0,"enemies":"Small Slimes","floor":12.0,"turns":3.0},{"damage":6.0,"enemies":"3 Sentries","floor":14.0,"turns":5.0},{"damage":5.0,"enemies":"Fading Forest","floor":16.0,"turns":11.0},{"damage":8.0,"enemies":"Spheric Guardian","floor":18.0,"turns":5.0},{"damage":0.0,"enemies":"Chosen","floor":20.0,"turns":3.0},{"damage":18.0,"enemies":"Shelled Parasite and Fungi","floor":21.0,"turns":3.0},{"damage":7.0,"enemies":"3 Cultists","floor":22.0,"turns":4.0},{"damage":0.0,"enemies":"Slavers","floor":24.0,"turns":3.0},{"damage":18.0,"enemies":"Gremlin Leader","floor":28.0,"turns":6.0},{"damage":11.0,"enemies":"Sentry and Sphere","floor":29.0,"turns":5.0},{"damage":13.0,"enemies":"Snake Plant","floor":31.0,"turns":3.0},{"damage":0.0,"enemies":"Pondfish","floor":33.0,"turns":6.0},{"damage":0.0,"enemies":"3 Darklings","floor":35.0,"turns":3.0},{"damage":0.0,"enemies":"Orb Walker","floor":38.0,"turns":4.0},{"damage":6.0,"enemies":"R_Hoarder","floor":40.0,"turns":9.0},{"damage":18.0,"enemies":"Jaw Worm Horde","floor":42.0,"turns":4.0},{"damage":7.0,"enemies":"Nemesis","floor":44.0,"turns":7.0},{"damage":0.0,"enemies":"Maw","floor":48.0,"turns":5.0},{"damage":0.0,"enemies":"Donu and Deca","floor":50.0,"turns":7.0},{"damage":0.0,"enemies":"Donu and Deca","floor":51.0,"turns":8.0},{"damage":51.0,"enemies":"Donu and Deca","floor":52.0,"turns":6.0},{"damage":0,"enemies":"Donu and Deca","floor":56,"turns":1}],"seed_played":"4725780683245766064","potions_obtained":[{"floor":1.0,"key":"Milkshake"},{"floor":6.0,"key":"blueLaboratory:AbyssPotion"},{"floor":10.0,"key":"ColorlessPotion"},{"floor":12.0,"key":"blueLaboratory:FruitPunch"},{"floor":13.0,"key":"SkillPotion"},{"floor":16.0,"key":"blueLaboratory:BubblePotion"},{"floor":18.0,"key":"blueLaboratory:Moonshine"},{"floor":20.0,"key":"blueLaboratory:RecallPotion"},{"floor":21.0,"key":"Swift Potion"},{"floor":28.0,"key":"Slimebound:ThreeZeroPotion"},{"floor":30.0,"key":"blueLaboratory:FrostheartPotion"},{"floor":30.0,"key":"blueLaboratory:NullPotion"},{"floor":40.0,"key":"blueLaboratory:ExaltedPotion"}],"is_trial":false,"path_per_floor":["M","?","M","$","?","E","R","E","T","E","R","M","?","E","R","B",null,"M","?","M","M","M","R","E","$","T","R","E","M","?","M","R","B",null,"M","?","T","M","?","E","R","M","T","E","?","$","?","M","R","B","M","M","T","T","R","M"],"character_chosen":"THE_CURSED","items_purchased":["Toy Ornithopter","Counterbalance","Anchor","TheAbacus"],"campfire_rested":3,"item_purchase_floors":[25,46,46,46],"current_hp_per_floor":[75,75,66,66,66,54,54,46,46,24,24,22,22,16,38,33,75,67,67,67,51,44,44,44,44,44,44,31,25,25,12,35,45,77,77,77,77,77,77,77,77,59,59,52,52,52,52,57,77,77,77,52,52,52,52,54,54],"gold":213,"neow_bonus":"RANDOM_COMMON_RELIC","is_daily":false,"chose_seed":false,"campfire_upgraded":5,"win_rate":0.0,"timestamp":1608966055,"path_taken":["M","?","?","?","?","E","R","E","T","E","R","M","?","E","R","BOSS","M","?","?","M","M","R","E","$","T","R","E","?","?","M","R","BOSS","M","?","?","M","?","E","R","M","T","E","?","$","?","M","R","BOSS","M","M","?","T","R","M"],"items_purchased_type":["Relic","Relic","Relic","Relic"],"build_version":"2020-12-22","purchased_purges":3,"victory":false,"max_hp_per_floor":[75,75,75,75,75,75,75,75,75,75,75,75,75,75,75,75,75,75,75,75,77,77,77,77,77,77,77,77,77,77,77,77,77,77,77,77,77,77,77,77,77,77,77,77,77,77,77,77,77,77,77,77,77,77,77,77,77],"relic_stats":{"Centennial Puzzle":[53],"TheAbacus":[210],"Gremlin Horn":[9,10],"counters":[27,141],"Golden Idol":190,"Tiny Chest":2,"Pandora\u0027s Box":["TheCursedMod:LuckyCharm","TheCursedMod:ForbiddenAlchemy","TheCursedMod:CursedShiv","TheCursedMod:DemonicPact","TheCursedMod:Mangle","TheCursedMod:Stretching"],"Pen Nib":[20],"Art of War":[6],"Cursed Key":5,"obtain_stats":[{"Replay:Accelerometer":54,"hubris:Metronome":10,"Gremlin Horn":50,"Vajra":6,"Cursed Key":17,"Centennial Puzzle":8,"Replay:Bandana":24,"TheAbacus":46,"Ring of Peace":39,"Tiny Chest":26,"Iron Hammer":28,"Replay:Wax Seal":43,"TheCursedMod:BlackMagic101":0,"paleoftheancients:KeyRelic":50,"Golden Idol":5,"Counterbalance":46,"Pen Nib":14,"Replay:WaspNest":40,"paleoftheancients:Timepiece":50,"Replay:Baseball":0,"Anchor":46,"Pandora\u0027s Box":34,"CultistMask":50,"Art of War":37,"hubris:TenFootPole":44,"hubris:ToyBattleship":53,"ReplayTheSpireMod:Ring of Challenge":39,"Toy Ornithopter":25},{"Replay:Accelerometer":26,"hubris:Metronome":5,"Gremlin Horn":24,"Vajra":3,"Cursed Key":8,"Centennial Puzzle":4,"Replay:Bandana":13,"TheAbacus":22,"Ring of Peace":19,"Tiny Chest":13,"Iron Hammer":14,"Replay:Wax Seal":21,"TheCursedMod:BlackMagic101":0,"paleoftheancients:KeyRelic":24,"Golden Idol":2,"Counterbalance":22,"Pen Nib":7,"Replay:WaspNest":20,"paleoftheancients:Timepiece":24,"Replay:Baseball":0,"Anchor":22,"Pandora\u0027s Box":17,"CultistMask":24,"Art of War":18,"hubris:TenFootPole":22,"hubris:ToyBattleship":26,"ReplayTheSpireMod:Ring of Challenge":19,"Toy Ornithopter":13},{"Replay:Accelerometer":140,"hubris:Metronome":31,"Gremlin Horn":126,"Vajra":15,"Cursed Key":50,"Centennial Puzzle":27,"Replay:Bandana":68,"TheAbacus":114,"Ring of Peace":94,"Tiny Chest":68,"Iron Hammer":74,"Replay:Wax Seal":107,"TheCursedMod:BlackMagic101":0,"paleoftheancients:KeyRelic":126,"Golden Idol":7,"Counterbalance":114,"Pen Nib":39,"Replay:WaspNest":103,"paleoftheancients:Timepiece":126,"Replay:Baseball":0,"Anchor":114,"Pandora\u0027s Box":88,"CultistMask":126,"Art of War":90,"hubris:TenFootPole":114,"hubris:ToyBattleship":140,"ReplayTheSpireMod:Ring of Challenge":94,"Toy Ornithopter":68}],"Toy Ornithopter":25},"card_choices":[{"not_picked":["TheCursedMod:Wield","TheCursedMod:VitalStrike"],"picked":"TheCursedMod:TroublousMinions","floor":1.0},{"not_picked":["TheCursedMod:Obscuration","TheCursedMod:BlessingInDisguise"],"picked":"TheCursedMod:FleshFromBone","floor":3.0},{"not_picked":["TheCursedMod:CircleOfBlood","TheCursedMod:StingEye","TheCursedMod:CircleOfWindfury"],"picked":"SKIP","floor":6.0},{"not_picked":["TheCursedMod:BlessingInDisguise","TheCursedMod:SpreadPlague"],"picked":"TheCursedMod:SpitefulPlan","floor":8.0},{"not_picked":["TheCursedMod:CircleOfFocus","TheCursedMod:Stigma","TheCursedMod:SpreadPlague"],"picked":"SKIP","floor":10.0},{"not_picked":["TheCursedMod:Torture","TheCursedMod:Obscuration"],"picked":"TheCursedMod:CursedShiv","floor":12.0},{"not_picked":["TheCursedMod:SmokeScreen","TheCursedMod:SurpriseAttack"],"picked":"TheCursedMod:WearCloak","floor":14.0},{"not_picked":["TheCursedMod:UltimatePain","TheCursedMod:DarkBarrier"],"picked":"TheCursedMod:CursedRelics","floor":16.0},{"not_picked":["TheCursedMod:CursedMace+1","TheCursedMod:CircleOfCorruption+1"],"picked":"TheCursedMod:CursedBlade+1","floor":18.0},{"not_picked":["TheCursedMod:SmokeScreen","TheCursedMod:CursedMace"],"picked":"TheCursedMod:FleshFromBone","floor":20.0},{"not_picked":["TheCursedMod:Wield","TheCursedMod:CircleOfWindfury"],"picked":"TheCursedMod:CursedAmulet+1","floor":21.0},{"not_picked":["TheCursedMod:Torture","TheCursedMod:CursedBoomerang"],"picked":"TheCursedMod:CursedAmulet","floor":22.0},{"not_picked":["TheCursedMod:SpitefulPlan","TheCursedMod:Stretching"],"picked":"TheCursedMod:DemonicPact","floor":24.0},{"not_picked":["TheCursedMod:BlessingInDisguise","TheCursedMod:CursedMace"],"picked":"TheCursedMod:HellfireBreathing","floor":28.0},{"not_picked":["TheCursedMod:TacticalStrike+1","TheCursedMod:CircleOfFlame+1"],"picked":"TheCursedMod:HellfireBreathing","floor":29.0},{"not_picked":["TheCursedMod:CursedMace","TheCursedMod:ManaBullet","TheCursedMod:Stretching"],"picked":"SKIP","floor":31.0},{"not_picked":["TheCursedMod:DarkBarrier","TheCursedMod:ParallelWorld"],"picked":"TheCursedMod:DemonSword","floor":33.0},{"not_picked":["TheCursedMod:CursedBlade","TheCursedMod:RapidMovement+1","TheCursedMod:HellsGateOpen+1"],"picked":"SKIP","floor":35.0},{"not_picked":["TheCursedMod:CursedMace","TheCursedMod:CursedShiv","TheCursedMod:Hemoplague+1"],"picked":"SKIP","floor":38.0},{"not_picked":["TheCursedMod:SpitefulPray+1","TheCursedMod:Torture+1"],"picked":"TheCursedMod:CursedSpellbook+1","floor":40.0},{"not_picked":["TheCursedMod:CircleOfFlame","TheCursedMod:Stigma","TheCursedMod:CircleOfFocus"],"picked":"SKIP","floor":42.0},{"not_picked":["TheCursedMod:Grudge","TheCursedMod:VitalStrike+1","TheCursedMod:CursedStaff"],"picked":"SKIP","floor":44.0},{"not_picked":["TheCursedMod:SpreadPlague","TheCursedMod:ReleasedKnowledge","TheCursedMod:CursedAmulet"],"picked":"SKIP","floor":48.0},{"not_picked":["TheCursedMod:Obscuration","TheCursedMod:RavingStaff+1"],"picked":"TheCursedMod:DemonicPact","floor":51.0},{"not_picked":["TheCursedMod:Evocation","TheCursedMod:SaltUponWound+1","TheCursedMod:CursedAmulet+1"],"picked":"SKIP","floor":52.0}],"player_experience":922328,"relics_obtained":[{"floor":6.0,"key":"Vajra"},{"floor":8.0,"key":"Centennial Puzzle"},{"floor":10.0,"key":"hubris:Metronome"},{"floor":14.0,"key":"Pen Nib"},{"floor":24.0,"key":"Replay:Bandana"},{"floor":26.0,"key":"Tiny Chest"},{"floor":28.0,"key":"Iron Hammer"},{"floor":37.0,"key":"Art of War"},{"floor":39.0,"key":"ReplayTheSpireMod:Ring of Challenge"},{"floor":39.0,"key":"Ring of Peace"},{"floor":40.0,"key":"Replay:WaspNest"},{"floor":43.0,"key":"Replay:Wax Seal"},{"floor":44.0,"key":"hubris:TenFootPole"},{"floor":53.0,"key":"hubris:ToyBattleship"},{"floor":54.0,"key":"Replay:Accelerometer"}],"event_choices":[{"damage_healed":0.0,"max_hp_gain":0.0,"max_hp_loss":0.0,"gold_gain":0.0,"event_name":"Match and Keep!","player_choice":"2 cards matched","floor":2.0,"gold_loss":0.0,"damage_taken":0.0,"cards_obtained":["TheCursedMod:ManaCirculation","TheCursedMod:ReleasedStrength"]},{"damage_healed":0.0,"max_hp_gain":0.0,"max_hp_loss":0.0,"gold_gain":0.0,"event_name":"Golden Idol","player_choice":"Take Wound","floor":5.0,"gold_loss":0.0,"damage_taken":0.0,"relics_obtained":["Golden Idol"],"cards_obtained":["Injury"]},{"damage_healed":0.0,"max_hp_gain":0.0,"max_hp_loss":0.0,"gold_gain":0.0,"event_name":"The Woman in Blue","player_choice":"Bought 2 Potions","floor":13.0,"gold_loss":0.0,"damage_taken":0.0},{"damage_healed":0.0,"max_hp_gain":0.0,"max_hp_loss":0.0,"gold_gain":0.0,"event_name":"Fountain of Cleansing","player_choice":"Ignored","floor":19.0,"gold_loss":0.0,"damage_taken":0.0},{"damage_healed":0.0,"max_hp_gain":0.0,"max_hp_loss":0.0,"gold_gain":0.0,"event_name":"Lab","player_choice":"Got Potions","floor":30.0,"gold_loss":0.0,"damage_taken":0.0},{"damage_healed":0.0,"max_hp_gain":0.0,"max_hp_loss":0.0,"gold_gain":100.0,"event_name":"Golden Shrine","player_choice":"Pray","floor":36.0,"gold_loss":0.0,"damage_taken":0.0},{"damage_healed":0.0,"max_hp_gain":0.0,"max_hp_loss":0.0,"gold_gain":0.0,"event_name":"Tomb of Lord Red Mask","player_choice":"Ignored","floor":45.0,"gold_loss":0.0,"damage_taken":0.0},{"damage_healed":0.0,"max_hp_gain":0.0,"max_hp_loss":0.0,"gold_gain":0.0,"event_name":"Match and Keep!","player_choice":"2 cards matched","floor":47.0,"gold_loss":0.0,"damage_taken":0.0,"cards_obtained":["TheCursedMod:CollectTribute","TheCursedMod:Stigma"]}],"is_beta":false,"boss_relics":[{"not_picked":["Coffee Dripper","Tiny House"],"picked":"Cursed Key"},{"not_picked":["Snecko Eye","SlaversCollar"],"picked":"Pandora\u0027s Box"}],"items_purged_floors":[4,25,46],"is_endless":false,"potions_floor_spawned":[1,6,10,12,16,18,20,21,28,40],"killed_by":"Donu and Deca","ascension_level":1}}