{"host":"i09pxcjttd31eh4q","time":1608987371,"event":{"mods":["AchievementEnabler","BaseMod","Colored Map","Keyboard Shortcuts","Minty Spire (QoL Compilation)","StSLib","SuperFastMode"],"gold_per_floor":[111,261,272,272,272,299,299,24,24,53,53,53,71,71,71,71,71],"floor_reached":16,"playtime":218,"items_purged":["Strike_G"],"score":242,"play_id":"ab073989-e68e-4802-9824-bc06a0c2e14b","local_time":"20201226215611","is_ascension_mode":true,"campfire_choices":[{"data":"Underhanded Strike","floor":7.0,"key":"SMITH"},{"data":"Eviscerate","floor":12.0,"key":"SMITH"},{"data":"Cloak And Dagger","floor":15.0,"key":"SMITH"}],"circlet_count":0,"master_deck":["AscendersBane","Strike_G","Strike_G","Strike_G","Strike_G","Defend_G","Defend_G","Defend_G","Defend_G","Defend_G","Survivor","Neutralize","Cloak And Dagger+1","Backflip","Underhanded Strike+1","Eviscerate+1","All Out Attack"],"relics":["Ring of the Snake","NeowsBlessing","Ice Cream","WingedGreaves","TwistedFunnel","Ornamental Fan","Odd Mushroom"],"acts_visited":["Exordium"],"potions_floor_usage":[16,16],"damage_taken":[{"damage":0.0,"enemies":"2 Louse","floor":1.0,"turns":1.0},{"damage":0.0,"enemies":"Small Slimes","floor":3.0,"turns":1.0},{"damage":0.0,"enemies":"Gremlin Nob","floor":6.0,"turns":1.0},{"damage":14.0,"enemies":"The Mushroom Lair","floor":10.0,"turns":4.0},{"damage":0.0,"enemies":"Cultist","floor":13.0,"turns":2.0},{"damage":26,"enemies":"Slime Boss","floor":16,"turns":6}],"seed_played":"-4864762728108107972","potions_obtained":[{"floor":3.0,"key":"SmokeBomb"},{"floor":10.0,"key":"Regen Potion"},{"floor":13.0,"key":"Swift Potion"}],"is_trial":false,"path_per_floor":["M","?","M","?","?","E","R","$","T","?","$","R","M","$","R","B"],"character_chosen":"THE_SILENT","items_purchased":["TwistedFunnel","Eviscerate"],"campfire_rested":0,"item_purchase_floors":[8,8],"current_hp_per_floor":[59,59,59,48,41,41,41,41,41,27,27,27,27,27,27,15,15],"gold":71,"neow_bonus":"THREE_ENEMY_KILL","is_daily":false,"chose_seed":false,"campfire_upgraded":3,"win_rate":0.0,"timestamp":1608987371,"path_taken":["M","?","M","?","?","E","R","$","T","?","$","R","M","?","R","BOSS"],"items_purchased_type":["Relic","Card"],"build_version":"2020-12-22","purchased_purges":1,"victory":false,"max_hp_per_floor":[66,66,66,66,66,66,66,66,66,66,66,66,66,66,66,66,66],"card_choices":[{"not_picked":["Deflect","Flying Knee"],"picked":"Cloak And Dagger","floor":1.0},{"not_picked":["Caltrops","Calculated Gamble"],"picked":"Backflip","floor":3.0},{"not_picked":["Poisoned Stab","Leg Sweep"],"picked":"Underhanded Strike","floor":6.0},{"not_picked":["Night Terror","Dodge and Roll"],"picked":"All Out Attack","floor":13.0}],"player_experience":775789,"relics_obtained":[{"floor":6.0,"key":"WingedGreaves"},{"floor":9.0,"key":"Ornamental Fan"},{"floor":10.0,"key":"Odd Mushroom"}],"event_choices":[{"damage_healed":0.0,"max_hp_gain":0.0,"max_hp_loss":0.0,"gold_gain":150.0,"event_name":"Liars Game","player_choice":"AGREE","floor":2.0,"gold_loss":0.0,"damage_taken":0.0,"cards_obtained":["Doubt"]},{"damage_healed":0.0,"max_hp_gain":0.0,"max_hp_loss":0.0,"gold_gain":0.0,"event_name":"Scrap Ooze","player_choice":"Success","floor":4.0,"gold_loss":0.0,"damage_taken":11.0,"relics_obtained":["Ice Cream"]},{"cards_removed":["Doubt"],"damage_healed":0.0,"max_hp_gain":0.0,"max_hp_loss":0.0,"gold_gain":0.0,"event_name":"Golden Wing","player_choice":"Card Removal","floor":5.0,"gold_loss":0.0,"damage_taken":7.0},{"damage_healed":0.0,"max_hp_gain":0.0,"max_hp_loss":0.0,"gold_gain":0.0,"event_name":"Mushrooms","player_choice":"Fought Mushrooms","floor":10.0,"gold_loss":0.0,"damage_taken":0.0}],"is_beta":false,"boss_relics":[],"items_purged_floors":[8],"is_endless":false,"potions_floor_spawned":[3,10,13],"killed_by":"Slime Boss","ascension_level":20}}