{"host":"h7xtspmc2x3i8s2i","time":1608962723,"event":{"mods":["2.2 Compatiblity","AchievementEnabler","Act Like it!","AlwaysNeverKeys","Aspiration","Astrologer","BaseMod","Beaked The Cultist","Bestiary","Better Match","Better Sensory Stone","Better Third Choice","Better Vampires","BetterRewards","Challenge The Spire","Colored Map","Colored Powertips","Colorless Booster Pack","Curses Come First","Defuse TimeMaze Blight","Dio Mod","Downfall","Duelist Mod","EXCEPTION","Energized Spire","Friendly Minions","GifTheSpireLib","Gold Saver","Gremlin Skip","Halation","Hubris","Jedi Mod","Key Reminder","Marked Mod","Minty Spire (QoL Compilation)","Permanent Neow","Potion Indicator Mod","Random Character Button","Random Character Mod","Rare Cards Sparkle","Relic Filter","Relic Stats","Replay The Spire","SacredBarkPlus","Shop Mod","Somnambulant","Spicy Shops","Spikes Relics","Spire Birthday Party","StSLib","Steal the Spire","Stuff the Spire","SuperFastMode","The Awakened One except there are too many feathers","The Blue Laboratory","The Cursed","The Death Knight","The Dragon Tamer","The Edgeheg","The Hierophant","The Problem Sleuth","The Wild Card","Transform Curses","Unceasing Turn Reminder","everything is the same but u backflip on backflip","slay the spire mod where everything is the same but ironclad has a cowboy hat","vexMod"],"gold_per_floor":[99,112,124,135,147,181,228,3,3,3,32,32,48,75,95,194,194,119,131,41,57,58,58,81,99,24,41,41,60,88,17,30,127,127,52,52,52,52,72,72,147,158,158,187,199,217,217,243,262,262,262,294,66,66,66],"floor_reached":56,"playtime":3265,"items_purged":["Guardian:Strike_Guardian"],"score":1534,"play_id":"610a6b30-29af-4cbd-8150-90ea5104d42b","local_time":"20201226010523","is_ascension_mode":true,"campfire_choices":[{"floor":1,"key":"DIG"},{"data":"Guardian:CurlUp","floor":10,"key":"SMITH"},{"floor":12,"key":"REST"},{"floor":18,"key":"RECALL"},{"data":"Guardian:GemFire","floor":26,"key":"SMITH"},{"data":"Guardian:SentryBeam","floor":28,"key":"SMITH"},{"data":"Guardian:SentryBeam","floor":35,"key":"SMITH"},{"data":"Guardian:BronzeArmor","floor":38,"key":"SMITH"},{"data":"Guardian:ExploitGems","floor":54,"key":"SMITH"}],"circlet_count":0,"master_deck":["Guardian:Strike_Guardian","Guardian:Strike_Guardian","Guardian:Strike_Guardian","Guardian:Defend_Guardian","Guardian:Defend_Guardian+1","Guardian:Defend_Guardian","Guardian:Defend_Guardian","Guardian:CurlUp+1","Guardian:TwinSlam+1","Guardian:BronzeArmor+1","Guardian:GemFire+1","Guardian:SentryBeam+1","Guardian:SentryBeam+1","Guardian:ExploitGems+1","Guardian:CrystalBeam","Guardian:PrismaticBarrier+1","Guardian:BronzeArmor+1","Guardian:PiercingHide+1","Guardian:Repulse+1","Guardian:BronzeOrb+1","Guardian:Gem_Green","Guardian:Gem_Fragmented","Guardian:Gem_Lightblue","Guardian:Gem_Fragmented","Guardian:PrismaticBeam+1","Guardian:PiercingHide+1","Guardian:VentSteam","Guardian:CrystalBeam"],"relics":["StuffTheSpire:OccultApparatus","Blue Candle","Happy Flower","jedi:arcanewood","Pet Ghost","hubris:GrandSneckoEye","downfall:HeartBlessingGreen","champ:Barbells","downfall:HeartBlessingRed","Guardian:DefensiveModeMoreBlock","aspiration:SecretTechniqueScroll","downfall:HeartBlessingBlue","aspiration:StickyExplosives_weak","StuffTheSpire:NeowsTribute","vexMod:Dragonfruit","Quantum Egg","MerchantsRug"],"acts_visited":["Exordium","TheCity","TheBeyond","TheEnding"],"potions_floor_usage":[4,4,8,16,16,16,33,33,33,48,55],"damage_taken":[{"damage":0,"enemies":"Jaw Worm","floor":2,"turns":5},{"damage":0,"enemies":"Cultist","floor":3,"turns":4},{"damage":0,"enemies":"Small Slimes","floor":4,"turns":4},{"damage":0,"enemies":"Blue Slaver","floor":5,"turns":4},{"damage":7,"enemies":"3 Sentries","floor":6,"turns":8},{"damage":0,"enemies":"downfall:FleeingMerchant","floor":8,"turns":4},{"damage":23,"enemies":"Gremlin Nob","floor":11,"turns":4},{"damage":0,"enemies":"Red Slaver","floor":13,"turns":1},{"damage":5,"enemies":"Replay:BlueRogue","floor":14,"turns":4},{"damage":0,"enemies":"2 Fungi Beasts","floor":15,"turns":2},{"damage":2,"enemies":"downfall:Ironclad","floor":16,"turns":10},{"damage":9,"enemies":"3 Byrds","floor":19,"turns":4},{"damage":0,"enemies":"downfall:FleeingMerchant","floor":20,"turns":4},{"damage":3,"enemies":"Shelled Parasite and Fungi","floor":21,"turns":3},{"damage":2,"enemies":"downfall:FleeingMerchant","floor":22,"turns":4},{"damage":14,"enemies":"Centurion and Healer","floor":25,"turns":2},{"damage":0,"enemies":"3 Cultists","floor":27,"turns":2},{"damage":11,"enemies":"Snecko","floor":29,"turns":4},{"damage":0,"enemies":"Book of Stabbing","floor":30,"turns":3},{"damage":0,"enemies":"Centurion and Healer","floor":32,"turns":1},{"damage":0,"enemies":"downfall:Silent","floor":33,"turns":4},{"damage":0,"enemies":"3 Darklings","floor":39,"turns":3},{"damage":0,"enemies":"3 Shapes","floor":42,"turns":2},{"damage":0,"enemies":"Giant Head","floor":44,"turns":3},{"damage":0,"enemies":"Sphere and 2 Shapes","floor":45,"turns":3},{"damage":0,"enemies":"Maw","floor":46,"turns":4},{"damage":0,"enemies":"Reptomancer","floor":48,"turns":2},{"damage":3,"enemies":"4 Shapes","floor":49,"turns":2},{"damage":5,"enemies":"downfall:Defect","floor":50,"turns":4},{"damage":0,"enemies":"downfall:CharBossMerchant","floor":52,"turns":5},{"damage":49,"enemies":"downfall:NeowBoss","floor":55,"turns":26}],"seed_played":"3055373599961386250","potions_obtained":[{"floor":0,"key":"blueLaboratory:FrostheartPotion"},{"floor":0,"key":"EssenceOfSteel"},{"floor":0,"key":"Doom Potion"},{"floor":4,"key":"blueLaboratory:Moonshine"},{"floor":5,"key":"SteroidPotion"},{"floor":13,"key":"blueLaboratory:AbyssPotion"},{"floor":14,"key":"Guardian:DefensiveModePotion"},{"floor":15,"key":"BlessingOfTheForge"},{"floor":25,"key":"Milkshake"},{"floor":29,"key":"Guardian:DefensiveModePotion"},{"floor":30,"key":"Reflective Coating"},{"floor":39,"key":"blueLaboratory:AbyssPotion"},{"floor":44,"key":"GamblersBrew"},{"floor":46,"key":"blueLaboratory:FruitPunch"}],"is_trial":false,"path_per_floor":["R_BF","M","M","M","M","E","T","$","?","R","E","R","M","E","M","B",null,"R_BF","M","$","M","$","R","T","M","R","M","R","M","E","$","M","B",null,"R","$","?","R","M","?","T","M","R","E","M","M","?","E","M","B",null,"E","$","R","B",null],"character_chosen":"GUARDIAN","items_purchased":["Guardian:ExploitGems","Guardian:CrystalBeam","Guardian:Gem_Orange","champ:Barbells","Guardian:Gem_White","Guardian:VentSteam","MerchantsRug","Guardian:CrystalBeam"],"campfire_rested":1,"item_purchase_floors":[8,8,22,22,31,53,53,53],"current_hp_per_floor":[80,80,80,80,80,73,73,73,73,73,50,74,74,69,69,67,80,80,71,71,68,66,66,66,52,52,52,52,41,41,41,41,41,80,90,90,90,90,90,90,90,90,90,90,90,90,90,97,94,89,97,97,97,97,48],"gold":66,"neow_bonus":"THREE_SMALL_POTIONS","is_daily":false,"chose_seed":false,"campfire_upgraded":6,"win_rate":0.0,"timestamp":1608962723,"path_taken":["R_BF","M","M","M","M","E","T","$","?","?","E","R","?","E","M","BOSS","R_BF","M","$","M","?","R","T","M","R","?","R","M","E","?","M","BOSS","R","$","?","?","M","?","T","M","R","E","M","?","?","E","M","BOSS","E","$","R","BOSS"],"items_purchased_type":["Card","Card","Card","Relic","Card","Card","Relic","Card"],"build_version":"2020-12-22","purchased_purges":1,"victory":true,"max_hp_per_floor":[80,80,80,80,80,80,80,80,80,80,80,80,80,80,80,80,80,80,80,80,80,80,80,80,80,80,80,80,80,80,80,80,80,80,90,90,90,90,90,90,90,90,90,90,90,90,90,97,97,97,97,97,97,97,97],"relic_stats":{"Happy Flower":[36],"counters":[31,133],"Blue Candle":[3],"obtain_stats":[{"Guardian:DefensiveModeMoreBlock":30,"champ:Barbells":22,"MerchantsRug":53,"Happy Flower":6,"downfall:HeartBlessingRed":26,"Blue Candle":1,"Quantum Egg":52,"Guardian:ModeShifter":0,"downfall:HeartBlessingGreen":18,"aspiration:SecretTechniqueScroll":34,"Pet Ghost":14,"aspiration:StickyExplosives_weak":41,"Guardian:PickAxe":11,"keyreminder:keyreminder":11,"StuffTheSpire:OccultApparatus":40,"vexMod:Dragonfruit":48,"downfall:HeartBlessingBlue":35,"hubris:GrandSneckoEye":17,"jedi:arcanewood":7,"StuffTheSpire:NeowsTribute":44},{"Guardian:DefensiveModeMoreBlock":19,"champ:Barbells":15,"MerchantsRug":30,"Happy Flower":5,"downfall:HeartBlessingRed":16,"Blue Candle":0,"Quantum Egg":30,"Guardian:ModeShifter":0,"downfall:HeartBlessingGreen":11,"aspiration:SecretTechniqueScroll":21,"Pet Ghost":9,"aspiration:StickyExplosives_weak":22,"Guardian:PickAxe":7,"keyreminder:keyreminder":7,"StuffTheSpire:OccultApparatus":22,"vexMod:Dragonfruit":27,"downfall:HeartBlessingBlue":21,"hubris:GrandSneckoEye":11,"jedi:arcanewood":5,"StuffTheSpire:NeowsTribute":24},{"Guardian:DefensiveModeMoreBlock":76,"champ:Barbells":65,"MerchantsRug":107,"Happy Flower":25,"downfall:HeartBlessingRed":67,"Blue Candle":0,"Quantum Egg":107,"Guardian:ModeShifter":0,"downfall:HeartBlessingGreen":50,"aspiration:SecretTechniqueScroll":81,"Pet Ghost":38,"aspiration:StickyExplosives_weak":84,"Guardian:PickAxe":33,"keyreminder:keyreminder":33,"StuffTheSpire:OccultApparatus":84,"vexMod:Dragonfruit":97,"downfall:HeartBlessingBlue":81,"hubris:GrandSneckoEye":50,"jedi:arcanewood":25,"StuffTheSpire:NeowsTribute":89}]},"card_choices":[{"not_picked":["Guardian:Reroute","Guardian:Gem_Cyan"],"picked":"Guardian:Gem_Yellow","floor":2},{"not_picked":["Guardian:PiercingHide","Guardian:TemporalStrike"],"picked":"Guardian:BronzeArmor","floor":3},{"not_picked":["Guardian:ShieldSpikes","Guardian:CrystalBeam"],"picked":"Guardian:GemFire","floor":4},{"not_picked":["Guardian:TimeCapacitor","Guardian:WalkerClaw"],"picked":"Guardian:SentryBeam","floor":5},{"not_picked":["Guardian:Recover","Guardian:VentSteam","Guardian:GemFire"],"picked":"SKIP","floor":6},{"not_picked":["Guardian:TimeCapacitor","Guardian:Suspension"],"picked":"Guardian:SentryBeam","floor":8},{"not_picked":["Guardian:Gem_Cyan","Guardian:RollAttack"],"picked":"Guardian:Gem_Purple","floor":11},{"not_picked":["Guardian:PrimingBeam","Guardian:RevengeProtocol"],"picked":"Guardian:PrismaticBarrier","floor":13},{"not_picked":["Guardian:SphericShield","Guardian:TemporalShield"],"picked":"Guardian:BronzeArmor","floor":14},{"not_picked":["Guardian:Orbwalk","Guardian:ShieldCharger","Guardian:ShieldSpikes"],"picked":"SKIP","floor":15},{"not_picked":["Guardian:StasisStrike","Guardian:RevengeProtocol"],"picked":"Guardian:Gem_Synthetic","floor":16},{"not_picked":["Guardian:Reroute","Guardian:VentSteam"],"picked":"Guardian:PiercingHide+1","floor":19},{"not_picked":["Guardian:SphericShield","Guardian:Incinerate+1"],"picked":"Guardian:Gem_Green","floor":20},{"not_picked":["Guardian:Gem_Lightblue","Guardian:PrimingBeam"],"picked":"Guardian:Repulse","floor":21},{"not_picked":["Guardian:TemporalStrike","Guardian:WalkerClaw+1"],"picked":"Guardian:BronzeOrb","floor":22},{"not_picked":["Guardian:PrismaticBarrier+1","Guardian:ChargeCore"],"picked":"Guardian:Gem_Green","floor":25},{"not_picked":["Guardian:ChargeCore+1","Guardian:TimeBomb","Guardian:PiercingHide+1"],"picked":"SKIP","floor":27},{"not_picked":["Guardian:ArmoredProtocol","Guardian:Harden","Guardian:VentSteam+1"],"picked":"SKIP","floor":29},{"not_picked":["Guardian:WalkerClaw","Guardian:PolyBeam"],"picked":"Guardian:Gem_White","floor":30},{"not_picked":["Guardian:Recover","Guardian:TemporalShield+1","Guardian:PolyBeam"],"picked":"SKIP","floor":32},{"not_picked":["Guardian:StasisEngine","Guardian:GatlingBeam"],"picked":"Guardian:Gem_Orange","floor":33},{"not_picked":["Guardian:WalkerClaw","Guardian:Emergency+1"],"picked":"Guardian:Gem_Fragmented","floor":39},{"not_picked":["Guardian:TemporalStrike","Guardian:PrimingBeam+1"],"picked":"Guardian:Gem_Purple","floor":42},{"not_picked":["Guardian:Gem_Green","Guardian:Gem_Blue"],"picked":"Guardian:Gem_Red","floor":44},{"not_picked":["Guardian:Reroute+1","Guardian:Gem_Yellow"],"picked":"Guardian:Gem_Fragmented","floor":45},{"not_picked":["Guardian:VentSteam","Guardian:TimeCapacitor+1"],"picked":"Guardian:Gem_Synthetic","floor":46},{"not_picked":["Guardian:Incinerate+1","Guardian:ChargeCore","Guardian:TemporalStrike+1"],"picked":"SKIP","floor":48},{"not_picked":["Guardian:ShieldSpikes+1","Guardian:ChargeUp+1"],"picked":"Guardian:PrismaticBeam+1","floor":49},{"not_picked":["Guardian:TemporalShield","Guardian:GuardianWhirl+1"],"picked":"Guardian:PiercingHide+1","floor":52}],"player_experience":581570,"relics_obtained":[{"floor":1,"key":"Blue Candle"},{"floor":6,"key":"Happy Flower"},{"floor":7,"key":"jedi:arcanewood"},{"floor":11,"key":"Guardian:PickAxe"},{"floor":14,"key":"Pet Ghost"},{"floor":30,"key":"Guardian:DefensiveModeMoreBlock"},{"floor":41,"key":"aspiration:StickyExplosives_weak"},{"floor":44,"key":"StuffTheSpire:NeowsTribute"},{"floor":48,"key":"vexMod:Dragonfruit"},{"floor":52,"key":"Quantum Egg"}],"event_choices":[],"is_beta":false,"boss_relics":[{"not_picked":["CosmicIsotope","aspiration:PoetsPen"],"picked":"hubris:GrandSneckoEye"},{"not_picked":["Replay:Bronze Core","aspiration:RitualDagger"],"picked":"aspiration:SecretTechniqueScroll"}],"items_purged_floors":[20],"is_endless":false,"potions_floor_spawned":[4,5,13,14,15,25,29,30,32,39,44,46],"ascension_level":2}}