{"host":"2lrkmsuh7nz013qb","time":1608965891,"event":{"mods":["BaseMod","Colored Map","DeckTracker","Minty Spire (QoL Compilation)","SuperFastMode","everything is the same but u backflip on backflip"],"gold_per_floor":[117,117,117,135,135,160,174,174,245,279,291,19,51,65,65,160,160,141,160,8,22,22,22,41,41,118,118,136,136,153,153,153,153,153],"floor_reached":33,"playtime":1111,"items_purged":["Strike_B"],"score":496,"play_id":"d76b51a7-ca47-41ee-9efc-ca1e87bdfae9","local_time":"20201226155811","is_ascension_mode":true,"campfire_choices":[{"data":"Dualcast","floor":15,"key":"SMITH"},{"floor":23,"key":"REST"},{"floor":25,"key":"REST"},{"data":"Buffer","floor":27,"key":"SMITH"},{"floor":32,"key":"REST"}],"circlet_count":0,"master_deck":["Strike_B","Strike_B+1","Defend_B","Defend_B+1","Defend_B","Zap+1","Dualcast+1","Rebound","Chill","Doom and Gloom","Ball Lightning","Hologram+1","Self Repair","Coolheaded+1","Recycle+1","Buffer+1","Turbo+1","Turbo+1","Pain","Chaos+1","Compile Driver+1","Fission+1"],"relics":["Cracked Core","NeowsBlessing","Shuriken","StoneCalendar","Toxic Egg 2","Dream Catcher","Du-Vu Doll","Empty Cage","Membership Card","WarpedTongs","Cables","Blue Candle"],"acts_visited":["Exordium","TheCity"],"potions_floor_usage":[13,16,16,19,19,28,30,33],"damage_taken":[{"damage":0.0,"enemies":"Cultist","floor":1.0,"turns":1.0},{"damage":0.0,"enemies":"2 Louse","floor":4.0,"turns":1.0},{"damage":0,"enemies":"Lagavulin","floor":6,"turns":1},{"damage":2,"enemies":"Jaw Worm","floor":7,"turns":3},{"damage":11,"enemies":"Gremlin Nob","floor":10,"turns":3},{"damage":9,"enemies":"Red Slaver","floor":11,"turns":3},{"damage":31,"enemies":"3 Sentries","floor":13,"turns":7},{"damage":1,"enemies":"Blue Slaver","floor":14,"turns":4},{"damage":0,"enemies":"The Guardian","floor":16,"turns":10},{"damage":23,"enemies":"2 Thieves","floor":18,"turns":4},{"damage":2,"enemies":"Chosen","floor":19,"turns":4},{"damage":15,"enemies":"Snake Plant","floor":21,"turns":4},{"damage":22,"enemies":"Cultist and Chosen","floor":24,"turns":7},{"damage":35,"enemies":"3 Cultists","floor":28,"turns":5},{"damage":23,"enemies":"Centurion and Healer","floor":30,"turns":7},{"damage":43,"enemies":"Automaton","floor":33,"turns":8}],"seed_played":"3043559272807386175","potions_obtained":[{"floor":11,"key":"DuplicationPotion"},{"floor":13,"key":"SteroidPotion"},{"floor":14,"key":"EssenceOfSteel"},{"floor":16,"key":"Swift Potion"},{"floor":21,"key":"Block Potion"},{"floor":24,"key":"LiquidBronze"},{"floor":30,"key":"AttackPotion"}],"is_trial":false,"path_per_floor":["M","?","?","M","?","E","M","T","T","E","M","$","E","M","R","B",null,"M","M","$","M","?","R","M","R","T","R","M","T","M","?","R","B"],"character_chosen":"DEFECT","items_purchased":["Self Repair","Regen Potion","Dexterity Potion","Membership Card"],"campfire_rested":3,"item_purchase_floors":[12,12,12,20],"current_hp_per_floor":[68,53,53,53,41,41,39,39,39,28,19,19,10,16,16,23,62,46,51,51,43,43,65,43,65,65,65,37,37,21,21,43,0,0],"gold":153,"neow_bonus":"THREE_ENEMY_KILL","is_daily":false,"chose_seed":false,"campfire_upgraded":2,"win_rate":0.0,"timestamp":1608965891,"path_taken":["M","?","?","M","?","E","M","?","T","E","?","?","E","M","R","BOSS","M","M","$","M","?","R","?","R","T","R","M","?","?","?","R","BOSS"],"items_purchased_type":["Card","Potion","Potion","Relic"],"build_version":"2020-12-22","purchased_purges":1,"victory":false,"max_hp_per_floor":[75,75,75,75,75,75,75,75,75,75,75,75,75,75,75,75,75,75,75,75,75,75,75,75,75,75,75,75,75,75,75,75,75,75],"card_choices":[{"not_picked":["Cold Snap","Redo"],"picked":"Rebound","floor":1.0},{"not_picked":["Go for the Eyes","Hologram"],"picked":"Chill","floor":4.0},{"not_picked":["Doom and Gloom","Steam","Scrape"],"picked":"SKIP","floor":6},{"not_picked":["Steam","Scrape"],"picked":"Doom and Gloom","floor":6},{"not_picked":["Barrage","Conserve Battery"],"picked":"Ball Lightning","floor":7},{"not_picked":["Double Energy+1","Steam+1"],"picked":"Hologram+1","floor":10},{"not_picked":["Hologram+1","Gash","Thunder Strike"],"picked":"SKIP","floor":11},{"not_picked":["Chill+1","Sweeping Beam"],"picked":"Coolheaded+1","floor":13},{"not_picked":["Leap+1","Ball Lightning"],"picked":"Recycle+1","floor":14},{"not_picked":["Rainbow+1","Creative AI"],"picked":"Buffer","floor":16},{"not_picked":["Doom and Gloom","Streamline"],"picked":"Turbo+1","floor":18},{"not_picked":["Barrage","Leap+1"],"picked":"Turbo+1","floor":19},{"not_picked":["Hello World+1","Scrape","Hologram+1"],"picked":"SKIP","floor":21},{"not_picked":["Streamline","Skim+1"],"picked":"Chaos+1","floor":23},{"not_picked":["Steam+1","Gash","Amplify+1"],"picked":"SKIP","floor":24},{"not_picked":["White Noise+1","Go for the Eyes+1"],"picked":"Compile Driver+1","floor":28},{"not_picked":["Leap+1","Turbo+1","Streamline+1"],"picked":"SKIP","floor":30},{"not_picked":["Redo+1","Streamline"],"picked":"Fission+1","floor":32}],"player_experience":695139,"relics_obtained":[{"floor":6,"key":"StoneCalendar"},{"floor":9,"key":"Toxic Egg 2"},{"floor":10,"key":"Dream Catcher"},{"floor":13,"key":"Du-Vu Doll"},{"floor":26,"key":"Cables"},{"floor":29,"key":"Blue Candle"}],"event_choices":[{"damage_healed":0.0,"max_hp_gain":0.0,"max_hp_loss":0.0,"gold_gain":0.0,"event_name":"Shining Light","player_choice":"Entered Light","floor":2.0,"gold_loss":0.0,"damage_taken":15.0,"cards_upgraded":["Defend_B","Strike_B"]},{"damage_healed":0.0,"max_hp_gain":0.0,"max_hp_loss":0.0,"gold_gain":0.0,"event_name":"Living Wall","player_choice":"Grow","floor":3.0,"gold_loss":0.0,"damage_taken":0.0,"cards_upgraded":["Zap"]},{"damage_healed":0,"gold_gain":0,"player_choice":"Success","damage_taken":12,"relics_obtained":["Shuriken"],"max_hp_gain":0,"max_hp_loss":0,"event_name":"Scrap Ooze","floor":5,"gold_loss":0},{"damage_healed":0,"gold_gain":0,"player_choice":"Rummage","damage_taken":0,"relics_obtained":["WarpedTongs"],"max_hp_gain":0,"max_hp_loss":0,"event_name":"Accursed Blacksmith","floor":22,"gold_loss":0,"cards_obtained":["Pain"]},{"damage_healed":0,"gold_gain":0,"player_choice":"Ignored","damage_taken":0,"max_hp_gain":0,"max_hp_loss":0,"event_name":"Ghosts","floor":31,"gold_loss":0}],"is_beta":false,"boss_relics":[{"not_picked":["SacredBark","Busted Crown"],"picked":"Empty Cage"}],"items_purged_floors":[12],"is_endless":false,"potions_floor_spawned":[11,13,14,16,21,24,30],"killed_by":"Automaton","ascension_level":9}}