{"host":"474oh00kq6ni8dn3","time":1608957357,"event":{"mods":["AchievementEnabler","Aspiration","BaseMod","Colored Map","Colored Powertips","Conspire","Custom Start","Downfall","Googly Eyes","Hubris","Infinite Spire","Lobotomy","Minty Spire (QoL Compilation)","Permanent Neow","Quick Restart","Replay The Spire","Shop Mod","StSLib","The Construct","The Jungle"],"gold_per_floor":[114,130,146,146,158,158,188,188,188,205,205,205],"floor_reached":11,"playtime":533,"items_purged":[],"score":79,"play_id":"6b9772bc-0334-403a-b94a-d0816c87f0d9","local_time":"20201226043557","is_ascension_mode":true,"campfire_choices":[{"data":"Clothesline","floor":6,"key":"SMITH"},{"data":"Shrug It Off","floor":8,"key":"SMITH"}],"circlet_count":0,"master_deck":["Strike_R","Strike_R","Strike_R","Strike_R","Strike_R","Defend_R","Defend_R","Defend_R","Defend_R","Bash","Scorched","Clothesline+1","MHz","Thunderclap","OSAHOGD","VoidDream","Shrug It Off+1","PunishingBird","Flame Barrier"],"relics":["Burning Blood","CogitoBucket","PreservedInsect","Darkstone Periapt","ChangeAnything"],"acts_visited":["Exordium"],"potions_floor_usage":[],"damage_taken":[{"damage":5,"enemies":"2 Louse","floor":1,"turns":4},{"damage":6,"enemies":"Jaw Worm","floor":2,"turns":2},{"damage":1,"enemies":"Cultist","floor":3,"turns":3},{"damage":10,"enemies":"Looter","floor":5,"turns":3},{"damage":9,"enemies":"3 Sentries","floor":7,"turns":4},{"damage":43,"enemies":"3 Louse","floor":10,"turns":6},{"damage":61,"enemies":"Lagavulin","floor":11,"turns":2}],"seed_played":"-3934868355043223392","potions_obtained":[{"floor":2,"key":"Dexterity Potion"},{"floor":3,"key":"Dexterity Potion"},{"floor":10,"key":"Toxic Potion"}],"is_trial":false,"path_per_floor":["M","M","M","?","M","R","E","R","T","M","E"],"character_chosen":"IRONCLAD","items_purchased":[],"campfire_rested":0,"item_purchase_floors":[],"current_hp_per_floor":[80,80,80,85,81,81,78,78,78,41,0,0],"gold":205,"neow_bonus":"","is_daily":false,"chose_seed":false,"campfire_upgraded":2,"win_rate":0.0,"timestamp":1608957357,"path_taken":["M","M","M","?","M","R","E","R","T","M","E"],"items_purchased_type":[],"build_version":"2020-12-22","purchased_purges":0,"victory":false,"max_hp_per_floor":[80,80,80,85,85,85,85,85,85,85,85,85],"card_choices":[{"not_picked":["PunishingBird","HappyTeddy"],"picked":"Scorched","floor":1},{"not_picked":["Ghostly Armor","Dual Wield"],"picked":"Clothesline","floor":1},{"not_picked":["SpiderBud","Wellcheers","WallGazer"],"picked":"Singing Bowl","floor":2},{"not_picked":["WallGazer","BeautyBeast"],"picked":"MHz","floor":2},{"not_picked":["Disarm","Reckless Charge"],"picked":"Thunderclap","floor":2},{"not_picked":["OldLady","BlackSwan"],"picked":"OSAHOGD","floor":3},{"not_picked":["Burning Pact","Massacre","Rampage"],"picked":"SKIP","floor":3},{"not_picked":["OldLady","MeatLantern"],"picked":"Rudolta","floor":5},{"not_picked":["True Grit","Intimidate","Fire Breathing"],"picked":"SKIP","floor":5},{"not_picked":["WallGazer","BeautyBeast"],"picked":"VoidDream","floor":7},{"not_picked":["Perfected Strike","Metallicize"],"picked":"Shrug It Off","floor":7},{"not_picked":["BlackSwan","MeatLantern"],"picked":"PunishingBird","floor":10},{"not_picked":["Pommel Strike","True Grit"],"picked":"Flame Barrier","floor":10}],"player_experience":24975,"relics_obtained":[{"floor":7,"key":"PreservedInsect"},{"floor":9,"key":"Darkstone Periapt"}],"event_choices":[{"damage_healed":0,"gold_gain":0,"player_choice":"Donut","damage_taken":0,"max_hp_gain":5,"max_hp_loss":0,"event_name":"Big Fish","floor":4,"gold_loss":0}],"is_beta":false,"boss_relics":[],"items_purged_floors":[],"is_endless":false,"potions_floor_spawned":[2,3,10],"killed_by":"Lagavulin","ascension_level":1}}