{"host":"90x36nu4v14ydotx","time":1608946731,"event":{"mods":["BaseMod","Curses Come First","Downfall","Minty Spire (QoL Compilation)","Replay The Spire","StSLib"],"gold_per_floor":[99,99,99,99,99,132,179,179,454,3,3,14,14,48,60,161,161,11,24,36,21,35,35,35,35,35,110,137,155,12,12,32,132,132,132,142,142,142,142,15,39,58,70,102,118,145,155,155,165,165],"floor_reached":51,"playtime":5430,"items_purged":[],"score":831,"play_id":"5fdbc0f8-5e6f-4f3c-b935-1eed4cf19aab","local_time":"20201225173851","is_ascension_mode":false,"campfire_choices":[{"floor":1,"key":"RECALL"},{"data":"ReplayTheSpireMod:Necrogeddon","floor":13,"key":"SMITH"},{"floor":18,"key":"DIG"},{"floor":35,"key":"DIG"}],"circlet_count":0,"master_deck":["Slimebound:Strike_Slimebound+1","Slimebound:Strike_Slimebound","Slimebound:Strike_Slimebound+1","Slimebound:Tackle","Slimebound:Defend_Slimebound+1","Slimebound:Defend_Slimebound","Slimebound:Defend_Slimebound+1","Slimebound:Defend_Slimebound+1","Slimebound:Split+1","Slimebound:CorrosiveSpit+1","Slimebound:Schlurp","Regret","Slimebound:LivingWall","Slimebound:SamplingLick","Regret","Slimebound:ItLooksTasty","Slimebound:AcidTongue","Slimebound:GrowthPunch+1","ReplayTheSpireMod:Necrogeddon+1","Slimebound:Replication","Slimebound:ViciousTackle+1","Slimebound:LeadByExample","Slimebound:OneTwoCombo+1","Slimebound:SplitAcid+1","Slimebound:SpikyOuterGoop","Slimebound:SlimeSlap+1","Slimebound:Repurpose","Writhe","Necronomicurse","Slimebound:Nibble+1","Slimebound:SlimeBrawl+1","Slimebound:OneTwoCombo+1","Slimebound:SplitAcid","Slimebound:AcidTongue","Slimebound:Gluttony","Slimebound:OneTwoCombo+1","Slimebound:SplitLeeching+1","Slimebound:Darklings+1","Slimebound:SplitAcid","Slimebound:LeadByExample","Slimebound:LeechEnergy+1","Slimebound:SplitAcid+1","Slimebound:GoopSpray","Slimebound:ProtectTheBoss+1","Slimebound:Nibble+1","Slimebound:SplitMire","Slimebound:SplitBruiser+1"],"relics":["Slimebound:AbsorbEndCombat","downfall:HeartsMalice","Du-Vu Doll","Gremlin Food","Vajra","Durian","Molten Egg 2","Fusion Hammer","downfall:HeartBlessingRed","downfall:HeartBlessingGreen","Bronze Scales","White Beast Statue","Chameleon Ring","Necronomicon","ReplayTheSpireMod:Shallot","Membership Card","Gambling Chip","Pantograph","ChewingGum","Replay:Mystery Machine","Simple Rune","Replay:Wax Seal","Golden Egg"],"acts_visited":["Exordium","TheCity","TheBeyond"],"potions_floor_usage":[16,16,20,28,28,30,33,33],"damage_taken":[{"damage":0,"enemies":"Jaw Worm","floor":2,"turns":1},{"damage":0,"enemies":"Replay:BlueRogue","floor":6,"turns":1},{"damage":0,"enemies":"Small Slimes","floor":8,"turns":1},{"damage":16,"enemies":"downfall:FleeingMerchant","floor":10,"turns":4},{"damage":4,"enemies":"Cultist","floor":12,"turns":2},{"damage":40,"enemies":"Gremlin Nob","floor":14,"turns":4},{"damage":23,"enemies":"Exordium Thugs","floor":15,"turns":3},{"damage":48,"enemies":"downfall:Defect","floor":16,"turns":6},{"damage":9,"enemies":"Shell Parasite","floor":19,"turns":4},{"damage":1,"enemies":"Snake Plant","floor":20,"turns":2},{"damage":8,"enemies":"downfall:FleeingMerchant","floor":21,"turns":4},{"damage":14,"enemies":"3 Cultists","floor":22,"turns":4},{"damage":13,"enemies":"Gremlin Leader","floor":28,"turns":4},{"damage":14,"enemies":"Snecko","floor":29,"turns":4},{"damage":9,"enemies":"downfall:FleeingMerchant","floor":30,"turns":4},{"damage":0,"enemies":"Snake Plant","floor":32,"turns":3},{"damage":44,"enemies":"downfall:Ironclad","floor":33,"turns":5},{"damage":7,"enemies":"3 Darklings","floor":36,"turns":3},{"damage":4,"enemies":"3 Shapes","floor":42,"turns":2},{"damage":23,"enemies":"Transient","floor":43,"turns":5},{"damage":6,"enemies":"Nemesis","floor":44,"turns":3},{"damage":10,"enemies":"Maw","floor":45,"turns":3},{"damage":28,"enemies":"Reptomancer","floor":46,"turns":3},{"damage":4,"enemies":"Sphere and 2 Shapes","floor":47,"turns":1},{"damage":4,"enemies":"Writhing Mass","floor":49,"turns":2},{"damage":19,"enemies":"downfall:Silent","floor":50,"turns":4}],"seed_played":"5768326172010055226","potions_obtained":[{"floor":14,"key":"sneckomod:MuddlingPotion"},{"floor":15,"key":"Weak Potion"},{"floor":16,"key":"SteroidPotion"},{"floor":22,"key":"Dexterity Potion"},{"floor":25,"key":"Languid Potion"},{"floor":25,"key":"Slimebound:SpawnSlimePotion"},{"floor":27,"key":"downfall:CursedFountainPotion"},{"floor":28,"key":"DuplicationPotion"},{"floor":29,"key":"Ancient Potion"},{"floor":30,"key":"Weak Potion"},{"floor":33,"key":"Fruit Juice"},{"floor":36,"key":"Strength Potion"},{"floor":44,"key":"DuplicationPotion"},{"floor":45,"key":"FearPotion"}],"is_trial":false,"path_per_floor":["R","M","?","?","?","E","T","M","?","$","T","M","R","E","M","B",null,"R","M","M","$","M","?","T","R","?","?","E","M","$","$","M","B",null,"R","M","?","?","?","$","T","M","M","E","M","E","M","T","M","B",null],"character_chosen":"SLIMEBOUND","items_purchased":["Slimebound:AcidTongue","Vajra","Slimebound:GrowthPunch+1","ReplayTheSpireMod:Necrogeddon","Membership Card","Slimebound:SplitAcid","Gambling Chip","Pantograph","Slimebound:AcidTongue","Simple Rune","Slimebound:SplitAcid","Slimebound:LeadByExample"],"campfire_rested":0,"item_purchase_floors":[10,10,10,10,30,30,30,30,30,40,40,40],"current_hp_per_floor":[60,60,60,60,60,60,60,60,60,58,63,65,65,43,40,32,65,65,65,64,63,65,65,65,65,49,65,58,62,65,65,65,49,72,72,72,72,72,72,72,72,72,72,68,72,52,64,64,72,65],"gold":165,"neow_bonus":"THREE_ENEMY_KILL","is_daily":false,"chose_seed":false,"campfire_upgraded":1,"win_rate":0.0,"timestamp":1608946731,"path_taken":["R","M","?","?","?","E","T","?","?","$","?","M","R","E","M","BOSS","R","M","M","$","M","?","T","R","?","?","E","?","?","$","M","BOSS","R","M","?","?","?","$","T","M","?","E","M","E","M","?","M","BOSS"],"items_purchased_type":["Card","Relic","Card","Card","Relic","Card","Relic","Relic","Card","Relic","Card","Card"],"build_version":"2020-12-22","purchased_purges":0,"victory":true,"max_hp_per_floor":[60,60,60,60,60,60,60,60,60,60,65,65,65,65,65,65,65,65,65,65,65,65,65,65,65,65,65,65,65,65,65,65,72,72,72,72,72,72,72,72,72,72,72,72,72,72,72,72,72,72],"card_choices":[{"not_picked":["Slimebound:LivingWall","Slimebound:FinishingTackle"],"picked":"Slimebound:Schlurp","floor":2},{"not_picked":["Slimebound:GoopSpray","Slimebound:LeechEnergy"],"picked":"Slimebound:LivingWall","floor":6},{"not_picked":["Slimebound:GrowthPunch","Slimebound:ComboTackle"],"picked":"Slimebound:SamplingLick","floor":8},{"not_picked":["Slimebound:MassRepurpose","Slimebound:FinishingTackle"],"picked":"Slimebound:ItLooksTasty","floor":10},{"not_picked":["Slimebound:Chomp","Slimebound:SplitLeeching"],"picked":"Slimebound:Replication","floor":12},{"not_picked":["Slimebound:FinishingTackle+1","Slimebound:GoopSpray"],"picked":"Slimebound:ViciousTackle+1","floor":14},{"not_picked":["Slimebound:SplitAcid","Slimebound:GoopSpray"],"picked":"Slimebound:LeadByExample","floor":15},{"not_picked":["Slimebound:MassFeed+1","Slimebound:Teamwork"],"picked":"Slimebound:OneTwoCombo+1","floor":16},{"not_picked":["Slimebound:GrowthPunch+1","Slimebound:SplitLeeching"],"picked":"Slimebound:SplitAcid+1","floor":19},{"not_picked":["Slimebound:SplitBruiser","Slimebound:DisruptingSlam+1"],"picked":"Slimebound:SpikyOuterGoop","floor":20},{"not_picked":["Slimebound:ViciousTackle+1","Slimebound:PressTheAttack+1"],"picked":"Slimebound:SlimeSlap+1","floor":21},{"not_picked":["Slimebound:LeechEnergy+1","Slimebound:GoopSpray"],"picked":"Slimebound:Repurpose","floor":22},{"not_picked":["Slimebound:GrowthPunch+1","Slimebound:SlimeTap+1"],"picked":"Slimebound:Nibble+1","floor":28},{"not_picked":["Slimebound:SplitAcid","Slimebound:ViciousTackle+1"],"picked":"Slimebound:SlimeBrawl+1","floor":29},{"not_picked":["Slimebound:GrowthPunch+1","Slimebound:ComboTackle+1"],"picked":"Slimebound:OneTwoCombo+1","floor":30},{"not_picked":["Slimebound:ComboTackle+1","Slimebound:LevelUp"],"picked":"Slimebound:Gluttony","floor":32},{"not_picked":["Slimebound:DouseInSlime","Slimebound:WasteNot"],"picked":"Slimebound:OneTwoCombo+1","floor":33},{"not_picked":["Slimebound:GrowthPunch+1","Slimebound:SplitAcid+1"],"picked":"Slimebound:SplitLeeching+1","floor":36},{"not_picked":["Slimebound:SpikyOuterGoop+1","Slimebound:MegaLick"],"picked":"Slimebound:LeechEnergy+1","floor":42},{"not_picked":["Slimebound:RejuvenatingLick+1","Slimebound:SamplingLick+1"],"picked":"Slimebound:SplitAcid+1","floor":43},{"not_picked":["Slimebound:Schlurp","Slimebound:SlimeSpikes"],"picked":"Slimebound:GoopSpray","floor":44},{"not_picked":["Slimebound:FinishingTackle+1","Slimebound:ForwardTackle+1"],"picked":"Slimebound:ProtectTheBoss+1","floor":45},{"not_picked":["Slimebound:FinishingTackle+1","Slimebound:WasteNot"],"picked":"Slimebound:Nibble+1","floor":46},{"not_picked":["Slimebound:Dissolve+1","Slimebound:FinishingTackle+1"],"picked":"Slimebound:SplitMire","floor":47},{"not_picked":["Slimebound:FinishingTackle+1","Slimebound:SlimeSpikes"],"picked":"Slimebound:SplitBruiser+1","floor":49}],"player_experience":118875,"relics_obtained":[{"floor":6,"key":"Du-Vu Doll"},{"floor":7,"key":"Gremlin Food"},{"floor":11,"key":"Durian"},{"floor":14,"key":"Molten Egg 2"},{"floor":18,"key":"Bronze Scales"},{"floor":24,"key":"Chameleon Ring"},{"floor":26,"key":"Necronomicon"},{"floor":28,"key":"ReplayTheSpireMod:Shallot"},{"floor":35,"key":"Replay:Mystery Machine"},{"floor":41,"key":"Replay:Wax Seal"},{"floor":46,"key":"Golden Egg"}],"event_choices":[{"damage_healed":0,"gold_gain":0,"player_choice":"Upgraded","damage_taken":0,"max_hp_gain":0,"max_hp_loss":0,"event_name":"Upgrade Shrine","floor":5,"gold_loss":0,"cards_upgraded":["Slimebound:CorrosiveSpit"]},{"damage_healed":0,"gold_gain":0,"player_choice":"Upgraded","damage_taken":0,"max_hp_gain":0,"max_hp_loss":0,"event_name":"Upgrade Shrine","floor":39,"gold_loss":0,"cards_upgraded":["Slimebound:Darklings"]}],"is_beta":false,"boss_relics":[{"not_picked":["Replay:Bronze Core","Runic Dome"],"picked":"Fusion Hammer"},{"not_picked":["Replay:Wanted Poster","Coffee Dripper"],"picked":"ChewingGum"}],"items_purged_floors":[],"is_endless":false,"potions_floor_spawned":[14,15,16,22,28,29,30,32,33,36,42,43,44,45,46,47,49],"ascension_level":0}}