{"host":"f6f8cjhjgha9mpdq","time":1608996997,"event":{"mods":["BaseMod","Emptier Cage","Minty Spire (QoL Compilation)","Permanent Neow","StSLib","SuperFastMode"],"gold_per_floor":[110,35,35,47,47,80,80,4,4,29,29,54,73,88,88,160,160,173,201,220,220,234,234,261,261,284,284,334,351,351,351,351,427,427,443,55,69,82,98,98,132,143,143,143,175,12,12,29,29,29,29,29,29,29,29],"floor_reached":54,"playtime":2189,"items_purged":["Defend_G","Pain"],"score":1479,"play_id":"205350f7-f18d-43c8-a93c-696d75102778","local_time":"20201227003637","is_ascension_mode":true,"campfire_choices":[{"data":"Catalyst","floor":11.0,"key":"SMITH"},{"data":"Noxious Fumes","floor":15.0,"key":"SMITH"},{"data":"Burst","floor":23.0,"key":"SMITH"},{"data":"Crippling Poison","floor":25.0,"key":"SMITH"},{"data":"Bouncing Flask","floor":27.0,"key":"SMITH"},{"data":"Neutralize","floor":32.0,"key":"SMITH"},{"data":"Deadly Poison","floor":40.0,"key":"SMITH"},{"floor":49,"key":"RECALL"},{"data":"Thinking Ahead","floor":52,"key":"SMITH"}],"circlet_count":0,"master_deck":["AscendersBane","Strike_G","Strike_G","Strike_G+1","Strike_G+1","Strike_G","Defend_G","Defend_G","Defend_G","Defend_G","Survivor","Neutralize+1","CurseOfTheBell","Deadly Poison+1","Poisoned Stab","Catalyst+1","Noxious Fumes+1","Crippling Poison+1","Burst+1","Bouncing Flask+1","PiercingWail","Acrobatics","Impatience","Deep Breath","Thinking Ahead+1"],"relics":["Calling Bell","MealTicket","Eternal Feather","The Specimen","Bag of Marbles","Paper Crane","Orichalcum","Singing Bowl","Bronze Scales","Runic Dome","Red Mask","Strawberry","Blood Vial","WarpedTongs","Busted Crown","Pantograph","HornCleat","Prayer Wheel","Bag of Preparation"],"acts_visited":["Exordium","TheCity","TheBeyond","TheEnding"],"potions_floor_usage":[],"damage_taken":[{"damage":7.0,"enemies":"Jaw Worm","floor":1.0,"turns":9.0},{"damage":2.0,"enemies":"Small Slimes","floor":4.0,"turns":3.0},{"damage":24.0,"enemies":"Gremlin Nob","floor":6.0,"turns":4.0},{"damage":15.0,"enemies":"3 Sentries","floor":10.0,"turns":8.0},{"damage":10.0,"enemies":"Gremlin Nob","floor":12.0,"turns":4.0},{"damage":0.0,"enemies":"2 Louse","floor":13.0,"turns":2.0},{"damage":7.0,"enemies":"Blue Slaver","floor":14.0,"turns":3.0},{"damage":8.0,"enemies":"Slime Boss","floor":16.0,"turns":7.0},{"damage":27.0,"enemies":"Shell Parasite","floor":18.0,"turns":4.0},{"damage":0.0,"enemies":"Masked Bandits","floor":19.0,"turns":2.0},{"damage":0.0,"enemies":"Spheric Guardian","floor":20.0,"turns":3.0},{"damage":7.0,"enemies":"Snake Plant","floor":22.0,"turns":3.0},{"damage":10.0,"enemies":"Book of Stabbing","floor":24.0,"turns":4.0},{"damage":21.0,"enemies":"Centurion and Healer","floor":29.0,"turns":5.0},{"damage":36.0,"enemies":"Collector","floor":33.0,"turns":6.0},{"damage":13.0,"enemies":"Orb Walker","floor":35.0,"turns":3.0},{"damage":21.0,"enemies":"3 Darklings","floor":37.0,"turns":4.0},{"damage":0.0,"enemies":"Sphere and 2 Shapes","floor":38.0,"turns":3.0},{"damage":6.0,"enemies":"4 Shapes","floor":39.0,"turns":5.0},{"damage":22.0,"enemies":"Nemesis","floor":41.0,"turns":5.0},{"damage":11.0,"enemies":"Maw","floor":42.0,"turns":6.0},{"damage":36.0,"enemies":"Reptomancer","floor":45.0,"turns":6.0},{"damage":6,"enemies":"Writhing Mass","floor":48,"turns":6},{"damage":55,"enemies":"Time Eater","floor":50,"turns":7},{"damage":106,"enemies":"Shield and Spear","floor":54,"turns":6}],"seed_played":"-4648520028460596631","potions_obtained":[{"floor":1.0,"key":"Strength Potion"},{"floor":12.0,"key":"GamblersBrew"},{"floor":13.0,"key":"SneckoOil"},{"floor":18.0,"key":"SkillPotion"},{"floor":20.0,"key":"Dexterity Potion"},{"floor":24.0,"key":"FearPotion"},{"floor":38.0,"key":"FearPotion"},{"floor":39.0,"key":"CunningPotion"},{"floor":42.0,"key":"DistilledChaos"},{"floor":48,"key":"Fire Potion"}],"is_trial":false,"path_per_floor":["M","$","?","M","?","E","?","$","T","E","R","E","M","M","R","B",null,"M","?","M","?","M","R","E","R","T","R","?","M","?","?","R","B",null,"M","$","M","M","M","R","E","M","T","?","E","$","?","M","R","B",null,"R","$","E"],"character_chosen":"THE_SILENT","items_purchased":["Noxious Fumes","Pantograph","Bag of Preparation"],"campfire_rested":0,"item_purchase_floors":[8,36,46],"current_hp_per_floor":[52,66,46,44,33,9,14,29,29,16,25,15,17,12,21,13,61,36,36,38,38,33,45,44,56,56,68,59,42,61,61,73,41,82,73,88,71,75,71,83,65,58,58,58,24,39,29,29,44,16,83,98,105,0,0],"gold":29,"neow_bonus":"BOSS_RELIC","is_daily":false,"chose_seed":false,"campfire_upgraded":8,"win_rate":0.0,"timestamp":1608996997,"path_taken":["M","$","?","M","?","E","?","?","T","E","R","E","M","M","R","BOSS","M","?","M","?","M","R","E","R","T","R","?","?","?","?","R","BOSS","M","$","M","?","M","R","E","M","T","?","E","?","?","M","R","BOSS","R","$","E"],"items_purchased_type":["Card","Relic","Relic"],"build_version":"2020-12-22","purchased_purges":2,"victory":false,"max_hp_per_floor":[66,66,66,66,66,66,71,71,71,73,73,73,75,77,77,77,77,79,79,81,81,83,83,92,92,92,92,92,94,94,94,94,96,96,98,98,100,102,102,102,104,106,106,101,101,101,101,105,105,105,105,105,105,105,105],"card_choices":[{"not_picked":["Endless Agony","Dagger Spray"],"picked":"Deadly Poison","floor":1.0},{"not_picked":["PiercingWail","Sucker Punch"],"picked":"Poisoned Stab","floor":4.0},{"not_picked":["Bullet Time","Flying Knee"],"picked":"Catalyst","floor":6.0},{"not_picked":["Bane","Unload","Outmaneuver"],"picked":"Singing Bowl","floor":10.0},{"not_picked":["Finisher","Blade Dance"],"picked":"Crippling Poison","floor":12.0},{"not_picked":["Flying Knee","Prepared","Deflect"],"picked":"Singing Bowl","floor":13.0},{"not_picked":["Dodge and Roll","Prepared","Dagger Spray"],"picked":"Singing Bowl","floor":14.0},{"not_picked":["Glass Knife","Night Terror"],"picked":"Burst","floor":16.0},{"not_picked":["Blade Dance","Sucker Punch","Flying Knee"],"picked":"Singing Bowl","floor":18.0},{"not_picked":["Endless Agony","Dagger Spray"],"picked":"Bouncing Flask","floor":19.0},{"not_picked":["Heel Hook","Calculated Gamble","Wraith Form v2"],"picked":"Singing Bowl","floor":20.0},{"not_picked":["Finisher","Underhanded Strike","Bane"],"picked":"Singing Bowl","floor":22.0},{"not_picked":["Underhanded Strike","Masterful Stab+1","Prepared"],"picked":"Singing Bowl","floor":24.0},{"not_picked":["Deflect","Dagger Spray","Cloak And Dagger"],"picked":"Singing Bowl","floor":29.0},{"not_picked":["Die Die Die","After Image","Glass Knife"],"picked":"Singing Bowl","floor":33.0},{"not_picked":["Underhanded Strike"],"picked":"Singing Bowl","floor":35.0},{"not_picked":["Riddle With Holes"],"picked":"Singing Bowl","floor":37.0},{"not_picked":["Infinite Blades"],"picked":"Singing Bowl","floor":38.0},{"not_picked":[],"picked":"PiercingWail","floor":39.0},{"not_picked":["Slice"],"picked":"Singing Bowl","floor":41.0},{"not_picked":["PiercingWail+1"],"picked":"Singing Bowl","floor":42.0},{"not_picked":[],"picked":"Acrobatics","floor":45.0},{"not_picked":[],"picked":"Impatience","floor":47.0},{"not_picked":[],"picked":"Deep Breath","floor":47.0},{"not_picked":[],"picked":"Thinking Ahead","floor":47.0},{"not_picked":["Backstab"],"picked":"Singing Bowl","floor":48},{"not_picked":["PiercingWail"],"picked":"Singing Bowl","floor":48}],"player_experience":514802,"relics_obtained":[{"floor":0.0,"key":"MealTicket"},{"floor":0.0,"key":"Eternal Feather"},{"floor":0.0,"key":"The Specimen"},{"floor":6.0,"key":"Paper Crane"},{"floor":9.0,"key":"Orichalcum"},{"floor":10.0,"key":"Singing Bowl"},{"floor":12.0,"key":"Bronze Scales"},{"floor":19.0,"key":"Red Mask"},{"floor":24.0,"key":"Strawberry"},{"floor":26.0,"key":"Blood Vial"},{"floor":41.0,"key":"HornCleat"},{"floor":45.0,"key":"Prayer Wheel"}],"event_choices":[{"damage_healed":0.0,"max_hp_gain":0.0,"max_hp_loss":0.0,"gold_gain":0.0,"event_name":"Shining Light","player_choice":"Entered Light","floor":3.0,"gold_loss":0.0,"damage_taken":20.0,"cards_upgraded":["Strike_G","Strike_G"]},{"damage_healed":0.0,"max_hp_gain":0.0,"max_hp_loss":0.0,"gold_gain":0.0,"event_name":"Scrap Ooze","player_choice":"Success","floor":5.0,"gold_loss":0.0,"damage_taken":11.0,"relics_obtained":["Bag of Marbles"]},{"damage_healed":0.0,"max_hp_gain":5.0,"max_hp_loss":0.0,"gold_gain":0.0,"event_name":"Big Fish","player_choice":"Donut","floor":7.0,"gold_loss":0.0,"damage_taken":0.0},{"damage_healed":0.0,"max_hp_gain":0.0,"max_hp_loss":0.0,"gold_gain":0.0,"event_name":"Masked Bandits","player_choice":"Fought Bandits","floor":19.0,"gold_loss":0.0,"damage_taken":0.0},{"damage_healed":0.0,"max_hp_gain":0.0,"max_hp_loss":0.0,"gold_gain":0.0,"event_name":"The Mausoleum","player_choice":"Ignored","floor":21.0,"gold_loss":0.0,"damage_taken":0.0},{"damage_healed":0.0,"max_hp_gain":0.0,"max_hp_loss":0.0,"gold_gain":50.0,"event_name":"FaceTrader","player_choice":"Touch","floor":28.0,"gold_loss":0.0,"damage_taken":9.0},{"damage_healed":19.0,"max_hp_gain":0.0,"max_hp_loss":0.0,"gold_gain":0.0,"event_name":"The Library","player_choice":"Heal","floor":30.0,"gold_loss":0.0,"damage_taken":0.0},{"damage_healed":0.0,"max_hp_gain":0.0,"max_hp_loss":0.0,"gold_gain":0.0,"event_name":"Accursed Blacksmith","player_choice":"Rummage","floor":31.0,"gold_loss":0.0,"damage_taken":0.0,"relics_obtained":["WarpedTongs"],"cards_obtained":["Pain"]},{"damage_healed":0.0,"max_hp_gain":0.0,"max_hp_loss":5.0,"gold_gain":0.0,"event_name":"Winding Halls","player_choice":"Max HP","floor":44.0,"gold_loss":0.0,"damage_taken":0.0},{"damage_healed":0.0,"max_hp_gain":0.0,"max_hp_loss":0.0,"gold_gain":0.0,"event_name":"SensoryStone","player_choice":"Memory 3","floor":47.0,"gold_loss":0.0,"damage_taken":10.0}],"is_beta":false,"boss_relics":[{"not_picked":["SacredBark","Snecko Eye"],"picked":"Runic Dome"},{"not_picked":["Cursed Key","Velvet Choker"],"picked":"Busted Crown"}],"items_purged_floors":[2,36],"is_endless":false,"potions_floor_spawned":[1,12,13,18,20,24,38,39,42,48],"killed_by":"Shield and Spear","ascension_level":19}}