{"host":"2461dio7vetlq1z3","time":1608985798,"event":{"mods":["2.2 Compatiblity","AchievementEnabler","Aspiration","BaseMod","Better Third Choice","Friendly Minions","Hermit","Minty Spire (QoL Compilation)","Relic Stats","Spicy Shops","StSLib","Waifu the Spire"],"gold_per_floor":[118,118,43,43,43,43,87,87,87,112,112,146,170,208,208,302,302,318,341,354,6,24,55,55,55,55,55,89,89,103,123,123,221,221,236,236,1,51,64,64,105,105,105,119,119,119,137,157,157,157,157],"floor_reached":52,"playtime":2102,"items_purged":["Strike_B","Writhe"],"score":1901,"play_id":"5161bc4a-6f31-4bdc-b9e9-e20f6e8c4fe2","local_time":"20201226132958","is_ascension_mode":true,"campfire_choices":[{"data":"Poisoned Stab","floor":6,"key":"SMITH"},{"data":"Night Terror","floor":8,"key":"SMITH"},{"data":"Ball Lightning","floor":11,"key":"SMITH"},{"data":"Capacitor","floor":15,"key":"SMITH"},{"data":"Consume","floor":24,"key":"SMITH"},{"data":"Storm","floor":27,"key":"SMITH"},{"data":"Creative AI","floor":32,"key":"SMITH"},{"data":"Consume","floor":40,"key":"SMITH"},{"data":"Coolheaded","floor":42,"key":"SMITH"},{"data":"Coolheaded","floor":45,"key":"SMITH"},{"data":"Heatsinks","floor":49,"key":"SMITH"}],"circlet_count":0,"master_deck":["AscendersBane","Defend_B","Zap","Dualcast","Ball Lightning+1","Choke","Poisoned Stab+1","Night Terror+1","BootSequence","Coolheaded+1","Steam","Capacitor+1","Creative AI+1","Consume+1","Capacitor+1","White Noise","Storm+1","Coolheaded+1","Hologram","Coolheaded+1","Thunder Strike","Steam Power+1","Turbo+1","Force Field+1","Hologram","Consume+1","Coolheaded","Echo Form","Force Field+1","Heatsinks+1"],"relics":["Cracked Core","NeowsBlessing","Golden Idol","DataDisk","Meat on the Bone","Pear","Letter Opener","Coffee Dripper","Runic Capacitor","Eternal Feather","aspiration:StickyExplosives_weak","White Beast Statue","Astrolabe","CaptainsWheel","Omamori"],"acts_visited":["Exordium","TheCity","TheBeyond"],"potions_floor_usage":[14,16,16,18,20,22,28,31,33,50,51],"damage_taken":[{"damage":0,"enemies":"Small Slimes","floor":1,"turns":1},{"damage":0,"enemies":"3 Sentries","floor":7,"turns":1},{"damage":0,"enemies":"2 Louse","floor":10,"turns":1},{"damage":11,"enemies":"Gremlin Nob","floor":12,"turns":3},{"damage":0,"enemies":"Jaw Worm","floor":13,"turns":2},{"damage":5,"enemies":"3 Sentries","floor":14,"turns":7},{"damage":17,"enemies":"The Guardian","floor":16,"turns":7},{"damage":14,"enemies":"Shell Parasite","floor":18,"turns":6},{"damage":12,"enemies":"Spheric Guardian","floor":19,"turns":4},{"damage":8,"enemies":"Snecko","floor":20,"turns":4},{"damage":22,"enemies":"Sentry and Sphere","floor":22,"turns":4},{"damage":33,"enemies":"Book of Stabbing","floor":23,"turns":9},{"damage":9,"enemies":"Slavers","floor":28,"turns":2},{"damage":0,"enemies":"Centurion and Healer","floor":30,"turns":4},{"damage":0,"enemies":"Snake Plant","floor":31,"turns":3},{"damage":12,"enemies":"Champ","floor":33,"turns":9},{"damage":5,"enemies":"Orb Walker","floor":35,"turns":4},{"damage":26,"enemies":"3 Shapes","floor":39,"turns":3},{"damage":14,"enemies":"Giant Head","floor":41,"turns":6},{"damage":0,"enemies":"3 Darklings","floor":44,"turns":4},{"damage":34,"enemies":"Jaw Worm Horde","floor":47,"turns":3},{"damage":0,"enemies":"Writhing Mass","floor":48,"turns":4},{"damage":26,"enemies":"Donu and Deca","floor":50,"turns":6},{"damage":35,"enemies":"Awakened One","floor":51,"turns":9}],"seed_played":"8219052302848773146","potions_obtained":[{"floor":10,"key":"DuplicationPotion"},{"floor":12,"key":"EntropicBrew"},{"floor":16,"key":"DuplicationPotion"},{"floor":18,"key":"Explosive Potion"},{"floor":22,"key":"Dexterity Potion"},{"floor":28,"key":"Weak Potion"},{"floor":30,"key":"FearPotion"},{"floor":31,"key":"GamblersBrew"},{"floor":33,"key":"Dexterity Potion"},{"floor":39,"key":"FocusPotion"},{"floor":48,"key":"Block Potion"}],"is_trial":false,"path_per_floor":["M","?","?","?","$","R","E","R","T","M","R","E","M","E","R","B",null,"M","M","M","$","M","E","R","?","T","R","E","?","M","M","R","B",null,"M","?","$","?","M","R","E","R","T","M","R","$","M","M","R","B","B",null],"character_chosen":"DEFECT","items_purchased":["Runic Capacitor","Storm","CaptainsWheel"],"campfire_rested":0,"item_purchase_floors":[21,21,37],"current_hp_per_floor":[64,40,40,40,40,40,40,40,40,40,40,51,51,46,46,41,71,57,45,49,49,39,18,30,30,30,42,45,45,45,45,57,45,72,67,67,67,67,41,56,42,57,57,57,72,72,50,50,68,42,19],"gold":157,"neow_bonus":"THREE_ENEMY_KILL","is_daily":false,"chose_seed":false,"campfire_upgraded":11,"win_rate":0.0,"timestamp":1608985798,"path_taken":["M","?","?","?","?","R","E","R","T","M","R","E","M","E","R","BOSS","M","M","M","$","M","E","R","?","T","R","E","?","M","M","R","BOSS","M","?","$","?","M","R","E","R","T","?","R","?","M","M","R","BOSS","BOSS"],"items_purchased_type":["Relic","Card","Relic"],"build_version":"2020-12-22","purchased_purges":2,"victory":true,"max_hp_per_floor":[71,71,71,71,71,71,71,71,71,71,71,81,81,81,81,81,81,81,81,81,81,81,81,81,81,81,81,81,81,81,81,81,81,81,81,81,81,81,81,81,81,81,81,81,81,81,81,81,81,81,81],"relic_stats":{"counters":[24,106],"Golden Idol":171,"Astrolabe":["Steam Power","Turbo","Force Field"],"Eternal Feather":99,"Letter Opener":[273],"obtain_stats":[{"Pear":12,"NeowsBlessing":0,"Golden Idol":2,"Astrolabe":34,"Eternal Feather":23,"Runic Capacitor":21,"Omamori":41,"Letter Opener":14,"White Beast Statue":28,"aspiration:StickyExplosives_weak":26,"DataDisk":7,"CaptainsWheel":37,"Coffee Dripper":17,"Cracked Core":0,"Meat on the Bone":9},{"Pear":4,"NeowsBlessing":0,"Golden Idol":1,"Astrolabe":16,"Eternal Feather":12,"Runic Capacitor":10,"Omamori":19,"Letter Opener":6,"White Beast Statue":13,"aspiration:StickyExplosives_weak":12,"DataDisk":2,"CaptainsWheel":17,"Coffee Dripper":7,"Cracked Core":0,"Meat on the Bone":2},{"Pear":6,"NeowsBlessing":0,"Golden Idol":1,"Astrolabe":67,"Eternal Feather":49,"Runic Capacitor":36,"Omamori":80,"Letter Opener":15,"White Beast Statue":51,"aspiration:StickyExplosives_weak":49,"DataDisk":2,"CaptainsWheel":71,"Coffee Dripper":22,"Cracked Core":0,"Meat on the Bone":2}],"Meat on the Bone":96},"card_choices":[{"not_picked":["Leap","Rebound"],"picked":"Ball Lightning","floor":1},{"not_picked":["FTL","Beam Cell"],"picked":"BootSequence","floor":7},{"not_picked":["Leap","Beam Cell"],"picked":"Coolheaded","floor":10},{"not_picked":["Conserve Battery","Reprogram"],"picked":"Steam","floor":12},{"not_picked":["Chaos","Force Field"],"picked":"Sunder","floor":13},{"not_picked":["Doom and Gloom","Coolheaded"],"picked":"Capacitor","floor":14},{"not_picked":["Meteor Strike","Machine Learning"],"picked":"Creative AI","floor":16},{"not_picked":["Hologram+1","Barrage"],"picked":"Consume","floor":18},{"not_picked":["Blizzard","Conserve Battery"],"picked":"Capacitor+1","floor":19},{"not_picked":["Gash","Doom and Gloom"],"picked":"White Noise","floor":20},{"not_picked":["Stack","Redo+1","Conserve Battery+1"],"picked":"SKIP","floor":22},{"not_picked":["Hologram+1","Capacitor"],"picked":"Coolheaded+1","floor":23},{"not_picked":["Conserve Battery","Self Repair"],"picked":"Hologram","floor":28},{"not_picked":["Go for the Eyes","Turbo","Rebound"],"picked":"SKIP","floor":30},{"not_picked":["Redo","Steam"],"picked":"Coolheaded","floor":31},{"not_picked":["Multi-Cast","Machine Learning"],"picked":"Thunder Strike","floor":33},{"not_picked":["Rip and Tear","Leap"],"picked":"Hologram","floor":35},{"not_picked":["Cold Snap","Leap"],"picked":"Consume","floor":39},{"not_picked":["Beam Cell+1","Rebound"],"picked":"Coolheaded","floor":41},{"not_picked":["Leap","Turbo"],"picked":"Echo Form","floor":44},{"not_picked":["Barrage","FTL+1"],"picked":"Force Field+1","floor":47},{"not_picked":["Double Energy","Barrage+1"],"picked":"Heatsinks","floor":48}],"player_experience":935549,"relics_obtained":[{"floor":7,"key":"DataDisk"},{"floor":9,"key":"Meat on the Bone"},{"floor":12,"key":"Pear"},{"floor":14,"key":"Letter Opener"},{"floor":23,"key":"Eternal Feather"},{"floor":26,"key":"aspiration:StickyExplosives_weak"},{"floor":28,"key":"White Beast Statue"},{"floor":41,"key":"Omamori"}],"event_choices":[{"damage_healed":0,"gold_gain":0,"player_choice":"Take Damage","damage_taken":24,"relics_obtained":["Golden Idol"],"max_hp_gain":0,"max_hp_loss":0,"event_name":"Golden Idol","floor":2,"gold_loss":0},{"cards_removed":["Strike_B"],"damage_healed":0,"gold_gain":0,"player_choice":"Card Removal","damage_taken":0,"max_hp_gain":0,"max_hp_loss":0,"event_name":"The Cleric","floor":3,"gold_loss":75},{"damage_healed":0,"gold_gain":0,"player_choice":"Ignored","damage_taken":0,"max_hp_gain":0,"max_hp_loss":0,"event_name":"The Mausoleum","floor":29,"gold_loss":0},{"damage_healed":0,"gold_gain":0,"player_choice":"Ignored","damage_taken":0,"max_hp_gain":0,"max_hp_loss":0,"event_name":"Tomb of Lord Red Mask","floor":36,"gold_loss":0},{"damage_healed":0,"gold_gain":50,"player_choice":"Pray","damage_taken":0,"max_hp_gain":0,"max_hp_loss":0,"event_name":"Golden Shrine","floor":38,"gold_loss":0}],"is_beta":false,"boss_relics":[{"not_picked":["Pandora\u0027s Box","aspiration:WatcherSkillbook"],"picked":"Coffee Dripper"},{"not_picked":["Runic Dome","aspiration:PoetsPen_weak"],"picked":"Astrolabe"}],"items_purged_floors":[21,37],"is_endless":false,"potions_floor_spawned":[10,12,16,18,22,28,30,31,33,35,39,41,44,47,48],"ascension_level":20}}