{"host":"daa8jqyg4gqfaysm","time":1608973529,"event":{"mods":["BaseMod","Colored Powertips","Minty Spire (QoL Compilation)","StSLib"],"gold_per_floor":[369,369,389,50,50,50,79,96,96,96,129,147,166,181,181,255,255,266,278,70,70,70,70],"floor_reached":22,"playtime":611,"items_purged":["Strike_B"],"score":392,"play_id":"117da850-163c-45f3-9b03-ba577413cf94","local_time":"20201226170529","is_ascension_mode":true,"campfire_choices":[{"data":"Zap","floor":6,"key":"SMITH"},{"floor":10,"key":"REST"},{"floor":15,"key":"REST"}],"circlet_count":0,"master_deck":["AscendersBane","Strike_B","Strike_B","Strike_B","Defend_B","Defend_B","Defend_B","Defend_B","Zap+1","Dualcast","BootSequence","Genetic Algorithm","Self Repair","Lockon+1","Sunder","Ball Lightning","Leap","Steam","Hologram","Compile Driver","Machine Learning","FTL","Sweeping Beam","Genetic Algorithm","Writhe"],"relics":["FrozenCore","White Beast Statue","DataDisk","Emotion Chip","Smiling Mask","DollysMirror","Blood Vial"],"acts_visited":["Exordium","TheCity"],"potions_floor_usage":[7,7,18,22],"damage_taken":[{"damage":4,"enemies":"Small Slimes","floor":1,"turns":3},{"damage":0,"enemies":"2 Louse","floor":3,"turns":3},{"damage":27,"enemies":"Gremlin Nob","floor":7,"turns":4},{"damage":1,"enemies":"Cultist","floor":8,"turns":3},{"damage":35,"enemies":"3 Sentries","floor":11,"turns":6},{"damage":5,"enemies":"Lots of Slimes","floor":12,"turns":3},{"damage":1,"enemies":"Looter","floor":13,"turns":3},{"damage":0,"enemies":"Blue Slaver","floor":14,"turns":3},{"damage":34,"enemies":"Hexaghost","floor":16,"turns":8},{"damage":21,"enemies":"3 Byrds","floor":18,"turns":7},{"damage":6,"enemies":"Chosen","floor":19,"turns":6},{"damage":51,"enemies":"3 Cultists","floor":22,"turns":6}],"seed_played":"8282877789020210835","potions_obtained":[{"floor":1,"key":"Ancient Potion"},{"floor":3,"key":"Swift Potion"},{"floor":7,"key":"Ancient Potion"},{"floor":8,"key":"SpeedPotion"},{"floor":13,"key":"Fire Potion"},{"floor":18,"key":"LiquidBronze"}],"is_trial":false,"path_per_floor":["M","?","M","$","?","R","E","M","T","R","E","M","M","M","R","B",null,"M","M","$","?","M"],"character_chosen":"DEFECT","items_purchased":["DataDisk","Self Repair","Lockon","DollysMirror"],"campfire_rested":2,"item_purchase_floors":[4,4,4,20],"current_hp_per_floor":[60,34,34,34,34,34,14,20,20,39,11,6,12,19,38,11,51,37,38,38,38,0,0],"gold":70,"neow_bonus":"TWO_FIFTY_GOLD","is_daily":false,"chose_seed":false,"campfire_upgraded":1,"win_rate":0.0,"timestamp":1608973529,"path_taken":["M","?","M","$","?","R","E","M","T","R","E","M","?","M","R","BOSS","M","M","$","?","M"],"items_purchased_type":["Relic","Card","Card","Relic"],"build_version":"2020-12-22","purchased_purges":1,"victory":false,"max_hp_per_floor":[64,64,64,64,64,64,64,64,64,64,64,64,64,64,64,64,64,64,64,64,64,64,64],"card_choices":[{"not_picked":["Turbo","Darkness"],"picked":"BootSequence","floor":1},{"not_picked":["Barrage","Streamline"],"picked":"Genetic Algorithm","floor":3},{"not_picked":["White Noise","Go for the Eyes"],"picked":"Sunder","floor":7},{"not_picked":["Loop","Gash"],"picked":"Ball Lightning","floor":8},{"not_picked":["Rebound","All For One"],"picked":"Leap","floor":11},{"not_picked":["Streamline","Genetic Algorithm"],"picked":"Steam","floor":12},{"not_picked":["Self Repair","Gash"],"picked":"Hologram","floor":13},{"not_picked":["Gash","Turbo"],"picked":"Compile Driver","floor":14},{"not_picked":["Creative AI","Meteor Strike"],"picked":"Machine Learning","floor":16},{"not_picked":["Force Field","Reprogram"],"picked":"FTL","floor":18},{"not_picked":["Beam Cell","Cold Snap"],"picked":"Sweeping Beam","floor":19}],"player_experience":736754,"relics_obtained":[{"floor":7,"key":"Emotion Chip"},{"floor":11,"key":"Smiling Mask"}],"event_choices":[{"damage_healed":0,"gold_gain":0,"player_choice":"Success","damage_taken":26,"relics_obtained":["White Beast Statue"],"max_hp_gain":0,"max_hp_loss":0,"event_name":"Scrap Ooze","floor":2,"gold_loss":0},{"damage_healed":0,"gold_gain":0,"player_choice":"Upgraded","damage_taken":0,"max_hp_gain":0,"max_hp_loss":0,"event_name":"Upgrade Shrine","floor":5,"gold_loss":0,"cards_upgraded":["Lockon"]},{"damage_healed":0,"gold_gain":0,"player_choice":"Opened","damage_taken":0,"relics_obtained":["Blood Vial"],"max_hp_gain":0,"max_hp_loss":0,"event_name":"The Mausoleum","floor":21,"gold_loss":0,"cards_obtained":["Writhe"]}],"is_beta":false,"boss_relics":[{"not_picked":["Busted Crown","Cursed Key"],"picked":"FrozenCore"}],"items_purged_floors":[20],"is_endless":false,"potions_floor_spawned":[1,3,7,8,11,12,13,14,16,18,19],"killed_by":"3 Cultists","ascension_level":20}}