{"host":"aq6j0shg22k0vr7s","time":1608969861,"event":{"mods":["2.2 Compatiblity","AchievementEnabler","BaseMod","Better Note","Colored Map","Hermit","Marisa????????","Minty Spire (QoL Compilation)","Quick Restart","StSLib","The Bug Knight","The Cursed"],"gold_per_floor":[113,113,131,12,187,201,201,58,58,88,88,88,119,137,137,137,137],"floor_reached":16,"playtime":2325,"items_purged":[],"score":108,"play_id":"14c768d1-4e84-49d1-b3dc-e61007638c6d","local_time":"20201226000421","is_ascension_mode":false,"campfire_choices":[{"data":"hermit:GoldenBullet","floor":7,"key":"SMITH"},{"floor":15,"key":"REST"}],"circlet_count":0,"master_deck":["hermit:Strike_Hermit","hermit:Strike_Hermit","hermit:Strike_Hermit","hermit:Strike_Hermit","hermit:Defend_Hermit","hermit:Defend_Hermit","hermit:Defend_Hermit","hermit:Defend_Hermit","hermit:Snapshot","hermit:Covet","hermit:Dive","hermit:Spite","hermit:CalledShot","Doubt","hermit:GoldenBullet+1","hermit:Snipe","hermit:Ricochet","hermit:GhostlyPresence","hermit:Roulette","Injury","hermit:Dive","hermit:Grudge"],"relics":["hermit:Momento","NeowsBlessing","Gremlin Horn","HornCleat","Orichalcum","Golden Idol","Ancient Tea Set"],"acts_visited":["Exordium"],"potions_floor_usage":[13,14,16],"damage_taken":[{"damage":0,"enemies":"Jaw Worm","floor":1,"turns":1},{"damage":0,"enemies":"Cultist","floor":3,"turns":1},{"damage":0,"enemies":"2 Louse","floor":6,"turns":1},{"damage":31,"enemies":"Lagavulin","floor":10,"turns":7},{"damage":16,"enemies":"HollowMod:MossKnight","floor":13,"turns":8},{"damage":8,"enemies":"Large Slime","floor":14,"turns":3},{"damage":72,"enemies":"Slime Boss","floor":16,"turns":14}],"seed_played":"-7325360992488748381","potions_obtained":[{"floor":10,"key":"ColorlessPotion"},{"floor":13,"key":"ColorlessPotion"},{"floor":14,"key":"BlessingOfTheForge"}],"is_trial":false,"path_per_floor":["M","?","M","$","?","M","R","$","T","E","?","?","E","M","R","B"],"character_chosen":"HERMIT","items_purchased":["hermit:Spite","hermit:CalledShot","hermit:Snipe","hermit:Ricochet","hermit:GhostlyPresence"],"campfire_rested":1,"item_purchase_floors":[4,4,8,8,8],"current_hp_per_floor":[75,75,75,75,75,75,75,75,75,44,69,69,53,45,67,0,0],"gold":137,"neow_bonus":"THREE_ENEMY_KILL","is_daily":false,"chose_seed":false,"campfire_upgraded":1,"win_rate":0.0,"timestamp":1608969861,"path_taken":["M","?","M","?","?","M","R","$","T","E","?","?","E","M","R","BOSS"],"items_purchased_type":["Card","Card","Card","Card","Card"],"build_version":"2020-12-22","purchased_purges":0,"victory":false,"max_hp_per_floor":[75,75,75,75,75,75,75,75,75,75,75,75,75,75,75,75,75],"card_choices":[{"not_picked":["hermit:SprayPray","hermit:Feint"],"picked":"hermit:Desperado","floor":1},{"not_picked":["hermit:Coalescence","hermit:CursedWeapon"],"picked":"hermit:Dive","floor":3},{"not_picked":["hermit:Misfire","hermit:Combo"],"picked":"hermit:GoldenBullet","floor":6},{"not_picked":["hermit:Desperado","hermit:Horror"],"picked":"hermit:Roulette","floor":10},{"not_picked":["hermit:SprayPray","hermit:Coalescence"],"picked":"hermit:Dive","floor":13},{"not_picked":["hermit:Dive","hermit:CursedWeapon"],"picked":"hermit:Grudge","floor":14}],"player_experience":65938,"relics_obtained":[{"floor":9,"key":"HornCleat"},{"floor":10,"key":"Orichalcum"},{"floor":13,"key":"Ancient Tea Set"}],"event_choices":[{"cards_removed":["hermit:Desperado"],"damage_healed":0,"gold_gain":0,"player_choice":"Gave Card","damage_taken":0,"relics_obtained":["Gremlin Horn"],"max_hp_gain":0,"max_hp_loss":0,"event_name":"WeMeetAgain","floor":2,"gold_loss":0},{"damage_healed":0,"gold_gain":175,"player_choice":"AGREE","damage_taken":0,"max_hp_gain":0,"max_hp_loss":0,"event_name":"Liars Game","floor":5,"gold_loss":0,"cards_obtained":["Doubt"]},{"damage_healed":25,"gold_gain":0,"player_choice":"Banana","damage_taken":0,"max_hp_gain":0,"max_hp_loss":0,"event_name":"Big Fish","floor":11,"gold_loss":0},{"damage_healed":0,"gold_gain":0,"player_choice":"Take Wound","damage_taken":0,"relics_obtained":["Golden Idol"],"max_hp_gain":0,"max_hp_loss":0,"event_name":"Golden Idol","floor":12,"gold_loss":0,"cards_obtained":["Injury"]}],"is_beta":false,"boss_relics":[],"items_purged_floors":[],"is_endless":false,"potions_floor_spawned":[10,13,14],"killed_by":"Slime Boss","ascension_level":0}}