{"host":"a5lz0e76zb3fcwkm","time":1608995203,"event":{"mods":["AchievementEnabler","BaseMod","Colored Map","Colored Powertips","Minty Spire (QoL Compilation)","StSLib","SuperFastMode"],"gold_per_floor":[109,109,128,138,149,149,169,169,169,169,169,201,201,217,217,217,217],"floor_reached":16,"playtime":267,"items_purged":[],"score":204,"play_id":"f4550c8c-9542-4865-92c6-4c670a28ddd9","local_time":"20201227000643","is_ascension_mode":true,"campfire_choices":[{"data":"1","floor":6.0,"key":"LIFT"},{"data":"2","floor":8.0,"key":"LIFT"},{"data":"3","floor":13,"key":"LIFT"},{"data":"Pommel Strike","floor":15,"key":"SMITH"}],"circlet_count":0,"master_deck":["AscendersBane","Strike_R","Strike_R","Strike_R","Strike_R","Defend_R+1","Defend_R","Defend_R","Defend_R+1","Bash","Pommel Strike+1","Wild Strike","Heavy Blade+1"],"relics":["Burning Blood","Girya","Pen Nib","War Paint"],"acts_visited":["Exordium"],"potions_floor_usage":[12,16],"damage_taken":[{"damage":4.0,"enemies":"Jaw Worm","floor":1.0,"turns":4.0},{"damage":1.0,"enemies":"Cultist","floor":3.0,"turns":3.0},{"damage":7.0,"enemies":"2 Louse","floor":4.0,"turns":3.0},{"damage":11.0,"enemies":"2 Fungi Beasts","floor":5.0,"turns":3.0},{"damage":16.0,"enemies":"Gremlin Gang","floor":7.0,"turns":7.0},{"damage":25,"enemies":"Lagavulin","floor":12,"turns":6},{"damage":9,"enemies":"Exordium Wildlife","floor":14,"turns":3},{"damage":45,"enemies":"Hexaghost","floor":16,"turns":7}],"seed_played":"-6279891382787079740","potions_obtained":[{"floor":1.0,"key":"GamblersBrew"},{"floor":5.0,"key":"SpeedPotion"},{"floor":7.0,"key":"Energy Potion"},{"floor":14,"key":"Explosive Potion"}],"is_trial":false,"path_per_floor":["M","?","M","M","M","R","M","R","T","?","?","E","R","M","R","B"],"character_chosen":"IRONCLAD","items_purchased":[],"campfire_rested":0,"item_purchase_floors":[],"current_hp_per_floor":[52,52,57,56,51,51,41,41,41,41,66,47,47,44,44,0,0],"gold":217,"neow_bonus":"ONE_RARE_RELIC","is_daily":false,"chose_seed":false,"campfire_upgraded":1,"win_rate":0.0,"timestamp":1608995203,"path_taken":["M","?","?","?","M","R","M","R","T","?","?","E","R","M","R","BOSS"],"items_purchased_type":[],"build_version":"2020-12-22","purchased_purges":0,"victory":false,"max_hp_per_floor":[75,75,75,75,75,75,75,75,75,75,75,75,75,75,75,75,75],"card_choices":[{"not_picked":["Rage","Sever Soul"],"picked":"Pommel Strike","floor":1.0},{"not_picked":["Anger","Clash","Rage"],"picked":"SKIP","floor":3.0},{"not_picked":["Havoc","Metallicize"],"picked":"Wild Strike","floor":4.0},{"not_picked":["Whirlwind","Clash","Blood for Blood"],"picked":"SKIP","floor":5.0},{"not_picked":["Havoc","Flame Barrier"],"picked":"Heavy Blade","floor":7.0},{"not_picked":["Bloodletting","Rage","Rampage"],"picked":"SKIP","floor":12},{"not_picked":["Warcry","Pommel Strike","Perfected Strike"],"picked":"SKIP","floor":14}],"player_experience":1647552,"relics_obtained":[{"floor":9.0,"key":"Pen Nib"},{"floor":12,"key":"War Paint"}],"event_choices":[{"cards_removed":["Strike_R"],"damage_healed":0.0,"max_hp_gain":0.0,"max_hp_loss":0.0,"gold_gain":0.0,"event_name":"Bonfire Elementals","player_choice":"Offered Basic","floor":2.0,"gold_loss":0.0,"damage_taken":0.0},{"damage_healed":0,"gold_gain":0,"player_choice":"Grow","damage_taken":0,"max_hp_gain":0,"max_hp_loss":0,"event_name":"Living Wall","floor":10,"gold_loss":0,"cards_upgraded":["Heavy Blade"]},{"damage_healed":25,"gold_gain":0,"player_choice":"Banana","damage_taken":0,"max_hp_gain":0,"max_hp_loss":0,"event_name":"Big Fish","floor":11,"gold_loss":0}],"is_beta":false,"boss_relics":[],"items_purged_floors":[],"is_endless":false,"potions_floor_spawned":[1,5,7,14],"killed_by":"Hexaghost","ascension_level":20}}