{"host":"03a85bwj0a5skoit","time":1608974447,"event":{"mods":["BaseMod","Block Reminder","Minty Spire (QoL Compilation)","Relic Stats","StSLib"],"gold_per_floor":[110,260,260,260,276,276,310,310,310,351,364,364,48,71,71,166,166,184,184,184,203,221,221,262,275,302,53,73,73,97,41,41,137,137,150,166,191,524,17,17,0,0,0],"floor_reached":42,"playtime":1868,"items_purged":["Doubt","Strike_G","Strike_G"],"score":952,"play_id":"2866b26e-8196-4d49-aa1f-d20b5390c6bf","local_time":"20201226195047","is_ascension_mode":true,"campfire_choices":[{"data":"Finisher","floor":6,"key":"SMITH"},{"data":"Cloak And Dagger","floor":8,"key":"SMITH"},{"data":"Terror","floor":12,"key":"SMITH"},{"data":"Distraction","floor":15,"key":"SMITH"},{"floor":23,"key":"REST"},{"floor":29,"key":"REST"},{"floor":32,"key":"REST"},{"floor":40,"key":"REST"}],"circlet_count":0,"master_deck":["AscendersBane","Strike_G","Strike_G","Strike_G","Defend_G","Defend_G","Defend_G","Defend_G","Defend_G","Survivor","Neutralize","Finisher+1","Escape Plan","Cloak And Dagger+1","Well Laid Plans","Terror+1","Noxious Fumes","Distraction+1","Die Die Die","Concentrate","Night Terror","Calculated Gamble","Accuracy","RitualDagger","Cloak And Dagger","PiercingWail","Bane+1","PiercingWail","Wraith Form v2","Tactician","Corpse Explosion","Expertise+1","Blur+1","Sucker Punch+1","Footwork","Blade Dance"],"relics":["Ring of the Snake","NeowsBlessing","StoneCalendar","Dead Branch","Lizard Tail","SlaversCollar","Juzu Bracelet","Ancient Tea Set","Philosopher\u0027s Stone","Toxic Egg 2","Red Mask"],"acts_visited":["Exordium","TheCity","TheBeyond"],"potions_floor_usage":[10,10,18,25,25,27,30,33,37,37],"damage_taken":[{"damage":0,"enemies":"Jaw Worm","floor":1,"turns":1},{"damage":0,"enemies":"Small Slimes","floor":5,"turns":1},{"damage":0,"enemies":"Lagavulin","floor":7,"turns":1},{"damage":2,"enemies":"Gremlin Nob","floor":10,"turns":4},{"damage":6,"enemies":"Cultist","floor":11,"turns":4},{"damage":1,"enemies":"Looter","floor":14,"turns":2},{"damage":7,"enemies":"The Guardian","floor":16,"turns":8},{"damage":4,"enemies":"3 Byrds","floor":18,"turns":5},{"damage":23,"enemies":"Chosen","floor":21,"turns":5},{"damage":2,"enemies":"Snecko","floor":22,"turns":3},{"damage":18,"enemies":"Gremlin Leader","floor":24,"turns":7},{"damage":15,"enemies":"Snake Plant","floor":25,"turns":4},{"damage":14,"enemies":"Centurion and Healer","floor":28,"turns":7},{"damage":11,"enemies":"3 Cultists","floor":30,"turns":4},{"damage":16,"enemies":"Champ","floor":33,"turns":8},{"damage":13,"enemies":"Orb Walker","floor":35,"turns":5},{"damage":4,"enemies":"3 Shapes","floor":36,"turns":7},{"damage":27,"enemies":"Transient","floor":37,"turns":6},{"damage":75,"enemies":"Reptomancer","floor":42,"turns":6}],"seed_played":"-3672371849871488637","potions_obtained":[{"floor":1,"key":"GhostInAJar"},{"floor":4,"key":"LiquidMemories"},{"floor":10,"key":"LiquidMemories"},{"floor":11,"key":"SkillPotion"},{"floor":18,"key":"Fruit Juice"},{"floor":22,"key":"Explosive Potion"},{"floor":25,"key":"Fruit Juice"},{"floor":28,"key":"DistilledChaos"},{"floor":35,"key":"FearPotion"},{"floor":36,"key":"AttackPotion"}],"is_trial":false,"path_per_floor":["M","?","?","?","M","R","E","R","T","E","M","R","$","M","R","B",null,"M","?","?","M","M","R","E","M","T","$","M","R","M","$","R","B",null,"M","M","M","?","$","R","?","E"],"character_chosen":"THE_SILENT","items_purchased":["Noxious Fumes","Distraction","Die Die Die","Wraith Form v2","ColorlessPotion","Footwork","Blade Dance","Toxic Egg 2"],"campfire_rested":4,"item_purchase_floors":[13,13,13,27,31,39,39,39],"current_hp_per_floor":[59,59,59,59,59,59,59,59,59,57,51,51,51,50,50,43,56,57,57,51,28,26,45,27,12,12,17,3,24,13,13,34,18,57,44,40,13,13,13,34,34,0,0],"gold":0,"neow_bonus":"THREE_ENEMY_KILL","is_daily":false,"chose_seed":false,"campfire_upgraded":4,"win_rate":0.0,"timestamp":1608974447,"path_taken":["M","?","?","?","M","R","E","R","T","E","M","R","$","?","R","BOSS","M","?","?","M","M","R","E","M","T","$","M","R","M","$","R","BOSS","M","M","M","?","$","R","?","E"],"items_purchased_type":["Card","Card","Card","Card","Potion","Card","Card","Relic"],"build_version":"2020-12-22","purchased_purges":3,"victory":false,"max_hp_per_floor":[66,66,60,60,60,60,60,60,60,60,60,60,60,60,60,60,60,65,65,65,65,65,65,65,65,65,70,70,70,70,70,70,70,70,70,70,70,70,70,70,70,70,70],"relic_stats":{"Lizard Tail":35,"counters":[19,88],"Dead Branch":[192],"StoneCalendar":[152],"Juzu Bracelet":0,"obtain_stats":[{"SlaversCollar":17,"Lizard Tail":10,"NeowsBlessing":0,"Golden Idol":3,"Dead Branch":9,"StoneCalendar":7,"Philosopher\u0027s Stone":34,"Juzu Bracelet":24,"Red Mask":41,"Toxic Egg 2":39,"Ancient Tea Set":26,"Ring of the Snake":0},{"SlaversCollar":7,"Lizard Tail":4,"NeowsBlessing":0,"Golden Idol":1,"Dead Branch":3,"StoneCalendar":3,"Philosopher\u0027s Stone":15,"Juzu Bracelet":11,"Red Mask":18,"Toxic Egg 2":18,"Ancient Tea Set":12,"Ring of the Snake":0},{"SlaversCollar":21,"Lizard Tail":7,"NeowsBlessing":0,"Golden Idol":1,"Dead Branch":3,"StoneCalendar":3,"Philosopher\u0027s Stone":64,"Juzu Bracelet":41,"Red Mask":82,"Toxic Egg 2":82,"Ancient Tea Set":45,"Ring of the Snake":0}],"Ring of the Snake":[38]},"card_choices":[{"not_picked":["Flechettes","Cloak And Dagger"],"picked":"Finisher","floor":1},{"not_picked":["Dodge and Roll","Dash"],"picked":"Escape Plan","floor":5},{"not_picked":["Sucker Punch","Deadly Poison"],"picked":"Cloak And Dagger","floor":7},{"not_picked":["Sucker Punch","Deadly Poison"],"picked":"Well Laid Plans","floor":10},{"not_picked":["Backflip","Dagger Throw"],"picked":"Terror","floor":11},{"not_picked":["Slice","Predator"],"picked":"Concentrate","floor":14},{"not_picked":["Tools of the Trade","Bullet Time"],"picked":"Night Terror","floor":16},{"not_picked":["Finisher","Dagger Throw"],"picked":"Calculated Gamble","floor":18},{"not_picked":["Slice","Underhanded Strike"],"picked":"Cloak And Dagger","floor":21},{"not_picked":["Escape Plan","Dodge and Roll"],"picked":"PiercingWail","floor":22},{"not_picked":["Dash","Flying Knee"],"picked":"Bane+1","floor":24},{"not_picked":["Poisoned Stab","Bane"],"picked":"PiercingWail","floor":25},{"not_picked":["Deflect+1","Bane"],"picked":"Tactician","floor":28},{"not_picked":["Dagger Spray","Skewer","All Out Attack"],"picked":"SKIP","floor":30},{"not_picked":["Burst","Glass Knife"],"picked":"Corpse Explosion","floor":33},{"not_picked":["Distraction","Sucker Punch"],"picked":"Expertise+1","floor":35},{"not_picked":["Dagger Throw+1","Skewer"],"picked":"Blur+1","floor":36},{"not_picked":["Dagger Spray","Setup"],"picked":"Sucker Punch+1","floor":37}],"player_experience":2315582,"relics_obtained":[{"floor":7,"key":"StoneCalendar"},{"floor":9,"key":"Dead Branch"},{"floor":10,"key":"Lizard Tail"},{"floor":24,"key":"Juzu Bracelet"},{"floor":26,"key":"Ancient Tea Set"}],"event_choices":[{"damage_healed":0,"gold_gain":150,"player_choice":"AGREE","damage_taken":0,"max_hp_gain":0,"max_hp_loss":0,"event_name":"Liars Game","floor":2,"gold_loss":0,"cards_obtained":["Doubt"]},{"damage_healed":0,"gold_gain":0,"player_choice":"Lose Max HP","damage_taken":0,"relics_obtained":["Golden Idol"],"max_hp_gain":0,"max_hp_loss":6,"event_name":"Golden Idol","floor":3,"gold_loss":0},{"damage_healed":0,"gold_gain":0,"player_choice":"Got Potions","damage_taken":0,"max_hp_gain":0,"max_hp_loss":0,"event_name":"Lab","floor":4,"gold_loss":0},{"damage_healed":0,"gold_gain":0,"player_choice":"Read","damage_taken":0,"max_hp_gain":0,"max_hp_loss":0,"event_name":"The Library","floor":19,"gold_loss":0,"cards_obtained":["Accuracy"]},{"damage_healed":0,"gold_gain":0,"player_choice":"Joined the Cult","damage_taken":6,"max_hp_gain":0,"max_hp_loss":0,"event_name":"Nest","floor":20,"gold_loss":0,"cards_obtained":["RitualDagger"]},{"damage_healed":0,"gold_gain":333,"player_choice":"Gave Idol","damage_taken":0,"max_hp_gain":0,"max_hp_loss":0,"event_name":"The Moai Head","floor":38,"relics_lost":["Golden Idol"],"gold_loss":0},{"damage_healed":0,"gold_gain":0,"player_choice":"Paid","damage_taken":0,"relics_obtained":["Red Mask"],"max_hp_gain":0,"max_hp_loss":0,"event_name":"Tomb of Lord Red Mask","floor":41,"gold_loss":17}],"is_beta":false,"boss_relics":[{"not_picked":["Runic Dome","SacredBark"],"picked":"SlaversCollar"},{"not_picked":["Calling Bell","Snecko Eye"],"picked":"Philosopher\u0027s Stone"}],"items_purged_floors":[13,27,39],"is_endless":false,"potions_floor_spawned":[1,10,11,14,18,22,25,28,35,36],"killed_by":"Reptomancer","ascension_level":20}}