{"host":"2461dio7vetlq1z3","time":1608977320,"event":{"mods":["2.2 Compatiblity","AchievementEnabler","Aspiration","BaseMod","Better Skull","Better Third Choice","Friendly Minions","Hermit","Minty Spire (QoL Compilation)","Relic Stats","Spicy Shops","StSLib","The Mystic","Waifu the Spire"],"gold_per_floor":[118,130,141,158,177,208,208,208,276,291,322,322,337,412,412,507,507,522,522,621,640,154,154,169,184,184,216,231,265,317,328,328,328,328],"floor_reached":33,"playtime":1620,"items_purged":["mysticmod:Strike_Mystic"],"score":351,"play_id":"363f14d8-64ab-4a14-a4ae-f476d098cad1","local_time":"20201226110840","is_ascension_mode":false,"campfire_choices":[{"data":"mysticmod:HeavyStrike","floor":8,"key":"SMITH"},{"data":"mysticmod:Disintegrate","floor":12,"key":"SMITH"},{"data":"mysticmod:Daze","floor":15,"key":"SMITH"},{"data":"mysticmod:KeenEdge","floor":23,"key":"SMITH"},{"data":"mysticmod:Doublecast","floor":32,"key":"SMITH"}],"circlet_count":0,"master_deck":["mysticmod:Defend_Mystic","mysticmod:Defend_Mystic","mysticmod:Defend_Mystic","mysticmod:ArcaneDodge","mysticmod:ShockingGrasp","mysticmod:Disintegrate+1","mysticmod:Snowball","mysticmod:HeavyStrike+1","mysticmod:PowerSlash","mysticmod:Daze+1","mysticmod:KeenEdge+1","mysticmod:EarthenWall","mysticmod:Doublecast+1","mysticmod:SuddenClarity+1","mysticmod:HeavyStrike+1","mysticmod:Discipline+1","mysticmod:Lunge","mysticmod:DiviningBlow+1","mysticmod:CorrosiveTouch","mysticmod:EnergizedRift+1"],"relics":["mysticmod:SpellBook","aspiration:StickyExplosives_weak","Eternal Feather","Tiny Chest","Astrolabe","Prayer Wheel","Orrery","Pear","Potion Belt","Anchor","Bottled Tornado","Blood Vial"],"acts_visited":["Exordium","TheCity"],"potions_floor_usage":[6,16,16,21,24,27,29],"damage_taken":[{"damage":1,"enemies":"Jaw Worm","floor":1,"turns":3},{"damage":0,"enemies":"2 Louse","floor":2,"turns":2},{"damage":1,"enemies":"Cultist","floor":3,"turns":3},{"damage":3,"enemies":"2 Fungi Beasts","floor":4,"turns":4},{"damage":4,"enemies":"Exordium Thugs","floor":5,"turns":4},{"damage":10,"enemies":"3 Sentries","floor":6,"turns":6},{"damage":7,"enemies":"Large Slime","floor":10,"turns":4},{"damage":8,"enemies":"Gremlin Nob","floor":11,"turns":3},{"damage":0,"enemies":"Looter","floor":13,"turns":2},{"damage":14,"enemies":"The Guardian","floor":16,"turns":6},{"damage":0,"enemies":"Chosen","floor":18,"turns":3},{"damage":11,"enemies":"3 Byrds","floor":21,"turns":5},{"damage":18,"enemies":"Centurion and Healer","floor":24,"turns":6},{"damage":7,"enemies":"Snecko","floor":25,"turns":4},{"damage":10,"enemies":"Slavers","floor":27,"turns":5},{"damage":0,"enemies":"Snake Plant","floor":28,"turns":2},{"damage":0,"enemies":"Book of Stabbing","floor":29,"turns":3},{"damage":0,"enemies":"Centurion and Healer","floor":31,"turns":3},{"damage":67,"enemies":"Collector","floor":33,"turns":6}],"seed_played":"4613159118646965592","potions_obtained":[{"floor":4,"key":"EssenceOfSteel"},{"floor":5,"key":"SteroidPotion"},{"floor":6,"key":"Ancient Potion"},{"floor":11,"key":"GamblersBrew"},{"floor":16,"key":"ColorlessPotion"},{"floor":18,"key":"mysticmod:EssenceOfMagic"},{"floor":27,"key":"SpeedPotion"},{"floor":28,"key":"DuplicationPotion"},{"floor":31,"key":"SpeedPotion"}],"is_trial":false,"path_per_floor":["M","M","M","M","M","E","?","R","T","M","E","R","M","?","R","B",null,"M","T","?","M","$","R","M","M","T","E","M","E","T","M","R","B"],"character_chosen":"MYSTIC_CLASS","items_purchased":["Orrery","Pear"],"campfire_rested":0,"item_purchase_floors":[22,22],"current_hp_per_floor":[69,69,68,65,61,51,51,51,51,44,36,45,45,38,47,33,70,70,70,70,59,69,78,60,53,53,43,43,43,43,45,57,0,0],"gold":328,"neow_bonus":"THREE_RARE_CARDS","is_daily":false,"chose_seed":false,"campfire_upgraded":5,"win_rate":0.0,"timestamp":1608977320,"path_taken":["M","M","M","M","M","E","?","R","T","M","E","R","M","?","R","BOSS","M","?","?","M","$","R","M","M","T","E","M","E","?","M","R","BOSS"],"items_purchased_type":["Relic","Relic"],"build_version":"2020-12-22","purchased_purges":1,"victory":false,"max_hp_per_floor":[70,70,70,70,70,70,70,70,70,70,70,70,70,70,70,70,70,70,70,70,70,80,80,80,80,80,80,80,80,80,80,80,80,80],"relic_stats":{"Blood Vial":4,"counters":[19,73],"Astrolabe":["mysticmod:SuddenClarity","mysticmod:HeavyStrike","mysticmod:Discipline"],"Eternal Feather":39,"Tiny Chest":1,"Prayer Wheel":5,"obtain_stats":[{"Potion Belt":26,"Blood Vial":30,"Anchor":27,"Pear":22,"Astrolabe":17,"Orrery":22,"mysticmod:SpellBook":0,"Eternal Feather":9,"Tiny Chest":11,"Prayer Wheel":19,"Bottled Tornado":29,"aspiration:StickyExplosives_weak":6},{"Potion Belt":14,"Blood Vial":17,"Anchor":15,"Pear":12,"Astrolabe":10,"Orrery":12,"mysticmod:SpellBook":0,"Eternal Feather":6,"Tiny Chest":8,"Prayer Wheel":11,"Bottled Tornado":17,"aspiration:StickyExplosives_weak":6},{"Potion Belt":54,"Blood Vial":64,"Anchor":59,"Pear":45,"Astrolabe":37,"Orrery":45,"mysticmod:SpellBook":0,"Eternal Feather":22,"Tiny Chest":29,"Prayer Wheel":40,"Bottled Tornado":64,"aspiration:StickyExplosives_weak":22}]},"card_choices":[{"not_picked":["mysticmod:SpellRecall","mysticmod:EnchantedMoulinet"],"picked":"mysticmod:Disintegrate","floor":0},{"not_picked":["mysticmod:TomeOfSpells","mysticmod:LightningBolt"],"picked":"mysticmod:Snowball","floor":1},{"not_picked":["mysticmod:SummonFamiliar","mysticmod:SuddenClarity","mysticmod:PureInstinct"],"picked":"SKIP","floor":2},{"not_picked":["mysticmod:PowerAttack","mysticmod:RapidCaster"],"picked":"mysticmod:HeavyStrike","floor":3},{"not_picked":["mysticmod:DiviningBlow","mysticmod:PureInstinct","mysticmod:Disengage"],"picked":"SKIP","floor":4},{"not_picked":["mysticmod:Fly","mysticmod:PowerSlash","mysticmod:IllusionOfCalm"],"picked":"SKIP","floor":5},{"not_picked":["mysticmod:Fly","mysticmod:IllusionOfCalm"],"picked":"mysticmod:PowerSlash","floor":5},{"not_picked":["mysticmod:DiviningBlow","mysticmod:Grapple"],"picked":"mysticmod:Daze","floor":6},{"not_picked":["mysticmod:EbbAndFlow","mysticmod:CorrosiveTouch"],"picked":"mysticmod:KeenEdge","floor":10},{"not_picked":["mysticmod:MagicMissile","mysticmod:Riposte"],"picked":"mysticmod:EarthenWall","floor":11},{"not_picked":["mysticmod:HunkerDown","mysticmod:HeavyStrike","mysticmod:LightningBolt"],"picked":"SKIP","floor":13},{"not_picked":["mysticmod:Momentum","mysticmod:KnowledgePool"],"picked":"mysticmod:Doublecast","floor":16},{"not_picked":["mysticmod:SummonFamiliar","mysticmod:TomeOfSpells","mysticmod:PureInstinct"],"picked":"SKIP","floor":18},{"not_picked":["mysticmod:SummonFamiliar","mysticmod:DiviningBlow+1","mysticmod:Grapple"],"picked":"SKIP","floor":21},{"not_picked":["mysticmod:CureLightWounds","mysticmod:Sideswipe","mysticmod:Daze"],"picked":"SKIP","floor":21},{"not_picked":["mysticmod:PureInstinct","mysticmod:BulkUp"],"picked":"mysticmod:Lunge","floor":22},{"not_picked":["mysticmod:Shield+1","mysticmod:Daze"],"picked":"mysticmod:DiviningBlow+1","floor":22},{"not_picked":["mysticmod:Fly","mysticmod:LightningBolt","mysticmod:SuddenClarity"],"picked":"SKIP","floor":24},{"not_picked":["mysticmod:Shield","mysticmod:Alacrity","mysticmod:Fireball"],"picked":"SKIP","floor":24},{"not_picked":["mysticmod:Dedication","mysticmod:ArcaneAccuracy","mysticmod:HeavyStrike"],"picked":"SKIP","floor":25},{"not_picked":["mysticmod:Snowball","mysticmod:AllIn+1","mysticmod:ObscuringMist"],"picked":"SKIP","floor":25},{"not_picked":["mysticmod:Shield+1","mysticmod:Snowball","mysticmod:CorrosiveTouch"],"picked":"SKIP","floor":27},{"not_picked":["mysticmod:Shield+1","mysticmod:Snowball"],"picked":"mysticmod:CorrosiveTouch","floor":27},{"not_picked":["mysticmod:RapidCaster","mysticmod:SummonFamiliar","mysticmod:CureLightWounds"],"picked":"SKIP","floor":28},{"not_picked":["mysticmod:PunishingArmor","mysticmod:LightningBolt+1","mysticmod:PreparedCaster"],"picked":"SKIP","floor":28},{"not_picked":["mysticmod:SpellRecall","mysticmod:Sideswipe+1"],"picked":"mysticmod:EnergizedRift+1","floor":29},{"not_picked":["mysticmod:DiviningBlow+1","mysticmod:MirrorStrike","mysticmod:Riposte"],"picked":"SKIP","floor":31},{"not_picked":["mysticmod:PureInstinct","mysticmod:Dedication","mysticmod:PowerAttack"],"picked":"SKIP","floor":31}],"player_experience":934776,"relics_obtained":[{"floor":6,"key":"aspiration:StickyExplosives_weak"},{"floor":9,"key":"Eternal Feather"},{"floor":11,"key":"Tiny Chest"},{"floor":19,"key":"Prayer Wheel"},{"floor":26,"key":"Potion Belt"},{"floor":27,"key":"Anchor"},{"floor":29,"key":"Bottled Tornado"},{"floor":30,"key":"Blood Vial"}],"event_choices":[{"cards_removed":["mysticmod:Strike_Mystic"],"damage_healed":0,"gold_gain":0,"player_choice":"Forget","damage_taken":0,"max_hp_gain":0,"max_hp_loss":0,"event_name":"Living Wall","floor":7,"gold_loss":0},{"damage_healed":0,"gold_gain":75,"player_choice":"Touch","damage_taken":7,"max_hp_gain":0,"max_hp_loss":0,"event_name":"FaceTrader","floor":14,"gold_loss":0},{"damage_healed":0,"gold_gain":99,"player_choice":"Steal","damage_taken":0,"max_hp_gain":0,"max_hp_loss":0,"event_name":"betterThird:BetterNest","floor":20,"gold_loss":0}],"is_beta":false,"boss_relics":[{"not_picked":["aspiration:RunicSpoon","Tiny House"],"picked":"Astrolabe"}],"items_purged_floors":[22],"is_endless":false,"potions_floor_spawned":[4,5,6,11,16,18,27,28,31],"killed_by":"Collector","ascension_level":0}}