{"host":"7l2t4psy44vpcd9q","time":1608990861,"event":{"mods":["AchievementEnabler","BaseMod","DeckTracker","Minty Spire (QoL Compilation)","SuperFastMode"],"gold_per_floor":[114,39,39,59,71,71,105,30,81,163,187,209,221,248,260,347,359,389,418,26,42,42,71,71,87,139,139,139,34,45,57,57,57,57],"floor_reached":33,"playtime":1224,"items_purged":["Strike_G"],"score":538,"play_id":"65f19b3b-46ff-428f-8ca5-f76c26ee9d4b","local_time":"20201226225421","is_ascension_mode":true,"campfire_choices":[{"data":"Noxious Fumes","floor":6,"key":"SMITH"},{"floor":13,"key":"REST"},{"data":"Blade Dance","floor":15,"key":"SMITH"},{"floor":24,"key":"REST"},{"floor":32,"key":"REST"}],"circlet_count":0,"master_deck":["AscendersBane","Strike_G","Strike_G","Strike_G","Defend_G","Defend_G","Defend_G","Defend_G","Defend_G","Survivor","Neutralize","Quick Slash","Noxious Fumes+1","Corpse Explosion","Poisoned Stab","Deflect","Terror","Bane","Cloak And Dagger","Blade Dance+1","Adrenaline","Bane","Acrobatics","Accuracy","Bullet Time","Leg Sweep","PiercingWail","Deadly Poison","Blur","Bane+1"],"relics":["Ring of the Snake","NeowsBlessing","Anchor","MawBank","Ornamental Fan","Fusion Hammer","Bag of Marbles","Strawberry","Darkstone Periapt","Happy Flower"],"acts_visited":["Exordium","TheCity"],"potions_floor_usage":[7,7,16,16,18,23,23,30,33],"damage_taken":[{"damage":0,"enemies":"Jaw Worm","floor":1,"turns":1},{"damage":0,"enemies":"Cultist","floor":4,"turns":1},{"damage":0,"enemies":"2 Louse","floor":5,"turns":1},{"damage":35,"enemies":"Gremlin Nob","floor":7,"turns":4},{"damage":5,"enemies":"Blue Slaver","floor":11,"turns":4},{"damage":13,"enemies":"Exordium Thugs","floor":12,"turns":3},{"damage":4,"enemies":"Red Slaver","floor":14,"turns":3},{"damage":18,"enemies":"The Guardian","floor":16,"turns":11},{"damage":10,"enemies":"Chosen","floor":18,"turns":6},{"damage":5,"enemies":"Shell Parasite","floor":19,"turns":5},{"damage":0,"enemies":"Centurion and Healer","floor":21,"turns":2},{"damage":48,"enemies":"Book of Stabbing","floor":23,"turns":5},{"damage":8,"enemies":"Snecko","floor":25,"turns":5},{"damage":8,"enemies":"Colosseum Slavers","floor":27,"turns":5},{"damage":0,"enemies":"Sentry and Sphere","floor":30,"turns":3},{"damage":3,"enemies":"Centurion and Healer","floor":31,"turns":7},{"damage":61,"enemies":"Automaton","floor":33,"turns":6}],"seed_played":"4276256121645674112","potions_obtained":[{"floor":1,"key":"Energy Potion"},{"floor":4,"key":"Explosive Potion"},{"floor":7,"key":"EssenceOfSteel"},{"floor":14,"key":"AttackPotion"},{"floor":16,"key":"SpeedPotion"},{"floor":19,"key":"Regen Potion"},{"floor":21,"key":"ColorlessPotion"},{"floor":23,"key":"Dexterity Potion"},{"floor":31,"key":"GhostInAJar"}],"is_trial":false,"path_per_floor":["M","$","?","M","M","R","E","?","T","T","M","M","R","M","R","B",null,"M","M","$","M","$","E","R","M","T","?","?","$","M","M","R","B"],"character_chosen":"THE_SILENT","items_purchased":["Noxious Fumes","Bag of Marbles","Accuracy","Strawberry","Deadly Poison"],"campfire_rested":3,"item_purchase_floors":[2,20,20,20,29],"current_hp_per_floor":[59,59,59,59,59,59,24,24,24,24,19,6,25,21,21,3,50,40,35,42,42,42,6,27,19,19,11,11,11,11,8,29,0,0],"gold":57,"neow_bonus":"THREE_ENEMY_KILL","is_daily":false,"chose_seed":false,"campfire_upgraded":2,"win_rate":0.0,"timestamp":1608990861,"path_taken":["M","$","?","?","M","R","E","?","T","?","M","M","R","M","R","BOSS","M","?","$","M","?","E","R","M","T","?","?","$","?","M","R","BOSS"],"items_purchased_type":["Card","Relic","Card","Relic","Card"],"build_version":"2020-12-22","purchased_purges":1,"victory":false,"max_hp_per_floor":[66,66,66,66,66,66,66,66,66,66,66,66,66,66,66,66,66,66,66,73,73,73,73,73,73,73,73,73,73,73,73,73,73,73],"card_choices":[{"not_picked":["Riddle With Holes","Poisoned Stab"],"picked":"Quick Slash","floor":1},{"not_picked":["Sucker Punch","Calculated Gamble"],"picked":"Poisoned Stab","floor":4},{"not_picked":["Backflip","Terror"],"picked":"Deflect","floor":5},{"not_picked":["Outmaneuver","Poisoned Stab"],"picked":"Terror","floor":7},{"not_picked":["Slice","Dagger Throw"],"picked":"Bane","floor":11},{"not_picked":["Envenom","Slice"],"picked":"Cloak And Dagger","floor":12},{"not_picked":["Slice","Outmaneuver"],"picked":"Blade Dance","floor":14},{"not_picked":["Grand Finale","A Thousand Cuts"],"picked":"Adrenaline","floor":16},{"not_picked":["Prepared","Quick Slash"],"picked":"Bane","floor":18},{"not_picked":["Bane","Underhanded Strike"],"picked":"Acrobatics","floor":19},{"not_picked":["Blade Dance","Leg Sweep"],"picked":"Bullet Time","floor":21},{"not_picked":["Predator","Dagger Throw"],"picked":"Leg Sweep","floor":23},{"not_picked":["Dagger Throw","Flying Knee+1"],"picked":"PiercingWail","floor":25},{"not_picked":["Prepared","Dodge and Roll"],"picked":"Blur","floor":30},{"not_picked":["Riddle With Holes","Concentrate"],"picked":"Bane+1","floor":31}],"player_experience":1147565,"relics_obtained":[{"floor":7,"key":"Anchor"},{"floor":9,"key":"MawBank"},{"floor":10,"key":"Ornamental Fan"},{"floor":23,"key":"Darkstone Periapt"},{"floor":26,"key":"Happy Flower"}],"event_choices":[{"damage_healed":0,"gold_gain":0,"cards_transformed":["Strike_G"],"player_choice":"Transformed","damage_taken":0,"max_hp_gain":0,"max_hp_loss":0,"event_name":"Transmorgrifier","floor":3,"gold_loss":0,"cards_obtained":["Corpse Explosion"]},{"damage_healed":0,"gold_gain":0,"player_choice":"Left Gold","damage_taken":0,"max_hp_gain":0,"max_hp_loss":0,"event_name":"World of Goop","floor":8,"gold_loss":75},{"damage_healed":0,"gold_gain":0,"player_choice":"Fight","damage_taken":0,"max_hp_gain":0,"max_hp_loss":0,"event_name":"Colosseum","floor":27,"gold_loss":0},{"damage_healed":0,"gold_gain":0,"player_choice":"Fled From Nobs","damage_taken":0,"max_hp_gain":0,"max_hp_loss":0,"event_name":"Colosseum","floor":27,"gold_loss":0},{"damage_healed":0,"gold_gain":0,"player_choice":"Ignored","damage_taken":0,"max_hp_gain":0,"max_hp_loss":0,"event_name":"Cursed Tome","floor":28,"gold_loss":0}],"is_beta":false,"boss_relics":[{"not_picked":["Tiny House","Ring of the Serpent"],"picked":"Fusion Hammer"}],"items_purged_floors":[29],"is_endless":false,"potions_floor_spawned":[1,4,7,14,16,19,21,23,31],"killed_by":"Automaton","ascension_level":20}}