{"host":"m6h67kf6cz80m3yv","time":1608995879,"event":{"mods":["BaseMod","Better Third Choice","BetterRewards","CatGirl Mod","Colored Powertips","Downfall","Duelist Mod","Hermit","Luminous","Marisa????????","Minty Spire (QoL Compilation)","Quick Restart","Shade Mod","Shop Mod","StSLib","SuperFastMode","Td1madao Mod","The Alterego","The Marked","The Servant 0.9.4"],"gold_per_floor":[11,26,126,141,160,160,173,250,250,263,263,297,99,131,131,228,228,245,265,364,364,377,377,390,390,390],"floor_reached":25,"playtime":1307,"items_purged":[],"score":215,"play_id":"b2cb0547-8156-4d67-a4c0-043417b28009","local_time":"20201226131759","is_ascension_mode":false,"campfire_choices":[{"data":"theCatGirl:FinishingMove","floor":6,"key":"SMITH"},{"floor":11,"key":"REST"},{"floor":15,"key":"REST"},{"floor":23,"key":"REST"}],"circlet_count":0,"master_deck":["theCatGirl:Strike","theCatGirl:Strike","theCatGirl:Strike","theCatGirl:Defend","theCatGirl:Defend","theCatGirl:Defend","theCatGirl:ClawStrike","theCatGirl:Evasion","theCatGirl:LostTrinket","theCatGirl:SmellFear","theCatGirl:Prepared","theCatGirl:FinishingMove+1","theCatGirl:GoddessOfMisfortune","theCatGirl:PoisedStrike","theCatGirl:Parry","theCatGirl:Claws","theCatGirl:SearchBackpack","theCatGirl:BleedingWounds","theCatGirl:SmellFear","theCatGirl:BloodBath"],"relics":["theCatGirl:TrainedRelic","Pantograph","Mummified Hand","Lizard Tail","Tiny Chest","MealTicket","Black Star","hexamod:SpiritBrand"],"acts_visited":["Exordium","TheCity"],"potions_floor_usage":[],"damage_taken":[{"damage":8,"enemies":"2 Louse","floor":1,"turns":3},{"damage":1,"enemies":"Cultist","floor":2,"turns":5},{"damage":0,"enemies":"Small Slimes","floor":4,"turns":3},{"damage":10,"enemies":"3 Louse","floor":5,"turns":4},{"damage":4,"enemies":"Looter","floor":7,"turns":3},{"damage":20,"enemies":"Exordium Thugs","floor":10,"turns":6},{"damage":20,"enemies":"3 Sentries","floor":12,"turns":7},{"damage":27,"enemies":"Gremlin Nob","floor":14,"turns":4},{"damage":26,"enemies":"Slime Boss","floor":16,"turns":11},{"damage":10,"enemies":"Chosen","floor":18,"turns":5},{"damage":39,"enemies":"Shell Parasite","floor":19,"turns":7},{"damage":33,"enemies":"Cultist and Chosen","floor":22,"turns":7},{"damage":57,"enemies":"3 Cultists","floor":24,"turns":7},{"damage":26,"enemies":"Slavers","floor":25,"turns":1}],"seed_played":"6595874804155501149","potions_obtained":[{"floor":2,"key":"BlessingOfTheForge"},{"floor":5,"key":"Guardian:BlockOnCardUsePotion"},{"floor":10,"key":"BlessingOfTheForge"},{"floor":18,"key":"FairyPotion"},{"floor":22,"key":"LiquidMemories"}],"is_trial":false,"path_per_floor":["M","M","?","M","M","R","M","T","T","M","R","E","$","E","R","B",null,"M","M","?","?","M","R","M","E"],"character_chosen":"THE_CATGIRL","items_purchased":["Tiny Chest","theCatGirl:SearchBackpack"],"campfire_rested":3,"item_purchase_floors":[13,13],"current_hp_per_floor":[62,61,61,61,51,51,47,47,47,27,48,28,28,1,22,21,70,60,21,21,21,10,31,20,0,0],"gold":390,"neow_bonus":"TRANSFORM_TWO_CARDS","is_daily":false,"chose_seed":false,"campfire_upgraded":1,"win_rate":0.0,"timestamp":1608995879,"path_taken":["M","M","?","M","M","R","?","?","T","?","R","E","?","E","R","BOSS","M","M","?","?","M","R","M","E"],"items_purchased_type":["Relic","Card"],"build_version":"2020-12-22","purchased_purges":0,"victory":false,"max_hp_per_floor":[70,70,70,70,70,70,70,70,70,70,70,70,70,70,70,70,70,70,70,70,70,70,70,70,70,70],"card_choices":[{"not_picked":["theCatGirl:PoisedStrike","theCatGirl:SpinningStrike"],"picked":"theCatGirl:Prepared","floor":1},{"not_picked":["theCatGirl:EmergencyParry","theCatGirl:TrainWreck"],"picked":"theCatGirl:FinishingMove","floor":2},{"not_picked":["theCatGirl:DecliningDefenses","theCatGirl:Insane"],"picked":"theCatGirl:GoddessOfMisfortune","floor":4},{"not_picked":["theCatGirl:AllIn","theCatGirl:DefensiveStance"],"picked":"theCatGirl:PoisedStrike","floor":5},{"not_picked":["theCatGirl:Claws","theCatGirl:FumblingBlow"],"picked":"theCatGirl:Parry","floor":7},{"not_picked":["theCatGirl:QuickStrike","theCatGirl:FinishingMove","theCatGirl:UnrelentingAssault"],"picked":"SKIP","floor":10},{"not_picked":["theCatGirl:GoddessOfMisfortune","theCatGirl:UnrelentingAssault"],"picked":"theCatGirl:Claws","floor":12},{"not_picked":["theCatGirl:ShockedWitness","theCatGirl:Slip","theCatGirl:RunningWithDaggers"],"picked":"SKIP","floor":14},{"not_picked":["theCatGirl:PerfectBlock","theCatGirl:PoiseStance"],"picked":"theCatGirl:BleedingWounds","floor":16},{"not_picked":["theCatGirl:QuickStrike","theCatGirl:DecliningDefenses"],"picked":"theCatGirl:SmellFear","floor":18},{"not_picked":["theCatGirl:AccidentalSlap+1","theCatGirl:TrainWreck","theCatGirl:KeepAlert"],"picked":"SKIP","floor":19},{"not_picked":["theCatGirl:SpinningStrike","theCatGirl:ChangeOfPlans"],"picked":"theCatGirl:BloodBath","floor":22},{"not_picked":["theCatGirl:EmergencyParry","theCatGirl:BodyBlow","theCatGirl:LearnByMistake"],"picked":"SKIP","floor":24}],"player_experience":309103,"relics_obtained":[{"floor":8,"key":"Pantograph"},{"floor":9,"key":"Mummified Hand"},{"floor":12,"key":"Lizard Tail"},{"floor":14,"key":"MealTicket"}],"event_choices":[{"damage_healed":0,"gold_gain":100,"player_choice":"Gold","damage_taken":0,"max_hp_gain":0,"max_hp_loss":0,"event_name":"Wheel of Change","floor":3,"gold_loss":0},{"damage_healed":0,"gold_gain":99,"player_choice":"Steal","damage_taken":0,"max_hp_gain":0,"max_hp_loss":0,"event_name":"betterThird:BetterNest","floor":20,"gold_loss":0}],"is_beta":false,"boss_relics":[{"not_picked":["SacredBark","SlaversCollar"],"picked":"Black Star"}],"items_purged_floors":[],"is_endless":false,"potions_floor_spawned":[2,5,10,14,18,22],"killed_by":"Slavers","ascension_level":0}}