{"host":"59ckh7bj2z84pzgo","time":1608976122,"event":{"mods":["BaseMod","Better Vampires","Marked Mod","Minty Spire (QoL Compilation)","Replay The Spire","Spicy Shops","StSLib","TestMod","¡¾ÒÅÎï¿¨ÅÆ¡¿REMEMod"],"gold_per_floor":[18,29,43,54,67,95,105,10,62,72,92,118,118,133,133,208,208,228,246,246,266,266,293,28,45,45,45,75,75,106,106,106,180,180,191,191,191,207,218,218,248,248,274,305,318,318,352,368,368,368,368,368,368,18,48,48,48],"floor_reached":56,"playtime":5921,"items_purged":["Strike_B"],"score":2097,"play_id":"37d4492b-ecfe-48fa-8429-b6394cfe8fcf","local_time":"20201226174842","is_ascension_mode":true,"campfire_choices":[{"floor":13.0,"key":"REST"},{"data":"FIFO Queue","floor":15.0,"key":"SMITH"},{"data":"Turbo","floor":27.0,"key":"SMITH"},{"data":"Chill","floor":40.0,"key":"SMITH"},{"floor":42.0,"key":"REST"},{"data":"Seek","floor":46.0,"key":"SMITH"},{"floor":49.0,"key":"RECALL"},{"data":"Defragment","floor":53.0,"key":"SMITH"}],"circlet_count":0,"master_deck":["AscendersBane","Defend_B","Defend_B","Zap","Dualcast","ReplayTheSpireMod:From All Sides","Gash","Hyperbeam","Coolheaded","Hologram","FIFO Queue+1","Chill+1","Self Repair","FTL","Cold Snap","Glacier+1","Seek+1","Fission+1","Fission+1","Static Discharge+1","Gash","Turbo+1","Go for the Eyes","Sweeping Beam","Barrage","ReplayRNGCard","Electrodynamics","Ball Lightning+1","All For One+1","Stack","Recycle+1","Redo+1","Lockon","Reinforced Body","Tempest","Defragment+1","Mirror Shield"],"relics":["Cracked Core","REME_ComplimentaryCards","testmod-Muramasa","Replay:Antivirus Software","testmod-OneHitWonder","Orichalcum","Letter Opener","Astrolabe","MealTicket","Runic Capacitor","Blue Doll","Dream Catcher","Nloth\u0027s Gift","testmod-EnergyCheck","Happy Flower","Replay:Rubber Ducky","Symbiotic Virus","Replay:Wax Seal","Chemical X","Replay:Baseball","Whetstone"],"acts_visited":["Exordium","TheCity","TheBeyond","TheEnding"],"potions_floor_usage":[56,56,56],"damage_taken":[{"damage":0.0,"enemies":"Cultist","floor":1.0,"turns":3.0},{"damage":10.0,"enemies":"Small Slimes","floor":2.0,"turns":3.0},{"damage":7.0,"enemies":"Jaw Worm","floor":3.0,"turns":3.0},{"damage":0.0,"enemies":"3 Louse","floor":4.0,"turns":1.0},{"damage":0.0,"enemies":"Large Slime","floor":5.0,"turns":3.0},{"damage":15.0,"enemies":"Replay:BlueRogue","floor":6.0,"turns":8.0},{"damage":12.0,"enemies":"Lots of Slimes","floor":7.0,"turns":2.0},{"damage":8.0,"enemies":"3 Louse","floor":10.0,"turns":2.0},{"damage":13.0,"enemies":"Red Slaver","floor":11.0,"turns":4.0},{"damage":5.0,"enemies":"3 Sentries","floor":12.0,"turns":4.0},{"damage":16.0,"enemies":"Large Slime","floor":14.0,"turns":5.0},{"damage":21.0,"enemies":"Hexaghost","floor":16.0,"turns":13.0},{"damage":12.0,"enemies":"Chosen","floor":18.0,"turns":6.0},{"damage":10.0,"enemies":"Spheric Guardian","floor":19.0,"turns":5.0},{"damage":22.0,"enemies":"Centurion and Healer","floor":21.0,"turns":4.0},{"damage":28.0,"enemies":"Slavers","floor":23.0,"turns":4.0},{"damage":6.0,"enemies":"Cultist and Chosen","floor":25.0,"turns":7.0},{"damage":17.0,"enemies":"Book of Stabbing","floor":28.0,"turns":4.0},{"damage":1.0,"enemies":"Gremlin Leader","floor":30.0,"turns":5.0},{"damage":43.0,"enemies":"Collector","floor":33.0,"turns":8.0},{"damage":10.0,"enemies":"Orb Walker","floor":35.0,"turns":3.0},{"damage":19.0,"enemies":"3 Shapes","floor":38.0,"turns":2.0},{"damage":12.0,"enemies":"3 Darklings","floor":39.0,"turns":4.0},{"damage":21.0,"enemies":"Nemesis","floor":41.0,"turns":7.0},{"damage":8.0,"enemies":"Giant Head","floor":44.0,"turns":6.0},{"damage":0.0,"enemies":"Sphere and 2 Shapes","floor":45.0,"turns":3.0},{"damage":0.0,"enemies":"R_Hoarder","floor":47.0,"turns":8.0},{"damage":24.0,"enemies":"Transient","floor":48.0,"turns":6.0},{"damage":28.0,"enemies":"Donu and Deca","floor":50.0,"turns":6.0},{"damage":4.0,"enemies":"Awakened One","floor":51.0,"turns":11.0},{"damage":26.0,"enemies":"Shield and Spear","floor":55.0,"turns":2.0},{"damage":68,"enemies":"The Heart","floor":56,"turns":8}],"seed_played":"2541809812337838128","potions_obtained":[{"floor":2.0,"key":"Ancient Potion"},{"floor":3.0,"key":"Dexterity Potion"},{"floor":5.0,"key":"PowerPotion"},{"floor":10.0,"key":"FearPotion"},{"floor":11.0,"key":"Block Potion"},{"floor":14.0,"key":"SpeedPotion"},{"floor":16.0,"key":"testmod-TestPotion"},{"floor":23.0,"key":"LiquidMemories"},{"floor":25.0,"key":"Death Potion"},{"floor":39.0,"key":"FocusPotion"},{"floor":41.0,"key":"PowerPotion"}],"is_trial":false,"path_per_floor":["M","M","M","M","M","E","M","?","T","M","M","E","R","M","R","B",null,"M","M","?","M","?","E","$","M","T","R","E","?","E","?","R","B",null,"M","$","?","M","M","R","E","R","T","E","M","R","E","M","R","B","B",null,"R","$","E","B"],"character_chosen":"DEFECT","items_purchased":["Runic Capacitor","Barrage","Chemical X","PowerPotion","Replay:Baseball"],"campfire_rested":2,"item_purchase_floors":[24,24,54,54,54],"current_hp_per_floor":[78,68,61,61,61,46,34,34,34,33,27,29,54,45,45,31,72,67,64,64,49,49,28,43,44,44,44,34,34,40,40,65,29,71,68,83,85,73,61,61,40,65,65,64,71,71,71,54,54,33,36,73,73,85,66,0,0],"gold":48,"neow_bonus":"TWENTY_PERCENT_HP_BONUS","is_daily":false,"chose_seed":false,"campfire_upgraded":5,"win_rate":0.0,"timestamp":1608976122,"path_taken":["M","M","M","M","M","E","M","?","T","M","?","E","R","M","R","BOSS","M","M","?","M","?","E","$","M","T","R","E","?","E","?","R","BOSS","M","?","?","M","M","R","E","R","T","E","M","R","E","M","R","BOSS","BOSS","R","$","E","BOSS"],"items_purchased_type":["Relic","Card","Relic","Potion","Relic"],"build_version":"2020-12-22","purchased_purges":1,"victory":false,"max_hp_per_floor":[85,85,85,85,85,85,85,85,85,85,85,85,85,85,85,85,85,85,85,85,85,85,85,85,85,85,85,85,85,85,85,85,85,85,85,85,85,85,85,85,85,85,85,85,85,85,85,85,85,85,85,85,85,85,85,85,85],"card_choices":[{"not_picked":["Force Field","Compile Driver"],"picked":"Gash","floor":1.0},{"not_picked":["Streamline","Sweeping Beam"],"picked":"Hyperbeam","floor":2.0},{"not_picked":["Ball Lightning","Chaos"],"picked":"Coolheaded","floor":3.0},{"not_picked":["ReplayTheSpireMod:Calculation Training","Auto Shields"],"picked":"Hologram","floor":4.0},{"not_picked":["Hello World","Crystallizer"],"picked":"FIFO Queue","floor":5.0},{"not_picked":["Go for the Eyes","Leap"],"picked":"Chill","floor":6.0},{"not_picked":["Lockon","Redo"],"picked":"Self Repair","floor":7.0},{"not_picked":["Hologram","Biased Cognition"],"picked":"FTL","floor":10.0},{"not_picked":["Stack","ReplaySort"],"picked":"Cold Snap","floor":11.0},{"not_picked":["BasicCrystalCard","REME_SelfUpgrade"],"picked":"Redo","floor":12.0},{"not_picked":["Sweeping Beam","White Noise"],"picked":"Glacier","floor":14.0},{"not_picked":["Buffer","Thunder Strike"],"picked":"Seek","floor":16.0},{"not_picked":["Compile Driver+1","Streamline"],"picked":"Gash","floor":18.0},{"not_picked":["Streamline","Heatsinks"],"picked":"Turbo","floor":19.0},{"not_picked":["REME_Compress","Rebound"],"picked":"Go for the Eyes","floor":21.0},{"not_picked":["Static Discharge","ReplaySolidLightProjector"],"picked":"Sweeping Beam","floor":23.0},{"not_picked":["Rebound","BasicCrystalCard","Hologram"],"picked":"SKIP","floor":25.0},{"not_picked":["Conserve Battery","Compile Driver","Sweeping Beam"],"picked":"SKIP","floor":28.0},{"not_picked":["Loop+1","Gash"],"picked":"Electrodynamics","floor":30.0},{"not_picked":["Go for the Eyes","BasicCrystalCard"],"picked":"Ball Lightning","floor":32.0},{"not_picked":["Multi-Cast","Hyperbeam"],"picked":"All For One","floor":33.0},{"not_picked":["ReplayTheSpireMod:Omega Cannon","Sunder"],"picked":"Stack","floor":35.0},{"not_picked":["Cold Snap","Barrage+1"],"picked":"Recycle+1","floor":38.0},{"not_picked":["ReplayTheSpireMod:Repulse","Compile Driver","Rip and Tear"],"picked":"SKIP","floor":39.0},{"not_picked":["Gash","Go for the Eyes","Glacier"],"picked":"SKIP","floor":41.0},{"not_picked":["Beam Cell","Cold Snap"],"picked":"Redo+1","floor":42.0},{"not_picked":["ReplayTheSpireMod:Fabricate Wheel","Steam"],"picked":"Lockon","floor":44.0},{"not_picked":["Reinforced Body","Go for the Eyes+1","Barrage"],"picked":"SKIP","floor":45.0},{"not_picked":["Go for the Eyes+1","Barrage"],"picked":"Reinforced Body","floor":45.0},{"not_picked":["Amplify","REME_SelfUpgrade+1"],"picked":"Tempest","floor":47.0},{"not_picked":["Steam","Go for the Eyes"],"picked":"Defragment","floor":48.0},{"not_picked":["Streamline","Buffer"],"picked":"Mirror Shield","floor":55}],"player_experience":187958,"relics_obtained":[{"floor":6.0,"key":"Replay:Antivirus Software"},{"floor":9.0,"key":"Orichalcum"},{"floor":12.0,"key":"Letter Opener"},{"floor":23.0,"key":"MealTicket"},{"floor":28.0,"key":"Blue Doll"},{"floor":30.0,"key":"Dream Catcher"},{"floor":41.0,"key":"Happy Flower"},{"floor":43.0,"key":"Replay:Rubber Ducky"},{"floor":44.0,"key":"Symbiotic Virus"},{"floor":47.0,"key":"Replay:Wax Seal"},{"floor":55,"key":"Whetstone"}],"event_choices":[{"damage_healed":0.0,"max_hp_gain":0.0,"max_hp_loss":0.0,"gold_gain":0.0,"event_name":"WeMeetAgain","player_choice":"Paid Gold","floor":8.0,"gold_loss":95.0,"damage_taken":0.0,"relics_obtained":["testmod-OneHitWonder"]},{"cards_removed":["Strike_B"],"damage_healed":0.0,"max_hp_gain":0.0,"max_hp_loss":0.0,"gold_gain":0.0,"event_name":"Back to Basics","player_choice":"Elegance","floor":20.0,"gold_loss":0.0,"damage_taken":0.0},{"damage_healed":0.0,"max_hp_gain":0.0,"max_hp_loss":0.0,"gold_gain":0.0,"event_name":"Vampires","player_choice":"Ignored","floor":22.0,"gold_loss":0.0,"damage_taken":0.0},{"damage_healed":0.0,"max_hp_gain":0.0,"max_hp_loss":0.0,"gold_gain":0.0,"cards_transformed":["Defend_B","Redo"],"event_name":"Drug Dealer","player_choice":"Became Test Subject","floor":29.0,"gold_loss":0.0,"damage_taken":0.0,"cards_obtained":["Static Discharge","ReplayRNGCard"]},{"damage_healed":0.0,"max_hp_gain":0.0,"max_hp_loss":0.0,"gold_gain":0.0,"event_name":"N\u0027loth","player_choice":"Traded Relic","floor":31.0,"relics_lost":["testmod-TestBox"],"gold_loss":0.0,"damage_taken":0.0,"relics_obtained":["Nloth\u0027s Gift"]},{"cards_removed":["Static Discharge"],"damage_healed":2.0,"max_hp_gain":0.0,"max_hp_loss":0.0,"gold_gain":0.0,"event_name":"Bonfire Elementals","player_choice":"Offered Uncommon","floor":37.0,"gold_loss":0.0,"damage_taken":0.0}],"is_beta":false,"boss_relics":[{"not_picked":["Calling Bell","REME_DemonsWealth"],"picked":"Astrolabe"},{"not_picked":["Fusion Hammer","Honey Jar"],"picked":"testmod-EnergyCheck"}],"items_purged_floors":[24],"is_endless":false,"potions_floor_spawned":[2,3,5,10,11,14,16,18,23,25,28,30,39,41,45,47,55],"killed_by":"The Heart","ascension_level":20}}