{"host":"6qo42zgaknezulyg","time":1608941949,"event":{"mods":["2.2 Compatiblity","BaseMod","Colored Map","Downfall","Highlight Path","Keyboard Shortcuts","Minty Spire (QoL Compilation)","Permanent Neow","Quick Restart","StSLib","SuperFastMode"],"gold_per_floor":[0,14,33,48,48,33,33,52,52,69,69,99,99,249,268,365,365,365,385,395,410,320,347,347,347,272,289,306,340,340,340,359,462,462,462,482,498,513,533,533,533,553,565,600,600,585,585,200,210,210],"floor_reached":51,"playtime":2655,"items_purged":["Slimebound:Icky","champ:Strike"],"score":998,"play_id":"7c3c3ebf-c423-4bc8-a17e-4f75367b04d1","local_time":"20201226091909","is_ascension_mode":true,"campfire_choices":[{"data":"champ:VampiricStrike","floor":1.0,"key":"SMITH"},{"data":"champ:Taunt","floor":9.0,"key":"SMITH"},{"data":"champ:Aggression","floor":13.0,"key":"SMITH"},{"data":"champ:Devastate","floor":18.0,"key":"SMITH"},{"data":"champ:FanOfKnives","floor":26.0,"key":"SMITH"},{"data":"champ:ArenaPreparation","floor":30.0,"key":"SMITH"},{"data":"champ:HoldFirm","floor":35.0,"key":"SMITH"},{"data":"champ:FaceSlap","floor":47,"key":"SMITH"}],"circlet_count":0,"master_deck":["champ:Strike","champ:Strike+1","champ:Defend","champ:Defend","champ:Defend","champ:Defend","champ:Execute","champ:Taunt+1","champ:VampiricStrike+1","champ:FanOfKnives+1","champ:Encircle+1","champ:AdrenalArmor","champ:BringItOn","champ:FaceSlap+1","champ:Aggression+1","champ:Devastate+1","champ:FocusedBerserking+1","champ:BerserkersShout+1","champ:RecklessLeap+1","Ghostly","Ghostly","Ghostly","Ghostly","Ghostly","champ:ArenaPreparation+1","champ:EndlessRage+1","champ:HoldFirm+1","champ:CrookedStrike","champ:Backstep+1","champ:CrookedStrike+1","champ:Lariat+1","champ:AdrenalArmor+1","Thinking Ahead"],"relics":["champ:ChampionCrown","Happy Flower","Coffee Dripper","Whetstone","Bottled Flame","downfall:HeartBlessingGreen","Lizard Tail","Nloth\u0027s Gift","Cursed Key","sneckomod:BlankCard","Gambling Chip","Guardian:BottledAnomaly"],"acts_visited":["Exordium","TheCity","TheBeyond"],"potions_floor_usage":[50,50,50],"damage_taken":[{"damage":16.0,"enemies":"Cultist","floor":2.0,"turns":4.0},{"damage":5.0,"enemies":"Small Slimes","floor":3.0,"turns":4.0},{"damage":8.0,"enemies":"2 Louse","floor":4.0,"turns":2.0},{"damage":15.0,"enemies":"downfall:FleeingMerchant","floor":6.0,"turns":4.0},{"damage":17.0,"enemies":"Gremlin Gang","floor":8.0,"turns":3.0},{"damage":4.0,"enemies":"Lots of Slimes","floor":10.0,"turns":1.0},{"damage":17.0,"enemies":"3 Sentries","floor":12.0,"turns":4.0},{"damage":10.0,"enemies":"2 Fungi Beasts","floor":15.0,"turns":3.0},{"damage":56.0,"enemies":"downfall:Silent","floor":16.0,"turns":8.0},{"damage":8.0,"enemies":"Spheric Guardian","floor":19.0,"turns":4.0},{"damage":10.0,"enemies":"Shell Parasite","floor":20.0,"turns":3.0},{"damage":13.0,"enemies":"Shelled Parasite and Fungi","floor":21.0,"turns":2.0},{"damage":21.0,"enemies":"downfall:FleeingMerchant","floor":22.0,"turns":4.0},{"damage":102.0,"enemies":"Slavers","floor":23.0,"turns":7.0},{"damage":15.0,"enemies":"Centurion and Healer","floor":27.0,"turns":5.0},{"damage":10.0,"enemies":"Snecko","floor":28.0,"turns":4.0},{"damage":22.0,"enemies":"Book of Stabbing","floor":29.0,"turns":6.0},{"damage":0.0,"enemies":"Snake Plant","floor":32.0,"turns":3.0},{"damage":64.0,"enemies":"downfall:Defect","floor":33.0,"turns":6.0},{"damage":48.0,"enemies":"3 Darklings","floor":36.0,"turns":6.0},{"damage":1.0,"enemies":"Orb Walker","floor":37.0,"turns":2.0},{"damage":36.0,"enemies":"Jaw Worm Horde","floor":38.0,"turns":5.0},{"damage":28.0,"enemies":"Maw","floor":39.0,"turns":6.0},{"damage":29.0,"enemies":"Transient","floor":42.0,"turns":5.0},{"damage":45.0,"enemies":"Jaw Worm Horde","floor":43.0,"turns":5.0},{"damage":97.0,"enemies":"Giant Head","floor":44.0,"turns":10.0},{"damage":30.0,"enemies":"downfall:FleeingMerchant","floor":46.0,"turns":4.0},{"damage":0,"enemies":"downfall:FleeingMerchant","floor":48,"turns":1},{"damage":30,"enemies":"4 Shapes","floor":49,"turns":5},{"damage":23,"enemies":"downfall:Ironclad","floor":50,"turns":4}],"seed_played":"1027728283680113505","potions_obtained":[{"floor":2.0,"key":"BlessingOfTheForge"},{"floor":3.0,"key":"SteroidPotion"},{"floor":8.0,"key":"DuplicationPotion"},{"floor":20.0,"key":"BlessingOfTheForge"},{"floor":21.0,"key":"Dexterity Potion"},{"floor":27.0,"key":"Swift Potion"},{"floor":29.0,"key":"FearPotion"},{"floor":37.0,"key":"CultistPotion"},{"floor":42.0,"key":"PowerPotion"}],"is_trial":false,"path_per_floor":["R","M","M","M","?","$","T","M","R","M","?","E","R","?","M","B",null,"R","M","M","M","$","E","T","?","R","M","M","E","R","?","M","B",null,"R","M","M","M","M","?","T","M","M","E","?","$","R","$","M","B",null],"character_chosen":"THE_CHAMP","items_purchased":["Gambling Chip","Guardian:BottledAnomaly","Thinking Ahead"],"campfire_rested":0,"item_purchase_floors":[48,48,48],"current_hp_per_floor":[90,90,90,90,90,90,90,80,80,80,80,82,82,82,90,68,90,90,90,90,90,90,46,46,45,45,45,45,45,45,45,45,45,45,45,44,45,45,45,45,45,45,45,41,41,31,31,31,41,45],"gold":210,"neow_bonus":"THREE_RARE_CARDS","is_daily":false,"chose_seed":false,"campfire_upgraded":8,"win_rate":0.0,"timestamp":1608941949,"path_taken":["R","M","M","M","?","$","T","M","R","M","?","E","R","?","M","BOSS","R","M","M","M","$","E","T","?","R","M","M","E","R","?","M","BOSS","R","M","?","?","M","?","T","?","M","E","?","$","R","$","M","BOSS"],"items_purchased_type":["Relic","Relic","Card"],"build_version":"2020-12-22","purchased_purges":2,"victory":true,"max_hp_per_floor":[90,90,90,90,90,90,90,90,90,90,90,90,90,90,90,90,90,90,90,90,90,90,90,90,45,45,45,45,45,45,45,45,45,45,45,45,45,45,45,45,45,45,45,45,45,45,45,45,45,45],"card_choices":[{"not_picked":["champ:HoldFirm","champ:SteelEdge"],"picked":"champ:VampiricStrike","floor":0.0},{"not_picked":["champ:FlashCut","champ:ShieldWall","champ:SkillfulDodge"],"picked":"SKIP","floor":2.0},{"not_picked":["champ:FightOn","champ:CrookedStrike"],"picked":"champ:FanOfKnives","floor":3.0},{"not_picked":["champ:BringItOn","champ:StanceDance"],"picked":"champ:Encircle","floor":4.0},{"not_picked":["champ:FocusedGladiator","champ:PerfectedStrike"],"picked":"champ:AdrenalArmor","floor":6.0},{"not_picked":["champ:DeathBlow","champ:TornadoPunch"],"picked":"champ:BringItOn","floor":8.0},{"not_picked":["champ:FlashCut","champ:FocusedGladiator"],"picked":"champ:FaceSlap","floor":10.0},{"not_picked":["champ:StanceDance","champ:PerfectedStrike"],"picked":"champ:Aggression","floor":12.0},{"not_picked":["champ:DeathBlow","champ:Encircle","champ:FightOn"],"picked":"SKIP","floor":15.0},{"not_picked":["champ:VampiricStrike","champ:SwordThrow"],"picked":"champ:Devastate","floor":16.0},{"not_picked":["champ:ShieldSigil+1","champ:RageSigil+1"],"picked":"champ:FocusedBerserking+1","floor":19.0},{"not_picked":["champ:HeartStrike+1","champ:DefensiveShout","champ:RageSigil+1"],"picked":"SKIP","floor":20.0},{"not_picked":["champ:Circumvent","champ:EnragedBash+1"],"picked":"champ:BerserkersShout+1","floor":21.0},{"not_picked":["champ:FocusedGladiator","champ:PerfectedStrike","champ:BerserkersShout+1"],"picked":"SKIP","floor":22.0},{"not_picked":["champ:SwordThrow","champ:HeartStrike"],"picked":"champ:RecklessLeap","floor":23.0},{"not_picked":["champ:BerserkersShout","champ:BringItOn","champ:FlashCut"],"picked":"SKIP","floor":27.0},{"not_picked":["champ:EnragedBash","champ:Haymaker"],"picked":"champ:ArenaPreparation","floor":28.0},{"not_picked":["champ:MurderStrike","champ:Circumvent","champ:IronFortress"],"picked":"SKIP","floor":29.0},{"not_picked":["champ:Haymaker","champ:TornadoPunch"],"picked":"champ:EndlessRage+1","floor":32.0},{"not_picked":["champ:EnchantSword","champ:MurderStrike"],"picked":"champ:HoldFirm","floor":33.0},{"not_picked":["champ:RageSigil","champ:RisingSlash+1"],"picked":"champ:CrookedStrike","floor":36.0},{"not_picked":["champ:LastStand","champ:FlashCut+1","champ:ShieldWall+1"],"picked":"SKIP","floor":37.0},{"not_picked":["champ:BladeFlurry+1","champ:AdrenalArmor","champ:PreciseThrust+1"],"picked":"SKIP","floor":38.0},{"not_picked":["champ:ShieldSigil","champ:TornadoPunch","champ:DefensiveStyle"],"picked":"SKIP","floor":39.0},{"not_picked":["champ:ShieldSigil","champ:TornadoPunch","champ:DefensiveStyle"],"picked":"SKIP","floor":39.0},{"not_picked":["champ:BerserkersShout+1","champ:ViciousMockery"],"picked":"champ:Backstep+1","floor":42.0},{"not_picked":["champ:Haymaker","champ:RageSigil+1"],"picked":"champ:CrookedStrike+1","floor":43.0},{"not_picked":["champ:SwordThrow","champ:GladiatorStyle"],"picked":"champ:Lariat+1","floor":44.0},{"not_picked":["champ:FlashCut","champ:ShieldThrow","champ:RageSigil"],"picked":"SKIP","floor":46},{"not_picked":["champ:FlashCut","champ:ShieldThrow","champ:RageSigil"],"picked":"SKIP","floor":46},{"not_picked":["champ:IronFortress+1","champ:FocusedDefense"],"picked":"champ:AdrenalArmor+1","floor":48},{"not_picked":["champ:AdrenalArmor+1","champ:Circumvent","champ:ShieldWall+1"],"picked":"SKIP","floor":49}],"player_experience":1042175,"relics_obtained":[{"floor":7.0,"key":"Bag of Preparation"},{"floor":12.0,"key":"Happy Flower"},{"floor":23.0,"key":"Whetstone"},{"floor":24.0,"key":"Bottled Flame"},{"floor":29.0,"key":"Lizard Tail"},{"floor":44.0,"key":"sneckomod:BlankCard"}],"event_choices":[{"damage_healed":0.0,"max_hp_gain":0.0,"max_hp_loss":45.0,"gold_gain":0.0,"event_name":"Ghosts","player_choice":"Became a Ghost","floor":25.0,"gold_loss":0.0,"damage_taken":0.0,"cards_obtained":["Ghostly","Ghostly","Ghostly","Ghostly","Ghostly"]},{"damage_healed":0.0,"max_hp_gain":0.0,"max_hp_loss":0.0,"gold_gain":0.0,"event_name":"Accursed Blacksmith","player_choice":"Forge","floor":40.0,"gold_loss":0.0,"damage_taken":0.0,"cards_upgraded":["champ:RecklessLeap"]}],"is_beta":false,"boss_relics":[{"not_picked":["Astrolabe","expansioncontent:StudyCardRelic"],"picked":"Coffee Dripper"},{"not_picked":["Calling Bell","Fusion Hammer"],"picked":"Cursed Key"}],"items_purged_floors":[22,48],"is_endless":false,"potions_floor_spawned":[2,3,8,10,20,21,27,29,32,37,38,42,49],"ascension_level":4}}