{"host":"m6h67kf6cz80m3yv","time":1608994397,"event":{"mods":["BaseMod","Better Third Choice","BetterRewards","CatGirl Mod","Colored Powertips","Downfall","Duelist Mod","Hermit","Luminous","Marisa????????","Minty Spire (QoL Compilation)","Quick Restart","Shade Mod","Shop Mod","StSLib","SuperFastMode","Td1madao Mod","The Alterego","The Marked","The Servant 0.9.4"],"gold_per_floor":[364,10,185,185,200,230,230,245,245,154,164,189,189,220,220,317,317,336,336,336],"floor_reached":19,"playtime":1245,"items_purged":[],"score":185,"play_id":"83f80f3b-7e7b-465f-b77b-0d3e31a74f13","local_time":"20201226125317","is_ascension_mode":false,"campfire_choices":[{"floor":7,"key":"REST"},{"floor":13,"key":"REST"},{"data":"expansioncontent:YouAreMine","floor":15,"key":"SMITH"}],"circlet_count":0,"master_deck":["theCatGirl:Strike","theCatGirl:Strike+1","theCatGirl:Strike+1","theCatGirl:Defend","theCatGirl:Defend","theCatGirl:ClawStrike","theCatGirl:Evasion","theCatGirl:Claws","Doubt","Burn","theCatGirl:ClenchYourTeeth","theCatGirl:KeepAlert","expansioncontent:YouAreMine+1","theCatGirl:PoisedStrike","theCatGirl:PerfectBlock+1","theCatGirl:Claws","theCatGirl:PoiseStance","theCatGirl:LearnThePattern+1","theCatGirl:FinishingMove+1","theCatGirl:DefensiveStance+1","theCatGirl:Claws"],"relics":["theCatGirl:TrainedRelic","TungstenRod","Ancient Tea Set","Meat on the Bone","Toxic Egg 2","Whetstone","Astrolabe"],"acts_visited":["Exordium","TheCity"],"potions_floor_usage":[6,12],"damage_taken":[{"damage":1,"enemies":"Cultist","floor":1,"turns":5},{"damage":3,"enemies":"Small Slimes","floor":5,"turns":4},{"damage":33,"enemies":"Lagavulin","floor":6,"turns":10},{"damage":3,"enemies":"Jaw Worm","floor":8,"turns":5},{"damage":19,"enemies":"Exordium Wildlife","floor":11,"turns":10},{"damage":40,"enemies":"3 Sentries","floor":12,"turns":13},{"damage":3,"enemies":"Lagavulin","floor":14,"turns":9},{"damage":30,"enemies":"The Guardian","floor":16,"turns":13},{"damage":23,"enemies":"Spheric Guardian","floor":18,"turns":6},{"damage":45,"enemies":"Masked Bandits","floor":19,"turns":5}],"seed_played":"-6721629516556518508","potions_obtained":[{"floor":1,"key":"Fire Potion"},{"floor":6,"key":"SkillPotion"},{"floor":11,"key":"FairyPotion"},{"floor":18,"key":"Dexterity Potion"}],"is_trial":false,"path_per_floor":["M","$","?","?","M","E","R","M","T","$","M","E","R","E","R","B",null,"M","?"],"character_chosen":"THE_CATGIRL","items_purchased":["theCatGirl:Claws","TungstenRod","expansioncontent:YouAreMine"],"campfire_rested":2,"item_purchase_floors":[2,2,10],"current_hp_per_floor":[62,62,62,62,59,26,44,41,41,41,34,30,48,45,45,27,63,40,0,0],"gold":336,"neow_bonus":"TWO_FIFTY_GOLD","is_daily":false,"chose_seed":false,"campfire_upgraded":1,"win_rate":0.0,"timestamp":1608994397,"path_taken":["M","$","?","?","M","E","R","M","T","?","M","E","R","E","R","BOSS","M","?"],"items_purchased_type":["Card","Relic","Card"],"build_version":"2020-12-22","purchased_purges":0,"victory":false,"max_hp_per_floor":[63,63,63,63,63,63,63,63,63,63,63,63,63,63,63,63,63,63,63,63],"card_choices":[{"not_picked":["theCatGirl:ThatWasntIt","theCatGirl:RunningWithDaggers","theCatGirl:EmergencyParry"],"picked":"SKIP","floor":1},{"not_picked":["theCatGirl:BodyBlow","theCatGirl:SpinningStrike"],"picked":"theCatGirl:ClenchYourTeeth","floor":5},{"not_picked":["theCatGirl:AllIn","theCatGirl:TryingMyBest"],"picked":"theCatGirl:KeepAlert","floor":6},{"not_picked":["theCatGirl:ElegantStrike","theCatGirl:UnrelentingAssault","theCatGirl:Stalk"],"picked":"SKIP","floor":8},{"not_picked":["theCatGirl:TryingMyBest","theCatGirl:TrainWreck"],"picked":"theCatGirl:PoisedStrike","floor":11},{"not_picked":["theCatGirl:BloodBath","theCatGirl:QuickStrike"],"picked":"theCatGirl:PerfectBlock+1","floor":12},{"not_picked":["theCatGirl:AccidentalSlap","theCatGirl:Parry"],"picked":"theCatGirl:Claws","floor":14},{"not_picked":["theCatGirl:LearnThePattern+1","theCatGirl:HungerClaw"],"picked":"theCatGirl:PoiseStance","floor":16},{"not_picked":["theCatGirl:ElegantStrike","theCatGirl:DecliningDefenses+1"],"picked":"theCatGirl:Claws","floor":18}],"player_experience":306923,"relics_obtained":[{"floor":6,"key":"Ancient Tea Set"},{"floor":9,"key":"Meat on the Bone"},{"floor":12,"key":"Toxic Egg 2"},{"floor":14,"key":"Whetstone"}],"event_choices":[{"damage_healed":0,"gold_gain":175,"player_choice":"AGREE","damage_taken":10,"max_hp_gain":0,"max_hp_loss":0,"event_name":"betterThird:BetterSerpent","floor":3,"gold_loss":0},{"damage_healed":62,"gold_gain":0,"player_choice":"Embrace Burn","damage_taken":0,"max_hp_gain":0,"max_hp_loss":63,"event_name":"betterThird:BetterShining","floor":4,"gold_loss":0},{"damage_healed":0,"gold_gain":0,"player_choice":"Fought Bandits","damage_taken":0,"max_hp_gain":0,"max_hp_loss":0,"event_name":"Masked Bandits","floor":19,"gold_loss":0}],"is_beta":false,"boss_relics":[{"not_picked":["Calling Bell","Ectoplasm"],"picked":"Astrolabe"}],"items_purged_floors":[],"is_endless":false,"potions_floor_spawned":[1,6,11,18],"killed_by":"Masked Bandits","ascension_level":0}}