{"host":"cnluwb240fdd52tp","time":1608942273,"event":{"mods":["BaseMod","Colored Map","Minty Spire (QoL Compilation)","Rare Cards Sparkle","StSLib"],"gold_per_floor":[118,136,136,149,99,125,125,135,135,147,174,174,174,184,184,281,281,296,308,308,308,321,349,349,364,433,708,343,360,380,94,94,94,94],"floor_reached":33,"playtime":2643,"items_purged":["Regret","Heavy Blade+1"],"score":318,"play_id":"c3dc710f-33ba-47dc-9f4b-6a488e695464","local_time":"20201226012433","is_ascension_mode":true,"campfire_choices":[{"data":"Perfected Strike","floor":7,"key":"SMITH"},{"floor":13,"key":"REST"},{"data":"Pommel Strike","floor":15,"key":"SMITH"},{"floor":24,"key":"REST"},{"data":"Metamorphosis","floor":32,"key":"SMITH"}],"circlet_count":0,"master_deck":["Strike_R","Strike_R","Strike_R","Strike_R","Strike_R","Defend_R","Perfected Strike+1","Clash","Pommel Strike+1","Clash","Burning Pact+1","Iron Wave+1","Clash","Anger+1","Dark Embrace","Clash+1","Brutality","Metamorphosis+1"],"relics":["Burning Blood","NeowsBlessing","Vajra","Ornamental Fan","Strawberry","Dream Catcher","Astrolabe","Molten Egg 2","Bronze Scales","InkBottle","Ginger"],"acts_visited":["Exordium","TheCity"],"potions_floor_usage":[6,16,16,23,23,33],"damage_taken":[{"damage":0,"enemies":"Small Slimes","floor":1,"turns":1},{"damage":0,"enemies":"Jaw Worm","floor":2,"turns":1},{"damage":0,"enemies":"Cultist","floor":4,"turns":1},{"damage":26,"enemies":"Lagavulin","floor":6,"turns":5},{"damage":7,"enemies":"3 Louse","floor":8,"turns":2},{"damage":5,"enemies":"Looter","floor":10,"turns":2},{"damage":17,"enemies":"Gremlin Nob","floor":11,"turns":4},{"damage":0,"enemies":"2 Fungi Beasts","floor":14,"turns":2},{"damage":42,"enemies":"The Guardian","floor":16,"turns":9},{"damage":18,"enemies":"Shell Parasite","floor":18,"turns":4},{"damage":5,"enemies":"2 Thieves","floor":19,"turns":3},{"damage":26,"enemies":"Shelled Parasite and Fungi","floor":22,"turns":3},{"damage":36,"enemies":"Book of Stabbing","floor":23,"turns":4},{"damage":0,"enemies":"Centurion and Healer","floor":25,"turns":3},{"damage":15,"enemies":"Chosen and Byrds","floor":29,"turns":4},{"damage":0,"enemies":"Snecko","floor":30,"turns":2},{"damage":59,"enemies":"Collector","floor":33,"turns":3}],"seed_played":"3465386212619214157","potions_obtained":[{"floor":1,"key":"FearPotion"},{"floor":2,"key":"SkillPotion"},{"floor":10,"key":"LiquidBronze"},{"floor":16,"key":"BlessingOfTheForge"},{"floor":19,"key":"GamblersBrew"},{"floor":23,"key":"Dexterity Potion"},{"floor":25,"key":"Block Potion"}],"is_trial":false,"path_per_floor":["M","M","?","M","?","E","R","M","T","M","E","$","R","M","R","B",null,"M","M","?","?","M","E","R","M","T","?","$","M","M","$","R","B"],"character_chosen":"IRONCLAD","items_purchased":["Ginger","Metamorphosis"],"campfire_rested":2,"item_purchase_floors":[28,31],"current_hp_per_floor":[80,80,77,80,80,60,60,59,66,67,56,56,82,87,87,51,87,75,76,76,76,56,26,52,58,58,58,58,49,55,55,55,0,0],"gold":94,"neow_bonus":"THREE_ENEMY_KILL","is_daily":false,"chose_seed":false,"campfire_upgraded":3,"win_rate":0.0,"timestamp":1608942273,"path_taken":["M","M","?","M","?","E","R","M","T","M","E","?","R","M","R","BOSS","M","M","?","?","M","E","R","M","T","?","$","?","M","$","R","BOSS"],"items_purchased_type":["Relic","Card"],"build_version":"2020-12-22","purchased_purges":2,"victory":false,"max_hp_per_floor":[80,80,80,80,80,80,80,80,87,87,87,87,87,87,87,87,87,87,87,87,87,87,87,87,87,87,87,87,87,87,87,87,87,87],"card_choices":[{"not_picked":["Sentinel","Cleave"],"picked":"Perfected Strike","floor":1},{"not_picked":["Flame Barrier","Armaments","True Grit"],"picked":"SKIP","floor":2},{"not_picked":["True Grit","Sword Boomerang","Havoc"],"picked":"SKIP","floor":4},{"not_picked":["Wild Strike","Searing Blow"],"picked":"Clash","floor":6},{"not_picked":["Whirlwind","Brutality"],"picked":"Pommel Strike","floor":8},{"not_picked":["Wild Strike","Cleave","Iron Wave"],"picked":"SKIP","floor":10},{"not_picked":["Demon Form","Warcry","Flame Barrier"],"picked":"SKIP","floor":11},{"not_picked":["Heavy Blade","Thunderclap"],"picked":"Clash","floor":14},{"not_picked":["Hemokinesis","Disarm","Second Wind"],"picked":"SKIP","floor":18},{"not_picked":["Rage","Dual Wield"],"picked":"Clash","floor":19},{"not_picked":["Cleave+1","Reckless Charge+1"],"picked":"Anger+1","floor":22},{"not_picked":["Reckless Charge+1","Flex","Disarm"],"picked":"SKIP","floor":23},{"not_picked":["Warcry","Body Slam+1"],"picked":"Dark Embrace","floor":25},{"not_picked":["Shockwave+1","Headbutt+1"],"picked":"Clash+1","floor":29},{"not_picked":["Body Slam+1","Havoc+1"],"picked":"Brutality","floor":30}],"player_experience":123372,"relics_obtained":[{"floor":6,"key":"Ornamental Fan"},{"floor":9,"key":"Strawberry"},{"floor":11,"key":"Dream Catcher"},{"floor":23,"key":"Bronze Scales"},{"floor":26,"key":"InkBottle"}],"event_choices":[{"damage_healed":0,"gold_gain":0,"player_choice":"Success","damage_taken":3,"relics_obtained":["Vajra"],"max_hp_gain":0,"max_hp_loss":0,"event_name":"Scrap Ooze","floor":3,"gold_loss":0},{"cards_removed":["Defend_R"],"damage_healed":0,"gold_gain":0,"player_choice":"Card Removal","damage_taken":0,"max_hp_gain":0,"max_hp_loss":0,"event_name":"The Cleric","floor":5,"gold_loss":50},{"damage_healed":0,"gold_gain":0,"player_choice":"Opened","damage_taken":0,"relics_obtained":["Molten Egg 2"],"max_hp_gain":0,"max_hp_loss":0,"event_name":"The Mausoleum","floor":20,"gold_loss":0,"cards_obtained":["Writhe"]},{"cards_removed":["Writhe"],"damage_healed":0,"gold_gain":0,"player_choice":"Elegance","damage_taken":0,"max_hp_gain":0,"max_hp_loss":0,"event_name":"Back to Basics","floor":21,"gold_loss":0},{"damage_healed":0,"gold_gain":275,"player_choice":"Desecrate","damage_taken":0,"max_hp_gain":0,"max_hp_loss":0,"event_name":"Golden Shrine","floor":27,"gold_loss":0,"cards_obtained":["Regret"]}],"is_beta":false,"boss_relics":[{"not_picked":["Snecko Eye","Sozu"],"picked":"Astrolabe"}],"items_purged_floors":[28,31],"is_endless":false,"potions_floor_spawned":[1,2,10,16,19,23,25],"killed_by":"Collector","ascension_level":1}}