{"host":"3y2rtlgteqp2nuo3","time":1608983650,"event":{"mods":["2.2 Compatiblity","AchievementEnabler","BaseMod","Colored Map","DeckTracker","Highlight Path","Keyboard Shortcuts","Minty Spire (QoL Compilation)","Permanent Neow","Quick Restart","StSLib","SuperFastMode","everything is the same but u backflip on backflip"],"gold_per_floor":[18,34,52,64,64,64,239,164,187,231,231,267,267,159,159,282,282,303,316,130,130,38,38,79,79,79,93,93,93,116,141,141,141,141],"floor_reached":33,"playtime":673,"items_purged":["Doubt"],"score":316,"play_id":"48024b57-2d66-40e5-873d-104e27522cf8","local_time":"20201226205410","is_ascension_mode":true,"campfire_choices":[{"data":"Coolheaded","floor":6.0,"key":"SMITH"},{"data":"Zap","floor":11.0,"key":"SMITH"},{"data":"Beam Cell","floor":13.0,"key":"SMITH"},{"data":"Go for the Eyes","floor":15.0,"key":"SMITH"},{"data":"RitualDagger","floor":23.0,"key":"SMITH"},{"data":"Thunder Strike","floor":25.0,"key":"SMITH"},{"data":"Glacier","floor":32.0,"key":"SMITH"}],"circlet_count":0,"master_deck":["Zap+1","Dualcast","Compile Driver","Go for the Eyes+1","Coolheaded+1","Ball Lightning","Beam Cell+1","Thunder Strike+1","Rainbow","Aggregate","Capacitor","Rainbow","Blizzard","Streamline","Turbo+1","Glacier+1","RitualDagger+1","Glacier","FTL+1","Go for the Eyes+1"],"relics":["Cracked Core","Golden Idol","Boot","Pen Nib","The Courier","Oddly Smooth Stone","Pandora\u0027s Box","Membership Card","Ancient Tea Set","MealTicket","Omamori","Cables"],"acts_visited":["Exordium","TheCity"],"potions_floor_usage":[33,33],"damage_taken":[{"damage":0.0,"enemies":"2 Louse","floor":1.0,"turns":2.0},{"damage":0.0,"enemies":"Small Slimes","floor":2.0,"turns":4.0},{"damage":0.0,"enemies":"Cultist","floor":3.0,"turns":3.0},{"damage":1.0,"enemies":"Looter","floor":4.0,"turns":4.0},{"damage":17.0,"enemies":"Gremlin Nob","floor":10.0,"turns":4.0},{"damage":7.0,"enemies":"3 Sentries","floor":12.0,"turns":5.0},{"damage":10.0,"enemies":"Slime Boss","floor":16.0,"turns":6.0},{"damage":23.0,"enemies":"Shell Parasite","floor":18.0,"turns":4.0},{"damage":5.0,"enemies":"Chosen","floor":19.0,"turns":2.0},{"damage":18.0,"enemies":"Book of Stabbing","floor":24.0,"turns":4.0},{"damage":8.0,"enemies":"3 Cultists","floor":27.0,"turns":3.0},{"damage":0.0,"enemies":"Snake Plant","floor":28.0,"turns":1.0},{"damage":21.0,"enemies":"Cultist and Chosen","floor":30.0,"turns":5.0},{"damage":3.0,"enemies":"3 Cultists","floor":31.0,"turns":3.0},{"damage":50,"enemies":"Automaton","floor":33,"turns":6}],"seed_played":"5147709430183869321","potions_obtained":[{"floor":2.0,"key":"SkillPotion"},{"floor":3.0,"key":"Weak Potion"},{"floor":18.0,"key":"AttackPotion"},{"floor":19.0,"key":"SmokeBomb"},{"floor":27.0,"key":"BlessingOfTheForge"},{"floor":30.0,"key":"SkillPotion"},{"floor":31.0,"key":"CultistPotion"}],"is_trial":false,"path_per_floor":["M","M","M","M","?","R","?","$","T","E","R","E","R","?","R","B",null,"M","M","$","?","$","R","E","R","T","M","M","?","M","M","R","B"],"character_chosen":"DEFECT","items_purchased":["Membership Card","Ancient Tea Set","Glacier","MealTicket"],"campfire_rested":0,"item_purchase_floors":[20,20,22,22],"current_hp_per_floor":[75,75,75,74,56,56,56,56,56,39,39,32,32,32,32,22,75,52,47,47,41,41,41,23,23,23,15,15,40,19,16,16,0,0],"gold":141,"neow_bonus":"REMOVE_TWO","is_daily":false,"chose_seed":false,"campfire_upgraded":7,"win_rate":0.0,"timestamp":1608983650,"path_taken":["M","M","M","M","?","R","?","$","T","E","R","E","R","?","R","BOSS","M","M","$","?","$","R","E","R","T","M","M","?","M","M","R","BOSS"],"items_purchased_type":["Relic","Relic","Card","Relic"],"build_version":"2020-12-22","purchased_purges":1,"victory":false,"max_hp_per_floor":[75,75,75,75,75,75,75,75,75,75,75,75,75,75,75,75,75,75,75,75,75,75,75,75,75,75,75,75,75,75,75,75,75,75],"card_choices":[{"not_picked":["Rebound","White Noise"],"picked":"Compile Driver","floor":1.0},{"not_picked":["Reinforced Body","Redo"],"picked":"Go for the Eyes","floor":2.0},{"not_picked":["Steam","Hologram"],"picked":"Coolheaded","floor":3.0},{"not_picked":["Coolheaded","Hyperbeam"],"picked":"Ball Lightning","floor":4.0},{"not_picked":["Steam","Heatsinks"],"picked":"Beam Cell","floor":10.0},{"not_picked":["Leap","Go for the Eyes","Capacitor"],"picked":"SKIP","floor":12.0},{"not_picked":["Amplify","Multi-Cast"],"picked":"Thunder Strike","floor":16.0},{"not_picked":["Steam+1","Barrage"],"picked":"Turbo+1","floor":18.0},{"not_picked":["Rebound","Steam"],"picked":"Glacier","floor":19.0},{"not_picked":["Capacitor","Glacier+1"],"picked":"FTL+1","floor":24.0},{"not_picked":["Capacitor","Loop"],"picked":"Go for the Eyes+1","floor":27.0},{"not_picked":["Rainbow","Storm","Compile Driver"],"picked":"SKIP","floor":30.0},{"not_picked":["Hello World+1","Darkness","Ball Lightning"],"picked":"SKIP","floor":31.0}],"player_experience":648651,"relics_obtained":[{"floor":9.0,"key":"Boot"},{"floor":10.0,"key":"Pen Nib"},{"floor":12.0,"key":"The Courier"},{"floor":24.0,"key":"Omamori"},{"floor":26.0,"key":"Cables"}],"event_choices":[{"damage_healed":0.0,"max_hp_gain":0.0,"max_hp_loss":0.0,"gold_gain":0.0,"event_name":"Golden Idol","player_choice":"Take Damage","floor":5.0,"gold_loss":0.0,"damage_taken":18.0,"relics_obtained":["Golden Idol"]},{"damage_healed":0.0,"max_hp_gain":0.0,"max_hp_loss":0.0,"gold_gain":175.0,"event_name":"Liars Game","player_choice":"AGREE","floor":7.0,"gold_loss":0.0,"damage_taken":0.0,"cards_obtained":["Doubt"]},{"damage_healed":0.0,"max_hp_gain":0.0,"max_hp_loss":0.0,"gold_gain":0.0,"event_name":"WeMeetAgain","player_choice":"Paid Gold","floor":14.0,"gold_loss":108.0,"damage_taken":0.0,"relics_obtained":["Oddly Smooth Stone"]},{"damage_healed":0.0,"max_hp_gain":0.0,"max_hp_loss":0.0,"gold_gain":0.0,"event_name":"Nest","player_choice":"Joined the Cult","floor":21.0,"gold_loss":0.0,"damage_taken":6.0,"cards_obtained":["RitualDagger"]},{"damage_healed":25.0,"max_hp_gain":0.0,"max_hp_loss":0.0,"gold_gain":0.0,"event_name":"The Library","player_choice":"Heal","floor":29.0,"gold_loss":0.0,"damage_taken":0.0}],"is_beta":false,"boss_relics":[{"not_picked":["Coffee Dripper","Runic Pyramid"],"picked":"Pandora\u0027s Box"}],"items_purged_floors":[8],"is_endless":false,"potions_floor_spawned":[2,3,18,19,27,30,31],"killed_by":"Automaton","ascension_level":3}}