{"host":"bq4pt811tk9yrmjl","time":1608942160,"event":{"mods":["AchievementEnabler","BaseMod","Colored Map","Colored Powertips","Defuse TimeMaze Blight","Minty Spire (QoL Compilation)","StSLib","SuperFastMode","UnlockEverythingMod"],"gold_per_floor":[117,117,42,42,52,52,78,78,102,130,104,33,45,62,62,157,157,168,168,93,109,159,159,189,189,213,231,242,255,281,297,297,396,446,446],"floor_reached":34,"playtime":602,"items_purged":["Regret"],"score":446,"play_id":"bfb7d969-987e-44c8-8007-4e8063460807","local_time":"20201225222240","is_ascension_mode":true,"campfire_choices":[{"data":"Neutralize","floor":6,"key":"SMITH"},{"data":"Accuracy","floor":8,"key":"SMITH"},{"data":"Cloak And Dagger","floor":15,"key":"SMITH"},{"data":"Accuracy","floor":23,"key":"SMITH"},{"floor":25,"key":"REST"},{"floor":32,"key":"REST"}],"circlet_count":0,"master_deck":["Strike_G","Strike_G","Strike_G+1","Strike_G","Strike_G","Defend_G+1","Defend_G","Defend_G","Defend_G","Defend_G+1","Survivor","Neutralize+1","Accuracy+1","Dagger Spray","Blade Dance","Accuracy+1","Cloak And Dagger+1","Adrenaline","Backstab","Flying Knee","Accuracy","Dash+1","Bouncing Flask","Envenom"],"relics":["Ring of the Snake","NeowsBlessing","Dream Catcher","Toy Ornithopter","War Paint","Black Star","Blue Candle","Akabeko","Regal Pillow","Ancient Tea Set","Strawberry","Mercury Hourglass","MealTicket","Tiny House"],"acts_visited":["Exordium","TheCity","TheBeyond"],"potions_floor_usage":[10,16,24,24,28,30,33],"damage_taken":[{"damage":0.0,"enemies":"2 Louse","floor":1.0,"turns":1.0},{"damage":0,"enemies":"Small Slimes","floor":5,"turns":1},{"damage":0,"enemies":"3 Sentries","floor":7,"turns":1},{"damage":24,"enemies":"Gremlin Nob","floor":10,"turns":4},{"damage":0,"enemies":"Cultist","floor":13,"turns":2},{"damage":0,"enemies":"Red Slaver","floor":14,"turns":2},{"damage":8,"enemies":"The Guardian","floor":16,"turns":11},{"damage":0,"enemies":"Chosen","floor":18,"turns":3},{"damage":0,"enemies":"3 Byrds","floor":21,"turns":4},{"damage":28,"enemies":"Slavers","floor":24,"turns":4},{"damage":8,"enemies":"Shelled Parasite and Fungi","floor":27,"turns":4},{"damage":6,"enemies":"3 Cultists","floor":28,"turns":4},{"damage":0,"enemies":"Centurion and Healer","floor":29,"turns":5},{"damage":30,"enemies":"Book of Stabbing","floor":30,"turns":6},{"damage":9,"enemies":"Snake Plant","floor":31,"turns":3},{"damage":57,"enemies":"Automaton","floor":33,"turns":9}],"seed_played":"-7705217568247439541","potions_obtained":[{"floor":5,"key":"Strength Potion"},{"floor":10,"key":"Poison Potion"},{"floor":13,"key":"LiquidBronze"},{"floor":21,"key":"Swift Potion"},{"floor":27,"key":"Energy Potion"},{"floor":28,"key":"Poison Potion"},{"floor":31,"key":"BlessingOfTheForge"},{"floor":33,"key":"Block Potion"},{"floor":34,"key":"SpeedPotion"}],"is_trial":false,"path_per_floor":["M","?","$","?","M","R","E","R","T","E","$","$","M","M","R","B",null,"M","?","?","M","T","R","E","R","T","M","M","M","E","M","R","B",null],"character_chosen":"THE_SILENT","items_purchased":["Blade Dance","Accuracy"],"campfire_rested":2,"item_purchase_floors":[11,12],"current_hp_per_floor":[70,70,70,70,70,70,70,70,70,46,46,46,46,46,46,43,70,70,70,70,70,70,70,42,70,77,69,68,68,43,34,72,20,82,82],"gold":446,"neow_bonus":"THREE_ENEMY_KILL","is_daily":false,"chose_seed":false,"campfire_upgraded":4,"win_rate":0.0,"timestamp":1608942160,"path_taken":["M","?","$","?","?","R","E","R","T","E","?","$","M","M","R","BOSS","M","?","?","M","?","R","E","R","T","M","M","M","E","?","R","BOSS"],"items_purchased_type":["Card","Card"],"build_version":"2020-12-22","purchased_purges":1,"victory":false,"max_hp_per_floor":[70,70,70,70,70,70,70,70,70,70,70,70,70,70,70,70,70,70,70,70,70,70,70,70,70,77,77,77,77,77,77,77,77,82,82],"card_choices":[{"not_picked":["Quick Slash","Outmaneuver","Setup"],"picked":"SKIP","floor":1.0},{"not_picked":["Deflect","Outmaneuver"],"picked":"Accuracy","floor":5},{"not_picked":["Predator","Prepared"],"picked":"Dagger Spray","floor":7},{"not_picked":["PiercingWail","Underhanded Strike","Heel Hook"],"picked":"SKIP","floor":10},{"not_picked":["Predator","Outmaneuver","Dodge and Roll"],"picked":"SKIP","floor":13},{"not_picked":["Deadly Poison","Backflip"],"picked":"Cloak And Dagger","floor":14},{"not_picked":["Night Terror","Storm of Steel"],"picked":"Adrenaline","floor":16},{"not_picked":["Endless Agony","Sucker Punch"],"picked":"Backstab","floor":18},{"not_picked":["Quick Slash","Masterful Stab+1"],"picked":"Flying Knee","floor":21},{"not_picked":["Dodge and Roll","Choke","Calculated Gamble"],"picked":"SKIP","floor":24},{"not_picked":["Flying Knee","Dagger Throw","Underhanded Strike+1"],"picked":"SKIP","floor":27},{"not_picked":["Quick Slash","Endless Agony","Wraith Form v2"],"picked":"SKIP","floor":28},{"not_picked":["Backflip","Endless Agony+1"],"picked":"Accuracy","floor":29},{"not_picked":["Reflex","Riddle With Holes","Cloak And Dagger"],"picked":"SKIP","floor":30},{"not_picked":["Accuracy","Dagger Spray"],"picked":"Dash+1","floor":31},{"not_picked":["Quick Slash","Sucker Punch"],"picked":"Bouncing Flask","floor":32},{"not_picked":["Glass Knife","Tools of the Trade"],"picked":"Envenom","floor":33}],"player_experience":116554,"relics_obtained":[{"floor":7,"key":"Toy Ornithopter"},{"floor":10,"key":"War Paint"},{"floor":22,"key":"Akabeko"},{"floor":24,"key":"Regal Pillow"},{"floor":24,"key":"Ancient Tea Set"},{"floor":26,"key":"Strawberry"},{"floor":30,"key":"Mercury Hourglass"},{"floor":30,"key":"MealTicket"}],"event_choices":[{"damage_healed":0,"gold_gain":0,"player_choice":"Box","damage_taken":0,"relics_obtained":["Dream Catcher"],"max_hp_gain":0,"max_hp_loss":0,"event_name":"Big Fish","floor":2,"gold_loss":0,"cards_obtained":["Regret"]},{"damage_healed":0,"gold_gain":0,"player_choice":"Full Heal","damage_taken":0,"max_hp_gain":0,"max_hp_loss":0,"event_name":"Wheel of Change","floor":4,"gold_loss":0},{"damage_healed":0,"gold_gain":0,"player_choice":"Opened","damage_taken":0,"relics_obtained":["Blue Candle"],"max_hp_gain":0,"max_hp_loss":0,"event_name":"The Mausoleum","floor":19,"gold_loss":0,"cards_obtained":["Writhe"]},{"cards_removed":["Writhe"],"damage_healed":0,"gold_gain":0,"player_choice":"Gave Gold","damage_taken":0,"max_hp_gain":0,"max_hp_loss":0,"event_name":"Beggar","floor":20,"gold_loss":75}],"is_beta":false,"boss_relics":[{"not_picked":["Velvet Choker","Cursed Key"],"picked":"Black Star"},{"not_picked":["Astrolabe","Coffee Dripper"],"picked":"Tiny House"}],"items_purged_floors":[3],"is_endless":false,"potions_floor_spawned":[5,10,13,21,27,28,31,33],"ascension_level":1}}