{"host":"sa7ebub27cgn5wai","time":1608982952,"event":{"mods":["BaseMod","Colored Map","Minty Spire (QoL Compilation)","SuperFastMode"],"gold_per_floor":[113,123,123,146,171,171,187,187,187,187,201,225,68,107,107,227,227,242,258,271,286,186,186,186,186,186,186,311,186,206,245,245,370,370,391,241,262,48,109,142,475,475,475,493,522,537,537,556,556,556],"floor_reached":51,"playtime":943,"items_purged":["Strike_G","Strike_G","Strike_G","Strike_G","Strike_G"],"score":829,"play_id":"590f2ed0-20d3-47c7-bc52-db8e313824f1","local_time":"20201226204232","is_ascension_mode":false,"campfire_choices":[{"data":"Dagger Spray","floor":6,"key":"SMITH"},{"data":"Blade Dance","floor":8,"key":"SMITH"},{"data":"Dagger Throw","floor":10,"key":"SMITH"},{"data":"Blade Dance","floor":15,"key":"SMITH"},{"data":"Blade Dance","floor":23,"key":"SMITH"},{"data":"Cloak And Dagger","floor":25,"key":"SMITH"},{"data":"After Image","floor":27,"key":"SMITH"},{"data":"Accuracy","floor":32,"key":"SMITH"},{"data":"Adrenaline","floor":42,"key":"SMITH"},{"floor":49,"key":"REST"}],"circlet_count":0,"master_deck":["Defend_G","Defend_G","Defend_G","Defend_G+1","Survivor+1","Neutralize","All Out Attack","Dagger Throw+1","Reflex","Dagger Spray+1","Blade Dance+1","Accuracy+1","Endless Agony","Infinite Blades","Blade Dance+1","After Image+1","Cloak And Dagger+1","Blade Dance+1","Prepared+1","Reflex","Blade Dance","PiercingWail","Adrenaline+1","Outmaneuver+1","Accuracy","Footwork+1","Prepared","Terror+1","Concentrate","Prepared+1","Prepared+1"],"relics":["Ring of the Snake","NeowsBlessing","Paper Crane","War Paint","WristBlade","MutagenicStrength","Eternal Feather","Ginger","Bottled Lightning","Letter Opener","Sozu","CaptainsWheel","Dream Catcher","Sundial","Molten Egg 2"],"acts_visited":["Exordium","TheCity","TheBeyond"],"potions_floor_usage":[12,28,50,50,50],"damage_taken":[{"damage":0,"enemies":"Small Slimes","floor":1,"turns":1},{"damage":0,"enemies":"Jaw Worm","floor":2,"turns":1},{"damage":0,"enemies":"2 Louse","floor":4,"turns":1},{"damage":0,"enemies":"Looter","floor":5,"turns":4},{"damage":0,"enemies":"3 Louse","floor":7,"turns":2},{"damage":0,"enemies":"Lots of Slimes","floor":11,"turns":1},{"damage":1,"enemies":"Looter","floor":12,"turns":4},{"damage":18,"enemies":"Lagavulin","floor":14,"turns":4},{"damage":36,"enemies":"Hexaghost","floor":16,"turns":8},{"damage":4,"enemies":"Chosen","floor":18,"turns":3},{"damage":6,"enemies":"2 Thieves","floor":19,"turns":3},{"damage":2,"enemies":"Snake Plant","floor":20,"turns":3},{"damage":0,"enemies":"Chosen and Byrds","floor":21,"turns":3},{"damage":0,"enemies":"Colosseum Slavers","floor":28,"turns":1},{"damage":0,"enemies":"Colosseum Nobs","floor":28,"turns":3},{"damage":0,"enemies":"Sentry and Sphere","floor":30,"turns":3},{"damage":1,"enemies":"Book of Stabbing","floor":31,"turns":4},{"damage":11,"enemies":"Champ","floor":33,"turns":6},{"damage":0,"enemies":"Orb Walker","floor":35,"turns":2},{"damage":0,"enemies":"3 Shapes","floor":37,"turns":2},{"damage":0,"enemies":"2 Orb Walkers","floor":39,"turns":3},{"damage":0,"enemies":"Nemesis","floor":40,"turns":5},{"damage":0,"enemies":"Spire Growth","floor":44,"turns":4},{"damage":9,"enemies":"Reptomancer","floor":45,"turns":4},{"damage":21,"enemies":"4 Shapes","floor":46,"turns":2},{"damage":0,"enemies":"Maw","floor":48,"turns":4},{"damage":15,"enemies":"Awakened One","floor":50,"turns":6}],"seed_played":"5997697377603612364","potions_obtained":[{"floor":2,"key":"DuplicationPotion"},{"floor":12,"key":"Fruit Juice"},{"floor":14,"key":"SteroidPotion"},{"floor":16,"key":"CunningPotion"},{"floor":28,"key":"Dexterity Potion"}],"is_trial":false,"path_per_floor":["M","M","?","M","M","R","M","R","T","R","M","M","$","E","R","B",null,"M","M","M","M","$","R","?","R","T","R","?","$","M","E","R","B",null,"M","$","M","$","?","E","?","R","T","M","E","M","?","M","R","B",null],"character_chosen":"THE_SILENT","items_purchased":["Infinite Blades","Accuracy"],"campfire_rested":1,"item_purchase_floors":[13,38],"current_hp_per_floor":[70,70,53,53,53,53,53,53,53,53,53,57,57,39,39,3,75,71,65,63,63,63,63,63,63,63,75,75,75,75,74,75,64,75,75,75,75,75,75,75,75,75,75,75,66,45,45,45,75,60],"gold":556,"neow_bonus":"THREE_ENEMY_KILL","is_daily":false,"chose_seed":false,"campfire_upgraded":9,"win_rate":0.0,"timestamp":1608982952,"path_taken":["M","M","?","M","M","R","M","R","T","R","M","M","$","E","R","BOSS","M","M","M","M","$","R","?","R","T","R","?","$","M","E","R","BOSS","M","$","M","$","?","E","?","R","T","M","E","M","?","M","R","BOSS"],"items_purchased_type":["Card","Card"],"build_version":"2020-12-22","purchased_purges":5,"victory":true,"max_hp_per_floor":[70,70,70,70,70,70,70,70,70,70,70,75,75,75,75,75,75,75,75,75,75,75,75,75,75,75,75,75,75,75,75,75,75,75,75,75,75,75,75,75,75,75,75,75,75,75,75,75,75,75],"card_choices":[{"not_picked":["Deadly Poison","Cloak And Dagger"],"picked":"All Out Attack","floor":1},{"not_picked":["Acrobatics","Prepared"],"picked":"Dagger Throw","floor":2},{"not_picked":["Footwork","Sucker Punch"],"picked":"Reflex","floor":4},{"not_picked":["Backflip","Prepared"],"picked":"Dagger Spray","floor":5},{"not_picked":["Outmaneuver","Acrobatics"],"picked":"Blade Dance","floor":7},{"not_picked":["Deflect","Quick Slash"],"picked":"Accuracy","floor":11},{"not_picked":["Backflip","Bullet Time"],"picked":"Endless Agony","floor":12},{"not_picked":["Terror","Sucker Punch"],"picked":"Blade Dance","floor":14},{"not_picked":["Tools of the Trade","Doppelganger"],"picked":"After Image","floor":16},{"not_picked":["Heel Hook+1","Underhanded Strike","Dagger Throw"],"picked":"SKIP","floor":18},{"not_picked":["Expertise+1","Setup"],"picked":"Cloak And Dagger","floor":19},{"not_picked":["Finisher","Quick Slash"],"picked":"Blade Dance","floor":20},{"not_picked":["Bouncing Flask","Bane"],"picked":"Prepared+1","floor":21},{"not_picked":["Masterful Stab+1","Outmaneuver"],"picked":"Reflex","floor":28},{"not_picked":["Prepared+1","Crippling Poison"],"picked":"Blade Dance","floor":30},{"not_picked":["Sucker Punch","Dodge and Roll"],"picked":"PiercingWail","floor":31},{"not_picked":["Bullet Time","Burst"],"picked":"Adrenaline","floor":33},{"not_picked":["Slice","Riddle With Holes"],"picked":"Outmaneuver+1","floor":35},{"not_picked":["Backflip+1","Dagger Throw+1","Leg Sweep"],"picked":"SKIP","floor":37},{"not_picked":["Terror","Deadly Poison+1"],"picked":"Footwork+1","floor":39},{"not_picked":["Finisher","Venomology"],"picked":"Prepared","floor":40},{"not_picked":["Prepared","Infinite Blades"],"picked":"Terror+1","floor":44},{"not_picked":["Outmaneuver+1","Underhanded Strike+1"],"picked":"Concentrate","floor":45},{"not_picked":["Backflip+1","Leg Sweep","Dodge and Roll+1"],"picked":"SKIP","floor":46},{"not_picked":["Dodge and Roll+1","Slice+1"],"picked":"Prepared+1","floor":48},{"not_picked":["Backflip+1","Flying Knee+1"],"picked":"Prepared+1","floor":49}],"player_experience":286304,"relics_obtained":[{"floor":9,"key":"Paper Crane"},{"floor":14,"key":"War Paint"},{"floor":26,"key":"Eternal Feather"},{"floor":28,"key":"Ginger"},{"floor":28,"key":"Bottled Lightning"},{"floor":31,"key":"Letter Opener"},{"floor":39,"key":"CaptainsWheel"},{"floor":40,"key":"Dream Catcher"},{"floor":43,"key":"Sundial"},{"floor":45,"key":"Molten Egg 2"}],"event_choices":[{"damage_healed":0,"gold_gain":0,"player_choice":"Take Damage","damage_taken":17,"relics_obtained":["Golden Idol"],"max_hp_gain":0,"max_hp_loss":0,"event_name":"Golden Idol","floor":3,"gold_loss":0},{"damage_healed":0,"gold_gain":0,"player_choice":"Inject Mutagens","damage_taken":0,"relics_obtained":["MutagenicStrength"],"max_hp_gain":0,"max_hp_loss":0,"event_name":"Drug Dealer","floor":24,"gold_loss":0},{"damage_healed":0,"gold_gain":0,"player_choice":"Fight","damage_taken":0,"max_hp_gain":0,"max_hp_loss":0,"event_name":"Colosseum","floor":28,"gold_loss":0},{"damage_healed":0,"gold_gain":0,"player_choice":"Fought Nobs","damage_taken":0,"max_hp_gain":0,"max_hp_loss":0,"event_name":"Colosseum","floor":28,"gold_loss":0},{"damage_healed":0,"gold_gain":0,"player_choice":"Fight","damage_taken":0,"max_hp_gain":0,"max_hp_loss":0,"event_name":"Mysterious Sphere","floor":39,"gold_loss":0},{"damage_healed":0,"gold_gain":333,"player_choice":"Gave Idol","damage_taken":0,"max_hp_gain":0,"max_hp_loss":0,"event_name":"The Moai Head","floor":41,"relics_lost":["Golden Idol"],"gold_loss":0},{"cards_removed":["Defend_G"],"damage_healed":0,"gold_gain":0,"player_choice":"Removed Skill","damage_taken":0,"max_hp_gain":0,"max_hp_loss":0,"event_name":"Falling","floor":47,"gold_loss":0}],"is_beta":false,"boss_relics":[{"not_picked":["HoveringKite","Calling Bell"],"picked":"WristBlade"},{"not_picked":["Runic Dome","Fusion Hammer"],"picked":"Sozu"}],"items_purged_floors":[13,22,29,36,38],"is_endless":false,"potions_floor_spawned":[2,12,14,16,28,30,31,33,37,40],"ascension_level":0}}