{"host":"cnluwb240fdd52tp","time":1608942803,"event":{"mods":["BaseMod","Colored Map","Minty Spire (QoL Compilation)","Rare Cards Sparkle","StSLib"],"gold_per_floor":[115,115,115,132,82,82,108,108,108,140,156,156,176,156,156,253,253,270,286,211,228,247,247,247],"floor_reached":23,"playtime":1567,"items_purged":["Corruption"],"score":290,"play_id":"b56371e1-d651-412f-9c99-9dc0bb161873","local_time":"20201226013323","is_ascension_mode":true,"campfire_choices":[{"data":"Inflame","floor":6,"key":"SMITH"},{"data":"Heavy Blade","floor":8,"key":"SMITH"},{"data":"Pommel Strike","floor":15,"key":"SMITH"}],"circlet_count":0,"master_deck":["Strike_R","Strike_R","Strike_R","Defend_R","Defend_R","Defend_R","Inflame+1","Heavy Blade+1","Pommel Strike+1","Sword Boomerang","Twin Strike"],"relics":["Burning Blood","NeowsBlessing","Letter Opener","Red Skull","FossilizedHelix","Black Star"],"acts_visited":["Exordium","TheCity"],"potions_floor_usage":[10,16,16,21,23],"damage_taken":[{"damage":0,"enemies":"Cultist","floor":1,"turns":1},{"damage":0,"enemies":"Small Slimes","floor":4,"turns":1},{"damage":0,"enemies":"Gremlin Nob","floor":7,"turns":1},{"damage":17,"enemies":"3 Sentries","floor":10,"turns":5},{"damage":0,"enemies":"2 Louse","floor":11,"turns":2},{"damage":10,"enemies":"Looter","floor":13,"turns":3},{"damage":0,"enemies":"Slime Boss","floor":16,"turns":4},{"damage":15,"enemies":"2 Thieves","floor":18,"turns":3},{"damage":5,"enemies":"Chosen","floor":19,"turns":4},{"damage":46,"enemies":"Shelled Parasite and Fungi","floor":21,"turns":4},{"damage":20,"enemies":"Centurion and Healer","floor":22,"turns":4},{"damage":21,"enemies":"Slavers","floor":23,"turns":2}],"seed_played":"3412019470474289870","potions_obtained":[{"floor":4,"key":"Fire Potion"},{"floor":10,"key":"Fire Potion"},{"floor":13,"key":"SmokeBomb"},{"floor":14,"key":"Ancient Potion"},{"floor":18,"key":"FearPotion"},{"floor":19,"key":"SneckoOil"}],"is_trial":false,"path_per_floor":["M","?","?","M","?","R","E","R","T","E","M","?","M","?","R","B",null,"M","M","$","M","M","E"],"character_chosen":"IRONCLAD","items_purchased":[],"campfire_rested":0,"item_purchase_floors":[],"current_hp_per_floor":[80,73,73,79,79,79,80,80,80,69,75,75,71,71,71,77,80,71,72,72,32,18,0,0],"gold":247,"neow_bonus":"THREE_ENEMY_KILL","is_daily":false,"chose_seed":false,"campfire_upgraded":3,"win_rate":0.0,"timestamp":1608942803,"path_taken":["M","?","?","M","?","R","E","R","T","E","M","?","?","?","R","BOSS","M","M","?","M","M","E"],"items_purchased_type":[],"build_version":"2020-12-22","purchased_purges":1,"victory":false,"max_hp_per_floor":[80,80,80,80,80,80,80,80,80,80,80,80,80,80,80,80,80,80,80,80,80,80,80,80],"card_choices":[{"not_picked":["Flex","Shrug It Off"],"picked":"Inflame","floor":1},{"not_picked":["Rupture","Wild Strike"],"picked":"Heavy Blade","floor":4},{"not_picked":["Clash","True Grit","Rampage"],"picked":"SKIP","floor":7},{"not_picked":["Shrug It Off","Dropkick"],"picked":"Pommel Strike","floor":10},{"not_picked":["Pommel Strike","Dark Embrace"],"picked":"Sword Boomerang","floor":11},{"not_picked":["True Grit","Fiend Fire"],"picked":"Twin Strike","floor":13},{"not_picked":["Bludgeon","Limit Break"],"picked":"Corruption","floor":16},{"not_picked":["Rupture","Ghostly Armor+1","Armaments"],"picked":"SKIP","floor":18},{"not_picked":["Wild Strike+1","Shrug It Off","Clash+1"],"picked":"SKIP","floor":19},{"not_picked":["Dual Wield","Headbutt","Body Slam"],"picked":"SKIP","floor":21},{"not_picked":["Perfected Strike+1","Sever Soul","Warcry"],"picked":"SKIP","floor":22}],"player_experience":126015,"relics_obtained":[{"floor":7,"key":"Letter Opener"},{"floor":9,"key":"Red Skull"},{"floor":10,"key":"FossilizedHelix"}],"event_choices":[{"cards_removed":["Defend_R"],"damage_healed":0,"gold_gain":0,"player_choice":"Card Removal","damage_taken":7,"max_hp_gain":0,"max_hp_loss":0,"event_name":"Golden Wing","floor":2,"gold_loss":0},{"cards_removed":["Bash"],"damage_healed":0,"gold_gain":0,"player_choice":"Forget","damage_taken":0,"max_hp_gain":0,"max_hp_loss":0,"event_name":"Living Wall","floor":3,"gold_loss":0},{"cards_removed":["Strike_R"],"damage_healed":0,"gold_gain":0,"player_choice":"Card Removal","damage_taken":0,"max_hp_gain":0,"max_hp_loss":0,"event_name":"The Cleric","floor":5,"gold_loss":50},{"cards_removed":["Strike_R"],"damage_healed":0,"gold_gain":0,"player_choice":"Offered Basic","damage_taken":0,"max_hp_gain":0,"max_hp_loss":0,"event_name":"Bonfire Elementals","floor":12,"gold_loss":0},{"damage_healed":0,"gold_gain":0,"player_choice":"Bought 1 Potion","damage_taken":0,"max_hp_gain":0,"max_hp_loss":0,"event_name":"The Woman in Blue","floor":14,"gold_loss":0}],"is_beta":false,"boss_relics":[{"not_picked":["Snecko Eye","Coffee Dripper"],"picked":"Black Star"}],"items_purged_floors":[20],"is_endless":false,"potions_floor_spawned":[4,10,13,18,19],"killed_by":"Slavers","ascension_level":1}}