{"host":"0mf7robgulk01ko7","time":1608998625,"event":{"mods":["AchievementEnabler","BaseMod","Colored Map","DeckTracker","Minty Spire (QoL Compilation)","Quick Restart","Rare Cards Sparkle","Relic Stats","SuperFastMode"],"gold_per_floor":[413,433,449,15,15,15,45,56,56,56,2,2,2,20,20,20,20],"floor_reached":16,"playtime":374,"items_purged":[],"score":200,"play_id":"64b914c1-2c08-4191-ae7b-d67f1aed6d3f","local_time":"20201227010345","is_ascension_mode":true,"campfire_choices":[{"floor":6,"key":"REST"},{"floor":10,"key":"REST"},{"data":"Consume","floor":15,"key":"SMITH"}],"circlet_count":0,"master_deck":["AscendersBane","Strike_B","Strike_B+1","Strike_B+1","Defend_B","Defend_B","Defend_B","Defend_B","Zap","Dualcast","Conserve Battery","Redo","Consume+1","Cold Snap","Self Repair"],"relics":["Cracked Core","Old Coin","White Beast Statue","Toy Ornithopter","Akabeko","Bag of Marbles"],"acts_visited":["Exordium"],"potions_floor_usage":[8,16],"damage_taken":[{"damage":0.0,"enemies":"2 Louse","floor":1.0,"turns":3.0},{"damage":9.0,"enemies":"Jaw Worm","floor":2.0,"turns":4.0},{"damage":2.0,"enemies":"Small Slimes","floor":3.0,"turns":3.0},{"damage":33,"enemies":"3 Sentries","floor":7,"turns":9},{"damage":5,"enemies":"Looter","floor":8,"turns":3},{"damage":4,"enemies":"2 Fungi Beasts","floor":14,"turns":2},{"damage":40,"enemies":"Hexaghost","floor":16,"turns":10}],"seed_played":"-580091899845837291","potions_obtained":[{"floor":7,"key":"FocusPotion"},{"floor":8,"key":"Weak Potion"}],"is_trial":false,"path_per_floor":["M","M","M","$","?","R","E","M","T","R","$","?","?","M","R","B"],"character_chosen":"DEFECT","items_purchased":["White Beast Statue","Toy Ornithopter","ColorlessPotion"],"campfire_rested":2,"item_purchase_floors":[4,4,11],"current_hp_per_floor":[46,37,35,35,14,35,2,2,2,23,23,16,39,35,35,0,0],"gold":20,"neow_bonus":"ONE_RARE_RELIC","is_daily":false,"chose_seed":false,"campfire_upgraded":1,"win_rate":0.0,"timestamp":1608998625,"path_taken":["M","M","M","$","?","R","E","M","T","R","?","?","?","M","R","BOSS"],"items_purchased_type":["Relic","Relic","Potion"],"build_version":"2020-12-22","purchased_purges":0,"victory":false,"max_hp_per_floor":[71,71,71,71,71,71,71,71,71,71,71,71,71,71,71,71,71],"relic_stats":{"counters":[7,34],"obtain_stats":[{"Bag of Marbles":9,"Cracked Core":0,"White Beast Statue":4,"Toy Ornithopter":4,"Akabeko":7,"Old Coin":0},{"Bag of Marbles":5,"Cracked Core":0,"White Beast Statue":3,"Toy Ornithopter":3,"Akabeko":4,"Old Coin":0},{"Bag of Marbles":22,"Cracked Core":0,"White Beast Statue":10,"Toy Ornithopter":10,"Akabeko":19,"Old Coin":0}],"Toy Ornithopter":10},"card_choices":[{"not_picked":["Stack","Redo"],"picked":"Conserve Battery","floor":1.0},{"not_picked":["Hello World","Conserve Battery"],"picked":"Redo","floor":2.0},{"not_picked":["Rebound","Chaos","Steam Power"],"picked":"SKIP","floor":3.0},{"not_picked":["Leap","Lockon"],"picked":"Consume","floor":7},{"not_picked":["Steam","White Noise"],"picked":"Cold Snap","floor":8},{"not_picked":["Hologram","Go for the Eyes"],"picked":"Self Repair","floor":14}],"player_experience":411285,"relics_obtained":[{"floor":7,"key":"Akabeko"},{"floor":9,"key":"Bag of Marbles"}],"event_choices":[{"damage_healed":0,"gold_gain":0,"player_choice":"Entered Light","damage_taken":21,"max_hp_gain":0,"max_hp_loss":0,"event_name":"Shining Light","floor":5,"gold_loss":0,"cards_upgraded":["Strike_B","Strike_B"]},{"cards_removed":["Strike_B"],"damage_healed":0,"gold_gain":0,"player_choice":"Card Removal","damage_taken":7,"max_hp_gain":0,"max_hp_loss":0,"event_name":"Golden Wing","floor":12,"gold_loss":0},{"damage_healed":23,"gold_gain":0,"player_choice":"Banana","damage_taken":0,"max_hp_gain":0,"max_hp_loss":0,"event_name":"Big Fish","floor":13,"gold_loss":0}],"is_beta":false,"boss_relics":[],"items_purged_floors":[],"is_endless":false,"potions_floor_spawned":[7,8,14],"killed_by":"Hexaghost","ascension_level":20}}