{"host":"qhhcmep1unj6mpf7","time":1608953849,"event":{"mods":["2.2 Compatiblity","AchievementEnabler","BaseMod","Colored Map","DeckTracker","Highlight Path","Keyboard Shortcuts","Minty Spire (QoL Compilation)","Permanent Neow","Quick Restart","Random Character Button","StSLib","SuperFastMode","everything is the same but u backflip on backflip"],"gold_per_floor":[118,131,143,160,180,103,103,30,77,112,127,144,144,144,144,144,144],"floor_reached":16,"playtime":836,"items_purged":[],"score":151,"play_id":"678a5527-52be-448d-9efe-5cf5e099300b","local_time":"20201226123729","is_ascension_mode":true,"campfire_choices":[{"data":"Double Energy","floor":7.0,"key":"SMITH"},{"floor":15.0,"key":"REST"}],"circlet_count":0,"master_deck":["Strike_B","Strike_B","Strike_B","Strike_B","Defend_B","Defend_B","Defend_B","Defend_B","Zap","Dualcast","Clumsy","Meteor Strike","Steam Power","Reinforced Body","Hologram","Double Energy+1","Recycle+1","Glacier","Coolheaded","Coolheaded"],"relics":["Cracked Core","Oddly Smooth Stone","Molten Egg 2"],"acts_visited":["Exordium"],"potions_floor_usage":[16,16],"damage_taken":[{"damage":0.0,"enemies":"Cultist","floor":1.0,"turns":3.0},{"damage":5.0,"enemies":"2 Louse","floor":2.0,"turns":4.0},{"damage":0.0,"enemies":"Jaw Worm","floor":3.0,"turns":3.0},{"damage":9.0,"enemies":"Looter","floor":4.0,"turns":4.0},{"damage":9.0,"enemies":"Red Slaver","floor":5.0,"turns":4.0},{"damage":8.0,"enemies":"3 Sentries","floor":10.0,"turns":9.0},{"damage":18.0,"enemies":"Large Slime","floor":11.0,"turns":7.0},{"damage":18.0,"enemies":"Exordium Wildlife","floor":12.0,"turns":6.0},{"damage":25,"enemies":"The Guardian","floor":16,"turns":15}],"seed_played":"705428842936172964","potions_obtained":[{"floor":2.0,"key":"SneckoOil"},{"floor":3.0,"key":"DistilledChaos"},{"floor":4.0,"key":"BlessingOfTheForge"},{"floor":5.0,"key":"EntropicBrew"}],"is_trial":false,"path_per_floor":["M","M","M","M","M","$","R","$","T","E","M","M","?","?","R","B"],"character_chosen":"DEFECT","items_purchased":["Double Energy","Recycle"],"campfire_rested":1,"item_purchase_floors":[6,8],"current_hp_per_floor":[68,63,63,54,45,45,45,45,45,37,19,1,1,1,23,0,0],"gold":144,"neow_bonus":"THREE_RARE_CARDS","is_daily":false,"chose_seed":false,"campfire_upgraded":1,"win_rate":0.0,"timestamp":1608953849,"path_taken":["M","?","M","M","?","$","R","$","T","E","M","M","?","?","R","BOSS"],"items_purchased_type":["Card","Card"],"build_version":"2020-12-22","purchased_purges":0,"victory":false,"max_hp_per_floor":[75,75,75,75,75,75,75,75,75,75,75,75,75,75,75,75,75],"card_choices":[{"not_picked":["Rainbow","Electrodynamics"],"picked":"Meteor Strike","floor":0.0},{"not_picked":["Sweeping Beam","Ball Lightning"],"picked":"Steam Power","floor":1.0},{"not_picked":["Leap","Sweeping Beam"],"picked":"Reinforced Body","floor":2.0},{"not_picked":["Beam Cell","Ball Lightning","Redo"],"picked":"SKIP","floor":3.0},{"not_picked":["Doom and Gloom","Rip and Tear"],"picked":"Hologram","floor":4.0},{"not_picked":["Beam Cell","Compile Driver","Barrage"],"picked":"SKIP","floor":5.0},{"not_picked":["Compile Driver+1","Chaos"],"picked":"Glacier","floor":10.0},{"not_picked":["Go for the Eyes+1","Hyperbeam+1"],"picked":"Coolheaded","floor":11.0},{"not_picked":["White Noise","Beam Cell+1"],"picked":"Coolheaded","floor":12.0}],"player_experience":308468,"relics_obtained":[{"floor":9.0,"key":"Oddly Smooth Stone"},{"floor":10.0,"key":"Molten Egg 2"}],"event_choices":[{"damage_healed":0.0,"max_hp_gain":0.0,"max_hp_loss":0.0,"gold_gain":0.0,"event_name":"Shining Light","player_choice":"Ignored","floor":13.0,"gold_loss":0.0,"damage_taken":0.0},{"damage_healed":0.0,"max_hp_gain":0.0,"max_hp_loss":0.0,"gold_gain":0.0,"event_name":"Accursed Blacksmith","player_choice":"Forge","floor":14.0,"gold_loss":0.0,"damage_taken":0.0,"cards_upgraded":["Recycle"]}],"is_beta":false,"boss_relics":[],"items_purged_floors":[],"is_endless":false,"potions_floor_spawned":[2,3,4,5],"killed_by":"The Guardian","ascension_level":9}}