{"host":"uwh382mre4waz4ff","time":1608960401,"event":{"mods":["AchievementEnabler","BaseMod","Better Note","Better Third Choice","BetterRewards","HololiveMod","Minty Spire (QoL Compilation)","Quick Restart","Shop Mod","StSLib"],"gold_per_floor":[114,133,133,133,153,153,78,99,99,120,134,154,175,175,175,294,294,309,333,333,233,158,257,270,284,309,236,268,280,292,325,337,349,349],"floor_reached":33,"playtime":1845,"items_purged":["Strike_R","Defend_R"],"score":368,"play_id":"a5d983d1-aaea-4c06-af65-f0dcd78a3659","local_time":"20201226132641","is_ascension_mode":false,"campfire_choices":[{"data":"Bash","floor":6,"key":"SMITH"},{"data":"Rage","floor":15,"key":"SMITH"},{"data":"Flash of Steel","floor":32,"key":"SMITH"}],"circlet_count":0,"master_deck":["Strike_R","Strike_R","Strike_R","Strike_R","Defend_R","Bash+1","Flash of Steel+1","Dropkick","Rage+1","Feed"],"relics":["Burning Blood","Prayer Wheel","Golden Idol","Thread and Needle","Runic Dome","MawBank","Magic Flower"],"acts_visited":["Exordium","TheCity"],"potions_floor_usage":[11,16,16,33,33,33],"damage_taken":[{"damage":6,"enemies":"Cultist","floor":1,"turns":3},{"damage":9,"enemies":"2 Louse","floor":2,"turns":3},{"damage":3,"enemies":"Small Slimes","floor":5,"turns":3},{"damage":0,"enemies":"2 Fungi Beasts","floor":8,"turns":3},{"damage":1,"enemies":"Exordium Wildlife","floor":10,"turns":4},{"damage":0,"enemies":"3 Louse","floor":11,"turns":3},{"damage":0,"enemies":"2 Fungi Beasts","floor":12,"turns":4},{"damage":6,"enemies":"Looter","floor":13,"turns":3},{"damage":47,"enemies":"The Guardian","floor":16,"turns":11},{"damage":6,"enemies":"3 Byrds","floor":18,"turns":6},{"damage":3,"enemies":"Shell Parasite","floor":19,"turns":6},{"damage":7,"enemies":"Shelled Parasite and Fungi","floor":24,"turns":4},{"damage":5,"enemies":"Centurion and Healer","floor":25,"turns":6},{"damage":37,"enemies":"Snecko","floor":28,"turns":7},{"damage":25,"enemies":"Cultist and Chosen","floor":31,"turns":7},{"damage":66,"enemies":"Champ","floor":33,"turns":10}],"seed_played":"-532357489147437857","potions_obtained":[{"floor":2,"key":"Explosive Potion"},{"floor":11,"key":"SteroidPotion"},{"floor":13,"key":"SteroidPotion"},{"floor":16,"key":"AttackPotion"},{"floor":19,"key":"Explosive Potion"},{"floor":25,"key":"SteroidPotion"}],"is_trial":false,"path_per_floor":["M","M","?","?","M","R","$","M","T","M","M","M","M","?","R","B",null,"M","M","?","$","?","?","M","M","T","?","M","?","T","M","R","B"],"character_chosen":"IRONCLAD","items_purchased":["Flash of Steel","Dropkick"],"campfire_rested":0,"item_purchase_floors":[0,0],"current_hp_per_floor":[52,49,54,33,36,36,36,42,42,47,53,59,59,59,59,18,85,88,91,91,91,91,91,93,97,97,97,74,74,74,63,63,0,0],"gold":349,"neow_bonus":"","is_daily":false,"chose_seed":false,"campfire_upgraded":3,"win_rate":0.0,"timestamp":1608960401,"path_taken":["M","?","?","?","M","R","$","M","T","M","M","M","M","?","R","BOSS","M","M","?","$","?","?","M","?","T","?","M","?","?","M","R","BOSS"],"items_purchased_type":["Card","Card"],"build_version":"2020-12-22","purchased_purges":2,"victory":false,"max_hp_per_floor":[80,80,85,85,85,85,85,85,85,85,85,85,85,85,85,85,85,88,91,91,91,91,91,94,97,97,97,100,100,100,103,103,103,103],"card_choices":[{"not_picked":["Clothesline","Twin Strike","Fire Breathing"],"picked":"SKIP","floor":1},{"not_picked":["Sentinel","Heavy Blade","Second Wind"],"picked":"SKIP","floor":1},{"not_picked":["Iron Wave","Thunderclap","Perfected Strike"],"picked":"SKIP","floor":2},{"not_picked":["Clothesline","Sever Soul","Warcry"],"picked":"SKIP","floor":2},{"not_picked":["Ghostly Armor","Disarm","Havoc"],"picked":"SKIP","floor":5},{"not_picked":["Burning Pact","Fire Breathing","Perfected Strike"],"picked":"SKIP","floor":5},{"not_picked":["Ghostly Armor","Disarm","Havoc"],"picked":"SKIP","floor":5},{"not_picked":["Burning Pact","Fire Breathing","Perfected Strike"],"picked":"SKIP","floor":5},{"not_picked":["Havoc","Thunderclap","Inflame"],"picked":"SKIP","floor":8},{"not_picked":["Heavy Blade","Power Through","Sword Boomerang"],"picked":"SKIP","floor":8},{"not_picked":["Armaments","Cleave"],"picked":"Rage","floor":10},{"not_picked":["Pummel","Sentinel","Exhume"],"picked":"SKIP","floor":10},{"not_picked":["Pummel","Sentinel","Exhume"],"picked":"SKIP","floor":10},{"not_picked":["True Grit","Twin Strike","Anger"],"picked":"SKIP","floor":11},{"not_picked":["Pommel Strike","Heavy Blade","Burning Pact"],"picked":"SKIP","floor":11},{"not_picked":["Pummel","Cleave","Armaments"],"picked":"SKIP","floor":12},{"not_picked":["Iron Wave","Wild Strike","Cleave"],"picked":"SKIP","floor":12},{"not_picked":["Body Slam","Heavy Blade","Offering"],"picked":"SKIP","floor":13},{"not_picked":["Headbutt","Twin Strike","Havoc"],"picked":"SKIP","floor":13},{"not_picked":["Juggernaut","Fiend Fire"],"picked":"Feed","floor":16},{"not_picked":["Sword Boomerang","True Grit","Feel No Pain"],"picked":"SKIP","floor":18},{"not_picked":["Searing Blow+1","Wild Strike","Clash"],"picked":"SKIP","floor":18},{"not_picked":["Body Slam+1","Clothesline+1","Shrug It Off"],"picked":"SKIP","floor":19},{"not_picked":["Dual Wield+1","Clash+1","Uppercut"],"picked":"SKIP","floor":19},{"not_picked":["Havoc","Rage","Headbutt"],"picked":"SKIP","floor":24},{"not_picked":["Entrench+1","Perfected Strike","Sword Boomerang"],"picked":"SKIP","floor":24},{"not_picked":["Burning Pact","Sever Soul+1","Cleave"],"picked":"SKIP","floor":25},{"not_picked":["Carnage","Exhume","Seeing Red+1"],"picked":"SKIP","floor":25},{"not_picked":["Perfected Strike+1","Cleave+1","Clash"],"picked":"SKIP","floor":28},{"not_picked":["Reckless Charge+1","Armaments","Twin Strike"],"picked":"SKIP","floor":28},{"not_picked":["Flex+1","Burning Pact","Pommel Strike+1"],"picked":"SKIP","floor":31},{"not_picked":["Twin Strike","Wild Strike","Bludgeon"],"picked":"SKIP","floor":31}],"player_experience":224355,"relics_obtained":[{"floor":9,"key":"Thread and Needle"},{"floor":26,"key":"MawBank"}],"event_choices":[{"damage_healed":0,"gold_gain":0,"player_choice":"Donut","damage_taken":0,"max_hp_gain":5,"max_hp_loss":0,"event_name":"Big Fish","floor":3,"gold_loss":0},{"damage_healed":0,"gold_gain":0,"player_choice":"Take Damage","damage_taken":21,"relics_obtained":["Golden Idol"],"max_hp_gain":0,"max_hp_loss":0,"event_name":"Golden Idol","floor":4,"gold_loss":0},{"cards_removed":["Defend_R"],"damage_healed":0,"gold_gain":0,"player_choice":"Give","damage_taken":0,"max_hp_gain":0,"max_hp_loss":0,"event_name":"betterNote:BetterNote","floor":14,"gold_loss":0,"cards_obtained":["Hololive_Strike"]},{"cards_removed":["Defend_R"],"damage_healed":0,"gold_gain":0,"player_choice":"Elegance","damage_taken":0,"max_hp_gain":0,"max_hp_loss":0,"event_name":"betterThird:BetterWriting","floor":20,"gold_loss":0},{"cards_removed":["Defend_R"],"damage_healed":0,"gold_gain":0,"player_choice":"Gave Gold","damage_taken":0,"max_hp_gain":0,"max_hp_loss":0,"event_name":"Beggar","floor":22,"gold_loss":75},{"damage_healed":0,"gold_gain":99,"player_choice":"Steal","damage_taken":0,"max_hp_gain":0,"max_hp_loss":0,"event_name":"betterThird:BetterNest","floor":23,"gold_loss":0},{"damage_healed":0,"gold_gain":0,"player_choice":"Obtained Relic","damage_taken":0,"relics_obtained":["Magic Flower"],"max_hp_gain":0,"max_hp_loss":0,"event_name":"Addict","floor":27,"gold_loss":85},{"damage_healed":0,"gold_gain":0,"player_choice":"Ignored","damage_taken":0,"max_hp_gain":0,"max_hp_loss":0,"event_name":"The Mausoleum","floor":29,"gold_loss":0}],"is_beta":false,"boss_relics":[{"not_picked":["Ectoplasm","Fusion Hammer"],"picked":"Runic Dome"}],"items_purged_floors":[7,21],"is_endless":false,"potions_floor_spawned":[2,11,13,16,19,25],"killed_by":"Champ","ascension_level":0}}