{"host":"yn1175etg9ni8l0q","time":1608985773,"event":{"mods":["AchievementEnabler","BaseMod","Colored Map","Colored Powertips","DeckTracker","Minty Spire (QoL Compilation)","Rare Cards Sparkle","Relic Stats","SuperFastMode","everything is the same but u backflip on backflip"],"gold_per_floor":[110,125,200,217,217,244,244,244,244,257,277,277,35,55,55,152,152,169,169,179,179,179],"floor_reached":21,"playtime":619,"items_purged":[],"score":272,"play_id":"a3704816-6148-4eba-b6ef-2147e724cd8a","local_time":"20201226212933","is_ascension_mode":true,"campfire_choices":[{"floor":8,"key":"REST"},{"data":"Neutralize","floor":12,"key":"SMITH"},{"floor":15,"key":"REST"}],"circlet_count":0,"master_deck":["AscendersBane","Strike_G","Strike_G","Strike_G","Defend_G+1","Defend_G","Defend_G+1","Defend_G","Survivor","Neutralize+1","Predator","Escape Plan","Cloak And Dagger","Blade Dance","Finisher","Venomology","Grand Finale+1","Riddle With Holes+1","Catalyst+1","Accuracy","Backflip","Footwork"],"relics":["Ring of the Snake","Question Card","Pear","Sundial","Astrolabe"],"acts_visited":["Exordium","TheCity"],"potions_floor_usage":[6,16,16,20,20,20],"damage_taken":[{"damage":1.0,"enemies":"Small Slimes","floor":1.0,"turns":3.0},{"damage":0.0,"enemies":"Cultist","floor":2.0,"turns":4.0},{"damage":1,"enemies":"Jaw Worm","floor":4,"turns":4},{"damage":31,"enemies":"Lagavulin","floor":6,"turns":9},{"damage":1,"enemies":"2 Fungi Beasts","floor":10,"turns":4},{"damage":8,"enemies":"3 Louse","floor":11,"turns":4},{"damage":2,"enemies":"Looter","floor":14,"turns":2},{"damage":56,"enemies":"Hexaghost","floor":16,"turns":14},{"damage":23,"enemies":"Shell Parasite","floor":18,"turns":7},{"damage":6,"enemies":"Chosen","floor":20,"turns":8},{"damage":34,"enemies":"Centurion and Healer","floor":21,"turns":6}],"seed_played":"-7940900167684861626","potions_obtained":[{"floor":4,"key":"Poison Potion"},{"floor":6,"key":"Regen Potion"},{"floor":11,"key":"EssenceOfSteel"},{"floor":16,"key":"Block Potion"},{"floor":18,"key":"LiquidBronze"}],"is_trial":false,"path_per_floor":["M","M","?","M","?","E","?","R","T","M","M","R","$","M","R","B",null,"M","?","M","M"],"character_chosen":"THE_SILENT","items_purchased":["Sundial"],"campfire_rested":2,"item_purchase_floors":[13],"current_hp_per_floor":[62,62,55,54,40,9,9,30,40,39,31,31,31,29,53,6,62,39,39,33,0,0],"gold":179,"neow_bonus":"THREE_CARDS","is_daily":false,"chose_seed":false,"campfire_upgraded":1,"win_rate":0.0,"timestamp":1608985773,"path_taken":["M","M","?","?","?","E","?","R","T","M","M","R","$","M","R","BOSS","M","?","M","M"],"items_purchased_type":["Relic"],"build_version":"2020-12-22","purchased_purges":0,"victory":false,"max_hp_per_floor":[70,70,70,70,70,70,70,70,80,80,80,80,80,80,80,80,80,80,80,80,80,80],"relic_stats":{"counters":[11,65],"Sundial":[4],"Astrolabe":["Grand Finale","Riddle With Holes","Catalyst"],"Question Card":6,"obtain_stats":[{"Pear":9,"Sundial":13,"Astrolabe":17,"Question Card":6,"Ring of the Snake":0},{"Pear":4,"Sundial":6,"Astrolabe":8,"Question Card":4,"Ring of the Snake":0},{"Pear":20,"Sundial":28,"Astrolabe":44,"Question Card":20,"Ring of the Snake":0}],"Ring of the Snake":[22]},"card_choices":[{"not_picked":["Flying Knee","Skewer"],"picked":"Predator","floor":0.0},{"not_picked":["Flying Knee","Deadly Poison"],"picked":"Escape Plan","floor":1.0},{"not_picked":["Poisoned Stab","Concentrate"],"picked":"Cloak And Dagger","floor":2.0},{"not_picked":["Poisoned Stab","Prepared","Flying Knee"],"picked":"SKIP","floor":4},{"not_picked":["Slice","Prepared"],"picked":"Blade Dance","floor":6},{"not_picked":["Tactician","Prepared","Deadly Poison"],"picked":"Finisher","floor":10},{"not_picked":["Flechettes","Storm of Steel","Underhanded Strike","Sucker Punch"],"picked":"SKIP","floor":11},{"not_picked":["Prepared","Bane","Flechettes","Concentrate"],"picked":"SKIP","floor":14},{"not_picked":["Malaise","Night Terror","Storm of Steel"],"picked":"Venomology","floor":16},{"not_picked":["Concentrate","Outmaneuver+1","Quick Slash"],"picked":"Accuracy","floor":18},{"not_picked":["Dagger Spray","Deadly Poison","Accuracy+1"],"picked":"Footwork","floor":20}],"player_experience":283562,"relics_obtained":[{"floor":6,"key":"Question Card"},{"floor":9,"key":"Pear"}],"event_choices":[{"damage_healed":0,"gold_gain":75,"player_choice":"Touch","damage_taken":7,"max_hp_gain":0,"max_hp_loss":0,"event_name":"FaceTrader","floor":3,"gold_loss":0},{"damage_healed":0,"gold_gain":0,"player_choice":"Entered Light","damage_taken":14,"max_hp_gain":0,"max_hp_loss":0,"event_name":"Shining Light","floor":5,"gold_loss":0,"cards_upgraded":["Defend_G","Defend_G"]},{"damage_healed":0,"gold_gain":0,"player_choice":"Ignored","damage_taken":0,"max_hp_gain":0,"max_hp_loss":0,"event_name":"Liars Game","floor":7,"gold_loss":0},{"damage_healed":0,"gold_gain":0,"player_choice":"Read","damage_taken":0,"max_hp_gain":0,"max_hp_loss":0,"event_name":"The Library","floor":19,"gold_loss":0,"cards_obtained":["Backflip"]}],"is_beta":false,"boss_relics":[{"not_picked":["Runic Pyramid","Coffee Dripper"],"picked":"Astrolabe"}],"items_purged_floors":[],"is_endless":false,"potions_floor_spawned":[4,6,11,16,18],"killed_by":"Centurion and Healer","ascension_level":10}}