{"host":"qj91dvco5uhu9oti","time":1608983000,"event":{"mods":["BaseMod","Colored Map","Minty Spire (QoL Compilation)","Permanent Neow","Relic Stats","StSLib","SuperFastMode","everything is the same but u backflip on backflip"],"gold_per_floor":[113,128,128,148,148,176,30,30,30,30,30,30,42,61,61,156,156,171,185,31,31,31,31,130,130,154,165,165,183,183,199,199,199,199],"floor_reached":33,"playtime":490,"items_purged":["Strike_P"],"score":405,"play_id":"5395624a-9f8a-4ec5-ae39-f2f1ee08383a","local_time":"20201226204320","is_ascension_mode":true,"campfire_choices":[{"data":"Eruption","floor":8.0,"key":"SMITH"},{"data":"BattleHymn","floor":11.0,"key":"SMITH"},{"data":"Adaptation","floor":15.0,"key":"SMITH"},{"data":"Vault","floor":23.0,"key":"SMITH"},{"data":"Adaptation","floor":25.0,"key":"SMITH"},{"data":"MentalFortress","floor":30,"key":"SMITH"},{"data":"Tantrum","floor":32,"key":"SMITH"}],"circlet_count":0,"master_deck":["AscendersBane","Strike_P","Strike_P","Strike_P","Defend_P","Defend_P","Defend_P+1","Eruption+1","Vigilance","Indignation+1","BattleHymn+1","Adaptation+1","Adaptation+1","Vault+1","MentalFortress+1","SashWhip+1","Consecrate+1","Tantrum+1"],"relics":["Runic Pyramid","Du-Vu Doll","Akabeko","Singing Bowl","SacredBark","Lee\u0027s Waffle","Nilry\u0027s Codex","Strawberry","Toy Ornithopter"],"acts_visited":["Exordium","TheCity"],"potions_floor_usage":[],"damage_taken":[{"damage":1.0,"enemies":"Small Slimes","floor":1.0,"turns":3.0},{"damage":7.0,"enemies":"Jaw Worm","floor":2.0,"turns":3.0},{"damage":0.0,"enemies":"2 Louse","floor":4.0,"turns":2.0},{"damage":4.0,"enemies":"Gremlin Nob","floor":6.0,"turns":3.0},{"damage":0.0,"enemies":"2 Fungi Beasts","floor":13.0,"turns":2.0},{"damage":6.0,"enemies":"Exordium Thugs","floor":14.0,"turns":3.0},{"damage":17.0,"enemies":"Hexaghost","floor":16.0,"turns":7.0},{"damage":0.0,"enemies":"Spheric Guardian","floor":18.0,"turns":3.0},{"damage":32.0,"enemies":"2 Thieves","floor":19.0,"turns":3.0},{"damage":18.0,"enemies":"Snake Plant","floor":27.0,"turns":3.0},{"damage":11.0,"enemies":"Centurion and Healer","floor":29.0,"turns":4.0},{"damage":10,"enemies":"Snecko","floor":31,"turns":4},{"damage":42,"enemies":"Automaton","floor":33,"turns":5}],"seed_played":"3374961705762556717","potions_obtained":[{"floor":2.0,"key":"Block Potion"},{"floor":4.0,"key":"Ancient Potion"},{"floor":6.0,"key":"BottledMiracle"},{"floor":29,"key":"Weak Potion"}],"is_trial":false,"path_per_floor":["M","M","?","M","?","E","$","R","T","?","R","?","M","M","R","B",null,"M","M","$","?","?","R","?","R","T","M","?","M","R","M","R","B"],"character_chosen":"WATCHER","items_purchased":["Adaptation","Lee\u0027s Waffle"],"campfire_rested":0,"item_purchase_floors":[7,20],"current_hp_per_floor":[64,57,62,62,44,40,40,40,40,40,40,25,27,21,21,4,60,60,28,86,70,70,70,70,70,77,61,61,50,50,40,40,0,0],"gold":199,"neow_bonus":"BOSS_RELIC","is_daily":false,"chose_seed":false,"campfire_upgraded":7,"win_rate":0.0,"timestamp":1608983000,"path_taken":["M","M","?","M","?","E","$","R","T","?","R","?","M","M","R","BOSS","M","M","$","?","?","R","?","R","T","M","?","?","R","M","R","BOSS"],"items_purchased_type":["Card","Relic"],"build_version":"2020-12-22","purchased_purges":1,"victory":false,"max_hp_per_floor":[72,72,77,77,77,77,77,77,77,77,77,77,79,79,79,79,79,79,79,86,86,86,86,86,86,93,95,95,95,95,95,95,95,95],"relic_stats":{"Lee\u0027s Waffle":58,"Singing Bowl":4,"counters":[13,45],"obtain_stats":[{"Du-Vu Doll":5,"Lee\u0027s Waffle":20,"Singing Bowl":9,"Nilry\u0027s Codex":21,"SacredBark":17,"Strawberry":26,"PureWater":0,"Akabeko":6,"Toy Ornithopter":28,"Runic Pyramid":0},{"Du-Vu Doll":3,"Lee\u0027s Waffle":9,"Singing Bowl":4,"Nilry\u0027s Codex":9,"SacredBark":7,"Strawberry":9,"PureWater":0,"Akabeko":4,"Toy Ornithopter":10,"Runic Pyramid":0},{"Du-Vu Doll":8,"Lee\u0027s Waffle":29,"Singing Bowl":11,"Nilry\u0027s Codex":29,"SacredBark":23,"Strawberry":29,"PureWater":0,"Akabeko":11,"Toy Ornithopter":32,"Runic Pyramid":0}],"Toy Ornithopter":0},"card_choices":[{"not_picked":["Prostrate","Meditate"],"picked":"Indignation","floor":1.0},{"not_picked":["BowlingBash","EmptyBody"],"picked":"BattleHymn","floor":2.0},{"not_picked":["ReachHeaven","BowlingBash","CutThroughFate"],"picked":"SKIP","floor":4.0},{"not_picked":["SashWhip","Study","Crescendo"],"picked":"SKIP","floor":6.0},{"not_picked":["EmptyFist","Protect","Prostrate"],"picked":"Singing Bowl","floor":13.0},{"not_picked":["FollowUp","ThirdEye"],"picked":"Adaptation","floor":14.0},{"not_picked":["Scrawl","SpiritShield"],"picked":"Vault","floor":16.0},{"not_picked":["CutThroughFate","EmptyFist+1"],"picked":"MentalFortress","floor":18.0},{"not_picked":["Swivel","PathToVictory+1"],"picked":"SashWhip+1","floor":19.0},{"not_picked":["EmptyBody","Wireheading","SashWhip"],"picked":"Singing Bowl","floor":27.0},{"not_picked":["InnerPeace","FlyingSleeves"],"picked":"Consecrate+1","floor":29},{"not_picked":["FlurryOfBlows","EmptyBody"],"picked":"Tantrum","floor":31}],"player_experience":283931,"relics_obtained":[{"floor":6.0,"key":"Akabeko"},{"floor":9.0,"key":"Singing Bowl"},{"floor":21.0,"key":"Nilry\u0027s Codex"},{"floor":26.0,"key":"Strawberry"}],"event_choices":[{"damage_healed":0.0,"max_hp_gain":5.0,"max_hp_loss":0.0,"gold_gain":0.0,"event_name":"Big Fish","player_choice":"Donut","floor":3.0,"gold_loss":0.0,"damage_taken":0.0},{"damage_healed":0.0,"max_hp_gain":0.0,"max_hp_loss":0.0,"gold_gain":0.0,"event_name":"Scrap Ooze","player_choice":"Success","floor":5.0,"gold_loss":0.0,"damage_taken":18.0,"relics_obtained":["Du-Vu Doll"]},{"damage_healed":0.0,"max_hp_gain":0.0,"max_hp_loss":0.0,"gold_gain":0.0,"event_name":"Dead Adventurer","player_choice":"Searched \u00270\u0027 times","floor":10.0,"gold_loss":0.0,"damage_taken":0.0},{"damage_healed":0.0,"max_hp_gain":0.0,"max_hp_loss":0.0,"gold_gain":0.0,"event_name":"Shining Light","player_choice":"Entered Light","floor":12.0,"gold_loss":0.0,"damage_taken":15.0,"cards_upgraded":["Indignation","Defend_P"]},{"damage_healed":0.0,"max_hp_gain":0.0,"max_hp_loss":0.0,"gold_gain":0.0,"event_name":"Cursed Tome","player_choice":"Obtained Book","floor":21.0,"gold_loss":0.0,"damage_taken":16.0},{"cards_removed":["Defend_P"],"damage_healed":0.0,"max_hp_gain":0.0,"max_hp_loss":0.0,"gold_gain":0.0,"event_name":"Back to Basics","player_choice":"Elegance","floor":22.0,"gold_loss":0.0,"damage_taken":0.0},{"damage_healed":0.0,"max_hp_gain":0.0,"max_hp_loss":0.0,"gold_gain":99.0,"event_name":"Nest","player_choice":"Stole From Cult","floor":24.0,"gold_loss":0.0,"damage_taken":0.0},{"damage_healed":0.0,"max_hp_gain":0.0,"max_hp_loss":0.0,"gold_gain":0.0,"event_name":"WeMeetAgain","player_choice":"Gave Potion","floor":28.0,"gold_loss":0.0,"damage_taken":0.0,"relics_obtained":["Toy Ornithopter"]}],"is_beta":false,"boss_relics":[{"not_picked":["Velvet Choker","Fusion Hammer"],"picked":"SacredBark"}],"items_purged_floors":[7],"is_endless":false,"potions_floor_spawned":[2,4,6,29],"killed_by":"Automaton","ascension_level":11}}