{"host":"b4asi0laiv85suj9","time":1608982398,"event":{"mods":["ATMod(°¢èªMod)","BaseMod","Minty Spire (QoL Compilation)","MostiFishMod","Relic Stats","StSLib","TestMod","noobMod"],"gold_per_floor":[109,109,125,135,148,177,177,212,212,212,240,290,301,321,321,393,393,408,426,441,331,342,369,127,159,227,260,260,399,410,549,549,747,747,758,769,914,312,329,357,376,420,420,420,452,635,657,683,683,695,695,695,73,116,131],"floor_reached":56,"playtime":2695,"items_purged":["Defend_P","Strike_P","Defend_P"],"score":2865,"play_id":"30cafb84-3b4c-407e-9124-b381df99133d","local_time":"20201226193318","is_ascension_mode":true,"campfire_choices":[{"data":"AT_FamilyPortrait","floor":7,"key":"SMITH"},{"data":"christmas-Death","floor":10,"key":"SMITH"},{"data":"Eruption","floor":15,"key":"SMITH"},{"data":"MostiFishMod:CyberBuddha","floor":28,"key":"SMITH"},{"data":"Adaptation","floor":32,"key":"SMITH"},{"data":"christmas-Plague","floor":44,"key":"SMITH"},{"floor":49,"key":"RECALL"},{"data":"TalkToTheHand","floor":52,"key":"SMITH"}],"circlet_count":0,"master_deck":["AscendersBane","Strike_P+1","Strike_P","Defend_P+1","Defend_P+1","Eruption+1","Vigilance+1","AT_FamilyPortrait+1","BowlingBash","FlurryOfBlows","Conclude","christmas-Death+1","CutThroughFate","christmas-Plague+1","Indignation","ClearTheMind","MostiFishMod:CyberBuddha+1","WheelKick","Adaptation+1","Crescendo","Alpha","FearNoEvil","TalkToTheHand+1","MostiFishMod:FlowState+1","AT_IrregularMenstruation+1","Fasting2","AT_SoftenMuscles+1","christmas-Famine+1","Scrawl+1","MostiFishMod:OutWit+1","ForeignInfluence+1","MostiFishMod:MusicBox+1","Wallop+1"],"relics":["testmod-TestBox","DaveBox","ice","AT_ATBox","ChiXiaoBlade","TimeKeys","testmod-GiftOfSatan","SynthV:TestCard","War Paint","testmod-Fortitude","Calipers","Kunai","RhineCircuit","Oddly Smooth Stone","AT_BellDemon","Bottled Tornado","Boot","Ornamental Fan","Question Card","AT_DeathDance","Potion Belt","Toxic Egg 2","Mercury Hourglass","Pear","Black Star","CaptainsWheel","Juzu Bracelet","Sundial","AT_SpeedBoots","BrkXgEgg","testmod-IndustrialRevolution","Ice Cream","Darkstone Periapt","testmod-Acrobat","AT_BladeRuinedKing","Dream Catcher","Smiling Mask","PreservedInsect","CeramicFish","Eternal Feather","Bag of Marbles","Anchor","testmod-EqualTreatment","Centennial Puzzle","testmod-Brilliant","Blue Candle","testmod-Maize","AT_ForceNature"],"acts_visited":["Exordium","TheCity","TheBeyond","TheEnding"],"potions_floor_usage":[8,11,23,25,37,37,42,55,55,55,55],"damage_taken":[{"damage":3,"enemies":"Jaw Worm","floor":1,"turns":4},{"damage":0,"enemies":"2 Louse","floor":3,"turns":1},{"damage":1,"enemies":"Cultist","floor":4,"turns":3},{"damage":3,"enemies":"Blue Slaver","floor":5,"turns":2},{"damage":0,"enemies":"3 Sentries","floor":6,"turns":1},{"damage":0,"enemies":"Gremlin Nob","floor":8,"turns":3},{"damage":0,"enemies":"3 Sentries","floor":11,"turns":1},{"damage":0,"enemies":"Exordium Thugs","floor":13,"turns":1},{"damage":0,"enemies":"Gremlin Gang","floor":14,"turns":1},{"damage":17,"enemies":"The Guardian","floor":16,"turns":5},{"damage":24,"enemies":"Shell Parasite","floor":18,"turns":3},{"damage":12,"enemies":"Chosen","floor":19,"turns":2},{"damage":0,"enemies":"Sentry and Sphere","floor":20,"turns":2},{"damage":0,"enemies":"Cultist and Chosen","floor":22,"turns":3},{"damage":0,"enemies":"Slavers","floor":23,"turns":1},{"damage":65,"enemies":"Book of Stabbing","floor":25,"turns":3},{"damage":32,"enemies":"Gremlin Leader","floor":27,"turns":3},{"damage":0,"enemies":"Centurion and Healer","floor":29,"turns":2},{"damage":0,"enemies":"Shelled Parasite and Fungi","floor":30,"turns":1},{"damage":34,"enemies":"Snake Plant","floor":31,"turns":3},{"damage":0,"enemies":"Collector","floor":33,"turns":4},{"damage":20,"enemies":"Orb Walker","floor":35,"turns":2},{"damage":0,"enemies":"3 Darklings","floor":36,"turns":1},{"damage":0,"enemies":"Jaw Worm Horde","floor":37,"turns":1},{"damage":37,"enemies":"4 Shapes","floor":39,"turns":2},{"damage":2,"enemies":"Giant Head","floor":40,"turns":4},{"damage":0,"enemies":"3 Darklings","floor":41,"turns":1},{"damage":0,"enemies":"Reptomancer","floor":42,"turns":2},{"damage":0,"enemies":"Nemesis","floor":45,"turns":2},{"damage":27,"enemies":"2 Orb Walkers","floor":46,"turns":3},{"damage":0,"enemies":"Sphere and 2 Shapes","floor":47,"turns":1},{"damage":0,"enemies":"4 Shapes","floor":48,"turns":1},{"damage":40,"enemies":"Awakened One","floor":50,"turns":4},{"damage":0,"enemies":"Shield and Spear","floor":54,"turns":2},{"damage":0,"enemies":"The Heart","floor":55,"turns":3}],"seed_played":"-9188142266927137578","potions_obtained":[{"floor":1,"key":"Block Potion"},{"floor":4,"key":"BlessingOfTheForge"},{"floor":13,"key":"LiquidMemories"},{"floor":18,"key":"BottledMiracle"},{"floor":27,"key":"AttackPotion"},{"floor":30,"key":"Dexterity Potion"},{"floor":36,"key":"Energy Potion"},{"floor":39,"key":"BottledMiracle"},{"floor":41,"key":"Strength Potion"},{"floor":46,"key":"FearPotion"},{"floor":48,"key":"SpeedPotion"},{"floor":54,"key":"LiquidBronze"}],"is_trial":false,"path_per_floor":["M","?","M","M","M","E","R","E","T","R","E","?","M","M","R","B",null,"M","M","M","?","M","E","$","E","T","E","R","M","M","M","R","B",null,"M","M","M","$","M","E","M","E","T","R","E","?","M","M","R","B",null,"R","$","E","B",null],"character_chosen":"WATCHER","items_purchased":["AT_BellDemon","AT_SpeedBoots","BrkXgEgg","testmod-IndustrialRevolution","testmod-Maize","MostiFishMod:MusicBox+1","BottledMiracle"],"campfire_rested":0,"item_purchase_floors":[24,38,38,38,53,53,53],"current_hp_per_floor":[58,63,63,62,68,68,68,83,83,83,83,83,83,88,88,90,92,87,76,76,76,82,82,82,98,98,100,100,100,100,66,66,99,120,118,118,118,118,88,124,124,133,133,133,133,116,116,116,134,123,154,164,164,164,169],"gold":131,"neow_bonus":"BOSS_RELIC","is_daily":false,"chose_seed":false,"campfire_upgraded":7,"win_rate":0.0,"timestamp":1608982398,"path_taken":["M","?","M","M","M","E","R","E","T","R","E","?","?","M","R","BOSS","M","M","M","?","?","E","$","E","T","E","R","M","M","M","R","BOSS","M","?","M","$","M","E","M","E","T","R","E","?","M","M","R","BOSS","R","$","E","BOSS"],"items_purchased_type":["Relic","Relic","Relic","Relic","Relic","Card","Potion"],"build_version":"2020-12-22","purchased_purges":3,"victory":true,"max_hp_per_floor":[68,73,73,73,78,78,78,83,83,83,83,83,83,88,88,93,93,98,98,98,98,98,98,98,98,98,106,106,106,106,112,112,127,127,133,133,133,133,137,138,138,139,139,139,139,149,149,149,149,164,164,164,164,166,185],"relic_stats":{"Darkstone Periapt":0,"counters":[35,78],"CeramicFish":45,"Blue Candle":[0],"Eternal Feather":28,"PreservedInsect":127,"Juzu Bracelet":0,"War Paint":["Vigilance","Defend_P"],"Boot":[78],"Question Card":19,"Smiling Mask":75,"Mercury Hourglass":[153],"Dream Catcher":0,"Centennial Puzzle":[3],"Ornamental Fan":[76],"Sundial":[0],"Black Star":4,"Kunai":[27],"obtain_stats":[{"Ice Cream":39,"AT_ATBox":0,"Calipers":9,"TimeKeys":0,"CeramicFish":42,"ice":0,"Bottled Tornado":25,"Boot":25,"Centennial Puzzle":46,"Sundial":37,"Kunai":11,"Toxic Egg 2":30,"testmod-Maize":53,"testmod-TestBox":0,"Pear":33,"Blue Candle":48,"Oddly Smooth Stone":23,"Eternal Feather":45,"War Paint":6,"Question Card":27,"RhineCircuit":17,"testmod-Fortitude":8,"AT_SpeedBoots":38,"testmod-GiftOfSatan":0,"testmod-Acrobat":40,"ChiXiaoBlade":0,"Black Star":34,"AT_DeathDance":27,"AT_BellDemon":24,"Darkstone Periapt":40,"DaveBox":0,"testmod-EqualTreatment":46,"Juzu Bracelet":36,"Smiling Mask":42,"testmod-Brilliant":47,"Dream Catcher":41,"Potion Belt":29,"AT_ForceNature":54,"BrkXgEgg":38,"AT_BladeRuinedKing":40,"PreservedInsect":42,"testmod-IndustrialRevolution":38,"Mercury Hourglass":31,"CaptainsWheel":35,"Anchor":45,"SynthV:TestCard":1,"Ornamental Fan":26,"Bag of Marbles":45,"PureWater":0},{"Ice Cream":25,"AT_ATBox":0,"Calipers":6,"TimeKeys":0,"CeramicFish":28,"ice":0,"Bottled Tornado":16,"Boot":16,"Centennial Puzzle":30,"Sundial":24,"Kunai":7,"Toxic Egg 2":19,"testmod-Maize":33,"testmod-TestBox":0,"Pear":21,"Blue Candle":32,"Oddly Smooth Stone":15,"Eternal Feather":29,"War Paint":5,"Question Card":17,"RhineCircuit":10,"testmod-Fortitude":6,"AT_SpeedBoots":24,"testmod-GiftOfSatan":0,"testmod-Acrobat":26,"ChiXiaoBlade":0,"Black Star":21,"AT_DeathDance":17,"AT_BellDemon":15,"Darkstone Periapt":26,"DaveBox":0,"testmod-EqualTreatment":30,"Juzu Bracelet":23,"Smiling Mask":28,"testmod-Brilliant":31,"Dream Catcher":27,"Potion Belt":18,"AT_ForceNature":34,"BrkXgEgg":24,"AT_BladeRuinedKing":26,"PreservedInsect":28,"testmod-IndustrialRevolution":24,"Mercury Hourglass":20,"CaptainsWheel":22,"Anchor":29,"SynthV:TestCard":1,"Ornamental Fan":16,"Bag of Marbles":29,"PureWater":0},{"Ice Cream":55,"AT_ATBox":0,"Calipers":14,"TimeKeys":0,"CeramicFish":62,"ice":0,"Bottled Tornado":36,"Boot":36,"Centennial Puzzle":67,"Sundial":53,"Kunai":15,"Toxic Egg 2":42,"testmod-Maize":73,"testmod-TestBox":0,"Pear":49,"Blue Candle":69,"Oddly Smooth Stone":33,"Eternal Feather":64,"War Paint":11,"Question Card":39,"RhineCircuit":22,"testmod-Fortitude":14,"AT_SpeedBoots":53,"testmod-GiftOfSatan":0,"testmod-Acrobat":59,"ChiXiaoBlade":0,"Black Star":49,"AT_DeathDance":39,"AT_BellDemon":33,"Darkstone Periapt":59,"DaveBox":0,"testmod-EqualTreatment":67,"Juzu Bracelet":52,"Smiling Mask":62,"testmod-Brilliant":68,"Dream Catcher":60,"Potion Belt":41,"AT_ForceNature":75,"BrkXgEgg":53,"AT_BladeRuinedKing":59,"PreservedInsect":62,"testmod-IndustrialRevolution":53,"Mercury Hourglass":45,"CaptainsWheel":51,"Anchor":64,"SynthV:TestCard":4,"Ornamental Fan":36,"Bag of Marbles":64,"PureWater":0}]},"card_choices":[{"not_picked":["Weave","SashWhip","EmptyFist"],"picked":"SKIP","floor":1},{"not_picked":["Consecrate","Halt","WreathOfFlame","Protect","CrushJoints"],"picked":"SKIP","floor":3},{"not_picked":["EmptyFist","CrushJoints","FlyingSleeves","FlurryOfBlows"],"picked":"BowlingBash","floor":4},{"not_picked":["ThirdEye","FollowUp","MostiFishMod:Moonprays","Collect"],"picked":"FlurryOfBlows","floor":5},{"not_picked":["Evaluate","EmptyBody","Indignation","Protect"],"picked":"Conclude","floor":6},{"not_picked":["christmas-War","christmas-Plague","christmas-Famine","christmas-War"],"picked":"christmas-Death","floor":8},{"not_picked":["FlyingSleeves","Crescendo","EmptyFist","EmptyBody","AT_ChampionStep"],"picked":"SKIP","floor":8},{"not_picked":["EmptyFist","LikeWater","AT_ChampionStep","FollowUp"],"picked":"CutThroughFate","floor":11},{"not_picked":["christmas-Death","christmas-War","christmas-Famine","christmas-Famine"],"picked":"christmas-Plague","floor":11},{"not_picked":["FollowUp","Nirvana","LikeWater","EmptyBody"],"picked":"Indignation","floor":13},{"not_picked":["FlyingSleeves","FlurryOfBlows","PathToVictory","BowlingBash"],"picked":"ClearTheMind","floor":14},{"not_picked":["MostiFishMod:Pointsdynamics","AT_RealColorLess","MostiFishMod:DustFall","MostiFishMod:Unraveling"],"picked":"MostiFishMod:CyberBuddha","floor":16},{"not_picked":["FlyingSleeves","FollowUp","ForeignInfluence+1","CutThroughFate"],"picked":"WheelKick","floor":18},{"not_picked":["EmptyFist","Protect","PathToVictory","FlurryOfBlows"],"picked":"Adaptation","floor":19},{"not_picked":["FollowUp","EmptyBody","Protect","BowlingBash"],"picked":"Crescendo","floor":20},{"not_picked":["Wireheading","CutThroughFate","FlurryOfBlows","Halt","Consecrate"],"picked":"SKIP","floor":22},{"not_picked":["Wireheading","CutThroughFate","FlurryOfBlows","Halt","Consecrate"],"picked":"SKIP","floor":22},{"not_picked":["ReachHeaven","Prostrate","Crescendo","Evaluate+1"],"picked":"Alpha","floor":23},{"not_picked":["JustLucky","MostiFishMod:PathToVictory","EmptyFist","MostiFishMod:KamiSmash"],"picked":"FearNoEvil","floor":25},{"not_picked":["ForeignInfluence","EmptyFist","Halt","BowlingBash"],"picked":"TalkToTheHand","floor":27},{"not_picked":["SashWhip","EmptyBody","Halt","PathToVictory","Adaptation","Consecrate+1"],"picked":"SKIP","floor":29},{"not_picked":["Swivel+1","Prostrate+1","Adaptation+1","Protect+1","Wireheading","MostiFishMod:Nomercy+1"],"picked":"SKIP","floor":30},{"not_picked":["EmptyBody+1","Meditate+1","MostiFishMod:Clarity+1","JustLucky","Worship+1"],"picked":"MostiFishMod:FlowState+1","floor":31},{"not_picked":["MostiFishMod:Disappear","MostiFishMod:Unraveling+1","MasterReality","Devotion","Scrawl+1"],"picked":"AT_IrregularMenstruation+1","floor":33},{"not_picked":["Adaptation","ThirdEye+1","Consecrate","Vengeance+1","SashWhip+1"],"picked":"Fasting2","floor":35},{"not_picked":["christmas-Famine","christmas-War","christmas-Plague+1","christmas-Death+1","christmas-Death+1","christmas-Plague"],"picked":"SKIP","floor":35},{"not_picked":["FlyingSleeves","Crescendo+1","MostiFishMod:Nomercy","AT_OneInchPunch","Swivel+1"],"picked":"AT_SoftenMuscles+1","floor":36},{"not_picked":["CrushJoints","Pray+1","SashWhip","WindmillStrike","SandsOfTime","Crescendo+1"],"picked":"SKIP","floor":37},{"not_picked":["AT_SoftenMuscles+1","Protect+1","FollowUp","Brilliance+1","Crescendo+1","Worship+1"],"picked":"SKIP","floor":39},{"not_picked":["CutThroughFate","FearNoEvil","WaveOfTheHand+1","Meditate+1","Fasting2","Protect+1"],"picked":"SKIP","floor":40},{"not_picked":["CutThroughFate","FearNoEvil","WaveOfTheHand+1","Meditate+1","Fasting2","Protect+1"],"picked":"SKIP","floor":40},{"not_picked":["EmptyFist","FollowUp+1","JustLucky","MostiFishMod:Unraveling+1","DeceiveReality+1","Protect+1"],"picked":"SKIP","floor":41},{"not_picked":["christmas-Death","christmas-War+1","christmas-Plague","christmas-Death","christmas-War"],"picked":"christmas-Famine+1","floor":41},{"not_picked":["EmptyFist","FollowUp+1","JustLucky","MostiFishMod:Unraveling+1","DeceiveReality+1","Protect+1"],"picked":"SKIP","floor":41},{"not_picked":["EmptyBody+1","ClearTheMind+1","Protect+1","CrushJoints","Halt+1"],"picked":"Scrawl+1","floor":42},{"not_picked":["CrushJoints","FlurryOfBlows","Alpha+1","Indignation+1","WreathOfFlame+1","Halt+1"],"picked":"SKIP","floor":45},{"not_picked":["Consecrate+1","PathToVictory+1","FlurryOfBlows","Vengeance+1","MentalFortress+1"],"picked":"MostiFishMod:OutWit+1","floor":47},{"not_picked":["AT_RealFormLess+1","CutThroughFate","Evaluate+1","Protect+1","CarveReality"],"picked":"ForeignInfluence+1","floor":48},{"not_picked":["FlurryOfBlows+1","Worship+1","Halt+1","FlyingSleeves","Crescendo+1"],"picked":"Wallop+1","floor":54},{"not_picked":["christmas-Plague","christmas-Famine","christmas-Death","christmas-War+1","christmas-Famine","christmas-War+1"],"picked":"SKIP","floor":54}],"player_experience":240150,"relics_obtained":[{"floor":1,"key":"SynthV:TestCard"},{"floor":6,"key":"War Paint"},{"floor":8,"key":"testmod-Fortitude"},{"floor":9,"key":"Calipers"},{"floor":11,"key":"Kunai"},{"floor":23,"key":"Oddly Smooth Stone"},{"floor":25,"key":"Bottled Tornado"},{"floor":25,"key":"Boot"},{"floor":26,"key":"Ornamental Fan"},{"floor":27,"key":"Question Card"},{"floor":27,"key":"AT_DeathDance"},{"floor":29,"key":"Potion Belt"},{"floor":30,"key":"Toxic Egg 2"},{"floor":31,"key":"Mercury Hourglass"},{"floor":33,"key":"Pear"},{"floor":35,"key":"CaptainsWheel"},{"floor":36,"key":"Juzu Bracelet"},{"floor":37,"key":"Sundial"},{"floor":39,"key":"Ice Cream"},{"floor":40,"key":"Darkstone Periapt"},{"floor":40,"key":"testmod-Acrobat"},{"floor":40,"key":"AT_BladeRuinedKing"},{"floor":41,"key":"Dream Catcher"},{"floor":42,"key":"Smiling Mask"},{"floor":42,"key":"PreservedInsect"},{"floor":42,"key":"CeramicFish"},{"floor":45,"key":"Eternal Feather"},{"floor":45,"key":"Bag of Marbles"},{"floor":45,"key":"Anchor"},{"floor":46,"key":"testmod-EqualTreatment"},{"floor":46,"key":"Centennial Puzzle"},{"floor":47,"key":"testmod-Brilliant"},{"floor":48,"key":"Blue Candle"},{"floor":54,"key":"AT_ForceNature"}],"event_choices":[{"damage_healed":0,"gold_gain":0,"player_choice":"Donut","damage_taken":0,"max_hp_gain":5,"max_hp_loss":0,"event_name":"Big Fish","floor":2,"gold_loss":0},{"damage_healed":0,"gold_gain":50,"player_choice":"Pray","damage_taken":0,"max_hp_gain":0,"max_hp_loss":0,"event_name":"Golden Shrine","floor":12,"gold_loss":0},{"cards_removed":["Strike_P"],"damage_healed":0,"gold_gain":0,"player_choice":"Upgrade and Remove","damage_taken":0,"max_hp_gain":0,"max_hp_loss":0,"event_name":"Designer","floor":21,"gold_loss":110,"cards_upgraded":["Defend_P"]},{"damage_healed":0,"gold_gain":0,"player_choice":"Fight","damage_taken":0,"max_hp_gain":0,"max_hp_loss":0,"event_name":"Mysterious Sphere","floor":46,"gold_loss":0}],"is_beta":false,"boss_relics":[{"not_picked":["TakeMeEscape","testmod-Fanaticism"],"picked":"RhineCircuit"},{"not_picked":["Coffee Dripper","Calling Bell"],"picked":"Black Star"}],"items_purged_floors":[24,38,53],"is_endless":false,"potions_floor_spawned":[1,4,6,13,18,20,22,27,30,36,39,41,46,48,54],"ascension_level":16}}