{"host":"l0x1ky9qxkxk6ywx","time":1608959016,"event":{"mods":["Act Like it!","Aspiration","Astrologer","BaseMod","CapriCore","Gensokyo","GifTheSpireLib","Hubris","Luminous","Marisa????????","Minty Spire (QoL Compilation)","Rare Cards Sparkle","Remilia??????","Replay The Spire","StSLib","The Animator","The Bladedancer","The Bug Knight","The Cursed","The Hierophant","The Immortal","The Marked","The Runesmith","The Servant 0.9.4"],"gold_per_floor":[113,113,128,138,138,158,178,178,178,178,228,263,17,32,32,134,134,147,107,121,121,139,139,139,139],"floor_reached":24,"playtime":16655,"items_purged":[],"score":223,"play_id":"7ed47a46-25b4-4d14-8264-b371f4f256f0","local_time":"20201225230336","is_ascension_mode":false,"campfire_choices":[{"floor":10,"key":"DIG"},{"floor":15,"key":"REST"}],"circlet_count":0,"master_deck":["Runesmith:Strike_RS","Runesmith:Strike_RS","Runesmith:Strike_RS","Runesmith:Strike_RS+1","Runesmith:Defend_RS","Runesmith:Defend_RS+1","Runesmith:Defend_RS","Runesmith:Defend_RS","Runesmith:CraftFirestone","Runesmith:Fortify+1","Runesmith:CraftProtectio+1","Runesmith:BackupBattery","Runesmith:ShiftingStrike+1","Runesmith:HeatedChisel+1","Runesmith:Grindstone","Runesmith:CraftVitae","Runesmith:MakeshiftArmor","Runesmith:Grindstone","Runesmith:Repurpose","Runesmith:LightningRod","Runesmith:PerfectChisel+1","Runesmith:Malloc+1"],"relics":["Runesmith:CoreCrystal","Replay:Multitool","Replay:Wax Seal","Smiling Mask","Replay:Bottled Snecko","Whetstone","Membership Card","War Paint"],"acts_visited":["Exordium","TheCity"],"potions_floor_usage":[12,16,16],"damage_taken":[{"damage":0,"enemies":"2 Louse","floor":1,"turns":3},{"damage":0,"enemies":"Cultist","floor":3,"turns":4},{"damage":6,"enemies":"Jaw Worm","floor":4,"turns":4},{"damage":4,"enemies":"Blue Slaver","floor":6,"turns":3},{"damage":8,"enemies":"Large Slime","floor":7,"turns":6},{"damage":0,"enemies":"Lagavulin","floor":12,"turns":9},{"damage":0,"enemies":"Exordium Thugs","floor":14,"turns":7},{"damage":4,"enemies":"Hexaghost","floor":16,"turns":16},{"damage":11,"enemies":"Chosen","floor":18,"turns":9},{"damage":9,"enemies":"Spheric Guardian","floor":20,"turns":14},{"damage":26,"enemies":"Shelled Parasite and Fungi","floor":22,"turns":17},{"damage":28,"enemies":"Gremlin Leader","floor":24,"turns":6}],"seed_played":"595043423118047556","potions_obtained":[{"floor":4,"key":"Weak Potion"},{"floor":11,"key":"LifebloodPotion"},{"floor":12,"key":"Weak Potion"},{"floor":14,"key":"DuplicationPotion"},{"floor":22,"key":"FearPotion"}],"is_trial":false,"path_per_floor":["M","?","M","M","?","M","M","?","T","R","?","E","$","M","R","B",null,"M","?","M","?","M","R","E"],"character_chosen":"RUNESMITH_CLASS","items_purchased":["Membership Card","War Paint","Runesmith:Grindstone"],"campfire_rested":1,"item_purchase_floors":[13,13,13],"current_hp_per_floor":[49,49,49,43,43,39,31,54,54,54,26,26,26,26,47,43,70,59,59,50,70,44,65,37,37],"gold":139,"neow_bonus":"ONE_RARE_RELIC","is_daily":false,"chose_seed":false,"campfire_upgraded":0,"win_rate":0.0,"timestamp":1608959016,"path_taken":["M","?","M","?","?","M","M","?","T","R","?","E","$","?","R","BOSS","M","?","?","?","M","R","E"],"items_purchased_type":["Relic","Relic","Card"],"build_version":"2020-12-22","purchased_purges":0,"victory":false,"max_hp_per_floor":[70,70,70,70,70,70,70,70,70,70,70,70,70,70,70,70,70,70,70,70,70,70,70,70,70],"card_choices":[{"not_picked":["Runesmith:Prism","Runesmith:ShiftingStrike"],"picked":"Runesmith:CraftProtectio","floor":1},{"not_picked":["Runesmith:WhiteBalance","Runesmith:ChiselStab"],"picked":"Runesmith:BackupBattery","floor":3},{"not_picked":["Runesmith:Empowerment","Runesmith:FrozenChisel"],"picked":"Runesmith:ShiftingStrike","floor":4},{"not_picked":["Runesmith:CraftProtectio","Runesmith:StaticCage"],"picked":"Runesmith:HeatedChisel","floor":6},{"not_picked":["Runesmith:MakeshiftArmor","Runesmith:NanitesCloud"],"picked":"Runesmith:Grindstone","floor":7},{"not_picked":["Runesmith:GenerateForcefield","Runesmith:ChiselStab"],"picked":"Runesmith:CraftVitae","floor":11},{"not_picked":["Runesmith:Permafrost","Runesmith:ShiftingStrike"],"picked":"Runesmith:MakeshiftArmor","floor":12},{"not_picked":["Runesmith:ShiftingStrike","Runesmith:EarthShield"],"picked":"Runesmith:Repurpose","floor":14},{"not_picked":["Runesmith:CraftPrismatica","Runesmith:GenerateForcefield"],"picked":"Runesmith:LightningRod","floor":16},{"not_picked":["Runesmith:Grindstone","Runesmith:ShiftingStrike"],"picked":"Runesmith:PerfectChisel","floor":18},{"not_picked":["Runesmith:StaticCage+1","Runesmith:UnstableHammer","Runesmith:Prism+1"],"picked":"SKIP","floor":20},{"not_picked":["Runesmith:MakeshiftArmor","Runesmith:CraftProtectio"],"picked":"Runesmith:Malloc+1","floor":22}],"player_experience":155860,"relics_obtained":[{"floor":9,"key":"Replay:Wax Seal"},{"floor":10,"key":"Smiling Mask"},{"floor":11,"key":"Replay:Bottled Snecko"},{"floor":12,"key":"Whetstone"}],"event_choices":[{"damage_healed":0,"gold_gain":0,"player_choice":"Ignored","damage_taken":0,"max_hp_gain":0,"max_hp_loss":0,"event_name":"NoteForYourself","floor":2,"gold_loss":0},{"damage_healed":23,"gold_gain":0,"player_choice":"Banana","damage_taken":0,"max_hp_gain":0,"max_hp_loss":0,"event_name":"Big Fish","floor":8,"gold_loss":0},{"damage_healed":0,"gold_gain":0,"player_choice":"Upgrade","damage_taken":0,"max_hp_gain":0,"max_hp_loss":0,"event_name":"Designer","floor":19,"gold_loss":40,"cards_upgraded":["Runesmith:PerfectChisel"]},{"damage_healed":20,"gold_gain":0,"player_choice":"Full Heal","damage_taken":0,"max_hp_gain":0,"max_hp_loss":0,"event_name":"Wheel of Change","floor":21,"gold_loss":0}],"is_beta":false,"boss_relics":[{"not_picked":["Kintsugi","aspiration:MarisaSkillbook"],"picked":"Runesmith:CoreCrystal"}],"items_purged_floors":[],"is_endless":false,"potions_floor_spawned":[4,12,14,22],"killed_by":"Gremlin Leader","ascension_level":0}}