{"host":"ssbj2e5691x5ub3h","time":1608991189,"event":{"mods":["BaseMod","Duelist Mod","Minty Spire (QoL Compilation)","StSLib"],"gold_per_floor":[136,136,136,152,152,152,183,183,183,194,208,240,255,274,274,370,370,386,404,404,172,190,225,237,270,338,348,360,360,373,388,388,489,489,505,517,535,535,535,535],"floor_reached":39,"playtime":1939,"items_purged":["theDuelist:Sparks"],"score":650,"play_id":"d34ee309-628b-411d-ab0e-4d6e154d5911","local_time":"20201226115949","is_ascension_mode":true,"campfire_choices":[{"data":"theDuelist:NaturiaHydrangea","floor":6,"key":"SMITH"},{"floor":8,"key":"REST"},{"floor":15,"key":"REST"},{"floor":29,"key":"REST"},{"floor":32,"key":"REST"}],"circlet_count":0,"master_deck":["theDuelist:NaturiaEggplant","theDuelist:Sparks","theDuelist:NaturiaCliff","theDuelist:NaturiaBeast","theDuelist:NaturiaTulip","theDuelist:NaturiaRock","theDuelist:NaturiaDragonfly","theDuelist:CastleWalls","theDuelist:CastleWalls","theDuelist:CastleWalls","theDuelist:LonefireBlossom+1","theDuelist:NaturiaStinkbug","theDuelist:ClosedForest","theDuelist:NaturiaHydrangea+1","theDuelist:NaturiaLandoise","theDuelist:SummoningSwarm+1","theDuelist:NaturiaGaiastrio","theDuelist:NaturiaMarron+1","theDuelist:NaturiaMosquito+1","theDuelist:NaturiaBarkion","theDuelist:NaturiaSpiderfang+1","theDuelist:NaturiaMarron","theDuelist:NaturiaHorneedle","theDuelist:NaturiaDragonfly","theDuelist:LuminousMoss+1"],"relics":["theDuelist:MillenniumPuzzle","theDuelist:CardPoolRelic","theDuelist:CardPoolBasicRelic","theDuelist:BoosterPackPoolRelic","theDuelist:CardPoolAddRelic","theDuelist:CardPoolMinusRelic","theDuelist:CardPoolSaveRelic","theDuelist:CardPoolOptionsRelic","Vajra","theDuelist:NaturiaRelic","Red Skull","Sozu","Nunchaku","Paper Crane","theDuelist:Leafblower","theDuelist:BoosterPackHealer","Busted Crown","theDuelist:ElectricToken"],"acts_visited":["Exordium","TheCity","TheBeyond"],"potions_floor_usage":[12,13,14],"damage_taken":[{"damage":1,"enemies":"2 Louse","floor":1,"turns":3},{"damage":0,"enemies":"Cultist","floor":4,"turns":4},{"damage":32,"enemies":"Gremlin Nob","floor":7,"turns":4},{"damage":0,"enemies":"Jaw Worm","floor":10,"turns":3},{"damage":9,"enemies":"Red Slaver","floor":11,"turns":3},{"damage":26,"enemies":"Lagavulin","floor":12,"turns":6},{"damage":2,"enemies":"Gremlin Gang","floor":13,"turns":3},{"damage":11,"enemies":"3 Louse","floor":14,"turns":2},{"damage":14,"enemies":"The Guardian","floor":16,"turns":8},{"damage":0,"enemies":"Spheric Guardian","floor":18,"turns":3},{"damage":6,"enemies":"3 Byrds","floor":19,"turns":3},{"damage":19,"enemies":"Snake Plant","floor":22,"turns":4},{"damage":0,"enemies":"theDuelist:KaibaA2","floor":23,"turns":3},{"damage":0,"enemies":"Sentry and Sphere","floor":24,"turns":3},{"damage":21,"enemies":"Slavers","floor":25,"turns":3},{"damage":1,"enemies":"Snecko","floor":27,"turns":3},{"damage":0,"enemies":"Cultist and Chosen","floor":28,"turns":4},{"damage":4,"enemies":"Centurion and Healer","floor":30,"turns":4},{"damage":2,"enemies":"Chosen and Byrds","floor":31,"turns":3},{"damage":51,"enemies":"Collector","floor":33,"turns":6},{"damage":37,"enemies":"3 Darklings","floor":35,"turns":3},{"damage":0,"enemies":"3 Shapes","floor":36,"turns":2},{"damage":20,"enemies":"3 Darklings","floor":37,"turns":3},{"damage":19,"enemies":"Jaw Worm Horde","floor":39,"turns":1}],"seed_played":"4551732768201801538","potions_obtained":[{"floor":10,"key":"Fire Potion"},{"floor":11,"key":"theDuelist:FreezingPotion"},{"floor":12,"key":"theDuelist:BigTributeBottle"}],"is_trial":false,"path_per_floor":["M","?","$","M","?","R","E","R","T","M","M","E","M","M","R","B",null,"M","M","?","$","M","E","M","E","T","M","M","R","M","M","R","B",null,"M","M","M","?","M"],"character_chosen":"THE_DUELIST","items_purchased":["Nunchaku"],"campfire_rested":4,"item_purchase_floors":[21],"current_hp_per_floor":[79,79,79,79,79,79,47,73,73,73,64,38,36,25,51,37,75,75,69,69,69,50,50,50,29,29,28,28,54,50,52,78,27,73,36,36,16,10,0,0],"gold":535,"neow_bonus":"TEN_PERCENT_HP_BONUS","is_daily":false,"chose_seed":false,"campfire_upgraded":1,"win_rate":0.0,"timestamp":1608991189,"path_taken":["M","?","?","M","?","R","E","R","T","M","M","E","?","?","R","BOSS","M","M","?","$","M","E","M","E","T","M","M","R","M","M","R","BOSS","M","M","M","?","M"],"items_purchased_type":["Relic"],"build_version":"2020-12-22","purchased_purges":1,"victory":false,"max_hp_per_floor":[88,88,88,88,88,88,88,88,88,88,88,88,88,88,88,88,88,88,88,88,88,88,88,88,88,88,88,88,88,88,88,88,88,88,88,88,88,88,88,88],"card_choices":[{"not_picked":["theDuelist:NaturiaHydrangea","theDuelist:SummoningSwarm","theDuelist:NaturiaMantis","theDuelist:FossilDig"],"picked":"theDuelist:LonefireBlossom","floor":1},{"not_picked":["theDuelist:CastleWalls"],"picked":"SKIP","floor":4},{"not_picked":["theDuelist:NatureReflection","theDuelist:HuntingInstinct","theDuelist:Wiretap","theDuelist:SeismicShockwave","theDuelist:BottomlessTrapHole"],"picked":"SKIP","floor":7},{"not_picked":["theDuelist:NaturiaLeodrake","theDuelist:NatureReflection","theDuelist:NaturalDisaster","theDuelist:LeodrakeMane","theDuelist:HeartUnderdog"],"picked":"SKIP","floor":10},{"not_picked":["theDuelist:NaturiaTulip","theDuelist:NaturiaHydrangea","theDuelist:FossilDig","theDuelist:NaturiaCliff"],"picked":"theDuelist:NaturiaEggplant","floor":11},{"not_picked":["theDuelist:NaturiaEggplant","theDuelist:NaturiaCliff","theDuelist:NaturiaRosewhip","theDuelist:NaturiaLeodrake"],"picked":"theDuelist:NaturiaStinkbug","floor":12},{"not_picked":["theDuelist:NaturiaHydrangea","theDuelist:NaturiaEggplant","theDuelist:NaturiaCliff","theDuelist:NaturiaGuardian"],"picked":"theDuelist:NaturiaDragonfly","floor":13},{"not_picked":["theDuelist:NaturiaHydrangea","theDuelist:NaturiaRock","theDuelist:NaturiaCliff","theDuelist:FossilDig","theDuelist:NaturiaEggplant"],"picked":"SKIP","floor":14},{"not_picked":["theDuelist:SeismicShockwave","theDuelist:NaturiaVein","theDuelist:MultiplicationOfAnts","theDuelist:Wildfire"],"picked":"theDuelist:ClosedForest","floor":16},{"not_picked":["theDuelist:NaturiaRock+1","theDuelist:NaturiaGaiastrio","theDuelist:CrystalRose+1","theDuelist:NaturiaCliff"],"picked":"theDuelist:NaturiaLandoise","floor":18},{"not_picked":["theDuelist:SpacetimeTranscendence","theDuelist:NaturiaSunflower","theDuelist:NaturiaMantis","theDuelist:NaturiaPineapple"],"picked":"theDuelist:SummoningSwarm+1","floor":19},{"not_picked":["theDuelist:NaturiaRock+1","theDuelist:CrystalRose","theDuelist:NaturiaLandoise","theDuelist:NaturiaCliff"],"picked":"theDuelist:NaturiaGaiastrio","floor":22},{"not_picked":["theDuelist:NaturiaHydrangea","theDuelist:NaturiaEggplant","theDuelist:NaturiaStinkbug","theDuelist:NaturiaRosewhip+1"],"picked":"theDuelist:NaturiaMarron+1","floor":23},{"not_picked":["theDuelist:BrainCrusher","theDuelist:NaturiaCosmobeet","theDuelist:NaturiaCherries+1","theDuelist:NaturiaLadybug"],"picked":"theDuelist:NaturiaMosquito+1","floor":24},{"not_picked":["theDuelist:FuryFire+1","theDuelist:VenomShot","theDuelist:SpacetimeTranscendence+1","theDuelist:SeedSacredTree","theDuelist:BarkionBark"],"picked":"SKIP","floor":25},{"not_picked":["theDuelist:SangaEarth","theDuelist:NaturiaLandoise","theDuelist:MillenniumScorpion","theDuelist:NaturiaHorneedle"],"picked":"theDuelist:NaturiaBarkion","floor":27},{"not_picked":["theDuelist:NaturiaStrawberry+1","theDuelist:FuryFire+1","theDuelist:NaturiaGaiastrio","theDuelist:DemiseLand"],"picked":"theDuelist:NaturiaSpiderfang+1","floor":28},{"not_picked":["theDuelist:NaturiaHydrangea","theDuelist:LonefireBlossom","theDuelist:NaturiaRosewhip","theDuelist:SummoningSwarm+1","theDuelist:Spore"],"picked":"SKIP","floor":30},{"not_picked":["theDuelist:NaturiaBambooShoot","theDuelist:BrainCrusher","theDuelist:NaturiaWhiteOak","theDuelist:CrystalRose"],"picked":"theDuelist:NaturiaMarron","floor":31},{"not_picked":["theDuelist:NaturiaForest","theDuelist:NaturiaVein","theDuelist:ClosedForest","theDuelist:Wildfire"],"picked":"theDuelist:NaturiaHorneedle","floor":33},{"not_picked":["theDuelist:VenomShot","theDuelist:CopyPlant+1","theDuelist:ExterioFang"],"picked":"SKIP","floor":35},{"not_picked":["theDuelist:NaturiaEggplant+1","theDuelist:Spore+1"],"picked":"theDuelist:NaturiaDragonfly","floor":36},{"not_picked":["theDuelist:Wildfire+1","theDuelist:Wiretap"],"picked":"theDuelist:LuminousMoss+1","floor":37}],"player_experience":234125,"relics_obtained":[{"floor":7,"key":"Vajra"},{"floor":9,"key":"theDuelist:NaturiaRelic"},{"floor":12,"key":"Red Skull"},{"floor":23,"key":"Paper Crane"},{"floor":25,"key":"theDuelist:Leafblower"},{"floor":26,"key":"theDuelist:BoosterPackHealer"}],"event_choices":[{"damage_healed":0,"gold_gain":0,"cards_transformed":["theDuelist:Sparks"],"player_choice":"Transformed","damage_taken":0,"max_hp_gain":0,"max_hp_loss":0,"event_name":"Transmorgrifier","floor":2,"gold_loss":0,"cards_obtained":["theDuelist:NaturiaHydrangea"]},{"damage_healed":0,"gold_gain":0,"player_choice":"Upgraded","damage_taken":0,"max_hp_gain":0,"max_hp_loss":0,"event_name":"Upgrade Shrine","floor":5,"gold_loss":0,"cards_upgraded":["theDuelist:LonefireBlossom"]},{"damage_healed":0,"gold_gain":0,"player_choice":"Leave","duelist":true,"damage_taken":0,"max_hp_gain":0,"max_hp_loss":0,"event_name":"Egyptian Village","floor":20,"gold_loss":0},{"damage_healed":0,"gold_gain":0,"player_choice":"Dig - random Duelist relic","duelist":true,"damage_taken":0,"max_hp_gain":0,"max_hp_loss":0,"event_name":"Aknamkanon\u0027s Tomb","floor":38,"gold_loss":0}],"is_beta":false,"boss_relics":[{"not_picked":["Inserter","Empty Cage"],"picked":"Sozu"},{"not_picked":["Cursed Key","theDuelist:GamblerChip"],"picked":"Busted Crown"}],"items_purged_floors":[21],"is_endless":false,"potions_floor_spawned":[10,11,12,19,22,23,27,31,33,35,36],"killed_by":"Jaw Worm Horde","ascension_level":8}}