{"host":"sabve5zmqufxyc5o","time":1608986532,"event":{"mods":["2.2 Compatiblity","AchievementEnabler","Act Like it!","Arknights The Spire","BaseMod","Block Reminder","Colored Map","Colored Powertips","DeckTracker","KOR Keyword Fix","Keyboard Shortcuts","Minty Spire (QoL Compilation)","Quick Restart","Rare Cards Sparkle","Relic Stats","StSLib","SuperFastMode"],"gold_per_floor":[117,127,144,33,48,80,80,93,142,142,175,187,202,82,82,180,180,199,199,199,199],"floor_reached":20,"playtime":552,"items_purged":["ats:Strike C","ats:Defend"],"score":271,"play_id":"bd049d7a-5c87-4620-8f00-bf625c56d801","local_time":"20201226214212","is_ascension_mode":true,"campfire_choices":[{"floor":7,"key":"REST"},{"floor":10,"key":"REST"},{"data":"ats:Emotion Absorption","floor":15,"key":"SMITH"}],"circlet_count":0,"master_deck":["ats:Strike S","ats:Armor Crushing Shot","ats:Defend","ats:Defend","ats:Emotion Absorption+1","ats:Blood Oath","ats:Revitalization","ats:Poison Spread","ats:Support Order","ats:Neurotoxin","ats:Healing Strengthening","ats:Explosion Area Strengthen","ats:Thorns","ats:Charging Defense","ats:Flexible Camouflage","ats:Thorns","ats:Fractured Body"],"relics":["ats:Sanity Plus","ats:Originium","Meat on the Bone","Smiling Mask","ats:Originium","Darkstone Periapt"],"acts_visited":["Exordium","TheCity"],"potions_floor_usage":[11,16,16,16],"damage_taken":[{"damage":12,"enemies":"Jaw Worm","floor":1,"turns":3},{"damage":1,"enemies":"Cultist","floor":2,"turns":4},{"damage":2,"enemies":"Small Slimes","floor":3,"turns":5},{"damage":13,"enemies":"2 Fungi Beasts","floor":5,"turns":7},{"damage":68,"enemies":"Lagavulin","floor":6,"turns":9},{"damage":16,"enemies":"Blue Slaver","floor":8,"turns":4},{"damage":40,"enemies":"Gremlin Nob","floor":11,"turns":5},{"damage":35,"enemies":"Exordium Thugs","floor":12,"turns":6},{"damage":11,"enemies":"2 Fungi Beasts","floor":13,"turns":4},{"damage":0,"enemies":"Slime Boss","floor":16,"turns":8},{"damage":77,"enemies":"Spheric Guardian","floor":18,"turns":8},{"damage":0,"enemies":"3 Byrds","floor":20,"turns":2}],"seed_played":"5278098342152998777","potions_obtained":[{"floor":3,"key":"CultistPotion"},{"floor":6,"key":"Regen Potion"},{"floor":8,"key":"Energy Potion"},{"floor":12,"key":"Swift Potion"},{"floor":16,"key":"SpeedPotion"},{"floor":18,"key":"FearPotion"}],"is_trial":false,"path_per_floor":["M","M","M","$","M","E","R","M","T","R","E","M","M","$","R","B",null,"M","?","M"],"character_chosen":"DOCTOR_CLASS","items_purchased":["ats:Support Order","ats:Thorns"],"campfire_rested":2,"item_purchase_floors":[4,14],"current_hp_per_floor":[53,55,64,64,59,7,26,27,27,46,40,31,37,37,37,46,65,14,14,17,17],"gold":199,"neow_bonus":"REMOVE_TWO","is_daily":false,"chose_seed":false,"campfire_upgraded":1,"win_rate":0.0,"timestamp":1608986532,"path_taken":["M","M","M","$","M","E","R","M","T","R","E","M","M","$","R","BOSS","M","?","M"],"items_purchased_type":["Card","Card"],"build_version":"2020-12-22","purchased_purges":2,"victory":false,"max_hp_per_floor":[65,65,65,65,65,65,65,65,65,65,65,65,65,65,65,65,65,65,65,65,65],"relic_stats":{"Darkstone Periapt":0,"counters":[12,65],"Smiling Mask":50,"obtain_stats":[{"Darkstone Periapt":11,"ats:Sanity Plus":17,"ats:Originium":6,"ats:Sanity":0,"Smiling Mask":9,"Meat on the Bone":6},{"Darkstone Periapt":7,"ats:Sanity Plus":10,"ats:Originium":5,"ats:Sanity":0,"Smiling Mask":6,"Meat on the Bone":5},{"Darkstone Periapt":37,"ats:Sanity Plus":55,"ats:Originium":28,"ats:Sanity":0,"Smiling Mask":32,"Meat on the Bone":28}],"Meat on the Bone":65},"card_choices":[{"not_picked":["ats:Assault Order","ats:Beaten Up"],"picked":"ats:Blood Oath","floor":1},{"not_picked":["ats:Ignite","ats:Apocalypse"],"picked":"ats:Revitalization","floor":2},{"not_picked":["ats:Childhood Dance","ats:Powerful Strike"],"picked":"ats:Poison Spread","floor":3},{"not_picked":["ats:Guardian Obelisk","ats:Leaping Hammer"],"picked":"ats:Neurotoxin","floor":5},{"not_picked":["ats:Curse Doll","ats:Ignite"],"picked":"ats:Healing Strengthening","floor":6},{"not_picked":["ats:Hammer On","ats:Automatic Cover"],"picked":"ats:Explosion Area Strengthen","floor":8},{"not_picked":["ats:Apocalypse","ats:True Silver Slash"],"picked":"ats:Thorns","floor":11},{"not_picked":["ats:Cat Scratch","ats:Encircling Forest"],"picked":"ats:Charging Defense","floor":12},{"not_picked":["ats:Red Shift","ats:Poison Spread"],"picked":"ats:Flexible Camouflage","floor":13},{"not_picked":["ats:Soul Rend","ats:Volcano"],"picked":"ats:Fractured Body","floor":16},{"not_picked":["ats:Collapsing Strike","ats:Steam Pump","ats:Chain Hook"],"picked":"SKIP","floor":18}],"player_experience":821493,"relics_obtained":[{"floor":6,"key":"ats:Originium"},{"floor":6,"key":"Meat on the Bone"},{"floor":9,"key":"Smiling Mask"},{"floor":11,"key":"ats:Originium"},{"floor":11,"key":"Darkstone Periapt"}],"event_choices":[{"cards_removed":["ats:Defend"],"damage_healed":0,"gold_gain":0,"player_choice":"Purged","damage_taken":0,"max_hp_gain":0,"max_hp_loss":0,"event_name":"Purifier","floor":19,"gold_loss":0}],"is_beta":false,"boss_relics":[{"not_picked":["Pandora\u0027s Box","Black Star"],"picked":"ats:Sanity Plus"}],"items_purged_floors":[4,14],"is_endless":false,"potions_floor_spawned":[3,6,8,12,13,16,18],"killed_by":"3 Byrds","ascension_level":3}}