{"host":"ged1bqtamtf4sn4x","time":1608987215,"event":{"mods":["BaseMod","Colored Map","DeckTracker","Highlight Path","Keyboard Shortcuts","Minty Spire (QoL Compilation)","Permanent Neow","Quick Restart","SuperFastMode","everything is the same but u backflip on backflip"],"gold_per_floor":[119,119,130,130,430,430,355,355,382,402,402,437,218,230,230,307,307,318,318,332,90,101,101,121,121,121],"floor_reached":25,"playtime":594,"items_purged":["Strike_R"],"score":402,"play_id":"4533bff5-2c0b-46a8-87f0-c2511f2e4383","local_time":"20201226215335","is_ascension_mode":true,"campfire_choices":[{"data":"Armaments","floor":6.0,"key":"SMITH"},{"data":"Bash","floor":11.0,"key":"SMITH"},{"data":"Sword Boomerang","floor":15.0,"key":"SMITH"},{"data":"Limit Break","floor":23,"key":"SMITH"}],"circlet_count":0,"master_deck":["AscendersBane","Strike_R","Strike_R","Defend_R","Defend_R","Defend_R","Defend_R","Bash+1","Demon Form+1","Armaments+1","Cleave","Battle Trance","Sword Boomerang+1","Writhe","True Grit","Limit Break+1","Reaper","Flex"],"relics":["Burning Blood","Old Coin","Regal Pillow","Strawberry","Philosopher\u0027s Stone","Pen Nib"],"acts_visited":["Exordium","TheCity"],"potions_floor_usage":[22,24,24],"damage_taken":[{"damage":15.0,"enemies":"Small Slimes","floor":1.0,"turns":4.0},{"damage":9.0,"enemies":"Jaw Worm","floor":3.0,"turns":6.0},{"damage":3.0,"enemies":"2 Louse","floor":10.0,"turns":3.0},{"damage":12.0,"enemies":"Lagavulin","floor":12.0,"turns":7.0},{"damage":10.0,"enemies":"2 Fungi Beasts","floor":14.0,"turns":4.0},{"damage":30.0,"enemies":"Hexaghost","floor":16.0,"turns":6.0},{"damage":5.0,"enemies":"Chosen","floor":18.0,"turns":4.0},{"damage":22,"enemies":"Spheric Guardian","floor":20,"turns":4},{"damage":36,"enemies":"Centurion and Healer","floor":22,"turns":6},{"damage":25,"enemies":"Chosen and Byrds","floor":24,"turns":7},{"damage":32,"enemies":"Slavers","floor":25,"turns":1}],"seed_played":"500889798740792750","potions_obtained":[{"floor":14.0,"key":"DuplicationPotion"},{"floor":18.0,"key":"Fire Potion"},{"floor":22,"key":"HeartOfIron"}],"is_trial":false,"path_per_floor":["M","?","M","?","T","R","?","?","T","M","R","E","$","M","R","B",null,"M","?","M","$","M","R","M","E"],"character_chosen":"IRONCLAD","items_purchased":["SteroidPotion","Battle Trance","Limit Break","Reaper"],"campfire_rested":0,"item_purchase_floors":[13,13,21,21],"current_hp_per_floor":[41,34,31,31,31,31,31,36,36,39,39,40,40,36,36,12,68,69,69,53,53,42,42,31,0,0],"gold":121,"neow_bonus":"THREE_RARE_CARDS","is_daily":false,"chose_seed":false,"campfire_upgraded":4,"win_rate":0.0,"timestamp":1608987215,"path_taken":["M","?","M","?","?","R","?","?","T","M","R","E","?","M","R","BOSS","M","?","M","$","M","R","M","E"],"items_purchased_type":["Potion","Card","Card","Card"],"build_version":"2020-12-22","purchased_purges":1,"victory":false,"max_hp_per_floor":[75,75,75,75,75,75,75,80,80,80,80,87,87,87,87,87,87,87,87,87,87,87,87,87,87,87],"card_choices":[{"not_picked":["Fiend Fire","Juggernaut"],"picked":"Demon Form","floor":0.0},{"not_picked":["Twin Strike","Thunderclap"],"picked":"Armaments","floor":1.0},{"not_picked":["Anger","Body Slam"],"picked":"Cleave","floor":3.0},{"not_picked":["Anger","Havoc","Headbutt"],"picked":"SKIP","floor":10.0},{"not_picked":["Anger","Havoc","Headbutt"],"picked":"SKIP","floor":10.0},{"not_picked":["Exhume","Pummel","Second Wind"],"picked":"SKIP","floor":12.0},{"not_picked":["Rupture","Clash"],"picked":"Sword Boomerang","floor":14.0},{"not_picked":["Clothesline","Sword Boomerang","Body Slam"],"picked":"SKIP","floor":18.0},{"not_picked":["Sever Soul","Sentinel"],"picked":"True Grit","floor":20},{"not_picked":["Anger","Cleave","Perfected Strike"],"picked":"SKIP","floor":22},{"not_picked":["Anger","Cleave","Perfected Strike"],"picked":"SKIP","floor":22},{"not_picked":["Searing Blow","Clothesline+1"],"picked":"Flex","floor":24}],"player_experience":402440,"relics_obtained":[{"floor":5.0,"key":"Old Coin"},{"floor":9.0,"key":"Regal Pillow"},{"floor":12.0,"key":"Strawberry"}],"event_choices":[{"cards_removed":["Strike_R"],"damage_healed":0.0,"max_hp_gain":0.0,"max_hp_loss":0.0,"gold_gain":0.0,"event_name":"Golden Wing","player_choice":"Card Removal","floor":2.0,"gold_loss":0.0,"damage_taken":7.0},{"damage_healed":0.0,"max_hp_gain":0.0,"max_hp_loss":0.0,"gold_gain":0.0,"event_name":"Living Wall","player_choice":"Grow","floor":4.0,"gold_loss":0.0,"damage_taken":0.0,"cards_upgraded":["Demon Form"]},{"cards_removed":["Strike_R"],"damage_healed":0.0,"max_hp_gain":0.0,"max_hp_loss":0.0,"gold_gain":0.0,"event_name":"The Cleric","player_choice":"Card Removal","floor":7.0,"gold_loss":75.0,"damage_taken":0.0},{"damage_healed":0.0,"max_hp_gain":5.0,"max_hp_loss":0.0,"gold_gain":0.0,"event_name":"Big Fish","player_choice":"Donut","floor":8.0,"gold_loss":0.0,"damage_taken":0.0},{"damage_healed":0,"gold_gain":0,"player_choice":"Opened","damage_taken":0,"relics_obtained":["Pen Nib"],"max_hp_gain":0,"max_hp_loss":0,"event_name":"The Mausoleum","floor":19,"gold_loss":0,"cards_obtained":["Writhe"]}],"is_beta":false,"boss_relics":[{"not_picked":["SlaversCollar","Tiny House"],"picked":"Philosopher\u0027s Stone"}],"items_purged_floors":[13],"is_endless":false,"potions_floor_spawned":[14,18,20,22],"killed_by":"Slavers","ascension_level":20}}