{"host":"ormi09wwzv7sq47a","time":1608962504,"event":{"mods":["2.2 Compatiblity","AchievementEnabler","Act Like it!","BaseMod","Bestiary","Better Altar","Better Note","Better Sensory Stone","Better Skull","Better Third Choice","Better Vampires","BetterRewards","Block Reminder","Colored Map","Colored Powertips","Curses Come First","DeckTracker","Downfall","Highlight Path","Minty Spire (QoL Compilation)","Permanent Neow","Quick Restart","Rare Cards Sparkle","Relic Stats","Shop Mod","StSLib","The Jungle","The Servant 0.9.4"],"gold_per_floor":[109,122,134,134,154,104,104,131,179,129,141,91,110,128,78,175,175,186,197,49,49,60,94,44,74,97,47,61,88,108,120,70,172,172,192,52,152,166,17,17,32,65,65,92,4,39,89,389,339,339,339,289,28,53,53],"floor_reached":56,"playtime":3605,"items_purged":["Slimebound:Tackle","Slimebound:Defend_Slimebound","Slimebound:Strike_Slimebound","Slimebound:Defend_Slimebound","Slimebound:Defend_Slimebound","Slimebound:Defend_Slimebound+1"],"score":2610,"play_id":"c0cd4e97-f0d7-4a5b-8f54-4972d1f6a810","local_time":"20201226030144","is_ascension_mode":true,"campfire_choices":[{"data":"Slimebound:Split","floor":6,"key":"SMITH"},{"data":"Slimebound:CorrosiveSpit","floor":10,"key":"SMITH"},{"data":"Slimebound:LeechEnergy","floor":12,"key":"SMITH"},{"data":"Slimebound:TongueLash","floor":15,"key":"SMITH"},{"data":"Slimebound:LeechingTouch","floor":24,"key":"SMITH"},{"data":"Slimebound:LeechLife","floor":27,"key":"SMITH"},{"data":"Slimebound:Defend_Slimebound","floor":32,"key":"SMITH"},{"floor":40,"key":"RECALL"},{"data":"Slimebound:AcidTongue","floor":49,"key":"SMITH"},{"floor":52,"key":"REST"}],"circlet_count":0,"master_deck":["AscendersBane","Slimebound:Split+1","Slimebound:CorrosiveSpit+1","Slimebound:RejuvenatingLick+1","Slimebound:Recollect+1","Slimebound:TongueLash+1","Slimebound:AcidTongue+1","Slimebound:LeechingTouch+1","Slimebound:GoopSpray+1","Slimebound:LeechEnergy+1","Slimebound:Replication+1","expansioncontent:QuickStudy+1","Slimebound:SlimeSpikes+1","Slimebound:HauntingLick+1","Slimebound:Prepare+1","Slimebound:SplitMire+1","Slimebound:DouseInSlime+1","Slimebound:SplitBruiser+1","Slimebound:RejuvenatingLick+1","Slimebound:SlimeSpikes+1","Slimebound:SlimeSpikes+1","Slimebound:LeechLife+1","Slimebound:FormOfPuddle+1","Slimebound:SamplingLick+1","Slimebound:SpikyOuterGoop+1","Slimebound:Dissolve+1","Slimebound:PrepareCrush+1","Slimebound:SlimeSpikes+1","Slimebound:MegaLick+1","Slimebound:HauntingLick+1","Slimebound:TongueLash+1","Slimebound:LeechEnergy+1","Slimebound:MegaLick+1","Slimebound:MegaLick+1","Slimebound:HauntingLick+1"],"relics":["Slimebound:AbsorbEndCombat","Membership Card","Toxic Egg 2","HornCleat","Bird Faced Urn","Slimebound:GreedOozeRelic","Bottled Tornado","PreservedInsect","Empty Cage","Ancient Tea Set","Gambling Chip","Guardian:PocketSentry","Matryoshka","StrikeDummy","Pear","SlaversCollar","Bronze Scales","Bag of Preparation","Gremlin Horn","Omamori","The Courier","Question Card","Slimebound:MaxSlimesRelic","Slimebound:SlimedTailRelic","Old Coin","Mummified Hand","Anchor"],"acts_visited":["Exordium","TheCity","TheBeyond","TheEnding"],"potions_floor_usage":[5,8,8,16,25,33,33,50,55,55],"damage_taken":[{"damage":15,"enemies":"Small Slimes","floor":1,"turns":3},{"damage":6,"enemies":"Jaw Worm","floor":2,"turns":4},{"damage":4,"enemies":"Cultist","floor":3,"turns":4},{"damage":11,"enemies":"Lots of Slimes","floor":5,"turns":3},{"damage":18,"enemies":"3 Sentries","floor":8,"turns":6},{"damage":18,"enemies":"Gremlin Gang","floor":11,"turns":3},{"damage":32,"enemies":"Exordium Wildlife","floor":13,"turns":2},{"damage":16,"enemies":"Exordium Thugs","floor":14,"turns":3},{"damage":18,"enemies":"Slime Boss","floor":16,"turns":5},{"damage":13,"enemies":"Chosen","floor":18,"turns":3},{"damage":11,"enemies":"2 Thieves","floor":19,"turns":4},{"damage":14,"enemies":"Centurion and Healer","floor":22,"turns":3},{"damage":12,"enemies":"Gremlin Leader","floor":23,"turns":4},{"damage":12,"enemies":"Slavers","floor":25,"turns":2},{"damage":12,"enemies":"Cultist and Chosen","floor":28,"turns":3},{"damage":0,"enemies":"Gremlin Leader","floor":29,"turns":3},{"damage":20,"enemies":"Snake Plant","floor":30,"turns":3},{"damage":12,"enemies":"3 Cultists","floor":31,"turns":3},{"damage":21,"enemies":"Collector","floor":33,"turns":5},{"damage":0,"enemies":"Orb Walker","floor":35,"turns":3},{"damage":34,"enemies":"3 Darklings","floor":38,"turns":4},{"damage":12,"enemies":"Writhing Mass","floor":41,"turns":3},{"damage":14,"enemies":"Nemesis","floor":42,"turns":5},{"damage":16,"enemies":"Giant Head","floor":44,"turns":5},{"damage":23,"enemies":"Reptomancer","floor":46,"turns":2},{"damage":16,"enemies":"Mind Bloom Boss Battle","floor":47,"turns":2},{"damage":27,"enemies":"Donu and Deca","floor":50,"turns":5},{"damage":20,"enemies":"Shield and Spear","floor":54,"turns":3},{"damage":86,"enemies":"The Heart","floor":55,"turns":7}],"seed_played":"-3584445300070588737","potions_obtained":[{"floor":3,"key":"Slimebound:SlimedPotion"},{"floor":5,"key":"BlessingOfTheForge"},{"floor":13,"key":"Weak Potion"},{"floor":23,"key":"sneckomod:MuddlingPotion"},{"floor":28,"key":"GamblersBrew"},{"floor":29,"key":"SmokeBomb"},{"floor":30,"key":"hexamod:EctoCoolerPotion"},{"floor":31,"key":"Swift Potion"},{"floor":33,"key":"Dexterity Potion"},{"floor":38,"key":"Ancient Potion"},{"floor":41,"key":"Slimebound:SlimedPotion"},{"floor":46,"key":"PowerPotion"}],"is_trial":false,"path_per_floor":["M","M","M","?","M","R","?","E","T","R","M","R","M","M","R","B",null,"M","M","$","T","M","E","R","E","T","R","M","E","M","M","R","B",null,"M","$","?","M","$","R","M","E","T","E","$","E","?","?","R","B",null,"R","$","E","B",null],"character_chosen":"SLIMEBOUND","items_purchased":["Membership Card","Toxic Egg 2","HornCleat","Slimebound:RejuvenatingLick+1","Slimebound:Recollect+1","Slimebound:TongueLash","Slimebound:AcidTongue","Strength Potion","Slimebound:SlimeSpikes+1","Ancient Tea Set","Bronze Scales","Bag of Preparation","Mummified Hand","EntropicBrew","Strength Potion"],"campfire_rested":1,"item_purchase_floors":[0,0,0,0,0,0,0,0,20,20,36,39,53,53,53],"current_hp_per_floor":[51,57,60,60,55,55,55,52,52,52,56,56,40,48,48,56,59,60,60,60,60,60,60,60,60,60,60,60,70,68,70,70,70,70,70,70,70,62,62,62,70,65,65,70,70,70,70,70,70,70,70,70,70,70,41],"gold":53,"neow_bonus":"","is_daily":false,"chose_seed":false,"campfire_upgraded":8,"win_rate":0.0,"timestamp":1608962504,"path_taken":["M","M","M","?","M","R","?","E","T","R","?","R","M","M","R","BOSS","M","M","$","?","?","E","R","E","T","R","?","E","M","M","R","BOSS","M","$","?","M","$","R","M","E","T","E","?","E","?","?","R","BOSS","R","$","E","BOSS"],"items_purchased_type":["Relic","Relic","Relic","Card","Card","Card","Card","Potion","Card","Relic","Relic","Relic","Relic","Potion","Potion"],"build_version":"2020-12-22","purchased_purges":6,"victory":true,"max_hp_per_floor":[60,60,60,60,60,60,60,60,60,60,60,60,60,60,60,60,60,60,60,60,60,60,60,60,60,60,60,60,70,70,70,70,70,70,70,70,70,70,70,70,70,70,70,70,70,70,70,70,70,70,70,70,70,70,70],"relic_stats":{"Gremlin Horn":[28,28],"counters":[83,399],"Mummified Hand":[5],"Bird Faced Urn":[29],"Gambling Chip":[34],"Bronze Scales":[278],"PreservedInsect":927,"Bag of Preparation":[16],"Question Card":3,"obtain_stats":[{"Gremlin Horn":9,"Spirit Poop":29,"Whetstone":26,"Bottled Tornado":8,"Old Coin":48,"HornCleat":0,"Philosopher\u0027s Stone":34,"MealTicket":24,"Toxic Egg 2":0,"Pear":29,"Happy Flower":54,"Blue Candle":9,"Oddly Smooth Stone":43,"Eternal Feather":45,"Guardian:PocketSentry":23,"War Paint":37,"Question Card":26,"SlaversCollar":34,"Bronze Scales":41,"Bird Faced Urn":0,"Molten Egg 2":7,"StrikeDummy":26,"Slimebound:SlimedTailRelic":47,"Bag of Preparation":20,"Smiling Mask":42,"Empty Cage":17,"Ancient Tea Set":20,"Nunchaku":54,"Slimebound:MaxSlimesRelic":53,"Matryoshka":25,"Mummified Hand":53,"Gambling Chip":21,"Potion Belt":31,"Golden Idol":4,"PreservedInsect":7,"The Courier":43,"Omamori":21,"Slimebound:PotencyRelic":0,"Slimebound:GreedOozeRelic":10,"Anchor":24,"Turnip":30,"Slimebound:AbsorbEndCombat":0,"Bag of Marbles":25,"Coffee Dripper":17,"Art of War":29,"Membership Card":37,"hexamod:BolsterEngine":0,"Slimebound:AbsorbEndCombatUpgraded":17,"Toy Ornithopter":40},{"Gremlin Horn":31,"Spirit Poop":13,"Whetstone":38,"Bottled Tornado":59,"Old Coin":80,"HornCleat":54,"Philosopher\u0027s Stone":16,"MealTicket":37,"Toxic Egg 2":54,"Pear":70,"Happy Flower":26,"Blue Candle":4,"Oddly Smooth Stone":47,"Eternal Feather":24,"Guardian:PocketSentry":67,"War Paint":44,"Question Card":12,"SlaversCollar":73,"Bronze Scales":47,"Bird Faced Urn":54,"Molten Egg 2":3,"StrikeDummy":68,"Slimebound:SlimedTailRelic":80,"Bag of Preparation":9,"Smiling Mask":23,"Empty Cage":63,"Ancient Tea Set":65,"Nunchaku":53,"Slimebound:MaxSlimesRelic":52,"Matryoshka":68,"Mummified Hand":81,"Gambling Chip":65,"Potion Belt":41,"Golden Idol":1,"PreservedInsect":31,"The Courier":77,"Omamori":9,"Slimebound:PotencyRelic":27,"Slimebound:GreedOozeRelic":4,"Anchor":37,"Turnip":14,"Slimebound:AbsorbEndCombat":0,"Bag of Marbles":12,"Coffee Dripper":35,"Art of War":40,"Membership Card":44,"hexamod:BolsterEngine":27,"Slimebound:AbsorbEndCombatUpgraded":7,"Toy Ornithopter":22},{"Gremlin Horn":195,"Spirit Poop":74,"Whetstone":221,"Bottled Tornado":317,"Old Coin":384,"HornCleat":297,"Philosopher\u0027s Stone":99,"MealTicket":217,"Toxic Egg 2":297,"Pear":352,"Happy Flower":173,"Blue Candle":22,"Oddly Smooth Stone":261,"Eternal Feather":153,"Guardian:PocketSentry":344,"War Paint":248,"Question Card":71,"SlaversCollar":362,"Bronze Scales":261,"Bird Faced Urn":297,"Molten Egg 2":17,"StrikeDummy":346,"Slimebound:SlimedTailRelic":384,"Bag of Preparation":51,"Smiling Mask":145,"Empty Cage":330,"Ancient Tea Set":337,"Nunchaku":295,"Slimebound:MaxSlimesRelic":289,"Matryoshka":346,"Mummified Hand":389,"Gambling Chip":337,"Potion Belt":232,"Golden Idol":5,"PreservedInsect":195,"The Courier":376,"Omamori":51,"Slimebound:PotencyRelic":184,"Slimebound:GreedOozeRelic":22,"Anchor":217,"Turnip":81,"Slimebound:AbsorbEndCombat":0,"Bag of Marbles":71,"Coffee Dripper":211,"Art of War":229,"Membership Card":248,"hexamod:BolsterEngine":184,"Slimebound:AbsorbEndCombatUpgraded":39,"Toy Ornithopter":137}]},"card_choices":[{"not_picked":["Slimebound:SplitAcid+1","Slimebound:SlimeBarrage"],"picked":"Slimebound:LeechingTouch","floor":1},{"not_picked":["Slimebound:LeechingTouch","Slimebound:ComboTackle"],"picked":"Slimebound:GoopSpray+1","floor":2},{"not_picked":["Slimebound:Schlurp+1","Slimebound:GoopSpray+1"],"picked":"Slimebound:LeechEnergy","floor":3},{"not_picked":["Slimebound:FirmFortitude","Slimebound:FinishingTackle"],"picked":"Slimebound:Replication+1","floor":5},{"not_picked":["expansioncontent:GuardianWhirl","expansioncontent:Corrupt+1"],"picked":"expansioncontent:QuickStudy+1","floor":7},{"not_picked":["Slimebound:LeechingTouch","Slimebound:SplitBruiser+1"],"picked":"Slimebound:SlimeSpikes+1","floor":8},{"not_picked":["Slimebound:FinishingTackle","Slimebound:PressTheAttack"],"picked":"Slimebound:HauntingLick+1","floor":11},{"not_picked":["Slimebound:ItLooksTasty","Slimebound:PressTheAttack"],"picked":"Slimebound:Prepare+1","floor":13},{"not_picked":["Slimebound:SplitBruiser+1","Slimebound:Schlurp+1"],"picked":"Slimebound:SplitMire+1","floor":14},{"not_picked":["Slimebound:WasteNot+1","Slimebound:Overexert"],"picked":"Slimebound:DouseInSlime+1","floor":16},{"not_picked":["Slimebound:GoopTackle","Slimebound:SlimeBrawl+1"],"picked":"Slimebound:SplitBruiser+1","floor":18},{"not_picked":["Slimebound:GoopSpray+1","Slimebound:LeechingTouch"],"picked":"Slimebound:RejuvenatingLick+1","floor":19},{"not_picked":["Slimebound:ComboTackle","Slimebound:LevelUp"],"picked":"Slimebound:SlimeSpikes+1","floor":22},{"not_picked":["Slimebound:GrowthPunch","Slimebound:FirmFortitude","Slimebound:PressTheAttack"],"picked":"SKIP","floor":23},{"not_picked":["Slimebound:FirmFortitude","Slimebound:SlimeBarrage"],"picked":"Slimebound:LeechLife","floor":25},{"not_picked":["Slimebound:Schlurp+1","Slimebound:FinishingTackle"],"picked":"Slimebound:FormOfPuddle+1","floor":28},{"not_picked":["Slimebound:Gluttony","Slimebound:ProtectTheBoss"],"picked":"Slimebound:SamplingLick+1","floor":29},{"not_picked":["Slimebound:Chomp","Slimebound:ForwardTackle"],"picked":"Slimebound:SpikyOuterGoop+1","floor":30},{"not_picked":["Slimebound:ItLooksTasty","Slimebound:PressTheAttack"],"picked":"Slimebound:Dissolve+1","floor":31},{"not_picked":["Slimebound:Overexert","Slimebound:MassFeed"],"picked":"Slimebound:PrepareCrush+1","floor":33},{"not_picked":["Slimebound:SplitMire+1","Slimebound:GrowthPunch"],"picked":"Slimebound:SlimeSpikes+1","floor":35},{"not_picked":["Slimebound:ForwardTackle+1","Slimebound:SplitMire+1"],"picked":"Slimebound:MegaLick+1","floor":38},{"not_picked":["Slimebound:PressTheAttack","Slimebound:LeechEnergy"],"picked":"Slimebound:HauntingLick+1","floor":41},{"not_picked":["Slimebound:RollThrough+1","Slimebound:LeechEnergy"],"picked":"Slimebound:TongueLash+1","floor":42},{"not_picked":["Slimebound:LeadByExample","Slimebound:SplitAcid+1"],"picked":"Slimebound:LeechEnergy+1","floor":44},{"not_picked":["Slimebound:OneTwoCombo","Slimebound:LevelUp","Slimebound:LeechingTouch+1"],"picked":"Slimebound:MegaLick+1","floor":46},{"not_picked":["Slimebound:SpikyOuterGoop+1","Slimebound:SplitMire+1","Slimebound:SplitBruiser+1"],"picked":"Slimebound:MegaLick+1","floor":47},{"not_picked":["Slimebound:SplitBruiser+1","Slimebound:SplitLeeching+1","Slimebound:ItLooksTasty+1"],"picked":"Slimebound:HauntingLick+1","floor":54}],"player_experience":773283,"relics_obtained":[{"floor":8,"key":"Bottled Tornado"},{"floor":9,"key":"PreservedInsect"},{"floor":21,"key":"Gambling Chip"},{"floor":23,"key":"Guardian:PocketSentry"},{"floor":25,"key":"Matryoshka"},{"floor":26,"key":"StrikeDummy"},{"floor":29,"key":"Pear"},{"floor":42,"key":"Gremlin Horn"},{"floor":43,"key":"Omamori"},{"floor":43,"key":"The Courier"},{"floor":44,"key":"Question Card"},{"floor":46,"key":"Slimebound:MaxSlimesRelic"},{"floor":47,"key":"Slimebound:SlimedTailRelic"},{"floor":54,"key":"Anchor"}],"event_choices":[{"damage_healed":0,"gold_gain":1,"player_choice":"1","damage_taken":0,"max_hp_gain":0,"max_hp_loss":0,"event_name":"betterStone:BetterStone","floor":7,"gold_loss":0},{"damage_healed":0,"gold_gain":100,"player_choice":"Pray","damage_taken":0,"max_hp_gain":0,"max_hp_loss":0,"event_name":"Golden Shrine","floor":37,"gold_loss":0},{"damage_healed":0,"gold_gain":0,"player_choice":"Fight","damage_taken":0,"max_hp_gain":0,"max_hp_loss":0,"event_name":"MindBloom","floor":47,"gold_loss":0},{"damage_healed":0,"gold_gain":0,"player_choice":"Gave Potion","damage_taken":0,"relics_obtained":["Old Coin"],"max_hp_gain":0,"max_hp_loss":0,"event_name":"WeMeetAgain","floor":48,"gold_loss":0}],"is_beta":false,"boss_relics":[{"not_picked":["Calling Bell","Ectoplasm"],"picked":"Empty Cage"},{"not_picked":["Snecko Eye","Velvet Choker"],"picked":"SlaversCollar"}],"items_purged_floors":[0,20,36,39,45,53],"is_endless":false,"potions_floor_spawned":[3,5,13,23,28,29,30,31,33,38,41,46,54],"ascension_level":12}}