{"host":"c9wjytal7yz6nwo6","time":1608958782,"event":{"mods":["AchievementEnabler","BaseMod","Bestiary","Colored Map","Curses Come First","Downfall","Highlight Path","Minty Spire (QoL Compilation)","Quick Restart","StSLib","SuperFastMode"],"gold_per_floor":[99,99,99,99,99,99,122,154,165,179,179,179,179],"floor_reached":11,"playtime":587,"items_purged":[],"score":69,"play_id":"b2f81fb0-ff6d-4194-961f-21c71162b13f","local_time":"20201225225942","is_ascension_mode":false,"campfire_choices":[{"data":"hexamod:Float","floor":1,"key":"SMITH"},{"data":"hexamod:ChargedBarrage","floor":6,"key":"SMITH"}],"circlet_count":0,"master_deck":["hexamod:Strike","hexamod:Strike","hexamod:Strike","hexamod:Strike","hexamod:Defend","hexamod:Defend","hexamod:Defend","hexamod:Sear","hexamod:Float+1","hexamod:ChargedBarrage+1","hexamod:InspiringFlames","hexamod:FourthSeal","hexamod:BurningTouch","hexamod:ShieldOfDarkness","hexamod:HauntingEcho"],"relics":["hexamod:SpiritBrand","downfall:HeartsMalice","White Beast Statue"],"acts_visited":["Exordium"],"potions_floor_usage":[],"damage_taken":[{"damage":0,"enemies":"2 Louse","floor":2,"turns":1},{"damage":0,"enemies":"Cultist","floor":4,"turns":1},{"damage":0,"enemies":"Jaw Worm","floor":5,"turns":1},{"damage":25,"enemies":"Lagavulin","floor":8,"turns":8},{"damage":30,"enemies":"Exordium Wildlife","floor":9,"turns":5},{"damage":14,"enemies":"Exordium Thugs","floor":10,"turns":6},{"damage":5,"enemies":"Gremlin Nob","floor":11,"turns":2}],"seed_played":"3807776495906799648","potions_obtained":[{"floor":8,"key":"Strength Potion"},{"floor":8,"key":"Ancient Potion"},{"floor":9,"key":"SneckoOil"},{"floor":9,"key":"FearPotion"}],"is_trial":false,"path_per_floor":["R","M","?","M","M","R","T","E","M","M","E"],"character_chosen":"THE_SPIRIT","items_purchased":[],"campfire_rested":0,"item_purchase_floors":[],"current_hp_per_floor":[70,70,70,70,70,70,70,45,15,1,0,0,0],"gold":179,"neow_bonus":"THREE_ENEMY_KILL","is_daily":false,"chose_seed":false,"campfire_upgraded":2,"win_rate":0.0,"timestamp":1608958782,"path_taken":["R","M","?","?","?","R","T","E","M","M","E"],"items_purchased_type":[],"build_version":"2020-12-22","purchased_purges":0,"victory":false,"max_hp_per_floor":[70,70,70,70,70,70,70,70,70,70,70,70,70],"card_choices":[{"not_picked":["hexamod:Incineration","hexamod:ThermalTransfer"],"picked":"hexamod:ChargedBarrage","floor":2},{"not_picked":["hexamod:NightmareGuise","hexamod:Incineration"],"picked":"hexamod:InspiringFlames","floor":4},{"not_picked":["hexamod:InspiringFlames","hexamod:NightmareGuise"],"picked":"hexamod:FourthSeal","floor":5},{"not_picked":["hexamod:HauntingEcho","hexamod:GhostOfSpirePast"],"picked":"hexamod:BurningTouch","floor":8},{"not_picked":["hexamod:AdvancingGuard","hexamod:BurningTouch"],"picked":"hexamod:ShieldOfDarkness","floor":9},{"not_picked":["hexamod:ShieldOfDarkness","hexamod:InspiringFlames"],"picked":"hexamod:HauntingEcho","floor":10}],"player_experience":4771,"relics_obtained":[{"floor":8,"key":"White Beast Statue"}],"event_choices":[{"cards_removed":["hexamod:Defend"],"damage_healed":0,"gold_gain":0,"player_choice":"Purged","damage_taken":0,"max_hp_gain":0,"max_hp_loss":0,"event_name":"Purifier","floor":3,"gold_loss":0}],"is_beta":false,"boss_relics":[],"items_purged_floors":[],"is_endless":false,"potions_floor_spawned":[8,9,10],"killed_by":"Gremlin Nob","ascension_level":0}}