{"host":"1ltt377nc7aury4n","time":1608962422,"event":{"mods":["AchievementEnabler","BaseMod","Best Route Mod","Colored Powertips","Minty Spire (QoL Compilation)","StSLib"],"gold_per_floor":[109,184,109,128,28,61,61,90,90,121,121,121,140,315,315,315,315],"floor_reached":16,"playtime":1631,"items_purged":["Strike_P","Defend_P"],"score":122,"play_id":"0cb150a7-b8ca-48d8-951c-1f265b5ebc50","local_time":"20201226010022","is_ascension_mode":true,"campfire_choices":[{"floor":7,"key":"REST"},{"floor":11,"key":"REST"},{"data":"Strike_P","floor":12,"key":"PURGE"},{"data":"TalkToTheHand","floor":15,"key":"SMITH"}],"circlet_count":0,"master_deck":["Strike_P","Strike_P","Defend_P","Defend_P","Defend_P","Eruption","Vigilance","FlurryOfBlows","Protect","CutThroughFate","TalkToTheHand+1","EmptyBody","Doubt"],"relics":["PureWater","Regal Pillow","Peace Pipe","Art of War","WingedGreaves","Happy Flower"],"acts_visited":["Exordium"],"potions_floor_usage":[8,10,16,16],"damage_taken":[{"damage":12,"enemies":"Jaw Worm","floor":1,"turns":4},{"damage":2,"enemies":"Small Slimes","floor":4,"turns":3},{"damage":20,"enemies":"Lagavulin","floor":6,"turns":7},{"damage":11,"enemies":"Gremlin Nob","floor":8,"turns":4},{"damage":28,"enemies":"3 Sentries","floor":10,"turns":9},{"damage":0,"enemies":"2 Louse","floor":13,"turns":2},{"damage":75,"enemies":"Slime Boss","floor":16,"turns":13}],"seed_played":"-1419722867723443823","potions_obtained":[{"floor":6,"key":"SkillPotion"},{"floor":8,"key":"Swift Potion"},{"floor":10,"key":"Dexterity Potion"},{"floor":13,"key":"SkillPotion"}],"is_trial":false,"path_per_floor":["M","?","$","M","$","E","R","E","T","E","R","R","M","?","R","B"],"character_chosen":"WATCHER","items_purchased":[],"campfire_rested":2,"item_purchase_floors":[],"current_hp_per_floor":[60,49,49,47,47,27,63,52,52,24,60,60,60,60,60,0,0],"gold":315,"neow_bonus":"RANDOM_COMMON_RELIC","is_daily":false,"chose_seed":false,"campfire_upgraded":1,"win_rate":0.0,"timestamp":1608962422,"path_taken":["M","?","$","M","$","E","R","E","T","E","R","R","M","?","R","BOSS"],"items_purchased_type":[],"build_version":"2020-12-22","purchased_purges":2,"victory":false,"max_hp_per_floor":[72,72,72,72,72,72,72,72,72,72,72,72,72,72,72,72,72],"card_choices":[{"not_picked":["BowlingBash","Evaluate"],"picked":"FlurryOfBlows","floor":1},{"not_picked":["Fasting2","WreathOfFlame"],"picked":"Protect","floor":4},{"not_picked":["ClearTheMind","Swivel"],"picked":"CutThroughFate","floor":6},{"not_picked":["FlurryOfBlows","MentalFortress"],"picked":"TalkToTheHand","floor":8},{"not_picked":["Crescendo","Tantrum"],"picked":"EmptyBody","floor":10},{"not_picked":["Study","FollowUp","CutThroughFate"],"picked":"SKIP","floor":13}],"player_experience":198641,"relics_obtained":[{"floor":6,"key":"Peace Pipe"},{"floor":8,"key":"Art of War"},{"floor":9,"key":"WingedGreaves"},{"floor":10,"key":"Happy Flower"}],"event_choices":[{"damage_healed":0,"gold_gain":75,"player_choice":"Gather Gold","damage_taken":11,"max_hp_gain":0,"max_hp_loss":0,"event_name":"World of Goop","floor":2,"gold_loss":0},{"damage_healed":0,"gold_gain":175,"player_choice":"AGREE","damage_taken":0,"max_hp_gain":0,"max_hp_loss":0,"event_name":"Liars Game","floor":14,"gold_loss":0,"cards_obtained":["Doubt"]}],"is_beta":false,"boss_relics":[],"items_purged_floors":[3,5],"is_endless":false,"potions_floor_spawned":[6,8,10,13],"killed_by":"Slime Boss","ascension_level":1}}