{"host":"7o30bgpqouqblh42","time":1608951150,"event":{"mods":["AchievementEnabler","Aspiration","BaseMod","Colored Map","Downfall","Highlight Path","Minty Spire (QoL Compilation)","StSLib","SuperFastMode"],"gold_per_floor":[116,116,39,214,226,226,244,269,269,328,328,328,328,344,344,441,441,428,428,428,428,7,7,36,55,123,139,139,39,39,39,39],"floor_reached":31,"playtime":1467,"items_purged":["Doubt","Shame"],"score":274,"play_id":"232474ce-6852-4ca0-ab6b-fc29f68041b2","local_time":"20201225215230","is_ascension_mode":true,"campfire_choices":[{"floor":6,"key":"RECALL"},{"floor":11,"key":"REST"},{"floor":13,"key":"REST"},{"data":"Seeing Red","floor":15,"key":"SMITH"},{"data":"Bludgeon","floor":23,"key":"SMITH"},{"data":"Carnage","floor":30,"key":"SMITH"}],"circlet_count":0,"master_deck":["Strike_R","Strike_R","Strike_R","Strike_R","Strike_R","Defend_R","Defend_R","Defend_R","Defend_R","Bash","Clash","Carnage+1","Combust","Intimidate","Seeing Red+1","Rage","Clash","Bludgeon+1","Twin Strike+1","Writhe","Immolate","Burning Pact","Dual Wield","Bloodletting","Warcry+1"],"relics":["Burning Blood","TungstenRod","Pantograph","Nunchaku","Bottled Lightning","Girya","Blood Vial","Coffee Dripper","aspiration:RitualStick","Lantern","Bag of Preparation","aspiration:StickyExplosives_weak"],"acts_visited":["Exordium","TheCity"],"potions_floor_usage":[8,8,8,8,16,18,18,24,25],"damage_taken":[{"damage":7,"enemies":"2 Louse","floor":1,"turns":3},{"damage":4,"enemies":"Cultist","floor":5,"turns":4},{"damage":8,"enemies":"Small Slimes","floor":7,"turns":3},{"damage":26,"enemies":"Lagavulin","floor":8,"turns":6},{"damage":25,"enemies":"3 Sentries","floor":10,"turns":7},{"damage":0,"enemies":"Exordium Wildlife","floor":14,"turns":3},{"damage":11,"enemies":"Slime Boss","floor":16,"turns":8},{"damage":17,"enemies":"2 Thieves","floor":18,"turns":4},{"damage":33,"enemies":"Slavers","floor":24,"turns":5},{"damage":6,"enemies":"Shell Parasite","floor":25,"turns":2},{"damage":0,"enemies":"Cultist and Chosen","floor":27,"turns":4},{"damage":34,"enemies":"Shelled Parasite and Fungi","floor":31,"turns":2}],"seed_played":"-5076280637740296707","potions_obtained":[{"floor":7,"key":"EntropicBrew"},{"floor":10,"key":"Dexterity Potion"},{"floor":14,"key":"Slimebound:ThreeZeroPotion"},{"floor":16,"key":"HeartOfIron"},{"floor":24,"key":"ElixirPotion"}],"is_trial":false,"path_per_floor":["M","?","$","?","M","R","M","E","T","?","R","?","R","M","R","B",null,"M","?","?","?","$","R","E","M","T","M","?","$","R","M"],"character_chosen":"IRONCLAD","items_purchased":["Carnage","Bag of Preparation","Immolate","Swift Potion","Burning Pact"],"campfire_rested":2,"item_purchase_floors":[3,22,22,22,22],"current_hp_per_floor":[55,55,55,55,57,57,55,35,35,16,40,20,44,52,52,74,80,69,54,40,40,40,40,15,17,17,25,25,25,25,0,0],"gold":39,"neow_bonus":"ONE_RARE_RELIC","is_daily":false,"chose_seed":false,"campfire_upgraded":3,"win_rate":0.0,"timestamp":1608951150,"path_taken":["M","?","?","?","?","R","M","E","T","?","R","?","R","M","R","BOSS","M","?","?","?","$","R","E","M","T","?","?","?","R","M"],"items_purchased_type":["Card","Relic","Card","Potion","Card"],"build_version":"2020-12-22","purchased_purges":2,"victory":false,"max_hp_per_floor":[80,80,80,80,80,80,80,80,80,80,80,80,80,80,80,80,80,80,80,85,85,85,85,85,85,85,85,85,85,85,85,85],"card_choices":[{"not_picked":["Anger","Sword Boomerang"],"picked":"Clash","floor":1},{"not_picked":["True Grit","Dark Embrace"],"picked":"Combust","floor":5},{"not_picked":["Clash","Flex"],"picked":"Intimidate","floor":7},{"not_picked":["Cleave","Burning Pact"],"picked":"Seeing Red","floor":8},{"not_picked":["Cleave","Combust"],"picked":"Rage","floor":10},{"not_picked":["Bloodletting","Sentinel"],"picked":"Clash","floor":14},{"not_picked":["Offering","Juggernaut"],"picked":"Bludgeon","floor":16},{"not_picked":["Flame Barrier","Cleave+1"],"picked":"Twin Strike+1","floor":18},{"not_picked":["Sword Boomerang","Clothesline"],"picked":"Dual Wield","floor":24},{"not_picked":["Thunderclap+1","Clothesline"],"picked":"Bloodletting","floor":25},{"not_picked":["Headbutt","Clash"],"picked":"Warcry+1","floor":27}],"player_experience":173198,"relics_obtained":[{"floor":2,"key":"Pantograph"},{"floor":8,"key":"Nunchaku"},{"floor":9,"key":"Bottled Lightning"},{"floor":10,"key":"Girya"},{"floor":24,"key":"aspiration:StickyExplosives_weak"}],"event_choices":[{"damage_healed":0,"gold_gain":0,"player_choice":"Relic","damage_taken":0,"max_hp_gain":0,"max_hp_loss":0,"event_name":"Wheel of Change","floor":2,"gold_loss":0},{"damage_healed":0,"gold_gain":175,"player_choice":"AGREE","damage_taken":0,"max_hp_gain":0,"max_hp_loss":0,"event_name":"Liars Game","floor":4,"gold_loss":0,"cards_obtained":["Doubt"]},{"damage_healed":0,"gold_gain":30,"player_choice":"Searched \u00273\u0027 times","damage_taken":0,"max_hp_gain":0,"max_hp_loss":0,"event_name":"Dead Adventurer","floor":10,"gold_loss":0},{"damage_healed":0,"gold_gain":0,"player_choice":"Success","damage_taken":25,"relics_obtained":["Blood Vial"],"max_hp_gain":0,"max_hp_loss":0,"event_name":"Scrap Ooze","floor":12,"gold_loss":0},{"damage_healed":0,"gold_gain":0,"player_choice":"Shed Blood","damage_taken":20,"max_hp_gain":5,"max_hp_loss":0,"event_name":"Forgotten Altar","floor":20,"gold_loss":0},{"damage_healed":0,"gold_gain":0,"player_choice":"Opened","damage_taken":0,"relics_obtained":["Lantern"],"max_hp_gain":0,"max_hp_loss":0,"event_name":"The Mausoleum","floor":21,"gold_loss":0,"cards_obtained":["Writhe"]}],"is_beta":false,"boss_relics":[{"not_picked":["aspiration:FutureDiary","aspiration:SecretTechniqueScroll"],"picked":"Coffee Dripper"}],"items_purged_floors":[22,29],"is_endless":false,"potions_floor_spawned":[7,10,14,16,24],"killed_by":"Shelled Parasite and Fungi","ascension_level":2}}