{"host":"y76clbnovzmw9ubx","time":1608954431,"event":{"mods":["AchievementEnabler","BaseMod","Minty Spire (QoL Compilation)","Permanent Neow","Relic Stats"],"gold_per_floor":[117,136,149,169,181,210,47,47,47],"floor_reached":8,"playtime":647,"items_purged":[],"score":120,"play_id":"43f71155-4dd2-4493-8444-817e87fde660","local_time":"20201225224711","is_ascension_mode":true,"campfire_choices":[],"circlet_count":0,"master_deck":["AscendersBane","Strike_R","Strike_R","Strike_R","Strike_R","Strike_R","Defend_R","Defend_R","Defend_R","Defend_R","Bash","Inflame","Feel No Pain","Second Wind","Whirlwind"],"relics":["Burning Blood","Strawberry","Lantern"],"acts_visited":["Exordium"],"potions_floor_usage":[3,4,5,6,8,8],"damage_taken":[{"damage":2,"enemies":"Cultist","floor":1,"turns":4},{"damage":11,"enemies":"Small Slimes","floor":2,"turns":3},{"damage":2,"enemies":"2 Louse","floor":3,"turns":3},{"damage":19,"enemies":"Large Slime","floor":4,"turns":9},{"damage":1,"enemies":"Exordium Wildlife","floor":5,"turns":7},{"damage":41,"enemies":"Gremlin Nob","floor":6,"turns":5},{"damage":59,"enemies":"Lagavulin","floor":8,"turns":9}],"seed_played":"-5327836860639709736","potions_obtained":[{"floor":0,"key":"Swift Potion"},{"floor":0,"key":"Block Potion"},{"floor":3,"key":"Fruit Juice"},{"floor":4,"key":"SpeedPotion"},{"floor":5,"key":"Dexterity Potion"},{"floor":6,"key":"GamblersBrew"}],"is_trial":false,"path_per_floor":["M","M","M","M","M","E","$","E"],"character_chosen":"IRONCLAD","items_purchased":["Lantern"],"campfire_rested":0,"item_purchase_floors":[7],"current_hp_per_floor":[72,67,71,63,68,40,40,0,0],"gold":47,"neow_bonus":"THREE_SMALL_POTIONS","is_daily":false,"chose_seed":false,"campfire_upgraded":0,"win_rate":0.0,"timestamp":1608954431,"path_taken":["M","M","M","?","M","E","$","E"],"items_purchased_type":["Relic"],"build_version":"2020-12-22","purchased_purges":0,"victory":false,"max_hp_per_floor":[75,75,75,80,80,87,87,87,87],"relic_stats":{"counters":[7,40],"obtain_stats":[{"Lantern":7,"Strawberry":6,"Burning Blood":0},{"Lantern":6,"Strawberry":6,"Burning Blood":0},{"Lantern":31,"Strawberry":31,"Burning Blood":0}],"Burning Blood":36},"card_choices":[{"not_picked":["Clothesline","Sword Boomerang","Sentinel"],"picked":"SKIP","floor":1},{"not_picked":["Fire Breathing","Shrug It Off"],"picked":"Inflame","floor":2},{"not_picked":["Heavy Blade","Wild Strike"],"picked":"Feel No Pain","floor":3},{"not_picked":["Thunderclap","Clothesline"],"picked":"Second Wind","floor":4},{"not_picked":["Headbutt","Seeing Red","Combust"],"picked":"SKIP","floor":5},{"not_picked":["Sword Boomerang","Uppercut"],"picked":"Whirlwind","floor":6}],"player_experience":2992440,"relics_obtained":[{"floor":6,"key":"Strawberry"}],"event_choices":[],"is_beta":false,"boss_relics":[],"items_purged_floors":[],"is_endless":false,"potions_floor_spawned":[3,4,5,6],"killed_by":"Lagavulin","ascension_level":20}}