{"host":"3j7xx3dgykcuif7u","time":1608993440,"event":{"mods":["2.2 Compatiblity","Bard","BaseMod","Better Note","Better Third Choice","BetterRewards","Colored Map","Colored Powertips","Conspire","Custom Start","Downfall","Faster Ascension Climbing","Friendly Minions","GifTheSpireLib","Gremlin Skip","Hermit","Highlight Path","Hubris","Infinite Spire","Mad Scientist","Marisa????????","Mimic Mod","Minty Spire (QoL Compilation)","Permanent Neow","Potionbrewer","Quick Restart","RNG Fix","Relic Sorter","Relic Stats","Replay The Spire","Shop Mod","Somnambulant","StSLib","Stuff the Spire","SuperFastMode","The Blue Laboratory","The Construct","The Disciple","The Jungle","The Mystic","The Servant 0.9.4","vexMod"],"gold_per_floor":[112,130,143,28,28,28,53,53,79,79,99,143,181,237,237,330,330,358,393,483,257,257,303,331,170,219,219,219,249,249,449,449,554,554,582,582,582,633,45,45,103,103,176,176,229,238,277,286,286,286,286,286,25,73,73,73],"floor_reached":55,"playtime":4872,"items_purged":["Strike_MRS","Strike_MRS"],"score":1398,"play_id":"d5fa557d-2ca7-4bb4-b496-24b3f162ee27","local_time":"20201226083720","is_ascension_mode":true,"campfire_choices":[{"data":"EnergyFlow","floor":6.0,"key":"SMITH"},{"data":"MysteriousBeam","floor":10.0,"key":"SMITH"},{"floor":15.0,"key":"REST"},{"data":"BlazingStar","floor":28.0,"key":"SMITH"},{"data":"MagicChant","floor":30.0,"key":"SMITH"},{"data":"MysteriousBeam","floor":32.0,"key":"SMITH"},{"data":"EscapeVelocity","floor":40.0,"key":"SMITH"},{"floor":42.0,"key":"REST"},{"data":"SuperNova","floor":44.0,"key":"SMITH"},{"floor":49,"key":"RECALL"},{"data":"StuffTheSpire:Innocence","floor":52,"key":"SMITH"}],"circlet_count":0,"master_deck":["AscendersBane","Strike_MRS","Defend_MRS","Defend_MRS","Defend_MRS","Defend_MRS","MasterSpark","UpSweep","GasGiant","EnergyFlow+1","MeteoricShower","OortCloud+1","MysteriousBeam+1","MysteriousBeam+1","WitchOfGreed","EscapeVelocity+1","MagicChant+1","WitchLeyline","BlazingStar+1","SuperNova+1","IllusionStar","DarkMatter+1","MagicChant+1","StuffTheSpire:BrainWave","MagicAbsorber+1","StuffTheSpire:Innocence+1","AsteroidBelt+1"],"relics":["MiniHakkero","Bird Faced Urn","Iron Hammer","potionbrewer:BhaskarasWheel","hubris:EmptyBottle","Pen Nib","SacredBark","MerchantsRug","Toxic Egg 2","StuffTheSpire:CocoNut","StuffTheSpire:Rhapsscallions","StuffTheSpire:OldFever","infinitespire:PuzzleCube"],"acts_visited":["Exordium","TheCity","TheBeyond","TheEnding"],"potions_floor_usage":[47,50,50,50,55,55,55,55],"damage_taken":[{"damage":0.0,"enemies":"Cultist","floor":1.0,"turns":3.0},{"damage":2.0,"enemies":"Jaw Worm","floor":2.0,"turns":4.0},{"damage":2.0,"enemies":"Small Slimes","floor":3.0,"turns":3.0},{"damage":18.0,"enemies":"3 Sentries","floor":7.0,"turns":7.0},{"damage":0.0,"enemies":"3 Louse","floor":11.0,"turns":2.0},{"damage":13.0,"enemies":"Gremlin Nob","floor":12.0,"turns":4.0},{"damage":3.0,"enemies":"Looter","floor":13.0,"turns":2.0},{"damage":10.0,"enemies":"3 Sentries","floor":14.0,"turns":6.0},{"damage":25.0,"enemies":"Slime Boss","floor":16.0,"turns":8.0},{"damage":0.0,"enemies":"Spheric Guardian","floor":18.0,"turns":4.0},{"damage":0.0,"enemies":"Chosen","floor":19.0,"turns":4.0},{"damage":43.0,"enemies":"Book of Stabbing","floor":23.0,"turns":5.0},{"damage":18.0,"enemies":"Snake Plant","floor":24.0,"turns":4.0},{"damage":13.0,"enemies":"Nightmare","floor":29.0,"turns":5.0},{"damage":29.0,"enemies":"hubris:MusketHawk","floor":33.0,"turns":5.0},{"damage":21.0,"enemies":"Orb Walker","floor":35.0,"turns":4.0},{"damage":18.0,"enemies":"3 Darklings","floor":38.0,"turns":4.0},{"damage":61.0,"enemies":"Reptomancer","floor":41.0,"turns":5.0},{"damage":16.0,"enemies":"R_Hoarder","floor":45.0,"turns":7.0},{"damage":30,"enemies":"Sphere and 2 Shapes","floor":47,"turns":5},{"damage":43,"enemies":"Awakened One","floor":50,"turns":6},{"damage":72,"enemies":"Shield and Spear","floor":54,"turns":7},{"damage":63,"enemies":"The Heart","floor":55,"turns":3}],"seed_played":"6399743869118816720","potions_obtained":[{"floor":0.0,"key":"potionbrewer:NoxiousPotion"},{"floor":0.0,"key":"BottledSpark"},{"floor":0.0,"key":"blueLaboratory:BubblePotion"},{"floor":7.0,"key":"Toxic Potion"},{"floor":12.0,"key":"Elixir"},{"floor":14.0,"key":"ColorlessPotion"},{"floor":16.0,"key":"blueLaboratory:StoneskinPotion"},{"floor":18.0,"key":"SneckoOil"},{"floor":19.0,"key":"Fire Potion"},{"floor":23.0,"key":"sneckomod:MuddlingPotion"},{"floor":24.0,"key":"Block Potion"},{"floor":33.0,"key":"Ancient Potion"},{"floor":35.0,"key":"StarNLove"},{"floor":38.0,"key":"SteroidPotion"},{"floor":41.0,"key":"Weak Potion"},{"floor":47,"key":"Venom Potion"}],"is_trial":false,"path_per_floor":["M","M","M","$","?","R","E","T","T","R","M","E","M","E","R","B",null,"M","M","?","$","?","E","M","$","T","?","R","NM","R","?","R","B",null,"M","?","?","M","$","R","E","R","T","R","E","?","M","?","R","B",null,"R","$","E","B"],"character_chosen":"MARISA","items_purchased":["OortCloud","MysteriousBeam","hubris:EmptyBottle","BlazingStar","MerchantsRug","Toxic Egg 2","Fruit Juice","Lee\u0027s Waffle","DarkMatter+1","AsteroidBelt+1","StuffTheSpire:OldFever","potionbrewer:FreezingPotion"],"campfire_rested":2,"item_purchase_floors":[4,4,21,25,39,39,39,39,39,53,53,53],"current_hp_per_floor":[68,66,64,64,64,64,46,46,46,46,46,39,40,36,58,41,67,73,75,63,75,75,36,24,39,39,85,85,74,74,74,74,53,77,64,64,64,54,92,112,68,103,105,105,99,99,79,79,79,44,93,93,108,41,0,0],"gold":73,"neow_bonus":"THREE_SMALL_POTIONS","is_daily":false,"chose_seed":false,"campfire_upgraded":8,"win_rate":0.0,"timestamp":1608993440,"path_taken":["M","M","M","$","?","R","E","?","T","R","M","E","M","E","R","BOSS","M","M","?","?","?","E","M","$","T","?","R","NM","R","?","R","BOSS","M","?","?","M","$","R","E","R","T","R","E","?","M","?","R","BOSS","R","$","E","BOSS"],"items_purchased_type":["Card","Card","Relic","Card","Relic","Relic","Potion","Relic","Card","Card","Relic","Potion"],"build_version":"2020-12-22","purchased_purges":2,"victory":false,"max_hp_per_floor":[75,75,75,75,75,75,75,75,75,75,75,75,75,75,75,75,75,75,75,75,75,75,75,75,75,75,85,85,85,85,85,85,85,85,85,85,85,85,92,112,119,119,121,121,121,109,109,109,109,109,109,109,109,109,109,109],"relic_stats":{"counters":[23,107],"Bird Faced Urn":[117],"Pen Nib":[11],"obtain_stats":[{"MerchantsRug":39,"Lee\u0027s Waffle":39,"StuffTheSpire:Rhapsscallions":43,"CeramicFish":29,"SacredBark":34,"Pen Nib":23,"potionbrewer:BhaskarasWheel":17,"vexMod:FocusSash":9,"hubris:EmptyBottle":21,"Replay:Mystery Machine":45,"Bird Faced Urn":8,"MealTicket":7,"StuffTheSpire:CocoNut":41,"Iron Hammer":12,"MiniHakkero":0,"Replay:Bottled Snecko":14,"Toxic Egg 2":39,"StuffTheSpire:OldFever":53,"infinitespire:PuzzleCube":54},{"MerchantsRug":17,"Lee\u0027s Waffle":17,"StuffTheSpire:Rhapsscallions":18,"CeramicFish":14,"SacredBark":15,"Pen Nib":12,"potionbrewer:BhaskarasWheel":9,"vexMod:FocusSash":4,"hubris:EmptyBottle":11,"Replay:Mystery Machine":19,"Bird Faced Urn":4,"MealTicket":4,"StuffTheSpire:CocoNut":18,"Iron Hammer":6,"MiniHakkero":0,"Replay:Bottled Snecko":8,"Toxic Egg 2":17,"StuffTheSpire:OldFever":21,"infinitespire:PuzzleCube":22},{"MerchantsRug":74,"Lee\u0027s Waffle":74,"StuffTheSpire:Rhapsscallions":79,"CeramicFish":61,"SacredBark":66,"Pen Nib":52,"potionbrewer:BhaskarasWheel":39,"vexMod:FocusSash":17,"hubris:EmptyBottle":47,"Replay:Mystery Machine":86,"Bird Faced Urn":17,"MealTicket":17,"StuffTheSpire:CocoNut":79,"Iron Hammer":23,"MiniHakkero":0,"Replay:Bottled Snecko":31,"Toxic Egg 2":74,"StuffTheSpire:OldFever":97,"infinitespire:PuzzleCube":104}]},"card_choices":[{"not_picked":["OrrerysSun","GravityBeat"],"picked":"GasGiant","floor":1.0},{"not_picked":["DC","WitchOfGreed"],"picked":"EnergyFlow","floor":2.0},{"not_picked":["SporeBomb","DC"],"picked":"MeteoricShower","floor":3.0},{"not_picked":["MachineGunSpark","GravityBeat"],"picked":"WitchOfGreed","floor":7.0},{"not_picked":["6A","LuminesStrike","ChargingUp"],"picked":"SKIP","floor":11.0},{"not_picked":["GalacticHalo","Singularity"],"picked":"EscapeVelocity","floor":12.0},{"not_picked":["DC","SprinkleStarSeal"],"picked":"MagicChant","floor":13.0},{"not_picked":["IllusionStar","StarlightTyphoon","MysteriousBeam"],"picked":"SKIP","floor":14.0},{"not_picked":["BinaryStars","UltimateShortwave"],"picked":"JA","floor":16.0},{"not_picked":["IllusionStar","Singularity","PowerUp"],"picked":"SKIP","floor":18.0},{"not_picked":["EarthLightRay","GasGiant+1"],"picked":"WitchLeyline","floor":19.0},{"not_picked":["ManaConvection","LuminesStrike","WitchOfGreed"],"picked":"SKIP","floor":23.0},{"not_picked":["MysteriousBeam","MilkyWay","WitchOfGreed"],"picked":"SKIP","floor":24.0},{"not_picked":["MilkyWay","EnergyRecoil","IllusionStar"],"picked":"SKIP","floor":29.0},{"not_picked":["CollectingQuirk","SatelliteIllusion"],"picked":"SuperNova","floor":33.0},{"not_picked":["GravityBeat+1","MilkyWay","WitchLeyline"],"picked":"SKIP","floor":35.0},{"not_picked":["AsteroidBelt","ManaConvection+1"],"picked":"IllusionStar","floor":38.0},{"not_picked":["FairyDestructionRay+1","GravityBeat","MachineGunSpark+1"],"picked":"SKIP","floor":41.0},{"not_picked":["WitchOfGreed","MilkyWay+1"],"picked":"MagicChant+1","floor":45.0},{"not_picked":["GravityBeat+1","IllusionStar+1"],"picked":"MagicAbsorber+1","floor":47},{"not_picked":["StuffTheSpire:Ambrosia","StuffTheSpire:Brawn"],"picked":"StuffTheSpire:Innocence","floor":48},{"not_picked":["ManaRampage+1","OpenUniverse+1","WitchOfGreed"],"picked":"SKIP","floor":54}],"player_experience":969811,"relics_obtained":[{"floor":7.0,"key":"MealTicket"},{"floor":8.0,"key":"Bird Faced Urn"},{"floor":9.0,"key":"vexMod:FocusSash"},{"floor":12.0,"key":"Iron Hammer"},{"floor":14.0,"key":"Replay:Bottled Snecko"},{"floor":23.0,"key":"Pen Nib"},{"floor":29.0,"key":"CeramicFish"},{"floor":41.0,"key":"StuffTheSpire:CocoNut"},{"floor":43.0,"key":"StuffTheSpire:Rhapsscallions"},{"floor":45.0,"key":"Replay:Mystery Machine"},{"floor":54,"key":"infinitespire:PuzzleCube"}],"event_choices":[{"damage_healed":0.0,"max_hp_gain":0.0,"max_hp_loss":0.0,"gold_gain":0.0,"event_name":"Accursed Blacksmith","player_choice":"Forge","floor":5.0,"gold_loss":0.0,"damage_taken":0.0,"cards_upgraded":["OortCloud"]},{"damage_healed":0.0,"max_hp_gain":0.0,"max_hp_loss":0.0,"gold_gain":90.0,"event_name":"Knowing Skull","player_choice":"GOLD ","floor":20.0,"potions_obtained":[],"gold_loss":0.0,"damage_taken":12.0,"cards_obtained":[]},{"damage_healed":0.0,"max_hp_gain":0.0,"max_hp_loss":0.0,"gold_gain":0.0,"event_name":"N\u0027loth","player_choice":"Ignored","floor":22.0,"gold_loss":0.0,"damage_taken":0.0},{"cards_removed":["JA"],"damage_healed":36.0,"max_hp_gain":10.0,"max_hp_loss":0.0,"gold_gain":0.0,"event_name":"Bonfire Elementals","player_choice":"Offered Rare","floor":27.0,"gold_loss":0.0,"damage_taken":0.0},{"damage_healed":0.0,"max_hp_gain":0.0,"max_hp_loss":0.0,"gold_gain":250.0,"event_name":"The Joust","player_choice":"Bet on Owner","floor":31.0,"gold_loss":50.0,"damage_taken":0.0},{"damage_healed":0.0,"max_hp_gain":0.0,"max_hp_loss":0.0,"gold_gain":0.0,"event_name":"conspire:Investor","player_choice":"Leave","floor":37.0,"gold_loss":0.0,"damage_taken":0.0}],"is_beta":false,"boss_relics":[{"not_picked":["ExperimentalFamiliar","hubris:CrackedHourglass"],"picked":"potionbrewer:BhaskarasWheel"},{"not_picked":["ChewingGum","SlaversCollar"],"picked":"SacredBark"}],"items_purged_floors":[21,53],"is_endless":false,"potions_floor_spawned":[7,14,24,33],"killed_by":"The Heart","ascension_level":13}}