{"host":"rolltorest","time":1608969867,"event":{"mods":["BaseMod","Minty Spire (QoL Compilation)","StSLib"],"gold_per_floor":[113,128,45,45,10,49,64,64,87,139,183,183,183,218,218,218,218],"floor_reached":16,"playtime":383,"items_purged":[],"score":232,"play_id":"254d971a-b69c-4485-a8d9-f4240b1e8588","local_time":"20201226000427","is_ascension_mode":true,"campfire_choices":[{"floor":8,"key":"REST"},{"floor":13,"key":"REST"},{"floor":15,"key":"REST"}],"circlet_count":0,"master_deck":["AscendersBane","Strike_R","Strike_R","Strike_R","Strike_R","Strike_R","Defend_R","Defend_R","Defend_R","Defend_R","Bash","CurseOfTheBell","Combust","Disarm","Spot Weakness","Clothesline","Fiend Fire","Flame Barrier"],"relics":["Calling Bell","Art of War","InkBottle","Bird Faced Urn","Golden Idol","Omamori","Toy Ornithopter","Question Card","Gremlin Horn","Red Skull"],"acts_visited":["Exordium"],"potions_floor_usage":[6,11],"damage_taken":[{"damage":11,"enemies":"2 Louse","floor":1,"turns":4},{"damage":1,"enemies":"Cultist","floor":2,"turns":3},{"damage":48,"enemies":"Gremlin Nob","floor":6,"turns":5},{"damage":10,"enemies":"Jaw Worm","floor":7,"turns":6},{"damage":24,"enemies":"Lagavulin","floor":11,"turns":10},{"damage":24,"enemies":"Gremlin Nob","floor":14,"turns":4},{"damage":17,"enemies":"Hexaghost","floor":16,"turns":9}],"seed_played":"3086755429551221459","potions_obtained":[{"floor":2,"key":"Block Potion"},{"floor":6,"key":"Dexterity Potion"},{"floor":11,"key":"BlessingOfTheForge"}],"is_trial":false,"path_per_floor":["M","M","$","?","?","E","M","R","T","?","E","T","R","E","R","B"],"character_chosen":"IRONCLAD","items_purchased":["Disarm"],"campfire_rested":3,"item_purchase_floors":[3],"current_hp_per_floor":[57,56,56,56,68,20,10,30,30,30,11,11,31,7,27,10,10],"gold":218,"neow_bonus":"BOSS_RELIC","is_daily":false,"chose_seed":false,"campfire_upgraded":0,"win_rate":0.0,"timestamp":1608969867,"path_taken":["M","M","$","?","?","E","M","R","T","?","E","?","R","E","R","BOSS"],"items_purchased_type":["Card"],"build_version":"2020-12-18","purchased_purges":0,"victory":false,"max_hp_per_floor":[75,75,75,68,68,68,68,68,68,68,68,68,68,68,68,68,68],"card_choices":[{"not_picked":["Shrug It Off","Second Wind"],"picked":"Combust","floor":1},{"not_picked":["Rage","Flex","True Grit"],"picked":"SKIP","floor":2},{"not_picked":["Shrug It Off","Clash"],"picked":"Spot Weakness","floor":6},{"not_picked":["Cleave","Wild Strike"],"picked":"Clothesline","floor":7},{"not_picked":["Infernal Blade","Pommel Strike"],"picked":"Fiend Fire","floor":11},{"not_picked":["Heavy Blade","Havoc","Barricade"],"picked":"Flame Barrier","floor":14}],"player_experience":1705768,"relics_obtained":[{"floor":0,"key":"Art of War"},{"floor":0,"key":"InkBottle"},{"floor":0,"key":"Bird Faced Urn"},{"floor":6,"key":"Omamori"},{"floor":9,"key":"Toy Ornithopter"},{"floor":11,"key":"Question Card"},{"floor":12,"key":"Gremlin Horn"},{"floor":14,"key":"Red Skull"}],"event_choices":[{"damage_healed":0,"gold_gain":0,"player_choice":"Lose Max HP","damage_taken":0,"relics_obtained":["Golden Idol"],"max_hp_gain":0,"max_hp_loss":7,"event_name":"Golden Idol","floor":4,"gold_loss":0},{"damage_healed":17,"gold_gain":0,"player_choice":"Healed","damage_taken":0,"max_hp_gain":0,"max_hp_loss":0,"event_name":"The Cleric","floor":5,"gold_loss":35},{"damage_healed":0,"gold_gain":52,"player_choice":"Gained Gold","damage_taken":0,"max_hp_gain":0,"max_hp_loss":0,"event_name":"Golden Wing","floor":10,"gold_loss":0}],"is_beta":true,"boss_relics":[],"items_purged_floors":[],"is_endless":false,"potions_floor_spawned":[2,6,11],"killed_by":"Hexaghost","ascension_level":20}}