{"host":"5fasz840ryq7obdf","time":1608990868,"event":{"mods":["AchievementEnabler","BaseMod","Bestiary","Better Altar","Better Skull","Better Third Choice","BetterRewards","Block Reminder","Colored Powertips","Curses Come First","Minty Spire (QoL Compilation)","Quick Restart","Relic Stats","Shop Mod","Spicy Shops","StSLib"],"gold_per_floor":[119,119,145,220,220,220,249,266,266,276,307,307,30,42,42,113,113,124,124,124],"floor_reached":19,"playtime":1246,"items_purged":["Strike_P","Defend_P"],"score":350,"play_id":"69eabb9d-9f49-4816-b9b7-7a4b7860a35b","local_time":"20201226135428","is_ascension_mode":true,"campfire_choices":[{"floor":6.0,"key":"REST"},{"data":"Eruption","floor":12.0,"key":"SMITH"},{"data":"Adaptation","floor":15.0,"key":"SMITH"}],"circlet_count":0,"master_deck":["AscendersBane","Strike_P","Strike_P","Strike_P","Defend_P","Defend_P","Defend_P","Eruption+1","Vigilance","Adaptation+1","SashWhip","Protect","CutThroughFate","Regret","Wireheading","CrushJoints","EmptyMind","LessonLearned","DeusExMachina","Pain","Protect","DevaForm","TalkToTheHand"],"relics":["PureWater","Membership Card","Meat on the Bone","Ornamental Fan","Torii","PreservedInsect","Orichalcum","Nunchaku","StoneCalendar","Mercury Hourglass","FossilizedHelix","Centennial Puzzle","Lantern","CaptainsWheel","Tiny Chest","Runic Pyramid"],"acts_visited":["Exordium","TheCity"],"potions_floor_usage":[],"damage_taken":[{"damage":0.0,"enemies":"Small Slimes","floor":1.0,"turns":2.0},{"damage":23.0,"enemies":"Gremlin Nob","floor":7.0,"turns":3.0},{"damage":0.0,"enemies":"Jaw Worm","floor":8.0,"turns":3.0},{"damage":0.0,"enemies":"2 Louse","floor":10.0,"turns":3.0},{"damage":23.0,"enemies":"Lagavulin","floor":11.0,"turns":3.0},{"damage":0.0,"enemies":"Blue Slaver","floor":14.0,"turns":3.0},{"damage":34.0,"enemies":"The Guardian","floor":16.0,"turns":7.0},{"damage":48,"enemies":"Shell Parasite","floor":18,"turns":5},{"damage":21,"enemies":"Spheric Guardian","floor":19,"turns":5}],"seed_played":"-5937940128941970703","potions_obtained":[{"floor":8.0,"key":"AttackPotion"},{"floor":11.0,"key":"Ancient Potion"},{"floor":16.0,"key":"AttackPotion"}],"is_trial":false,"path_per_floor":["M","?","T","?","?","R","E","M","T","M","E","R","$","M","R","B",null,"M","M"],"character_chosen":"WATCHER","items_purchased":["Membership Card","Meat on the Bone","Ornamental Fan","Torii","Adaptation","SashWhip","Protect","DeusExMachina","Lantern","CaptainsWheel","Tiny Chest"],"campfire_rested":1,"item_purchase_floors":[0,0,0,0,0,0,0,13,13,13,13],"current_hp_per_floor":[42,42,42,31,7,27,16,28,28,40,29,29,29,41,41,19,56,20,0,0],"gold":124,"neow_bonus":"","is_daily":false,"chose_seed":false,"campfire_upgraded":2,"win_rate":0.0,"timestamp":1608990868,"path_taken":["M","?","?","?","?","R","E","M","T","M","E","R","$","?","R","BOSS","M","M"],"items_purchased_type":["Relic","Relic","Relic","Relic","Card","Card","Card","Card","Relic","Relic","Relic"],"build_version":"2020-12-22","purchased_purges":2,"victory":false,"max_hp_per_floor":[68,68,68,68,68,68,68,68,68,68,68,68,68,68,68,68,68,68,68,68],"relic_stats":{"Nunchaku":[6],"Centennial Puzzle":[10],"Torii":5,"counters":[9,34],"Ornamental Fan":[36],"StoneCalendar":[43],"Tiny Chest":0,"PreservedInsect":57,"Orichalcum":[24],"obtain_stats":[{"Lantern":13,"Torii":0,"StoneCalendar":5,"PreservedInsect":2,"Orichalcum":3,"Mercury Hourglass":7,"Nunchaku":5,"Centennial Puzzle":11,"CaptainsWheel":13,"Ornamental Fan":0,"Tiny Chest":13,"Membership Card":0,"PureWater":0,"FossilizedHelix":9,"Meat on the Bone":0,"Runic Pyramid":17},{"Lantern":5,"Torii":0,"StoneCalendar":1,"PreservedInsect":1,"Orichalcum":1,"Mercury Hourglass":2,"Nunchaku":1,"Centennial Puzzle":5,"CaptainsWheel":5,"Ornamental Fan":0,"Tiny Chest":5,"Membership Card":0,"PureWater":0,"FossilizedHelix":3,"Meat on the Bone":0,"Runic Pyramid":7},{"Lantern":14,"Torii":0,"StoneCalendar":2,"PreservedInsect":2,"Orichalcum":2,"Mercury Hourglass":5,"Nunchaku":2,"Centennial Puzzle":14,"CaptainsWheel":14,"Ornamental Fan":0,"Tiny Chest":14,"Membership Card":0,"PureWater":0,"FossilizedHelix":8,"Meat on the Bone":0,"Runic Pyramid":24}],"Meat on the Bone":96,"Mercury Hourglass":[54]},"card_choices":[{"not_picked":["ClearTheMind","BowlingBash"],"picked":"CutThroughFate","floor":1.0},{"not_picked":["ClearTheMind","SashWhip"],"picked":"Wireheading","floor":7.0},{"not_picked":["Vengeance","SandsOfTime"],"picked":"CrushJoints","floor":8.0},{"not_picked":["EmptyFist","Crescendo"],"picked":"EmptyMind","floor":10.0},{"not_picked":["Fasting2","Prostrate"],"picked":"LessonLearned","floor":11.0},{"not_picked":["Evaluate","EmptyFist"],"picked":"Protect","floor":14.0},{"not_picked":["Judgement","SpiritShield"],"picked":"DevaForm","floor":16.0},{"not_picked":["EmptyBody+1","Swivel"],"picked":"TalkToTheHand","floor":18}],"player_experience":1120436,"relics_obtained":[{"floor":3.0,"key":"Orichalcum"},{"floor":7.0,"key":"Mercury Hourglass"},{"floor":9.0,"key":"FossilizedHelix"},{"floor":11.0,"key":"Centennial Puzzle"}],"event_choices":[{"damage_healed":0.0,"max_hp_gain":0.0,"max_hp_loss":0.0,"gold_gain":0.0,"event_name":"Big Fish","player_choice":"Box","floor":2.0,"gold_loss":0.0,"damage_taken":0.0,"relics_obtained":["PreservedInsect"],"cards_obtained":["Regret"]},{"damage_healed":0.0,"max_hp_gain":0.0,"max_hp_loss":0.0,"gold_gain":75.0,"event_name":"betterThird:BetterGoop","player_choice":"Gold","floor":4.0,"gold_loss":0.0,"damage_taken":11.0},{"damage_healed":0.0,"max_hp_gain":0.0,"max_hp_loss":0.0,"gold_gain":1.0,"event_name":"betterThird:BetterScrap","player_choice":"Relic Relic ","floor":5.0,"gold_loss":0.0,"damage_taken":24.0,"cards_obtained":["Scrape"]}],"is_beta":false,"boss_relics":[{"not_picked":["SacredBark","Snecko Eye"],"picked":"Runic Pyramid"}],"items_purged_floors":[0,0],"is_endless":false,"potions_floor_spawned":[8,11,16],"killed_by":"Spheric Guardian","ascension_level":20}}