{"host":"mjau5a91be6b66g4","time":1608965771,"event":{"mods":["BaseMod","Minty Spire (QoL Compilation)","StSLib","The Bug Knight","The Jungle"],"gold_per_floor":[118,137,150,33,44,44,77,92,173,173,173,173,173,184,184,283,283,302,312,237,237],"floor_reached":20,"playtime":869,"items_purged":["HollowMod:NailStrikeStart"],"score":176,"play_id":"ba511762-efe1-418e-8f2b-ec74231d6da0","local_time":"20201226145611","is_ascension_mode":false,"campfire_choices":[{"floor":6,"key":"REST"},{"data":"HollowMod:FocusHealStart","floor":10,"key":"SMITH"},{"floor":12,"key":"REST"},{"floor":15,"key":"REST"}],"circlet_count":0,"master_deck":["HollowMod:NailStrikeStart","HollowMod:NailStrikeStart","HollowMod:NailStrikeStart","HollowMod:QuickDashStart","HollowMod:QuickDashStart","HollowMod:QuickDashStart","HollowMod:FocusHealStart+1","HollowMod:PogoStrike","HollowMod:FastStrike","HollowMod:VengefulVoid","HollowMod:VoidDash","HollowMod:VengefulVoid","HollowMod:PerfectDash","HollowMod:SiblingsSouls","HollowMod:LuriensSpire","HollowMod:WraithStrike","HollowMod:FallenFury","HollowMod:HuntersJournal","HollowMod:Weaversong","HollowMod:CloakDash","HollowMod:ShadowDash"],"relics":["HollowMod:VesselMask","Orichalcum","SacredBark"],"acts_visited":["Exordium","TheCity"],"potions_floor_usage":[16,16,19],"damage_taken":[{"damage":1,"enemies":"Cultist","floor":1,"turns":3},{"damage":6,"enemies":"Jaw Worm","floor":2,"turns":2},{"damage":6,"enemies":"2 Louse","floor":3,"turns":3},{"damage":14,"enemies":"2 Fungi Beasts","floor":5,"turns":3},{"damage":49,"enemies":"3 Sentries","floor":7,"turns":9},{"damage":4,"enemies":"Exordium Wildlife","floor":8,"turns":3},{"damage":6,"enemies":"Large Slime","floor":14,"turns":6},{"damage":85,"enemies":"The Guardian","floor":16,"turns":14},{"damage":21,"enemies":"Spheric Guardian","floor":18,"turns":6},{"damage":21,"enemies":"Shell Parasite","floor":19,"turns":8}],"seed_played":"7716903446614190268","potions_obtained":[{"floor":1,"key":"Ancient Potion"},{"floor":7,"key":"Weak Potion"},{"floor":16,"key":"Dexterity Potion"},{"floor":18,"key":"LiquidMemories"}],"is_trial":false,"path_per_floor":["M","M","M","$","M","R","E","M","T","R","?","R","?","M","R","B",null,"M","M","$"],"character_chosen":"THE_BUGKNIGHT","items_purchased":["HollowMod:PerfectDash","HollowMod:SiblingsSouls"],"campfire_rested":3,"item_purchase_floors":[4,4],"current_hp_per_floor":[75,69,63,63,49,71,22,18,18,18,18,40,58,58,75,2,75,54,43,43,43],"gold":237,"neow_bonus":"TRANSFORM_CARD","is_daily":false,"chose_seed":false,"campfire_upgraded":1,"win_rate":0.0,"timestamp":1608965771,"path_taken":["M","M","?","?","M","R","E","?","T","R","?","R","?","M","R","BOSS","M","M","$"],"items_purchased_type":["Card","Card"],"build_version":"2020-12-22","purchased_purges":1,"victory":false,"max_hp_per_floor":[75,75,75,75,75,75,75,75,75,75,75,75,75,75,75,75,75,75,75,75,75],"card_choices":[{"not_picked":["HollowMod:SoulStrike","HollowMod:SharpenedNail"],"picked":"HollowMod:VengefulVoid","floor":1},{"not_picked":["HollowMod:NewJinnsSoul","HollowMod:CycloneSlash"],"picked":"HollowMod:VoidDash","floor":2},{"not_picked":["HollowMod:MonomonsArchive","HollowMod:CloakDash"],"picked":"HollowMod:VengefulVoid","floor":3},{"not_picked":["HollowMod:CoiledNail","HollowMod:SoulShaman"],"picked":"HollowMod:LuriensSpire","floor":5},{"not_picked":["HollowMod:NewGlowingWomb","HollowMod:DoubleDash"],"picked":"HollowMod:WraithStrike","floor":7},{"not_picked":["HollowMod:QuirrelsAssistance","HollowMod:SoulVessel"],"picked":"HollowMod:FallenFury","floor":8},{"not_picked":["HollowMod:NewLittleFool","HollowMod:SoulStrike"],"picked":"HollowMod:HuntersJournal","floor":14},{"not_picked":["HollowMod:NewInfectedGuardian","HollowMod:AwokenDreamNail"],"picked":"HollowMod:Weaversong","floor":16},{"not_picked":["HollowMod:BrokenVessel","HollowMod:SoulEater"],"picked":"HollowMod:CloakDash","floor":18},{"not_picked":["HollowMod:VengefulVoid","HollowMod:DesolateDive"],"picked":"HollowMod:ShadowDash","floor":19}],"player_experience":235496,"relics_obtained":[{"floor":7,"key":"Orichalcum"}],"event_choices":[],"is_beta":false,"boss_relics":[{"not_picked":["Busted Crown","SlaversCollar"],"picked":"SacredBark"}],"items_purged_floors":[20],"is_endless":false,"potions_floor_spawned":[1,7,16,18],"ascension_level":0}}