{"host":"6affnl2vk6en9o4b","time":1608995915,"event":{"mods":["2.2 Compatiblity","AchievementEnabler","Aspiration","BaseMod","BetterRewards","Colored Powertips","Conspire","Downfall","Friendly Minions","Googly Eyes","Highlight Path","Hubris","Minty Spire (QoL Compilation)","Replay The Spire","StSLib","Trackpad","Unceasing Turn Reminder","vexMod"],"gold_per_floor":[0,12,0,0,18,18,18,45,60,60,60,91,1,13,26,26,26,26],"floor_reached":16,"playtime":615,"items_purged":[],"score":116,"play_id":"cac35ea8-73c1-45bf-a484-20f14a08cd3b","local_time":"20201226151835","is_ascension_mode":true,"campfire_choices":[{"floor":1,"key":"RECALL"},{"data":"Slimebound:ComboTackle","floor":6,"key":"SMITH"},{"data":"Slimebound:Grow","floor":10,"key":"SMITH"}],"circlet_count":0,"master_deck":["Slimebound:Strike_Slimebound","Slimebound:Strike_Slimebound","Slimebound:Strike_Slimebound","Slimebound:Tackle","Slimebound:Defend_Slimebound","Slimebound:Defend_Slimebound","Slimebound:Defend_Slimebound","Slimebound:Defend_Slimebound","Slimebound:Split","Slimebound:CorrosiveSpit+1","Slimebound:ComboTackle+1","Slimebound:ViciousTackle","Slimebound:ViciousTackle","Slimebound:FlameTackle","Slimebound:Grow+1","Slimebound:SlimeSpikes","Slimebound:FlameTackle","Slimebound:FirmFortitude","Slimebound:Gluttony","Slimebound:RainOfGoop"],"relics":["Slimebound:AbsorbEndCombat","conspire:DeflatedDodgeball","Slimebound:ScrapOozeRelic","hubris:GlazedTorus"],"acts_visited":["Exordium"],"potions_floor_usage":[15],"damage_taken":[{"damage":8,"enemies":"Jaw Worm","floor":2,"turns":4},{"damage":13,"enemies":"downfall:FleeingMerchant","floor":3,"turns":4},{"damage":10,"enemies":"Cultist","floor":5,"turns":2},{"damage":55,"enemies":"3 Sentries","floor":8,"turns":9},{"damage":3,"enemies":"2 Louse","floor":9,"turns":1},{"damage":37,"enemies":"Lagavulin","floor":12,"turns":5},{"damage":13,"enemies":"downfall:FleeingMerchant","floor":13,"turns":4},{"damage":20,"enemies":"Exordium Wildlife","floor":14,"turns":5},{"damage":3,"enemies":"Large Slime","floor":15,"turns":2},{"damage":19,"enemies":"downfall:Ironclad","floor":16,"turns":2}],"seed_played":"-923615886205877274","potions_obtained":[{"floor":9,"key":"Ancient Potion"},{"floor":14,"key":"Slimebound:SlimedPotion"}],"is_trial":false,"path_per_floor":["R","M","$","?","M","R","T","E","M","R","?","E","$","M","M","B"],"character_chosen":"SLIMEBOUND","items_purchased":["Slimebound:FirmFortitude"],"campfire_rested":0,"item_purchase_floors":[13],"current_hp_per_floor":[72,72,72,72,70,70,70,39,40,40,40,19,22,10,11,0,0,0],"gold":26,"neow_bonus":"TWENTY_PERCENT_HP_BONUS","is_daily":false,"chose_seed":false,"campfire_upgraded":2,"win_rate":0.0,"timestamp":1608995915,"path_taken":["R","M","$","?","M","R","T","E","?","R","?","E","?","M","M","BOSS"],"items_purchased_type":["Card"],"build_version":"2020-12-22","purchased_purges":0,"victory":false,"max_hp_per_floor":[72,72,72,72,72,72,72,72,72,72,72,72,72,72,72,72,72,72],"card_choices":[{"not_picked":["Slimebound:SplitAcid","Slimebound:SplitMire"],"picked":"Slimebound:ComboTackle","floor":2},{"not_picked":["Slimebound:OneTwoCombo","Slimebound:SplitLeeching"],"picked":"Slimebound:ViciousTackle","floor":3},{"not_picked":["Slimebound:SplitAcid","Slimebound:LevelUp"],"picked":"Slimebound:ViciousTackle","floor":5},{"not_picked":["Slimebound:PressTheAttack","Slimebound:SlimeTap"],"picked":"Slimebound:FlameTackle","floor":8},{"not_picked":["Slimebound:GrowthPunch","Slimebound:SplitBruiser"],"picked":"Slimebound:Grow","floor":9},{"not_picked":["Slimebound:Overexert","Slimebound:ViciousTackle"],"picked":"Slimebound:SlimeSpikes","floor":12},{"not_picked":["Slimebound:RollThrough","Slimebound:ComboTackle"],"picked":"Slimebound:FlameTackle","floor":13},{"not_picked":["Slimebound:SplitBruiser","Slimebound:FinishingTackle"],"picked":"Slimebound:Gluttony","floor":14},{"not_picked":["Slimebound:PressTheAttack","Slimebound:RollThrough"],"picked":"Slimebound:RainOfGoop","floor":15}],"player_experience":194592,"relics_obtained":[{"floor":7,"key":"conspire:DeflatedDodgeball"},{"floor":8,"key":"Centennial Puzzle"},{"floor":12,"key":"hubris:GlazedTorus"}],"event_choices":[{"damage_healed":0,"gold_gain":0,"player_choice":"Forge","damage_taken":0,"max_hp_gain":0,"max_hp_loss":0,"event_name":"Accursed Blacksmith","floor":4,"gold_loss":0,"cards_upgraded":["Slimebound:CorrosiveSpit"]}],"is_beta":false,"boss_relics":[],"items_purged_floors":[],"is_endless":false,"potions_floor_spawned":[9,14],"killed_by":"downfall:Ironclad","ascension_level":1}}