{"host":"gk5m6v7zec9neb0j","time":1608946016,"event":{"mods":["AchievementEnabler","AlwaysNeverKeys","BaseMod","BetterRewards","Block Reminder","Minty Spire (QoL Compilation)","Rare Cards Sparkle","Relic Stats","StSLib"],"gold_per_floor":[109,109,126,138,23,23,41,41,41,116,116,66,91,110,110,214,214,228,165,179,194,210,210,224,174,198,209,225,225,235,254,254,353,353,373,391,407,419,419,142,153,165,165,193,210,210,122,139,139,139,139,139,11,46,46,46],"floor_reached":55,"playtime":2647,"items_purged":["Strike_R","Strike_R","Strike_R","Strike_R","Strike_R"],"score":984,"play_id":"1701cd59-806b-40a3-9399-39dc57252c27","local_time":"20201225202656","is_ascension_mode":false,"campfire_choices":[{"data":"Entrench","floor":6,"key":"SMITH"},{"data":"Body Slam","floor":11,"key":"SMITH"},{"data":"Bash","floor":15,"key":"SMITH"},{"floor":23,"key":"DIG"},{"floor":29,"key":"DIG"},{"data":"Body Slam","floor":32,"key":"SMITH"},{"floor":46,"key":"DIG"},{"floor":49,"key":"REST"},{"floor":52,"key":"DIG"}],"circlet_count":0,"master_deck":["Defend_R+1","Defend_R","Defend_R+1","Defend_R","Bash+1","Entrench+1","Body Slam+1","Whirlwind","Headbutt","Shrug It Off","Double Tap","Shrug It Off","Body Slam+1","Juggernaut","Body Slam+1","Entrench+1"],"relics":["Burning Blood","Calipers","Shovel","Membership Card","Turnip","Thread and Needle","ClockworkSouvenir","War Paint","Kunai","SlaversCollar","InkBottle","Bag of Preparation","Unceasing Top","Shuriken","Chemical X","StoneCalendar","Bag of Marbles","Du-Vu Doll","Sundial","Oddly Smooth Stone","Charon\u0027s Ashes"],"acts_visited":["Exordium","TheCity","TheBeyond","TheEnding"],"potions_floor_usage":[7,7,13,24,27,33,48],"damage_taken":[{"damage":2,"enemies":"2 Louse","floor":1,"turns":4},{"damage":5,"enemies":"Cultist","floor":3,"turns":4},{"damage":1,"enemies":"Small Slimes","floor":4,"turns":6},{"damage":6,"enemies":"Gremlin Gang","floor":7,"turns":5},{"damage":0,"enemies":"3 Sentries","floor":13,"turns":8},{"damage":3,"enemies":"Blue Slaver","floor":14,"turns":3},{"damage":12,"enemies":"Slime Boss","floor":16,"turns":8},{"damage":0,"enemies":"3 Byrds","floor":18,"turns":8},{"damage":0,"enemies":"Spheric Guardian","floor":20,"turns":3},{"damage":0,"enemies":"Snake Plant","floor":21,"turns":6},{"damage":0,"enemies":"Centurion and Healer","floor":22,"turns":11},{"damage":0,"enemies":"Cultist and Chosen","floor":24,"turns":9},{"damage":43,"enemies":"Chosen and Byrds","floor":27,"turns":11},{"damage":0,"enemies":"Snake Plant","floor":28,"turns":3},{"damage":0,"enemies":"Snecko","floor":30,"turns":5},{"damage":0,"enemies":"Centurion and Healer","floor":31,"turns":6},{"damage":0,"enemies":"Automaton","floor":33,"turns":5},{"damage":22,"enemies":"3 Darklings","floor":35,"turns":11},{"damage":0,"enemies":"Orb Walker","floor":36,"turns":4},{"damage":67,"enemies":"Jaw Worm Horde","floor":37,"turns":8},{"damage":8,"enemies":"Maw","floor":38,"turns":8},{"damage":10,"enemies":"3 Darklings","floor":41,"turns":5},{"damage":0,"enemies":"Sphere and 2 Shapes","floor":42,"turns":4},{"damage":9,"enemies":"Reptomancer","floor":44,"turns":5},{"damage":0,"enemies":"Maw","floor":45,"turns":7},{"damage":9,"enemies":"Writhing Mass","floor":48,"turns":6},{"damage":42,"enemies":"Time Eater","floor":50,"turns":10},{"damage":0,"enemies":"Shield and Spear","floor":54,"turns":6},{"damage":139,"enemies":"The Heart","floor":55,"turns":12}],"seed_played":"2237747532180728515","potions_obtained":[{"floor":2,"key":"Dexterity Potion"},{"floor":2,"key":"AttackPotion"},{"floor":2,"key":"EssenceOfSteel"},{"floor":14,"key":"DistilledChaos"},{"floor":18,"key":"ColorlessPotion"},{"floor":21,"key":"FairyPotion"},{"floor":24,"key":"FairyPotion"},{"floor":28,"key":"Swift Potion"},{"floor":44,"key":"Block Potion"},{"floor":48,"key":"Ancient Potion"}],"is_trial":false,"path_per_floor":["M","?","M","M","$","R","M","$","T","?","R","$","E","M","R","B",null,"M","$","M","M","M","R","M","?","T","M","M","R","M","M","R","B",null,"M","M","M","M","?","$","M","M","T","E","M","R","$","M","R","B",null,"R","$","E","B"],"character_chosen":"IRONCLAD","items_purchased":["Entrench","Membership Card","ClockworkSouvenir","Shuriken","Chemical X","Oddly Smooth Stone","FairyPotion"],"campfire_rested":1,"item_purchase_floors":[0,0,5,40,40,53,53],"current_hp_per_floor":[36,36,37,42,42,42,42,42,42,34,34,34,40,43,43,37,80,80,80,80,80,80,80,80,80,80,43,49,49,55,61,61,67,80,64,70,9,7,7,7,30,36,36,33,39,39,39,36,60,24,80,80,80,80,0,0],"gold":46,"neow_bonus":"","is_daily":false,"chose_seed":false,"campfire_upgraded":4,"win_rate":0.0,"timestamp":1608946016,"path_taken":["M","?","?","M","$","R","M","$","T","?","R","$","E","M","R","BOSS","M","$","M","M","?","R","M","?","T","?","M","R","M","M","R","BOSS","M","M","M","M","?","$","M","M","T","E","M","R","$","M","R","BOSS","R","$","E","BOSS"],"items_purchased_type":["Card","Relic","Relic","Relic","Relic","Relic","Potion"],"build_version":"2020-12-22","purchased_purges":5,"victory":false,"max_hp_per_floor":[80,80,80,80,80,80,80,80,80,80,80,80,80,80,80,80,80,80,80,80,80,80,80,80,80,80,80,80,80,80,80,80,80,80,80,80,80,80,80,80,80,80,80,80,80,80,80,80,80,80,80,80,80,80,80,80],"relic_stats":{"counters":[486,2515],"StoneCalendar":[104],"Charon\u0027s Ashes":[9],"Bag of Preparation":[34],"War Paint":["Defend_R","Defend_R"],"Burning Blood":2618,"Shovel":4,"Shuriken":[7],"Sundial":[2],"Turnip":[29],"Kunai":[233],"Chemical X":[105],"obtain_stats":[{"Whetstone":45,"Ginger":48,"Bottled Tornado":12,"Boot":40,"Old Coin":9,"Blood Vial":54,"Sundial":43,"Fusion Hammer":34,"Kunai":3,"Runic Cube":34,"Pear":6,"Blue Candle":9,"Eternal Feather":6,"Pen Nib":9,"Akabeko":37,"SlaversCollar":17,"Runic Dome":17,"Bird Faced Urn":0,"MutagenicStrength":27,"Mark of Pain":34,"StrikeDummy":47,"Unceasing Top":0,"Regal Pillow":9,"Lantern":23,"Singing Bowl":42,"Torii":44,"Magic Flower":34,"StoneCalendar":0,"Bag of Preparation":41,"Ancient Tea Set":6,"Smiling Mask":9,"Burning Blood":0,"Matryoshka":27,"Shovel":0,"WingedGreaves":11,"Chemical X":0,"InkBottle":23,"Paper Frog":9,"Potion Belt":43,"Lee\u0027s Waffle":0,"Golden Idol":4,"Self Forming Clay":25,"Thread and Needle":0,"The Courier":13,"Omamori":13,"Frozen Egg 2":8,"MawBank":9,"Ornamental Fan":12,"Orrery":0,"Turnip":13,"Art of War":26,"Champion Belt":23,"Bottled Lightning":43,"Toy Ornithopter":9,"Ice Cream":0,"Calipers":0,"Gremlin Horn":24,"CeramicFish":11,"Vajra":19,"Sozu":17,"Lizard Tail":25,"Centennial Puzzle":26,"HornCleat":54,"DollysMirror":37,"Strawberry":43,"Toxic Egg 2":25,"Girya":0,"Happy Flower":0,"Dead Branch":13,"Oddly Smooth Stone":54,"Charon\u0027s Ashes":0,"Letter Opener":26,"War Paint":55,"Question Card":9,"Du-Vu Doll":43,"OrangePellets":0,"Bottled Flame":54,"Shuriken":0,"Bronze Scales":0,"Molten Egg 2":26,"Nloth\u0027s Gift":20,"Pocketwatch":47,"Meat on the Bone":28,"Darkstone Periapt":26,"SacredBark":34,"Black Blood":17,"Enchiridion":21,"Mango":26,"Juzu Bracelet":3,"Incense Burner":0,"Empty Cage":17,"PrismaticShard":0,"ClockworkSouvenir":0,"Nunchaku":36,"Dream Catcher":25,"TheAbacus":37,"Mummified Hand":0,"Gambling Chip":13,"Tiny Chest":24,"Red Mask":41,"Red Skull":4,"Runic Pyramid":34,"Orichalcum":20,"Odd Mushroom":14,"Medical Kit":36,"White Beast Statue":2,"Mercury Hourglass":30,"Peace Pipe":0,"Calling Bell":34,"Anchor":12,"Bag of Marbles":0,"Coffee Dripper":34,"Membership Card":0,"FossilizedHelix":0,"TungstenRod":36},{"Whetstone":46,"Ginger":104,"Bottled Tornado":137,"Boot":102,"Old Coin":4,"Blood Vial":49,"Sundial":149,"Fusion Hammer":98,"Kunai":2,"Runic Cube":296,"Pear":111,"Blue Candle":112,"Eternal Feather":25,"Pen Nib":56,"Akabeko":221,"SlaversCollar":36,"Runic Dome":61,"Bird Faced Urn":129,"MutagenicStrength":292,"Mark of Pain":70,"StrikeDummy":47,"Unceasing Top":0,"Regal Pillow":157,"Lantern":442,"Singing Bowl":102,"Torii":398,"Magic Flower":367,"StoneCalendar":80,"Bag of Preparation":196,"Ancient Tea Set":84,"Smiling Mask":407,"Burning Blood":0,"Matryoshka":118,"Shovel":457,"WingedGreaves":26,"Chemical X":50,"InkBottle":468,"Paper Frog":33,"Potion Belt":102,"Lee\u0027s Waffle":231,"Golden Idol":2,"Self Forming Clay":265,"Thread and Needle":154,"The Courier":15,"Omamori":27,"Frozen Egg 2":25,"MawBank":13,"Ornamental Fan":381,"Orrery":9,"Turnip":59,"Art of War":117,"Champion Belt":66,"Bottled Lightning":451,"Toy Ornithopter":181,"Ice Cream":80,"Calipers":80,"Gremlin Horn":39,"CeramicFish":33,"Vajra":140,"Sozu":306,"Lizard Tail":39,"Centennial Puzzle":39,"HornCleat":174,"DollysMirror":395,"Strawberry":124,"Toxic Egg 2":117,"Girya":50,"Happy Flower":80,"Dead Branch":88,"Oddly Smooth Stone":326,"Charon\u0027s Ashes":50,"Letter Opener":67,"War Paint":79,"Question Card":135,"Du-Vu Doll":149,"OrangePellets":19,"Bottled Flame":106,"Shuriken":0,"Bronze Scales":29,"Molten Egg 2":165,"Nloth\u0027s Gift":115,"Pocketwatch":172,"Meat on the Bone":216,"Darkstone Periapt":93,"SacredBark":219,"Black Blood":16,"Enchiridion":413,"Mango":141,"Juzu Bracelet":10,"Incense Burner":107,"Empty Cage":160,"PrismaticShard":327,"ClockworkSouvenir":0,"Nunchaku":42,"Dream Catcher":141,"TheAbacus":99,"Mummified Hand":50,"Gambling Chip":34,"Tiny Chest":92,"Red Mask":148,"Red Skull":32,"Runic Pyramid":41,"Orichalcum":17,"Odd Mushroom":28,"Medical Kit":421,"White Beast Statue":10,"Mercury Hourglass":69,"Peace Pipe":0,"Calling Bell":367,"Anchor":59,"Bag of Marbles":50,"Coffee Dripper":420,"Membership Card":0,"FossilizedHelix":129,"TungstenRod":193},{"Whetstone":235,"Ginger":445,"Bottled Tornado":578,"Boot":443,"Old Coin":20,"Blood Vial":254,"Sundial":607,"Fusion Hammer":434,"Kunai":11,"Runic Cube":1471,"Pear":468,"Blue Candle":470,"Eternal Feather":132,"Pen Nib":288,"Akabeko":1053,"SlaversCollar":194,"Runic Dome":314,"Bird Faced Urn":552,"MutagenicStrength":1449,"Mark of Pain":351,"StrikeDummy":240,"Unceasing Top":0,"Regal Pillow":630,"Lantern":2249,"Singing Bowl":443,"Torii":2056,"Magic Flower":1869,"StoneCalendar":388,"Bag of Preparation":876,"Ancient Tea Set":396,"Smiling Mask":2125,"Burning Blood":0,"Matryoshka":499,"Shovel":2324,"WingedGreaves":139,"Chemical X":262,"InkBottle":2390,"Paper Frog":177,"Potion Belt":443,"Lee\u0027s Waffle":1104,"Golden Idol":11,"Self Forming Clay":1293,"Thread and Needle":621,"The Courier":70,"Omamori":150,"Frozen Egg 2":132,"MawBank":57,"Ornamental Fan":1932,"Orrery":48,"Turnip":301,"Art of War":496,"Champion Belt":329,"Bottled Lightning":2288,"Toy Ornithopter":757,"Ice Cream":388,"Calipers":388,"Gremlin Horn":203,"CeramicFish":177,"Vajra":586,"Sozu":1538,"Lizard Tail":203,"Centennial Puzzle":203,"HornCleat":729,"DollysMirror":2030,"Strawberry":538,"Toxic Egg 2":496,"Girya":262,"Happy Flower":388,"Dead Branch":406,"Oddly Smooth Stone":1624,"Charon\u0027s Ashes":262,"Letter Opener":332,"War Paint":381,"Question Card":574,"Du-Vu Doll":607,"OrangePellets":106,"Bottled Flame":448,"Shuriken":0,"Bronze Scales":164,"Molten Egg 2":671,"Nloth\u0027s Gift":488,"Pocketwatch":718,"Meat on the Bone":1028,"Darkstone Periapt":419,"SacredBark":1044,"Black Blood":80,"Enchiridion":2151,"Mango":587,"Juzu Bracelet":50,"Incense Burner":454,"Empty Cage":646,"PrismaticShard":1631,"ClockworkSouvenir":0,"Nunchaku":221,"Dream Catcher":587,"TheAbacus":436,"Mummified Hand":262,"Gambling Chip":183,"Tiny Chest":417,"Red Mask":605,"Red Skull":173,"Runic Pyramid":217,"Orichalcum":95,"Odd Mushroom":152,"Medical Kit":2161,"White Beast Statue":50,"Mercury Hourglass":341,"Peace Pipe":0,"Calling Bell":1869,"Anchor":301,"Bag of Marbles":262,"Coffee Dripper":2160,"Membership Card":0,"FossilizedHelix":552,"TungstenRod":854}],"InkBottle":[44],"Unceasing Top":[8]},"card_choices":[{"not_picked":["Wild Strike","Headbutt"],"picked":"Body Slam","floor":1},{"not_picked":["Wild Strike","Bloodletting","Blood for Blood"],"picked":"SKIP","floor":3},{"not_picked":["Ghostly Armor","Perfected Strike"],"picked":"Whirlwind","floor":4},{"not_picked":["Armaments","Evolve"],"picked":"Headbutt","floor":7},{"not_picked":["Flex","Havoc"],"picked":"Shrug It Off","floor":13},{"not_picked":["Feel No Pain","Pommel Strike","Clash"],"picked":"SKIP","floor":14},{"not_picked":["Immolate","Brutality"],"picked":"Double Tap","floor":16},{"not_picked":["Searing Blow+1","Wild Strike"],"picked":"Shrug It Off","floor":18},{"not_picked":["Hemokinesis","Disarm+1","Thunderclap"],"picked":"SKIP","floor":20},{"not_picked":["Iron Wave","Reckless Charge","Warcry+1"],"picked":"SKIP","floor":21},{"not_picked":["Burning Pact","Flame Barrier","Twin Strike"],"picked":"SKIP","floor":22},{"not_picked":["Feel No Pain","Searing Blow","Metallicize"],"picked":"SKIP","floor":24},{"not_picked":["Dual Wield+1","Searing Blow+1","Evolve"],"picked":"SKIP","floor":27},{"not_picked":["Wild Strike","Second Wind+1","Perfected Strike"],"picked":"SKIP","floor":28},{"not_picked":["Flame Barrier","Flex","Whirlwind"],"picked":"SKIP","floor":30},{"not_picked":["Bloodletting","Whirlwind"],"picked":"Body Slam","floor":31},{"not_picked":["Immolate","Impervious"],"picked":"Juggernaut","floor":33},{"not_picked":["Perfected Strike+1","Rage+1","Thunderclap"],"picked":"SKIP","floor":35},{"not_picked":["Anger","Perfected Strike"],"picked":"Body Slam+1","floor":36},{"not_picked":["Thunderclap+1","Wild Strike","Searing Blow"],"picked":"SKIP","floor":37},{"not_picked":["Flex+1","Havoc","Intimidate"],"picked":"SKIP","floor":38},{"not_picked":["Rampage","True Grit","Perfected Strike+1"],"picked":"SKIP","floor":41},{"not_picked":["Iron Wave","Headbutt","Sentinel+1"],"picked":"SKIP","floor":42},{"not_picked":["Juggernaut","Anger+1","Thunderclap+1"],"picked":"SKIP","floor":44},{"not_picked":["Shrug It Off","Sword Boomerang","Cleave+1"],"picked":"SKIP","floor":45},{"not_picked":["True Grit+1","Warcry","Body Slam+1"],"picked":"SKIP","floor":48},{"not_picked":["Wild Strike+1","Searing Blow","Metallicize"],"picked":"SKIP","floor":54}],"player_experience":721182,"relics_obtained":[{"floor":9,"key":"War Paint"},{"floor":13,"key":"Kunai"},{"floor":23,"key":"InkBottle"},{"floor":26,"key":"Bag of Preparation"},{"floor":29,"key":"Unceasing Top"},{"floor":43,"key":"StoneCalendar"},{"floor":44,"key":"Bag of Marbles"},{"floor":46,"key":"Du-Vu Doll"},{"floor":52,"key":"Sundial"},{"floor":54,"key":"Charon\u0027s Ashes"}],"event_choices":[{"damage_healed":0,"gold_gain":0,"player_choice":"Got Potions","damage_taken":0,"max_hp_gain":0,"max_hp_loss":0,"event_name":"Lab","floor":2,"gold_loss":0},{"damage_healed":0,"gold_gain":75,"player_choice":"Touch","damage_taken":8,"max_hp_gain":0,"max_hp_loss":0,"event_name":"FaceTrader","floor":10,"gold_loss":0},{"damage_healed":0,"gold_gain":0,"player_choice":"Bet on Murderer","damage_taken":0,"max_hp_gain":0,"max_hp_loss":0,"event_name":"The Joust","floor":25,"gold_loss":50},{"damage_healed":0,"gold_gain":0,"player_choice":"Copied","damage_taken":0,"max_hp_gain":0,"max_hp_loss":0,"event_name":"Duplicator","floor":39,"gold_loss":0,"cards_obtained":["Entrench"]}],"is_beta":false,"boss_relics":[{"not_picked":["Busted Crown","Tiny House"],"picked":"SlaversCollar"},{"not_picked":["Snecko Eye","Runic Pyramid","Pandora\u0027s Box"]}],"items_purged_floors":[5,12,19,40,47],"is_endless":false,"potions_floor_spawned":[3,14,16,18,21,24,28,31,33,37,41,44,48,54],"killed_by":"The Heart","ascension_level":0}}