{"host":"zm2copjc1o2b6hjv","time":1608942041,"event":{"mods":["AchievementEnabler","BaseMod","BetterRewards","Conspire","Downfall","Friendly Minions","Infinite Spire","Minty Spire (QoL Compilation)","Replay The Spire","StSLib"],"gold_per_floor":[110,110,10,10,61,61,89,125,150,207,30,30,69,69,69,69,69,168,168,168],"floor_reached":19,"playtime":672,"items_purged":[],"score":197,"play_id":"3d5ec945-80db-49bc-b7f2-93ffa1e80c89","local_time":"20201225192041","is_ascension_mode":true,"campfire_choices":[{"data":"HandOfGreed","floor":6,"key":"SMITH"},{"floor":12,"key":"REST"},{"floor":17,"key":"REST"}],"circlet_count":0,"master_deck":["Strike_B","Strike_B","Strike_B","Strike_B","Defend_B","Defend_B","Defend_B","Defend_B","HandOfGreed+1","All For One","Conserve Battery","Deadly Poison","Ghostly","Steam","White Noise","ReplayRNGCard","expansioncontent:StudyTheSpire+1","Loop","Amplify"],"relics":["Raider\u0027s Mask","Oddly Smooth Stone","Ring of the Snake","conspire:Dentures","DataDisk","Boot","Orichalcum","Replay:Ringing Soul","Coffee Dripper"],"acts_visited":["Exordium","TheCity"],"potions_floor_usage":[8,10,18],"damage_taken":[{"damage":6,"enemies":"Jaw Worm","floor":1,"turns":3},{"damage":4,"enemies":"Small Slimes","floor":5,"turns":3},{"damage":13,"enemies":"Gremlin Nob","floor":7,"turns":4},{"damage":8,"enemies":"conspire:MimicChest","floor":8,"turns":6},{"damage":14,"enemies":"Lagavulin","floor":10,"turns":5},{"damage":0,"enemies":"2 Louse","floor":13,"turns":2},{"damage":14,"enemies":"Hexaghost","floor":18,"turns":10}],"seed_played":"6994791846176686918","potions_obtained":[{"floor":7,"key":"Languid Potion"},{"floor":8,"key":"AttackPotion"},{"floor":13,"key":"Toxic Potion"}],"is_trial":false,"path_per_floor":["M","?","?","T","M","R","E","?","T","E","$","R","M","PTL","PTL","?","R","B",null],"character_chosen":"DEFECT","items_purchased":["Raider\u0027s Mask","HandOfGreed","Oddly Smooth Stone","expansioncontent:StudyTheSpire"],"campfire_rested":2,"item_purchase_floors":[0,0,0,11],"current_hp_per_floor":[69,69,69,69,65,65,52,44,44,33,36,60,63,63,63,63,84,73,87,87],"gold":168,"neow_bonus":"","is_daily":false,"chose_seed":false,"campfire_upgraded":1,"win_rate":0.0,"timestamp":1608942041,"path_taken":["M","?","?","?","?","R","E","?","T","E","$","R","M","PTL","PTL","?","R","BOSS"],"items_purchased_type":["Relic","Card","Relic","Card"],"build_version":"2020-12-22","purchased_purges":0,"victory":false,"max_hp_per_floor":[75,75,75,75,75,75,75,75,75,78,81,81,84,84,84,84,84,87,87,87],"card_choices":[{"not_picked":["Blizzard","Scrape"],"picked":"Conserve Battery","floor":1},{"not_picked":["Beam Cell","Conserve Battery"],"picked":"Steam","floor":5},{"not_picked":["Hello World","Rebound"],"picked":"White Noise","floor":7},{"not_picked":["Electrodynamics","Panic Button"],"picked":"ReplayRNGCard","floor":10},{"not_picked":["ReplayTheSpireMod:Reroute Power","Redo"],"picked":"Loop","floor":13},{"not_picked":["Core Surge","Fission"],"picked":"Amplify","floor":18}],"player_experience":184715,"relics_obtained":[{"floor":4,"key":"conspire:Dentures"},{"floor":7,"key":"DataDisk"},{"floor":8,"key":"Boot"},{"floor":9,"key":"Orichalcum"},{"floor":10,"key":"Replay:Ringing Soul"}],"event_choices":[{"damage_healed":0,"gold_gain":0,"player_choice":"Argue","damage_taken":0,"max_hp_gain":0,"max_hp_loss":0,"event_name":"conspire:LoneGhost","floor":3,"gold_loss":0}],"is_beta":false,"boss_relics":[{"not_picked":["ReplayTheSpireMod:DimensionalGlitch","conspire:SpecialSausage"],"picked":"Coffee Dripper"}],"items_purged_floors":[],"is_endless":false,"potions_floor_spawned":[7,8,13],"ascension_level":3}}