{"host":"qj91dvco5uhu9oti","time":1608985783,"event":{"mods":["BaseMod","Colored Map","Minty Spire (QoL Compilation)","Permanent Neow","Relic Stats","StSLib","SuperFastMode","everything is the same but u backflip on backflip"],"gold_per_floor":[118,193,143,156,166,166,20,54,54,54,70,98,24,24,24,127,127,138,158,177,177,194,219,219,237,237,256,256,266,48,48,48,48,48],"floor_reached":33,"playtime":2605,"items_purged":["Strike_P","FlyingSleeves"],"score":499,"play_id":"fd8e684e-050c-402b-93c9-7bca7c7212c9","local_time":"20201226212943","is_ascension_mode":true,"campfire_choices":[{"data":"Eruption","floor":6.0,"key":"SMITH"},{"data":"SandsOfTime","floor":10.0,"key":"SMITH"},{"data":"TalkToTheHand","floor":15.0,"key":"SMITH"},{"data":"Vault","floor":24.0,"key":"SMITH"},{"floor":28,"key":"REST"},{"floor":32,"key":"REST"}],"circlet_count":0,"master_deck":["AscendersBane","Eruption+1","Vigilance","SandsOfTime+1","CrushJoints","DeceiveReality","Halt","TalkToTheHand+1","FlurryOfBlows","Brilliance","Vault+1","WindmillStrike","Adaptation+1","FollowUp+1","WheelKick","Eruption","Prostrate+1","MentalFortress+1","Tantrum+1","Establishment+1","FearNoEvil","Halt"],"relics":["PureWater","Membership Card","Frozen Egg 2","Question Card","Smiling Mask","CultistMask","Pandora\u0027s Box","WingedGreaves","StrikeDummy","Ornamental Fan"],"acts_visited":["Exordium","TheCity"],"potions_floor_usage":[31],"damage_taken":[{"damage":0.0,"enemies":"2 Louse","floor":1.0,"turns":3.0},{"damage":0.0,"enemies":"Small Slimes","floor":4.0,"turns":5.0},{"damage":0.0,"enemies":"Cultist","floor":5.0,"turns":2.0},{"damage":0.0,"enemies":"Gremlin Nob","floor":8.0,"turns":2.0},{"damage":1.0,"enemies":"Looter","floor":11.0,"turns":2.0},{"damage":31.0,"enemies":"3 Sentries","floor":12.0,"turns":6.0},{"damage":4.0,"enemies":"Hexaghost","floor":16.0,"turns":7.0},{"damage":0.0,"enemies":"3 Byrds","floor":18.0,"turns":5.0},{"damage":12.0,"enemies":"Chosen","floor":19.0,"turns":3.0},{"damage":0.0,"enemies":"Snecko","floor":20.0,"turns":3.0},{"damage":0.0,"enemies":"Cultist and Chosen","floor":22.0,"turns":4.0},{"damage":22.0,"enemies":"Slavers","floor":23.0,"turns":5.0},{"damage":15,"enemies":"Centurion and Healer","floor":25,"turns":4},{"damage":0,"enemies":"Sentry and Sphere","floor":27,"turns":4},{"damage":27,"enemies":"Snecko","floor":29,"turns":5},{"damage":0,"enemies":"Gremlin Leader","floor":31,"turns":2},{"damage":112,"enemies":"Automaton","floor":33,"turns":7}],"seed_played":"2894569900046674919","potions_obtained":[{"floor":1.0,"key":"SmokeBomb"},{"floor":11.0,"key":"EssenceOfSteel"},{"floor":19.0,"key":"DuplicationPotion"},{"floor":23.0,"key":"FairyPotion"}],"is_trial":false,"path_per_floor":["M","?","?","M","M","R","$","E","T","R","M","E","$","?","R","B",null,"M","M","M","?","M","E","R","M","T","M","R","M","$","E","R","B"],"character_chosen":"WATCHER","items_purchased":["Membership Card","FlurryOfBlows","Halt","Ornamental Fan","BottledMiracle"],"campfire_rested":2,"item_purchase_floors":[7,13,30,30,30],"current_hp_per_floor":[65,54,54,54,54,54,54,54,54,54,53,22,22,22,22,18,53,53,41,41,41,41,19,19,4,4,4,23,19,19,19,38,0,0],"gold":48,"neow_bonus":"REMOVE_TWO","is_daily":false,"chose_seed":false,"campfire_upgraded":4,"win_rate":0.0,"timestamp":1608985783,"path_taken":["M","?","?","M","M","R","$","E","T","R","M","E","$","?","R","BOSS","M","?","M","?","M","E","R","M","T","?","R","M","$","E","R","BOSS"],"items_purchased_type":["Relic","Card","Card","Relic","Potion"],"build_version":"2020-12-22","purchased_purges":2,"victory":false,"max_hp_per_floor":[65,65,65,65,65,65,65,65,65,65,65,65,65,65,65,65,65,65,65,65,65,65,65,65,65,65,65,65,65,65,65,65,65,65],"relic_stats":{"counters":[17,69],"Ornamental Fan":[20],"Pandora\u0027s Box":["Vault","FlyingSleeves","WindmillStrike","Adaptation"],"Question Card":12,"Smiling Mask":-12,"obtain_stats":[{"Ornamental Fan":30,"Pandora\u0027s Box":17,"CultistMask":14,"WingedGreaves":23,"Membership Card":7,"PureWater":0,"Frozen Egg 2":8,"Question Card":9,"Smiling Mask":12,"StrikeDummy":26},{"Ornamental Fan":15,"Pandora\u0027s Box":7,"CultistMask":6,"WingedGreaves":12,"Membership Card":3,"PureWater":0,"Frozen Egg 2":4,"Question Card":4,"Smiling Mask":6,"StrikeDummy":13},{"Ornamental Fan":60,"Pandora\u0027s Box":27,"CultistMask":20,"WingedGreaves":47,"Membership Card":10,"PureWater":0,"Frozen Egg 2":12,"Question Card":12,"Smiling Mask":20,"StrikeDummy":51}]},"card_choices":[{"not_picked":["FlyingSleeves","EmptyBody"],"picked":"SandsOfTime","floor":1.0},{"not_picked":["BowlingBash","EmptyMind","CutThroughFate"],"picked":"SKIP","floor":4.0},{"not_picked":["Collect","SashWhip"],"picked":"CrushJoints","floor":5.0},{"not_picked":["Brilliance","SashWhip"],"picked":"DeceiveReality","floor":8.0},{"not_picked":["WaveOfTheHand","EmptyBody","ClearTheMind"],"picked":"Halt","floor":11.0},{"not_picked":["ClearTheMind","Sanctity","Indignation"],"picked":"TalkToTheHand","floor":12.0},{"not_picked":["Devotion+1","ConjureBlade","Alpha"],"picked":"Brilliance","floor":16.0},{"not_picked":["EmptyBody+1","BattleHymn+1","ClearTheMind"],"picked":"FollowUp+1","floor":18.0},{"not_picked":["Crescendo","Protect","CutThroughFate","SignatureMove"],"picked":"SKIP","floor":19.0},{"not_picked":["Prostrate","Consecrate+1","SashWhip"],"picked":"WheelKick","floor":20.0},{"not_picked":["Wallop+1","Crescendo","BowlingBash"],"picked":"Prostrate+1","floor":22.0},{"not_picked":["PathToVictory","Worship","FlyingSleeves"],"picked":"MentalFortress+1","floor":23.0},{"not_picked":["WaveOfTheHand","Evaluate","WheelKick"],"picked":"Tantrum+1","floor":25},{"not_picked":["Perseverance+1","FollowUp","Adaptation+1","Establishment+1"],"picked":"SKIP","floor":27},{"not_picked":["Perseverance+1","FollowUp","Adaptation+1"],"picked":"Establishment+1","floor":27},{"not_picked":["BattleHymn+1","Evaluate+1","WindmillStrike"],"picked":"FearNoEvil","floor":29}],"player_experience":284421,"relics_obtained":[{"floor":8.0,"key":"Frozen Egg 2"},{"floor":9.0,"key":"Question Card"},{"floor":12.0,"key":"Smiling Mask"},{"floor":23.0,"key":"WingedGreaves"},{"floor":26,"key":"StrikeDummy"}],"event_choices":[{"damage_healed":0.0,"max_hp_gain":0.0,"max_hp_loss":0.0,"gold_gain":75.0,"event_name":"World of Goop","player_choice":"Gather Gold","floor":2.0,"gold_loss":0.0,"damage_taken":11.0},{"cards_removed":["Strike_P"],"damage_healed":0.0,"max_hp_gain":0.0,"max_hp_loss":0.0,"gold_gain":0.0,"event_name":"The Cleric","player_choice":"Card Removal","floor":3.0,"gold_loss":50.0,"damage_taken":0.0},{"damage_healed":0.0,"max_hp_gain":0.0,"max_hp_loss":0.0,"gold_gain":0.0,"event_name":"FaceTrader","player_choice":"Trade","floor":14.0,"gold_loss":0.0,"damage_taken":0.0,"relics_obtained":["CultistMask"]},{"damage_healed":0.0,"max_hp_gain":0.0,"max_hp_loss":0.0,"gold_gain":0.0,"event_name":"Match and Keep!","player_choice":"1 cards matched","floor":21.0,"gold_loss":0.0,"damage_taken":0.0,"cards_obtained":["Eruption"]}],"is_beta":false,"boss_relics":[{"not_picked":["Astrolabe","Coffee Dripper"],"picked":"Pandora\u0027s Box"}],"items_purged_floors":[13,30],"is_endless":false,"potions_floor_spawned":[1,11,19,20,22,23,31],"killed_by":"Automaton","ascension_level":11}}