{"host":"ci7ivtocgfxh0ueo","time":1608968161,"event":{"mods":["BaseMod","GifTheSpireLib","Minty Spire (QoL Compilation)","StSLib"],"gold_per_floor":[116,116,129,148,423,437,437,437,437,457,457,468,484,497,497,574,574,585,597,597,597,597],"floor_reached":21,"playtime":879,"items_purged":[],"score":324,"play_id":"c17ec5d3-1b76-4def-b5c9-d611885cda7a","local_time":"20201226153601","is_ascension_mode":true,"campfire_choices":[{"data":"Neutralize","floor":7,"key":"SMITH"},{"data":"Noxious Fumes","floor":11,"key":"SMITH"},{"data":"Prepared","floor":15,"key":"SMITH"}],"circlet_count":0,"master_deck":["AscendersBane","Survivor","Neutralize+1","Riddle With Holes","Underhanded Strike","Cloak And Dagger","Escape Plan","Prepared","Cloak And Dagger","Caltrops","Adrenaline+1","Noxious Fumes+1","Unload","Escape Plan","Prepared+1","All Out Attack","A Thousand Cuts","Escape Plan+1","Eviscerate"],"relics":["Pandora\u0027s Box","FaceOfCleric","Meat on the Bone","Empty Cage"],"acts_visited":["Exordium","TheCity"],"potions_floor_usage":[12,16,16,16,18,18,21],"damage_taken":[{"damage":1,"enemies":"Small Slimes","floor":1,"turns":4},{"damage":0,"enemies":"Jaw Worm","floor":3,"turns":3},{"damage":0,"enemies":"Cultist","floor":4,"turns":3},{"damage":0,"enemies":"2 Fungi Beasts","floor":6,"turns":3},{"damage":3,"enemies":"Lots of Slimes","floor":10,"turns":4},{"damage":5,"enemies":"Exordium Wildlife","floor":12,"turns":4},{"damage":12,"enemies":"3 Louse","floor":13,"turns":3},{"damage":8,"enemies":"Exordium Thugs","floor":14,"turns":3},{"damage":22,"enemies":"Slime Boss","floor":16,"turns":8},{"damage":9,"enemies":"Shell Parasite","floor":18,"turns":3},{"damage":18,"enemies":"2 Thieves","floor":19,"turns":3},{"damage":20,"enemies":"Masked Bandits","floor":21,"turns":2}],"seed_played":"1974448145613470926","potions_obtained":[{"floor":6,"key":"EntropicBrew"},{"floor":10,"key":"CunningPotion"},{"floor":12,"key":"Strength Potion"},{"floor":13,"key":"CultistPotion"},{"floor":16,"key":"Strength Potion"},{"floor":19,"key":"ColorlessPotion"}],"is_trial":false,"path_per_floor":["M","?","M","M","?","M","R","?","T","M","R","M","M","M","R","B",null,"M","M","?","?"],"character_chosen":"THE_SILENT","items_purchased":[],"campfire_rested":0,"item_purchase_floors":[],"current_hp_per_floor":[58,58,58,58,58,58,58,58,58,56,56,52,41,46,46,40,63,55,38,17,0,0],"gold":597,"neow_bonus":"BOSS_RELIC","is_daily":false,"chose_seed":false,"campfire_upgraded":3,"win_rate":0.0,"timestamp":1608968161,"path_taken":["M","?","M","M","?","?","R","?","T","M","R","M","M","?","R","BOSS","M","M","?","?"],"items_purchased_type":[],"build_version":"2020-12-22","purchased_purges":0,"victory":false,"max_hp_per_floor":[66,66,66,66,66,66,66,66,66,67,67,68,69,70,70,71,71,72,73,78,78,78],"card_choices":[{"not_picked":["Outmaneuver","PiercingWail","Blade Dance"],"picked":"SKIP","floor":1},{"not_picked":["Underhanded Strike","Cloak And Dagger"],"picked":"Unload","floor":3},{"not_picked":["Deadly Poison","Setup"],"picked":"Escape Plan","floor":4},{"not_picked":["Infinite Blades","Backflip"],"picked":"Prepared","floor":6},{"not_picked":["Riddle With Holes","Poisoned Stab","Bane"],"picked":"SKIP","floor":10},{"not_picked":["Deflect","Setup"],"picked":"All Out Attack","floor":12},{"not_picked":["Deadly Poison","Slice","Dagger Spray"],"picked":"SKIP","floor":13},{"not_picked":["PiercingWail","Skewer","Deadly Poison"],"picked":"SKIP","floor":14},{"not_picked":["After Image","Unload"],"picked":"A Thousand Cuts","floor":16},{"not_picked":["Expertise","Deflect+1"],"picked":"Escape Plan+1","floor":18},{"not_picked":["Caltrops","Underhanded Strike"],"picked":"Eviscerate","floor":19}],"player_experience":1304439,"relics_obtained":[{"floor":9,"key":"Meat on the Bone"}],"event_choices":[{"damage_healed":0,"gold_gain":0,"player_choice":"Grow","damage_taken":0,"max_hp_gain":0,"max_hp_loss":0,"event_name":"Living Wall","floor":2,"gold_loss":0,"cards_upgraded":["Adrenaline"]},{"damage_healed":0,"gold_gain":275,"player_choice":"Desecrate","damage_taken":0,"max_hp_gain":0,"max_hp_loss":0,"event_name":"Golden Shrine","floor":5,"gold_loss":0,"cards_obtained":["Regret"]},{"damage_healed":0,"gold_gain":0,"player_choice":"Trade","damage_taken":0,"relics_obtained":["FaceOfCleric"],"max_hp_gain":0,"max_hp_loss":0,"event_name":"FaceTrader","floor":8,"gold_loss":0},{"damage_healed":0,"gold_gain":0,"player_choice":"Shed Blood","damage_taken":26,"max_hp_gain":5,"max_hp_loss":0,"event_name":"Forgotten Altar","floor":20,"gold_loss":0},{"damage_healed":0,"gold_gain":0,"player_choice":"Fought Bandits","damage_taken":0,"max_hp_gain":0,"max_hp_loss":0,"event_name":"Masked Bandits","floor":21,"gold_loss":0}],"is_beta":false,"boss_relics":[{"not_picked":["Busted Crown","SlaversCollar"],"picked":"Empty Cage"}],"items_purged_floors":[],"is_endless":false,"potions_floor_spawned":[6,10,12,13,14,16,19],"killed_by":"Masked Bandits","ascension_level":17}}