{"host":"7k2a2omxz3voj5ax","time":1608974030,"event":{"mods":["BaseMod","Marisa£¨ìFÓê¡¡Ä§ÀíÉ³£©","Minty Spire (QoL Compilation)","Quick Restart","Spicy Shops","StSLib","Starting Relic: Pandora\u0027s Box","óô»ðÖ¸ÄÏ"],"gold_per_floor":[114,39,39,55,71,105,125,125,125,125,140,153,184,134,134,259,259,275,318,331,256,256,256,295,295,322,365,365,134,174,199,199,320,320,335,356,578,911,924,958,858,890,890,591,88,88,122,138,138,138,138,138,7,37,37],"floor_reached":56,"playtime":2664,"items_purged":["Force Field","Streamline","Dualcast+1"],"score":2014,"play_id":"2d812a77-efa4-44e3-86ee-17f8a7d383d3","local_time":"20201226181350","is_ascension_mode":true,"campfire_choices":[{"data":"Consume","floor":8.0,"key":"SMITH"},{"data":"Dualcast","floor":15.0,"key":"SMITH"},{"data":"Multi-Cast","floor":23.0,"key":"SMITH"},{"data":"Glacier","floor":25.0,"key":"SMITH"},{"data":"Coolheaded","floor":28.0,"key":"SMITH"},{"data":"Turbo","floor":32.0,"key":"SMITH"},{"data":"Double Energy","floor":46.0,"key":"SMITH"},{"floor":49.0,"key":"RECALL"},{"data":"Electrodynamics","floor":52,"key":"SMITH"}],"circlet_count":0,"master_deck":["AscendersBane","Zap+1","Consume+1","Double Energy+1","Turbo+1","Self Repair","Skim+1","Coolheaded+1","Multi-Cast+1","Core Surge","Glacier+1","Electrodynamics+1","Recycle+1","Creative AI"],"relics":["Pandora\u0027s Box","NeowsBlessing","Happy Flower","Bronze Scales","Calling Bell","Art of War","Mercury Hourglass","Emotion Chip","Red Mask","Gambling Chip","Ancient Tea Set","Cables","Runic Capacitor","Ice Cream","Inserter","MealTicket","Darkstone Periapt","Question Card","DataDisk","Juzu Bracelet","War Paint","Bag of Preparation","Chemical X","Pocketwatch","Blue Candle","Nunchaku"],"acts_visited":["Exordium","TheCity","TheBeyond","TheEnding"],"potions_floor_usage":[55,55,55],"damage_taken":[{"damage":0.0,"enemies":"Jaw Worm","floor":1.0,"turns":1.0},{"damage":0.0,"enemies":"Cultist","floor":4.0,"turns":1.0},{"damage":0.0,"enemies":"2 Louse","floor":5.0,"turns":1.0},{"damage":39.0,"enemies":"Gremlin Nob","floor":6.0,"turns":5.0},{"damage":5.0,"enemies":"2 Fungi Beasts","floor":7.0,"turns":4.0},{"damage":0.0,"enemies":"3 Louse","floor":11.0,"turns":4.0},{"damage":3.0,"enemies":"Looter","floor":12.0,"turns":3.0},{"damage":1.0,"enemies":"Lagavulin","floor":13.0,"turns":5.0},{"damage":4.0,"enemies":"Hexaghost","floor":16.0,"turns":9.0},{"damage":0.0,"enemies":"Spheric Guardian","floor":18.0,"turns":3.0},{"damage":0.0,"enemies":"Masked Bandits","floor":19.0,"turns":5.0},{"damage":0.0,"enemies":"Shell Parasite","floor":20.0,"turns":4.0},{"damage":45.0,"enemies":"Slavers","floor":24.0,"turns":5.0},{"damage":14.0,"enemies":"Gremlin Leader","floor":27.0,"turns":10.0},{"damage":10.0,"enemies":"Book of Stabbing","floor":30.0,"turns":7.0},{"damage":0.0,"enemies":"Snecko","floor":31.0,"turns":5.0},{"damage":1.0,"enemies":"Champ","floor":33.0,"turns":7.0},{"damage":16.0,"enemies":"3 Darklings","floor":35.0,"turns":3.0},{"damage":0.0,"enemies":"Orb Walker","floor":36.0,"turns":3.0},{"damage":3.0,"enemies":"Maw","floor":39.0,"turns":5.0},{"damage":8.0,"enemies":"Nemesis","floor":40.0,"turns":5.0},{"damage":25.0,"enemies":"Reptomancer","floor":42.0,"turns":6.0},{"damage":13.0,"enemies":"Giant Head","floor":47.0,"turns":5.0},{"damage":0.0,"enemies":"Jaw Worm Horde","floor":48.0,"turns":1.0},{"damage":0,"enemies":"Donu and Deca","floor":50,"turns":3},{"damage":2,"enemies":"Shield and Spear","floor":54,"turns":2},{"damage":11,"enemies":"The Heart","floor":55,"turns":9}],"seed_played":"318950496361847872","potions_obtained":[{"floor":1.0,"key":"PowerPotion"},{"floor":5.0,"key":"FocusPotion"},{"floor":7.0,"key":"EssenceOfDarkness"},{"floor":10.0,"key":"DistilledChaos"},{"floor":10.0,"key":"SpeedPotion"},{"floor":18.0,"key":"DistilledChaos"},{"floor":24.0,"key":"FocusPotion"},{"floor":30.0,"key":"DistilledChaos"},{"floor":42.0,"key":"FearPotion"},{"floor":48.0,"key":"Dexterity Potion"}],"is_trial":false,"path_per_floor":["M","$","?","M","M","E","M","R","T","?","M","M","E","?","R","B",null,"M","?","M","?","?","R","E","R","T","E","R","$","E","M","R","B",null,"M","M","?","?","M","E","$","E","T","R","$","R","E","M","R","B",null,"R","$","E","B",null],"character_chosen":"DEFECT","items_purchased":["Happy Flower","Runic Capacitor","DataDisk","Juzu Bracelet","War Paint","Bag of Preparation","Chemical X","Blue Candle"],"campfire_rested":0,"item_purchase_floors":[2,29,44,44,45,45,45,53],"current_hp_per_floor":[68,68,68,68,68,36,38,38,38,38,45,49,55,55,55,58,66,69,69,69,69,69,69,31,31,31,24,24,24,21,28,28,34,60,51,58,58,58,62,61,69,51,51,51,66,66,60,60,60,67,69,69,69,69,65],"gold":37,"neow_bonus":"THREE_ENEMY_KILL","is_daily":false,"chose_seed":false,"campfire_upgraded":8,"win_rate":0.0,"timestamp":1608974030,"path_taken":["M","$","?","M","M","E","M","R","T","?","?","M","E","?","R","BOSS","M","?","M","?","?","R","E","R","T","E","R","$","E","M","R","BOSS","M","M","?","?","M","E","?","E","T","R","$","R","E","M","R","BOSS","R","$","E","BOSS"],"items_purchased_type":["Relic","Relic","Relic","Relic","Relic","Relic","Relic","Relic"],"build_version":"2020-12-22","purchased_purges":3,"victory":true,"max_hp_per_floor":[75,75,69,69,69,69,69,69,69,69,69,69,69,69,69,69,69,69,69,69,69,69,69,69,69,69,69,69,69,69,69,69,69,69,69,69,69,69,69,69,69,69,69,69,69,69,69,69,69,69,69,69,69,69,69],"card_choices":[{"not_picked":["Ball Lightning","Cold Snap"],"picked":"Self Repair","floor":1.0},{"not_picked":["Fusion","Consume","Redo"],"picked":"SKIP","floor":4.0},{"not_picked":["Gash","Redo"],"picked":"Skim","floor":5.0},{"not_picked":["Ball Lightning","Gash","Rebound"],"picked":"SKIP","floor":6.0},{"not_picked":["Lockon","Hologram"],"picked":"Coolheaded","floor":7.0},{"not_picked":["Rebound","Compile Driver","Redo"],"picked":"SKIP","floor":11.0},{"not_picked":["All For One","Coolheaded","Beam Cell"],"picked":"SKIP","floor":12.0},{"not_picked":["Undo","Streamline","Coolheaded"],"picked":"SKIP","floor":13.0},{"not_picked":["Undo","Streamline","Coolheaded"],"picked":"SKIP","floor":13.0},{"not_picked":["All For One","Fission"],"picked":"Multi-Cast","floor":16.0},{"not_picked":["Cold Snap","Sweeping Beam+1","Steam"],"picked":"SKIP","floor":18.0},{"not_picked":["Leap","Hologram","Rebound"],"picked":"SKIP","floor":20.0},{"not_picked":["Sweeping Beam","Multi-Cast"],"picked":"Glacier","floor":24.0},{"not_picked":["Leap","Sunder","Darkness"],"picked":"SKIP","floor":27.0},{"not_picked":["Go for the Eyes","Gash","Steam"],"picked":"SKIP","floor":30.0},{"not_picked":["Leap","Redo+1","Streamline+1"],"picked":"SKIP","floor":31.0},{"not_picked":["Creative AI","Echo Form"],"picked":"Electrodynamics","floor":33.0},{"not_picked":["Ball Lightning","Glacier","Compile Driver"],"picked":"SKIP","floor":35.0},{"not_picked":["Streamline","Go for the Eyes","Ball Lightning+1"],"picked":"SKIP","floor":36.0},{"not_picked":["Hologram","Beam Cell+1"],"picked":"Recycle+1","floor":39.0},{"not_picked":["Hologram","Turbo+1","Compile Driver"],"picked":"SKIP","floor":40.0},{"not_picked":["Ball Lightning+1","Thunder Strike","Compile Driver"],"picked":"SKIP","floor":42.0},{"not_picked":["Force Field","Sweeping Beam","Recycle+1","Redo+1"],"picked":"SKIP","floor":47.0},{"not_picked":["Rip and Tear","Compile Driver","Sweeping Beam+1","Loop"],"picked":"SKIP","floor":48.0},{"not_picked":["Barrage+1","Turbo","BootSequence+1"],"picked":"Creative AI","floor":54}],"player_experience":350865,"relics_obtained":[{"floor":6.0,"key":"Bronze Scales"},{"floor":17.0,"key":"Art of War"},{"floor":17.0,"key":"Mercury Hourglass"},{"floor":17.0,"key":"Emotion Chip"},{"floor":19.0,"key":"Red Mask"},{"floor":24.0,"key":"Gambling Chip"},{"floor":26.0,"key":"Ancient Tea Set"},{"floor":27.0,"key":"Cables"},{"floor":30.0,"key":"Ice Cream"},{"floor":40.0,"key":"MealTicket"},{"floor":42.0,"key":"Darkstone Periapt"},{"floor":43.0,"key":"Question Card"},{"floor":47.0,"key":"Pocketwatch"},{"floor":54,"key":"Nunchaku"}],"event_choices":[{"damage_healed":0.0,"max_hp_gain":0.0,"max_hp_loss":6.0,"gold_gain":0.0,"event_name":"Golden Idol","player_choice":"Lose Max HP","floor":3.0,"gold_loss":0.0,"damage_taken":0.0,"relics_obtained":["Golden Idol"]},{"damage_healed":0.0,"max_hp_gain":0.0,"max_hp_loss":0.0,"gold_gain":0.0,"event_name":"Lab","player_choice":"Got Potions","floor":10.0,"gold_loss":0.0,"damage_taken":0.0},{"cards_removed":["Hologram"],"damage_healed":0.0,"max_hp_gain":0.0,"max_hp_loss":0.0,"gold_gain":0.0,"event_name":"The Cleric","player_choice":"Card Removal","floor":14.0,"gold_loss":50.0,"damage_taken":0.0},{"damage_healed":0.0,"max_hp_gain":0.0,"max_hp_loss":0.0,"gold_gain":0.0,"event_name":"Masked Bandits","player_choice":"Fought Bandits","floor":19.0,"gold_loss":0.0,"damage_taken":0.0},{"cards_removed":["Cold Snap"],"damage_healed":0.0,"max_hp_gain":0.0,"max_hp_loss":0.0,"gold_gain":0.0,"event_name":"Beggar","player_choice":"Gave Gold","floor":21.0,"gold_loss":75.0,"damage_taken":0.0},{"damage_healed":0.0,"max_hp_gain":0.0,"max_hp_loss":0.0,"gold_gain":0.0,"cards_transformed":["Hologram","Chill"],"event_name":"Drug Dealer","player_choice":"Became Test Subject","floor":22.0,"gold_loss":0.0,"damage_taken":0.0,"cards_obtained":["Core Surge","Force Field"]},{"damage_healed":0.0,"max_hp_gain":0.0,"max_hp_loss":0.0,"gold_gain":222.0,"event_name":"Tomb of Lord Red Mask","player_choice":"Wore Mask","floor":37.0,"gold_loss":0.0,"damage_taken":0.0},{"damage_healed":0.0,"max_hp_gain":0.0,"max_hp_loss":0.0,"gold_gain":333.0,"event_name":"The Moai Head","player_choice":"Gave Idol","floor":38.0,"relics_lost":["Golden Idol"],"gold_loss":0.0,"damage_taken":0.0}],"is_beta":false,"boss_relics":[{"not_picked":["SlaversCollar","Ectoplasm"],"picked":"Calling Bell"},{"not_picked":["Fusion Hammer","Cursed Key"],"picked":"Inserter"}],"items_purged_floors":[29,41,45],"is_endless":false,"potions_floor_spawned":[1,5,7,13,18,24,30,33,42,47,48],"ascension_level":10}}