{"host":"svwqvw2il1zfkkg0","time":1608974568,"event":{"mods":["AchievementEnabler","BaseMod","BetterRewards","Colored Map","Colored Powertips","Custom Start","Downfall","GifTheSpireLib","Highlight Path","Hubris","Infinite Spire","Minty Spire (QoL Compilation)","Quick Restart","Replay The Spire","Shop Mod","StSLib","SuperFastMode"],"gold_per_floor":[111,125,125,135,135,135,169,24,48,67,17,44,44,60,60,160,160,173,19,19,19,19,48,48,83,106,21,21,35,48,48,48,149,149,176,207,207,482,482,482,523,523,568,27,62,86,106,129,129,129,129],"floor_reached":50,"playtime":1874,"items_purged":["Regret"],"score":743,"play_id":"fa80583c-ebf6-4868-92cf-85a6ef98f275","local_time":"20201226012248","is_ascension_mode":false,"campfire_choices":[{"data":"Poisoned Stab","floor":6,"key":"SMITH"},{"floor":15,"key":"REST"},{"floor":24,"key":"REST"},{"floor":32,"key":"REST"},{"data":"Burst","floor":40,"key":"SMITH"},{"data":"Poison Darts","floor":42,"key":"SMITH"},{"data":"Catalyst","floor":49,"key":"SMITH"}],"circlet_count":0,"master_deck":["Strike_G","Strike_G","Strike_G","Strike_G","Strike_G","Defend_G+1","Defend_G+1","Defend_G","Defend_G","Defend_G","Survivor","Neutralize","Catalyst+1","Poisoned Stab+1","Masterful Stab","Dagger Spray","Poison Darts+1","Blade Dance","Burst+1","Poisoned Stab+1","Poisoned Stab+1","Poisoned Stab+1","Corpse Explosion","Choke+1","Die Die Die","Quick Slash+1","Dash+1","Blade Dance+1","Backstab","Bane","Backstab+1","Catalyst","Bouncing Flask","Blade Dance+1"],"relics":["Ring of the Snake","NeowsBlessing","War Paint","Strawberry","MealTicket","infinitespire:Satchel","hubris:Backtick","TwistedFunnel","DollysMirror","hubris:Towel","Ninja Scroll","Boot","Lantern","Toy Ornithopter","infinitespire:EvilPickle","ReplayTheSpireMod:ShopPack","hubris:CrackedHourglass","PreservedInsect","infinitespire:Broken Mirror","Lee\u0027s Waffle","Vampiric Spirits"],"acts_visited":["Exordium","TheCity","TheBeyond"],"potions_floor_usage":[7,12,16,23,33,33,33,45,45,50,50],"damage_taken":[{"damage":0,"enemies":"Small Slimes","floor":1,"turns":1},{"damage":0,"enemies":"2 Louse","floor":2,"turns":1},{"damage":0,"enemies":"Jaw Worm","floor":4,"turns":1},{"damage":12,"enemies":"Gremlin Nob","floor":7,"turns":3},{"damage":13,"enemies":"2 Fungi Beasts","floor":10,"turns":3},{"damage":9,"enemies":"3 Sentries","floor":12,"turns":4},{"damage":1,"enemies":"Exordium Wildlife","floor":14,"turns":2},{"damage":12,"enemies":"The Guardian","floor":16,"turns":7},{"damage":2,"enemies":"3 Byrds","floor":18,"turns":3},{"damage":37,"enemies":"Book of Stabbing","floor":23,"turns":6},{"damage":45,"enemies":"Slavers","floor":25,"turns":4},{"damage":0,"enemies":"Shell Parasite","floor":29,"turns":3},{"damage":15,"enemies":"Centurion and Healer","floor":30,"turns":4},{"damage":43,"enemies":"Pondfish","floor":33,"turns":12},{"damage":9,"enemies":"3 Darklings","floor":35,"turns":3},{"damage":0,"enemies":"Orb Walker","floor":36,"turns":1},{"damage":8,"enemies":"Sphere and 2 Shapes","floor":41,"turns":4},{"damage":5,"enemies":"Giant Head","floor":45,"turns":5},{"damage":3,"enemies":"Spire Growth","floor":46,"turns":3},{"damage":0,"enemies":"Jaw Worm Horde","floor":47,"turns":2},{"damage":0,"enemies":"4 Shapes","floor":48,"turns":2},{"damage":92,"enemies":"Donu and Deca","floor":50,"turns":6}],"seed_played":"6180085326424157430","potions_obtained":[{"floor":1,"key":"Ancient Potion"},{"floor":4,"key":"Strength Potion"},{"floor":14,"key":"Toxic Potion"},{"floor":16,"key":"Weak Potion"},{"floor":25,"key":"Reflective Coating"},{"floor":30,"key":"Block Potion"},{"floor":33,"key":"sneckomod:MuddlingPotion"},{"floor":35,"key":"GamblersBrew"},{"floor":36,"key":"CultistPotion"},{"floor":45,"key":"Milkshake"}],"is_trial":false,"path_per_floor":["M","M","?","M","?","R","E","$","T","M","$","E","?","M","R","B",null,"M","$","?","$","?","E","R","E","T","?","?","M","M","?","R","B",null,"M","M","?","?","AVR","R","M","R","T","$","E","M","M","M","R","B"],"character_chosen":"THE_SILENT","items_purchased":["Strawberry","SteroidPotion","DollysMirror","Backstab","Bane","infinitespire:Broken Mirror","Lee\u0027s Waffle"],"campfire_rested":3,"item_purchase_floors":[8,11,19,44,44,44,44],"current_hp_per_floor":[70,70,70,70,70,70,58,65,65,52,67,58,58,57,77,65,77,75,77,77,77,77,40,63,18,18,18,43,43,28,31,55,27,80,71,71,71,71,71,71,63,63,63,87,82,84,87,87,87,0,0],"gold":129,"neow_bonus":"THREE_ENEMY_KILL","is_daily":false,"chose_seed":false,"campfire_upgraded":4,"win_rate":0.0,"timestamp":1608974568,"path_taken":["M","M","?","M","?","R","E","?","T","?","$","E","?","M","R","BOSS","M","$","?","$","?","E","R","E","T","?","?","M","M","?","R","BOSS","M","M","?","?","AVR","R","M","R","T","$","E","M","M","M","R","BOSS"],"items_purchased_type":["Relic","Potion","Relic","Card","Card","Relic","Relic"],"build_version":"2020-12-22","purchased_purges":1,"victory":false,"max_hp_per_floor":[70,70,70,70,70,70,70,77,77,77,77,77,77,77,77,77,77,77,77,77,77,77,77,77,77,77,77,77,77,77,80,80,80,80,80,80,80,80,80,80,80,80,80,87,87,87,87,87,87,87,87],"card_choices":[{"not_picked":["Backflip","Dodge and Roll"],"picked":"Catalyst","floor":1},{"not_picked":["Slice","Deflect"],"picked":"Poisoned Stab","floor":2},{"not_picked":["hubris:SlightOfHand","Prepared"],"picked":"Masterful Stab","floor":4},{"not_picked":["ReplayTheSpireMod:From All Sides","Deadly Poison"],"picked":"Dagger Spray","floor":7},{"not_picked":["ReplayTheSpireMod:Exploit Weakness","Dodge and Roll","Blur"],"picked":"SKIP","floor":10},{"not_picked":["Deadly Poison","Doppelganger"],"picked":"Poison Darts","floor":12},{"not_picked":["ReplayTheSpireMod:Speed Training","Backflip"],"picked":"Blade Dance","floor":14},{"not_picked":["ReplayTheSpireMod:Necrosis","Replay:Bag of Tricks"],"picked":"Burst","floor":16},{"not_picked":["Dodge and Roll","Backflip+1"],"picked":"Poisoned Stab+1","floor":18},{"not_picked":["Escape Plan","Hidden Blade"],"picked":"Poisoned Stab+1","floor":23},{"not_picked":["Finisher","PiercingWail+1"],"picked":"Corpse Explosion","floor":25},{"not_picked":["Dodge and Roll+1","Outmaneuver","Footwork"],"picked":"SKIP","floor":29},{"not_picked":["hubris:Counter","Infinite Blades"],"picked":"Choke+1","floor":30},{"not_picked":["Grand Finale","ReplayTheSpireMod:From All Sides"],"picked":"Die Die Die","floor":33},{"not_picked":["Prepared","Distraction"],"picked":"Quick Slash+1","floor":35},{"not_picked":["Flying Knee","Outmaneuver"],"picked":"Dash+1","floor":36},{"not_picked":["Heel Hook","Caltrops"],"picked":"Blade Dance+1","floor":41},{"not_picked":["Quick Slash+1","Slice+1"],"picked":"Backstab+1","floor":45},{"not_picked":["hubris:SlightOfHand+1","Atom Bomb"],"picked":"Catalyst","floor":46},{"not_picked":["Slice+1","Skewer"],"picked":"Bouncing Flask","floor":47},{"not_picked":["Reflex","Unload"],"picked":"Blade Dance+1","floor":48}],"player_experience":422370,"relics_obtained":[{"floor":7,"key":"War Paint"},{"floor":9,"key":"MealTicket"},{"floor":12,"key":"infinitespire:Satchel"},{"floor":23,"key":"Ninja Scroll"},{"floor":25,"key":"Boot"},{"floor":26,"key":"Lantern"},{"floor":43,"key":"PreservedInsect"},{"floor":45,"key":"Vampiric Spirits"}],"event_choices":[{"damage_healed":0,"gold_gain":0,"player_choice":"Leave","damage_taken":0,"max_hp_gain":0,"max_hp_loss":0,"event_name":"The Cleric","floor":3,"gold_loss":0},{"damage_healed":0,"gold_gain":0,"player_choice":"Leave","damage_taken":0,"max_hp_gain":0,"max_hp_loss":0,"event_name":"FaceTrader","floor":13,"gold_loss":0},{"damage_healed":0,"gold_gain":0,"player_choice":"Obtained Relic","damage_taken":0,"relics_obtained":["Toy Ornithopter"],"max_hp_gain":0,"max_hp_loss":0,"event_name":"Addict","floor":27,"gold_loss":85},{"damage_healed":25,"gold_gain":0,"player_choice":"Heal","damage_taken":0,"max_hp_gain":0,"max_hp_loss":0,"event_name":"The Library","floor":28,"gold_loss":0},{"damage_healed":0,"gold_gain":275,"player_choice":"Desecrate","damage_taken":0,"max_hp_gain":0,"max_hp_loss":0,"event_name":"Golden Shrine","floor":38,"gold_loss":0,"cards_obtained":["Regret"]}],"is_beta":false,"boss_relics":[{"not_picked":["ReplayTheSpireMod:DimensionalGlitch","Astrolabe"],"picked":"hubris:Backtick"},{"not_picked":["Fusion Hammer","Kintsugi","hubris:BlackHole"]}],"items_purged_floors":[39],"is_endless":false,"potions_floor_spawned":[1,4,14,16,25,30,33,35,36,45],"killed_by":"Donu and Deca","ascension_level":0}}