{"host":"hgkb2zpbo2dcws21","time":1608984534,"event":{"mods":["AchievementEnabler","BaseMod","Colored Map","Colored Powertips","Custom Start","DeckTracker","KOR Keyword Fix","Minty Spire (QoL Compilation)","Relic Stats","StSLib","SuperFastMode"],"gold_per_floor":[115,40,51,51,51,81,81,100,100,100,111,111,136,52,52,129,129,139,156,55,55,55,55,105,139,139,153,170,186,220,220,220],"floor_reached":31,"playtime":670,"items_purged":["Pain"],"score":649,"play_id":"04e38790-13f2-438c-b809-d4b53fa60e19","local_time":"20201226210854","is_ascension_mode":true,"campfire_choices":[{"data":"Bouncing Flask","floor":7,"key":"SMITH"},{"data":"Setup","floor":10,"key":"SMITH"},{"data":"PiercingWail","floor":12,"key":"SMITH"},{"data":"Adrenaline","floor":15,"key":"SMITH"},{"data":"Calculated Gamble","floor":23,"key":"SMITH"}],"circlet_count":0,"master_deck":["AscendersBane","Strike_G","Strike_G","Strike_G","Strike_G","Defend_G","Defend_G","Defend_G","Defend_G","Survivor","Neutralize","Underhanded Strike","Backflip","Bouncing Flask+1","Setup+1","PiercingWail+1","Adrenaline+1","Corpse Explosion","Calculated Gamble+1","Acrobatics","Well Laid Plans"],"relics":["Ring of the Snake","NeowsBlessing","WarpedTongs","Pocketwatch","Pantograph","Gambling Chip","Busted Crown","Happy Flower","Kunai","Meat on the Bone"],"acts_visited":["Exordium","TheCity"],"potions_floor_usage":[30],"damage_taken":[{"damage":0,"enemies":"2 Louse","floor":1,"turns":1},{"damage":0,"enemies":"Jaw Worm","floor":3,"turns":1},{"damage":0,"enemies":"Lagavulin","floor":6,"turns":1},{"damage":0,"enemies":"Cultist","floor":8,"turns":3},{"damage":4,"enemies":"2 Fungi Beasts","floor":11,"turns":3},{"damage":46,"enemies":"3 Sentries","floor":13,"turns":11},{"damage":11,"enemies":"The Guardian","floor":16,"turns":10},{"damage":12,"enemies":"Shell Parasite","floor":18,"turns":4},{"damage":1,"enemies":"Chosen","floor":19,"turns":4},{"damage":1,"enemies":"Slavers","floor":25,"turns":2},{"damage":0,"enemies":"Snake Plant","floor":27,"turns":3},{"damage":0,"enemies":"3 Cultists","floor":28,"turns":2},{"damage":1,"enemies":"Snecko","floor":29,"turns":3},{"damage":27,"enemies":"Book of Stabbing","floor":30,"turns":5},{"damage":23,"enemies":"Shelled Parasite and Fungi","floor":31,"turns":2}],"seed_played":"6346139495666383114","potions_obtained":[{"floor":3,"key":"Swift Potion"},{"floor":11,"key":"Swift Potion"},{"floor":30,"key":"Ancient Potion"}],"is_trial":false,"path_per_floor":["M","?","M","$","?","E","R","M","T","R","M","R","E","$","R","B",null,"M","M","$","?","$","R","?","E","T","M","M","M","E","M"],"character_chosen":"THE_SILENT","items_purchased":["Adrenaline","Acrobatics"],"campfire_rested":0,"item_purchase_floors":[14,20],"current_hp_per_floor":[59,59,59,59,59,59,59,59,59,59,55,55,9,9,9,23,55,43,42,42,42,42,42,42,41,41,41,41,40,13,0,0],"gold":220,"neow_bonus":"THREE_ENEMY_KILL","is_daily":false,"chose_seed":false,"campfire_upgraded":5,"win_rate":0.0,"timestamp":1608984534,"path_taken":["M","?","M","$","?","E","R","?","T","R","M","R","E","$","R","BOSS","M","M","$","?","?","R","?","E","T","M","M","?","E","M"],"items_purchased_type":["Card","Card"],"build_version":"2020-12-22","purchased_purges":1,"victory":false,"max_hp_per_floor":[66,66,66,66,66,66,66,66,66,66,66,66,66,66,66,66,66,66,66,66,66,66,66,66,66,66,66,66,66,66,66,66],"relic_stats":{"Busted Crown":14,"Happy Flower":[5],"counters":[15,55],"Pantograph":25,"Gambling Chip":[33],"Kunai":[3],"obtain_stats":[{"Busted Crown":17,"NeowsBlessing":0,"Happy Flower":25,"Pantograph":9,"Gambling Chip":13,"Kunai":26,"Ring of the Snake":0,"WarpedTongs":5,"Pocketwatch":6,"Meat on the Bone":30},{"Busted Crown":7,"NeowsBlessing":0,"Happy Flower":10,"Pantograph":4,"Gambling Chip":6,"Kunai":10,"Ring of the Snake":0,"WarpedTongs":2,"Pocketwatch":3,"Meat on the Bone":14},{"Busted Crown":30,"NeowsBlessing":0,"Happy Flower":40,"Pantograph":6,"Gambling Chip":20,"Kunai":40,"Ring of the Snake":0,"WarpedTongs":2,"Pocketwatch":3,"Meat on the Bone":53}],"Ring of the Snake":[30],"WarpedTongs":[49],"Pocketwatch":[66],"Meat on the Bone":0},"card_choices":[{"not_picked":["Sucker Punch","Leg Sweep"],"picked":"Underhanded Strike","floor":1},{"not_picked":["All Out Attack","Flying Knee"],"picked":"Backflip","floor":3},{"not_picked":["Deadly Poison","Well Laid Plans"],"picked":"Bouncing Flask","floor":6},{"not_picked":["Dash","Deadly Poison"],"picked":"Setup","floor":8},{"not_picked":["Dagger Throw","Finisher"],"picked":"PiercingWail","floor":11},{"not_picked":["Predator","Backflip","Dash"],"picked":"SKIP","floor":13},{"not_picked":["Venomology","Envenom"],"picked":"Corpse Explosion","floor":16},{"not_picked":["Underhanded Strike"],"picked":"SKIP","floor":18},{"not_picked":[],"picked":"Calculated Gamble","floor":19},{"not_picked":["PiercingWail"],"picked":"SKIP","floor":25},{"not_picked":["Poisoned Stab+1"],"picked":"SKIP","floor":27},{"not_picked":["Quick Slash"],"picked":"SKIP","floor":28},{"not_picked":["Dagger Spray"],"picked":"SKIP","floor":29},{"not_picked":[],"picked":"Well Laid Plans","floor":30}],"player_experience":1109102,"relics_obtained":[{"floor":6,"key":"Pocketwatch"},{"floor":9,"key":"Pantograph"},{"floor":13,"key":"Gambling Chip"},{"floor":25,"key":"Happy Flower"},{"floor":26,"key":"Kunai"},{"floor":30,"key":"Meat on the Bone"}],"event_choices":[{"cards_removed":["Defend_G"],"damage_healed":0,"gold_gain":0,"player_choice":"Card Removal","damage_taken":0,"max_hp_gain":0,"max_hp_loss":0,"event_name":"The Cleric","floor":2,"gold_loss":75},{"damage_healed":0,"gold_gain":0,"player_choice":"Rummage","damage_taken":0,"relics_obtained":["WarpedTongs"],"max_hp_gain":0,"max_hp_loss":0,"event_name":"Accursed Blacksmith","floor":5,"gold_loss":0,"cards_obtained":["Pain"]},{"cards_removed":["Strike_G"],"damage_healed":0,"gold_gain":0,"player_choice":"Elegance","damage_taken":0,"max_hp_gain":0,"max_hp_loss":0,"event_name":"Back to Basics","floor":21,"gold_loss":0},{"damage_healed":0,"gold_gain":50,"player_choice":"Stole From Cult","damage_taken":0,"max_hp_gain":0,"max_hp_loss":0,"event_name":"Nest","floor":24,"gold_loss":0}],"is_beta":false,"boss_relics":[{"not_picked":["Calling Bell","Ectoplasm"],"picked":"Busted Crown"}],"items_purged_floors":[20],"is_endless":false,"potions_floor_spawned":[3,11,16,25,27,30],"killed_by":"Shelled Parasite and Fungi","ascension_level":19}}