{"host":"474oh00kq6ni8dn3","time":1608958608,"event":{"mods":["AchievementEnabler","Aspiration","BaseMod","Colored Map","Colored Powertips","Conspire","Custom Start","Downfall","Googly Eyes","Hubris","Infinite Spire","Lobotomy","Minty Spire (QoL Compilation)","Permanent Neow","Quick Restart","Replay The Spire","Shop Mod","StSLib","The Construct","The Jungle"],"gold_per_floor":[119,138,155,174,193,193,205,222,222,222,222,79,79,99,184,285,285,285,285,285],"floor_reached":19,"playtime":960,"items_purged":[],"score":163,"play_id":"91015042-612e-4d81-83d9-d65a88dfd7d3","local_time":"20201226045648","is_ascension_mode":false,"campfire_choices":[{"data":"Armaments","floor":6,"key":"SMITH"},{"data":"Bash","floor":11,"key":"SMITH"},{"data":"Strike_R","floor":13,"key":"SMITH"}],"circlet_count":0,"master_deck":["Strike_R+1","Strike_R","Strike_R","Strike_R","Defend_R","Defend_R","Defend_R","Bash+1","QueenBee","LongBird","CherryBlossoms","Armaments+1","Wellcheers","OldLady","VoidDream","SingingMachine","Funeral","CENSORED"],"relics":["Burning Blood","CogitoBucket","Theresia","Iron Hammer","Nunchaku","Ectoplasm"],"acts_visited":["Exordium","TheCity"],"potions_floor_usage":[8,16,19,19],"damage_taken":[{"damage":0,"enemies":"Small Slimes","floor":1,"turns":3},{"damage":1,"enemies":"Cultist","floor":2,"turns":3},{"damage":6,"enemies":"Jaw Worm","floor":3,"turns":3},{"damage":9,"enemies":"3 Louse","floor":4,"turns":3},{"damage":4,"enemies":"Large Slime","floor":5,"turns":4},{"damage":51,"enemies":"Gremlin Gang","floor":7,"turns":3},{"damage":17,"enemies":"Exordium Wildlife","floor":8,"turns":4},{"damage":14,"enemies":"Looter","floor":14,"turns":3},{"damage":26,"enemies":"Slime Boss","floor":16,"turns":9},{"damage":20,"enemies":"Shell Parasite","floor":18,"turns":3},{"damage":106,"enemies":"2 Thieves","floor":19,"turns":11}],"seed_played":"363071375369361895","potions_obtained":[{"floor":1,"key":"BloodPotion"},{"floor":3,"key":"ElixirPotion"},{"floor":4,"key":"EssenceOfSteel"},{"floor":8,"key":"ElixirPotion"},{"floor":14,"key":"Elixir"}],"is_trial":false,"path_per_floor":["M","M","M","M","M","R","M","M","T","?","R","$","R","M","R_BF","B",null,"M","M"],"character_chosen":"IRONCLAD","items_purchased":["Nunchaku"],"campfire_rested":0,"item_purchase_floors":[12],"current_hp_per_floor":[80,80,80,77,79,79,37,45,45,45,45,45,45,40,40,26,80,67,0,0],"gold":285,"neow_bonus":"","is_daily":false,"chose_seed":false,"campfire_upgraded":3,"win_rate":0.0,"timestamp":1608958608,"path_taken":["M","M","M","M","M","R","M","M","T","?","R","$","R","M","R_BF","BOSS","M","?"],"items_purchased_type":["Relic"],"build_version":"2020-12-22","purchased_purges":0,"victory":false,"max_hp_per_floor":[80,80,80,80,80,80,80,80,80,80,80,80,80,80,80,80,80,80,80,80],"card_choices":[{"not_picked":["ReplayTheSpireMod:Corrosion Curse","Metallicize"],"picked":"Perfected Strike","floor":1},{"not_picked":["CrumblingArmor","Murderer"],"picked":"QueenBee","floor":1},{"not_picked":["SpiderBud","Murderer"],"picked":"LongBird","floor":2},{"not_picked":["Pummel","hubris:ReadiedAction","True Grit"],"picked":"SKIP","floor":2},{"not_picked":["OSAHOGD","UniverseFragment"],"picked":"CherryBlossoms","floor":3},{"not_picked":["ReplayTheSpireMod:Limb From Limb","Body Slam"],"picked":"Armaments","floor":3},{"not_picked":["CrumblingArmor","HeroicMonk"],"picked":"LittleHelper","floor":4},{"not_picked":["Body Slam","Clothesline","Juggernaut"],"picked":"SKIP","floor":4},{"not_picked":["Scarecrow","MHz"],"picked":"Wellcheers","floor":5},{"not_picked":["Replay:Undeath\u0027s Touch","Thunderclap","Rage"],"picked":"SKIP","floor":5},{"not_picked":["WallGazer","UniverseFragment"],"picked":"OldLady","floor":7},{"not_picked":["Clash","Rupture","Thunderclap"],"picked":"SKIP","floor":7},{"not_picked":["OSAHOGD","BeautyBeast"],"picked":"VoidDream","floor":8},{"not_picked":["ReplayTheSpireMod:Muscle Training","Clash","Armaments"],"picked":"SKIP","floor":8},{"not_picked":["PunishingBird","ShyLook"],"picked":"SingingMachine","floor":14},{"not_picked":["Clothesline","Warcry","Run Through"],"picked":"SKIP","floor":14},{"not_picked":["Murderer","Scorched"],"picked":"Funeral","floor":16},{"not_picked":["QueenOfHatred","Bloodbath"],"picked":"CENSORED","floor":18},{"not_picked":["Entrench+1","Hemokinesis","Armaments"],"picked":"SKIP","floor":18}],"player_experience":25508,"relics_obtained":[{"floor":9,"key":"Iron Hammer"}],"event_choices":[{"cards_removed":["Defend_R"],"damage_healed":0,"gold_gain":0,"player_choice":"Purged","damage_taken":0,"max_hp_gain":0,"max_hp_loss":0,"event_name":"Purifier","floor":10,"gold_loss":0}],"is_beta":false,"boss_relics":[{"not_picked":["ReplayTheSpireMod:SealedPack","aspiration:RitualDagger"],"picked":"Ectoplasm"}],"items_purged_floors":[],"is_endless":false,"potions_floor_spawned":[1,3,4,7,8,14],"killed_by":"2 Thieves","ascension_level":0}}