{"host":"kiauivt48syq9iz6","time":1608970018,"event":{"mods":["BaseMod","Conspire","Downfall","Hermit","Minty Spire (QoL Compilation)","Replay The Spire","SIMod","StSLib","The Animator","The Construct","The Cursed","The Runesmith","The Servant 0.9.4"],"gold_per_floor":[99,111,158,177,70,83,83,101,101,122,122,135,152,152,165,270,270,270,289,303,278,3,3,3,3,3,16,16,1,1,19,31,31,31,31],"floor_reached":33,"playtime":1656,"items_purged":[],"score":264,"play_id":"87b84cf9-3d1d-44f7-b5e3-717b7547fe69","local_time":"20201226010658","is_ascension_mode":false,"campfire_choices":[{"data":"champ:Execute","floor":1,"key":"SMITH"},{"data":"champ:ShieldWall","floor":9,"key":"SMITH"},{"data":"champ:PreciseThrust","floor":18,"key":"SMITH"},{"floor":23,"key":"REST"},{"data":"champ:BerserkerStyle","floor":28,"key":"SMITH"},{"data":"champ:IronFortress","floor":30,"key":"SMITH"}],"circlet_count":0,"master_deck":["champ:Defend","champ:Defend","champ:Defend","champ:Defend","champ:Execute+1","champ:Taunt+1","champ:Backstep","champ:FlashCut","champ:ShieldWall+1","champ:AdrenalArmor","champ:GutPunch","champ:BringItOn","champ:PreciseThrust+1","champ:AdrenalArmor","champ:Control","champ:Devastate","champ:BringItOn","champ:IgnorePain","champ:HeartStrike","champ:SkillfulDodge","champ:FalseCounter+1","champ:IronFortress+1","champ:FanOfKnives","Bite","Bite","Bite","Bite","Bite","champ:BerserkerStyle+1","champ:RisingSlash+1","champ:FocusedGladiator+1","champ:Haymaker+1"],"relics":["champ:ChampionCrown","Replay:Bottled Snecko","Odd Mushroom","WarpedTongs","Empty Cage","HandDrill","conspire:Flyswatter","downfall:RedIOU"],"acts_visited":["Exordium","TheCity"],"potions_floor_usage":[12,16,16,16,19,31,33],"damage_taken":[{"damage":5,"enemies":"Cultist","floor":2,"turns":3},{"damage":5,"enemies":"2 Louse","floor":4,"turns":3},{"damage":10,"enemies":"downfall:FleeingMerchant","floor":5,"turns":4},{"damage":5,"enemies":"Small Slimes","floor":6,"turns":2},{"damage":4,"enemies":"Red Slaver","floor":8,"turns":2},{"damage":48,"enemies":"The Mushroom Lair","floor":10,"turns":4},{"damage":10,"enemies":"3 Louse","floor":12,"turns":2},{"damage":9,"enemies":"2 Fungi Beasts","floor":13,"turns":2},{"damage":27,"enemies":"Large Slime","floor":15,"turns":6},{"damage":50,"enemies":"downfall:Silent","floor":16,"turns":7},{"damage":41,"enemies":"Shell Parasite","floor":19,"turns":6},{"damage":46,"enemies":"3 Cultists","floor":20,"turns":8},{"damage":11,"enemies":"downfall:FleeingMerchant","floor":22,"turns":4},{"damage":27,"enemies":"conspire:HollyBat","floor":27,"turns":8},{"damage":10,"enemies":"downfall:FleeingMerchant","floor":29,"turns":4},{"damage":52,"enemies":"Sentry and Sphere","floor":31,"turns":7},{"damage":20,"enemies":"Cultist and Chosen","floor":32,"turns":5},{"damage":55,"enemies":"downfall:Ironclad","floor":33,"turns":7}],"seed_played":"2111720978200275558","potions_obtained":[{"floor":8,"key":"PowerPotion"},{"floor":10,"key":"AttackPotion"},{"floor":12,"key":"Energy Potion"},{"floor":13,"key":"Slimebound:ThreeZeroPotion"},{"floor":16,"key":"Guardian:BlockOnCardUsePotion"},{"floor":20,"key":"PowerPotion"},{"floor":32,"key":"Dexterity Potion"}],"is_trial":false,"path_per_floor":["R","M","T","M","$","M","T","M","R","?","?","M","M","?","M","B",null,"R","M","M","?","$","R","T","?","?","M","R","$","R","M","M","B"],"character_chosen":"THE_CHAMP","items_purchased":["champ:AdrenalArmor","champ:GutPunch","champ:IronFortress","HandDrill","champ:FanOfKnives"],"campfire_rested":1,"item_purchase_floors":[5,5,22,22,22],"current_hp_per_floor":[90,90,90,90,90,90,90,90,90,55,55,55,51,51,51,33,90,90,69,42,42,42,69,69,69,62,59,59,61,61,39,36,0,0,0],"gold":31,"neow_bonus":"UPGRADE_CARD","is_daily":false,"chose_seed":false,"campfire_upgraded":5,"win_rate":0.0,"timestamp":1608970018,"path_taken":["R","M","?","M","$","M","T","M","R","?","?","M","?","?","M","BOSS","R","M","M","?","$","R","T","?","?","M","R","$","R","M","M","BOSS"],"items_purchased_type":["Card","Card","Card","Relic","Card"],"build_version":"2020-12-22","purchased_purges":0,"victory":false,"max_hp_per_floor":[90,90,90,90,90,90,90,90,90,90,90,90,90,90,90,90,90,90,90,90,90,90,90,90,90,62,62,62,62,62,62,62,62,62,62],"card_choices":[{"not_picked":["champ:AdrenalArmor","champ:CalledShot"],"picked":"champ:Backstep","floor":2},{"not_picked":["champ:FocusedBerserking","champ:TornadoPunch"],"picked":"champ:FlashCut","floor":4},{"not_picked":["champ:BringItOn","champ:FlashCut"],"picked":"champ:ShieldWall","floor":5},{"not_picked":["champ:TornadoPunch","champ:Encircle"],"picked":"champ:BringItOn","floor":6},{"not_picked":["champ:BerserkersShout","champ:FocusedBerserking"],"picked":"champ:PreciseThrust","floor":8},{"not_picked":["champ:Backstep","champ:Haymaker"],"picked":"champ:AdrenalArmor","floor":10},{"not_picked":["champ:FlashCut","champ:DefensiveShout"],"picked":"champ:Control","floor":12},{"not_picked":["champ:FightOn","champ:GutPunch"],"picked":"champ:Devastate","floor":13},{"not_picked":["champ:Encircle","champ:StanceDance"],"picked":"champ:BringItOn","floor":15},{"not_picked":["champ:PerfectForm","champ:HeavySlash"],"picked":"champ:IgnorePain","floor":16},{"not_picked":["champ:GutPunch+1","champ:DefensiveShout"],"picked":"champ:HeartStrike","floor":19},{"not_picked":["champ:Duel","champ:Circumvent"],"picked":"champ:SkillfulDodge","floor":20},{"not_picked":["champ:FanOfKnives","champ:Circumvent"],"picked":"champ:FalseCounter+1","floor":22},{"not_picked":["champ:Encircle","champ:FightOn"],"picked":"champ:BerserkerStyle","floor":27},{"not_picked":["champ:BladeFlurry","champ:GutPunch"],"picked":"champ:RisingSlash+1","floor":29},{"not_picked":["champ:DefensiveShout","champ:Lariat"],"picked":"champ:FocusedGladiator+1","floor":31},{"not_picked":["champ:FanOfKnives+1","champ:BringItOn"],"picked":"champ:Haymaker+1","floor":32}],"player_experience":88162,"relics_obtained":[{"floor":3,"key":"Vajra"},{"floor":7,"key":"Replay:Bottled Snecko"},{"floor":10,"key":"Odd Mushroom"},{"floor":24,"key":"conspire:Flyswatter"}],"event_choices":[{"damage_healed":0,"gold_gain":0,"player_choice":"Fought Mushrooms","damage_taken":0,"max_hp_gain":0,"max_hp_loss":0,"event_name":"Mushrooms","floor":10,"gold_loss":0},{"damage_healed":0,"gold_gain":0,"player_choice":"Rummage","damage_taken":0,"relics_obtained":["WarpedTongs"],"max_hp_gain":0,"max_hp_loss":0,"event_name":"Accursed Blacksmith","floor":11,"gold_loss":0,"cards_obtained":["Pain"]},{"cards_removed":["Pain"],"damage_healed":0,"gold_gain":0,"player_choice":"Card Removal","damage_taken":0,"max_hp_gain":0,"max_hp_loss":0,"event_name":"The Cleric","floor":14,"gold_loss":0},{"damage_healed":0,"gold_gain":0,"player_choice":"Became a vampire","damage_taken":0,"max_hp_gain":0,"max_hp_loss":28,"event_name":"Vampires","floor":26,"gold_loss":0,"cards_obtained":["Bite","Bite","Bite","Bite","Bite"]}],"is_beta":false,"boss_relics":[{"not_picked":["Tiny House","Snecko Eye"],"picked":"Empty Cage"}],"items_purged_floors":[],"is_endless":false,"potions_floor_spawned":[8,10,12,13,15,16,20,32],"killed_by":"downfall:Ironclad","ascension_level":0}}