{"host":"3asmp5aovk69ekg9","time":1608968653,"event":{"mods":["BaseMod","BetterRewards","Colored Powertips","Hermit","Koishi","Magitek Elite","Minty Spire (QoL Compilation)","Permanent Neow","Remove Card Discount Mod","Shade Mod","StSLib","The Alterego","The Cursed","The Death Knight","The Fake Hero","The IronCluck","The Marked","The Senshi","The Wild Card"],"gold_per_floor":[109,42,56,76,91,116,116,133,133,163,128,128,142,157,157,256,256,273,273,285,304,318,345,358,388,388,398,412,442,453,465,465,561,561,574,574,586,426,440,467,467,493,493,493,493,513,545,556,556,556,556,556,100,131,131],"floor_reached":56,"playtime":8551,"items_purged":["Koishi:BasicStrike","Koishi:BasicStrike","Koishi:BasicStrike","Koishi:BasicStrike","Koishi:BasicDefend","Koishi:BasicDefend","Koishi:BasicDefend","Good Instincts","Good Instincts","Koishi:Provoke","Impatience"],"score":2264,"play_id":"ddfb9b6e-6b56-4973-afc9-709e964c0f7f","local_time":"20201225234413","is_ascension_mode":true,"campfire_choices":[{"data":"Koishi:Vanish","floor":15.0,"key":"SMITH"},{"data":"Koishi:BloodcurdlingScream","floor":32.0,"key":"SMITH"},{"data":"Koishi:ParalyzingFear","floor":41,"key":"SMITH"},{"data":"Koishi:HauntingSlash","floor":44,"key":"SMITH"},{"floor":49,"key":"RECALL"},{"data":"Koishi:Catatonia","floor":52,"key":"SMITH"}],"circlet_count":0,"master_deck":["Koishi:HauntingSlash+1","Koishi:MindNumbingTerror","Koishi:BloodcurdlingScream+1","Koishi:UnseenTerror","Koishi:StingingMind","Sadistic Nature+1","Koishi:DreadfulBlow","Koishi:Untouchable+1","Koishi:ParalyzingFear+1","Koishi:EmbryosDream","Koishi:Untouchable+1","Koishi:DanmakuParanoia","Koishi:JumpScare","Koishi:MindNumbingTerror","theWildCard:Scathach+1","Koishi:Vanish+1","Koishi:HeartStoppingHorror+1","Koishi:RacingHeart","Koishi:TremblingHands","Koishi:ParalyzingFear+1","Koishi:StingingMind","Koishi:BramblyRoseGarden+1","Koishi:Catatonia+1","Koishi:UnseenTerror","Koishi:StingingMind+1","Koishi:TerrifyingSpectre+1","Koishi:Untouchable+1","Panache+1","Koishi:VengefulSpirit+1","Koishi:FidgetySnatcher+1","Koishi:TerrifyingSpectre+1","Koishi:PredatoryInstincts+1","Koishi:ParalyzingFear"],"relics":["Koishi:ImaginaryFriend","Orichalcum","Question Card","Frozen Egg 2","Vajra","Strawberry","PreservedInsect","Mummified Hand","Mercury Hourglass","Velvet Choker","theSenshi:SailorFukuRelic","Darkstone Periapt","Meat on the Bone","Koishi:TeethAndClaws","Golden_Hairpin","HandDrill","Guard_Bracelet","Toy Ornithopter","Toxic Egg 2","MealTicket","Mythril_Glove","Sling","theSenshi:FeatherClipsRelic"],"acts_visited":["Exordium","TheCity","TheBeyond","TheEnding"],"potions_floor_usage":[50,55,55],"damage_taken":[{"damage":0.0,"enemies":"Small Slimes","floor":1.0,"turns":3.0},{"damage":0.0,"enemies":"Cultist","floor":3.0,"turns":3.0},{"damage":0.0,"enemies":"Jaw Worm","floor":4.0,"turns":4.0},{"damage":0.0,"enemies":"Looter","floor":5.0,"turns":3.0},{"damage":0.0,"enemies":"Gremlin Nob","floor":6.0,"turns":3.0},{"damage":0.0,"enemies":"3 Louse","floor":8.0,"turns":3.0},{"damage":0.0,"enemies":"Lagavulin","floor":10.0,"turns":5.0},{"damage":0.0,"enemies":"Exordium Wildlife","floor":13.0,"turns":2.0},{"damage":0.0,"enemies":"Large Slime","floor":14.0,"turns":2.0},{"damage":0.0,"enemies":"Slime Boss","floor":16.0,"turns":6.0},{"damage":0.0,"enemies":"Chosen","floor":18.0,"turns":2.0},{"damage":0.0,"enemies":"2 Thieves","floor":20.0,"turns":3.0},{"damage":0.0,"enemies":"Snake Plant","floor":21.0,"turns":4.0},{"damage":0.0,"enemies":"Centurion and Healer","floor":22.0,"turns":4.0},{"damage":12.0,"enemies":"Slavers","floor":23.0,"turns":6.0},{"damage":0.0,"enemies":"Chosen and Byrds","floor":24.0,"turns":4.0},{"damage":0.0,"enemies":"Book of Stabbing","floor":25.0,"turns":4.0},{"damage":0.0,"enemies":"Snecko","floor":27.0,"turns":4.0},{"damage":0.0,"enemies":"Centurion and Healer","floor":28.0,"turns":5.0},{"damage":0.0,"enemies":"Gremlin Leader","floor":29.0,"turns":5.0},{"damage":0.0,"enemies":"Cultist and Chosen","floor":30.0,"turns":5.0},{"damage":1.0,"enemies":"Snake Plant","floor":31.0,"turns":3.0},{"damage":0.0,"enemies":"Champ","floor":33.0,"turns":7.0},{"damage":0.0,"enemies":"Orb Walker","floor":35.0,"turns":2.0},{"damage":6.0,"enemies":"3 Darklings","floor":37.0,"turns":3.0},{"damage":0,"enemies":"Jaw Worm Horde","floor":39,"turns":4},{"damage":2,"enemies":"Nemesis","floor":40,"turns":5},{"damage":0,"enemies":"Reptomancer","floor":42,"turns":4},{"damage":4,"enemies":"4 Shapes","floor":46,"turns":4},{"damage":0,"enemies":"Giant Head","floor":47,"turns":6},{"damage":0,"enemies":"Writhing Mass","floor":48,"turns":4},{"damage":11,"enemies":"Awakened One","floor":50,"turns":14},{"damage":39,"enemies":"Shield and Spear","floor":54,"turns":5},{"damage":1,"enemies":"The Heart","floor":55,"turns":6}],"seed_played":"-6125203978663620472","potions_obtained":[{"floor":3.0,"key":"LiquidBronze"},{"floor":5.0,"key":"DuplicationPotion"},{"floor":10.0,"key":"SkillPotion"},{"floor":29.0,"key":"Block Potion"},{"floor":46,"key":"EssenceOfSteel"}],"is_trial":false,"path_per_floor":["M","?","M","M","M","E","?","M","T","E","?","?","M","M","R","B",null,"M","?","M","M","M","E","M","E","T","M","M","E","M","M","R","B",null,"M","?","M","$","M","E","R","E","T","R","?","M","E","M","R","B",null,"R","$","E","B",null],"character_chosen":"KOISHI","items_purchased":["Good Instincts","Orichalcum","Koishi:MindNumbingTerror","Koishi:BloodcurdlingScream","Question Card","Frozen Egg 2","Koishi:UnseenTerror","Koishi:StingingMind","Vajra","Strawberry","Sadistic Nature+1","Koishi:DreadfulBlow","Koishi:Untouchable+1","Good Instincts","Koishi:ParalyzingFear","Koishi:EmbryosDream","HandDrill","Mythril_Glove","Koishi:ParalyzingFear","Sling","FairyPotion"],"campfire_rested":0,"item_purchase_floors":[0,0,0,0,0,0,0,0,0,0,0,0,0,0,0,0,38,53,53,53,53],"current_hp_per_floor":[27,27,30,35,39,43,43,46,46,51,67,67,67,67,67,67,67,67,67,67,67,67,64,67,67,67,67,67,67,67,67,67,67,67,67,57,63,63,67,67,67,67,67,67,67,67,67,67,67,67,67,67,67,48,67],"gold":131,"neow_bonus":"","is_daily":false,"chose_seed":false,"campfire_upgraded":5,"win_rate":0.0,"timestamp":1608968653,"path_taken":["M","?","M","M","?","E","?","M","T","E","?","?","?","M","R","BOSS","M","?","M","?","M","E","M","E","T","M","M","E","M","M","R","BOSS","M","?","M","$","M","E","R","E","T","R","?","?","E","M","R","BOSS","R","$","E","BOSS"],"items_purchased_type":["Card","Relic","Card","Card","Relic","Relic","Card","Card","Relic","Relic","Card","Card","Card","Card","Card","Card","Relic","Relic","Card","Relic","Potion"],"build_version":"2020-12-22","purchased_purges":11,"victory":true,"max_hp_per_floor":[67,67,67,67,67,67,67,67,67,67,67,67,67,67,67,67,67,67,67,67,67,67,67,67,67,67,67,67,67,67,67,67,67,67,67,67,67,67,67,67,67,67,67,67,67,67,67,67,67,67,67,67,67,67,67],"card_choices":[{"not_picked":["Koishi:PhantomBarrier","Koishi:HeartfeltFancy","Koishi:DreadfulBlow"],"picked":"Koishi:Untouchable+1","floor":1.0},{"not_picked":["Koishi:HeartfeltFancy","Koishi:BloodcurdlingScream","Koishi:CatchAndRose"],"picked":"Koishi:DanmakuParanoia","floor":3.0},{"not_picked":["Koishi:FreudianInstinct+1","Koishi:LastRemote","Koishi:PhantomBarrier"],"picked":"Koishi:JumpScare","floor":4.0},{"not_picked":["Koishi:ApparitionsStalkTheNight","Koishi:JumpScare","Koishi:LastRemote","Koishi:SpiritedAway"],"picked":"SKIP","floor":5.0},{"not_picked":["Koishi:PhantomBarrier","Koishi:PhantomStrike","Koishi:StrangeCloudFist"],"picked":"Koishi:MindNumbingTerror","floor":6.0},{"not_picked":["Koishi:FreudianInstinct+1","Koishi:UnansweredLove","Koishi:SpiritedAway","Koishi:Prune"],"picked":"SKIP","floor":8.0},{"not_picked":["Koishi:FourthEye","Koishi:DreadfulBlow","Koishi:JumpScare","Koishi:SilentAndRestless"],"picked":"SKIP","floor":10.0},{"not_picked":["Koishi:JumpScare","Koishi:Bloodlust","Koishi:EmbersOfLove"],"picked":"Koishi:Vanish","floor":13.0},{"not_picked":["Koishi:JumpScare","Koishi:SpiritedAway","Koishi:Prune","Koishi:DreadfulBlow"],"picked":"SKIP","floor":14.0},{"not_picked":["Koishi:RollingInRichesHeart","Koishi:GrowingPain","Koishi:Ego+1"],"picked":"Koishi:HeartStoppingHorror+1","floor":16.0},{"not_picked":["Koishi:RorschachInDanmaku+1","Koishi:JumpScare","Koishi:SubconsciousSweep","Koishi:PhilosophyOfTheDespised"],"picked":"SKIP","floor":18.0},{"not_picked":["Koishi:UnansweredLove+1","Koishi:PhantomStrike+1","Koishi:SpiritedAway+1"],"picked":"Koishi:RacingHeart","floor":20.0},{"not_picked":["Koishi:JumpScare","Koishi:UnansweredLove+1","Koishi:LastRemote+1","Koishi:SpiritedAway"],"picked":"SKIP","floor":21.0},{"not_picked":["Koishi:YoukaiPolygraph","Koishi:FleetingPhantom+1","Koishi:SubconsciousSweep+1","Koishi:SpiritedAway"],"picked":"SKIP","floor":22.0},{"not_picked":["Koishi:SubconsciousSweep+1","Koishi:SilentAndRestless","Koishi:CatchAndRose"],"picked":"Koishi:TremblingHands","floor":23.0},{"not_picked":["Koishi:CatchAndRose","Koishi:PhantomStrike+1","Koishi:Prune","Koishi:SubconsciousSweep"],"picked":"SKIP","floor":24.0},{"not_picked":["Koishi:DNAsFlaw+1","Koishi:RacingHeart","Koishi:CatchAndRose"],"picked":"Koishi:ParalyzingFear+1","floor":25.0},{"not_picked":["Koishi:ReflexRadar+1","Koishi:ParalyzingFear+1","Koishi:MassHysteria"],"picked":"Koishi:StingingMind","floor":27.0},{"not_picked":["Koishi:StrangeCloudFist","Koishi:EmbersOfLove","Koishi:PhantomBarrier"],"picked":"Koishi:BramblyRoseGarden+1","floor":28.0},{"not_picked":["Koishi:DreadfulBlow","Koishi:Heartbroken+1","Koishi:CatchAndRose"],"picked":"Koishi:Catatonia","floor":29.0},{"not_picked":["Koishi:PhantomStrike","Koishi:Possession","Koishi:UnconsciousUprising"],"picked":"Koishi:UnseenTerror","floor":30.0},{"not_picked":["Koishi:FleetingPhantom","Koishi:EmbryosDream","Koishi:PhantomBarrier"],"picked":"Koishi:StingingMind+1","floor":31.0},{"not_picked":["Koishi:SuperEgo","Koishi:PerfectMindControl","Koishi:RuptureMind"],"picked":"Koishi:TerrifyingSpectre+1","floor":33.0},{"not_picked":["Koishi:EmbryosDream+1","Koishi:BramblyRoseGarden+1","Koishi:UnansweredLove+1"],"picked":"Koishi:Untouchable+1","floor":35.0},{"not_picked":["Secret Technique","Jack Of All Trades","Swift Strike"],"picked":"Impatience","floor":36.0},{"not_picked":["Jack Of All Trades","Forethought","Mind Blast"],"picked":"Panache+1","floor":36.0},{"not_picked":["Koishi:PhantomStrike","Koishi:SpiritedAway+1","Koishi:StingingMind"],"picked":"Koishi:VengefulSpirit+1","floor":37.0},{"not_picked":["Koishi:SpiritedAway","Koishi:Whimsy+1","Koishi:SuperEgo","Koishi:Prune"],"picked":"SKIP","floor":39},{"not_picked":["Koishi:PhantomBarrier","Koishi:EmbersOfLove","Koishi:UnansweredLove+1"],"picked":"Koishi:FidgetySnatcher+1","floor":40},{"not_picked":["Koishi:EmbryosDream","Koishi:Bloodlust","Koishi:CatchAndRose+1","Koishi:Prune"],"picked":"SKIP","floor":42},{"not_picked":["Koishi:YoukaiPolygraph+1","Koishi:PhilosophyOfTheDespised+1","Koishi:DreadfulBlow","Koishi:ReleaseOfTheId+1"],"picked":"SKIP","floor":46},{"not_picked":["Koishi:SubconsciousSweep","Koishi:GhostParty+1","Koishi:StingingMind"],"picked":"Koishi:PredatoryInstincts+1","floor":47},{"not_picked":["Koishi:Possession+1","Koishi:CatchAndRose+1","Koishi:HeartAttack+1","Koishi:SilentAndRestless"],"picked":"SKIP","floor":48},{"not_picked":["Koishi:Catatonia","Koishi:HeartfeltFancy+1","Koishi:UnansweredLove+1","Koishi:CatchAndRose+1"],"picked":"SKIP","floor":54}],"player_experience":1134255,"relics_obtained":[{"floor":6.0,"key":"Mummified Hand"},{"floor":10.0,"key":"Mercury Hourglass"},{"floor":23.0,"key":"theSenshi:SailorFukuRelic"},{"floor":25.0,"key":"Darkstone Periapt"},{"floor":26.0,"key":"Meat on the Bone"},{"floor":29.0,"key":"Koishi:TeethAndClaws"},{"floor":40,"key":"Guard_Bracelet"},{"floor":42,"key":"Toy Ornithopter"},{"floor":43,"key":"Toxic Egg 2"},{"floor":47,"key":"MealTicket"},{"floor":54,"key":"theSenshi:FeatherClipsRelic"}],"event_choices":[{"damage_healed":0.0,"max_hp_gain":0.0,"max_hp_loss":0.0,"gold_gain":0.0,"event_name":"WeMeetAgain","player_choice":"Paid Gold","floor":2.0,"gold_loss":67.0,"damage_taken":0.0,"relics_obtained":["PreservedInsect"]},{"damage_healed":16.0,"max_hp_gain":0.0,"max_hp_loss":0.0,"gold_gain":0.0,"event_name":"The Cleric","player_choice":"Healed","floor":11.0,"gold_loss":35.0,"damage_taken":0.0},{"damage_healed":0.0,"max_hp_gain":0.0,"max_hp_loss":0.0,"gold_gain":0.0,"event_name":"Living Wall","player_choice":"Grow","floor":12.0,"gold_loss":0.0,"damage_taken":0.0,"cards_upgraded":["theWildCard:Scathach"]},{"cards_removed":["Koishi:BasicDefend"],"damage_healed":0.0,"max_hp_gain":0.0,"max_hp_loss":0.0,"gold_gain":0.0,"event_name":"Purifier","player_choice":"Purged","floor":19.0,"gold_loss":0.0,"damage_taken":0.0},{"damage_healed":0.0,"max_hp_gain":0.0,"max_hp_loss":0.0,"gold_gain":0.0,"event_name":"SensoryStone","player_choice":"Memory 3","floor":36.0,"gold_loss":0.0,"damage_taken":10.0},{"damage_healed":0,"gold_gain":0,"player_choice":"Copied","damage_taken":0,"max_hp_gain":0,"max_hp_loss":0,"event_name":"Duplicator","floor":45,"gold_loss":0,"cards_obtained":["Koishi:TerrifyingSpectre"]}],"is_beta":false,"boss_relics":[{"not_picked":["Koishi:ColorfulDays","Pandora\u0027s Box"],"picked":"Velvet Choker"},{"not_picked":["SlaversCollar","Busted Crown"],"picked":"Golden_Hairpin"}],"items_purged_floors":[0,0,0,0,0,38,38,38,38,38,53],"is_endless":false,"potions_floor_spawned":[3,4,5,10,18,21,23,27,29,33,35,46],"ascension_level":7}}