{"host":"a1eatafr7pisesky","time":1608979253,"event":{"mods":["BaseMod","Colored Map","DeckTracker","Highlight Path","Keyboard Shortcuts","Minty Spire (QoL Compilation)","Permanent Neow","Random Character Button","StSLib","SuperFastMode"],"gold_per_floor":[118,43,43,43,60,94,94,121,121,150,150,150,163,181,181,281,281,294,294,294,313,313,71,71,1,1,20,48,48,73,89,89,89,89],"floor_reached":33,"playtime":891,"items_purged":["Strike_B"],"score":376,"play_id":"064cea0e-1fa8-4c83-a506-69292c2e035e","local_time":"20201226194053","is_ascension_mode":true,"campfire_choices":[{"floor":7.0,"key":"REST"},{"floor":12.0,"key":"REST"},{"data":"Darkness","floor":15.0,"key":"SMITH"},{"data":"Fission","floor":24.0,"key":"SMITH"},{"data":"Strike_B","floor":29,"key":"PURGE"},{"floor":32,"key":"REST"}],"circlet_count":0,"master_deck":["Defend_B","Defend_B","Defend_B","Zap","Dualcast","Electrodynamics","Capacitor","Self Repair","Skim","Darkness+1","Redo","Turbo","Conserve Battery","Fission+1","Static Discharge","Loop","Redo","Barrage+1","Consume","Storm","White Noise","Leap+1","Hologram+1"],"relics":["Cracked Core","FossilizedHelix","HornCleat","Peace Pipe","Shovel","Cursed Key","Sundial","Blood Vial","StoneCalendar"],"acts_visited":["Exordium","TheCity"],"potions_floor_usage":[30,33,33],"damage_taken":[{"damage":0.0,"enemies":"Small Slimes","floor":1.0,"turns":2.0},{"damage":6.0,"enemies":"Cultist","floor":5.0,"turns":3.0},{"damage":37.0,"enemies":"Lagavulin","floor":6.0,"turns":6.0},{"damage":20.0,"enemies":"3 Sentries","floor":8.0,"turns":3.0},{"damage":34.0,"enemies":"Lagavulin","floor":10.0,"turns":7.0},{"damage":0.0,"enemies":"2 Louse","floor":13.0,"turns":2.0},{"damage":8.0,"enemies":"Blue Slaver","floor":14.0,"turns":4.0},{"damage":15.0,"enemies":"Hexaghost","floor":16.0,"turns":9.0},{"damage":19.0,"enemies":"2 Thieves","floor":18.0,"turns":3.0},{"damage":27.0,"enemies":"Chosen","floor":21.0,"turns":7.0},{"damage":10,"enemies":"3 Cultists","floor":27,"turns":4},{"damage":13,"enemies":"Gremlin Leader","floor":28,"turns":5},{"damage":24,"enemies":"Book of Stabbing","floor":30,"turns":4},{"damage":0,"enemies":"Snecko","floor":31,"turns":6},{"damage":81,"enemies":"Automaton","floor":33,"turns":6}],"seed_played":"-2255863781993013391","potions_obtained":[{"floor":1.0,"key":"Swift Potion"},{"floor":3.0,"key":"Energy Potion"},{"floor":3.0,"key":"SpeedPotion"},{"floor":6.0,"key":"LiquidBronze"},{"floor":14.0,"key":"DuplicationPotion"},{"floor":16.0,"key":"Regen Potion"},{"floor":21.0,"key":"Block Potion"},{"floor":27,"key":"Strength Potion"}],"is_trial":false,"path_per_floor":["M","$","?","$","M","E","R","E","T","E","?","R","M","M","R","B",null,"M","?","?","M","T","$","R","$","T","M","E","R","E","M","R","B"],"character_chosen":"DEFECT","items_purchased":["Sundial","Consume"],"campfire_rested":3,"item_purchase_floors":[23,25],"current_hp_per_floor":[75,75,75,75,69,39,61,41,41,14,7,29,36,35,35,27,63,51,51,51,36,36,36,36,36,36,33,27,27,5,14,36,0,0],"gold":89,"neow_bonus":"ONE_RANDOM_RARE_CARD","is_daily":false,"chose_seed":false,"campfire_upgraded":2,"win_rate":0.0,"timestamp":1608979253,"path_taken":["M","$","?","?","M","E","R","E","T","E","?","R","M","M","R","BOSS","M","?","?","M","?","?","R","$","T","M","E","R","E","?","R","BOSS"],"items_purchased_type":["Relic","Card"],"build_version":"2020-12-22","purchased_purges":1,"victory":false,"max_hp_per_floor":[75,75,75,75,75,75,75,75,75,75,75,75,75,75,75,75,75,75,75,75,75,75,75,75,75,75,75,75,75,75,75,75,75,75],"card_choices":[{"not_picked":["Conserve Battery","Redo"],"picked":"Capacitor","floor":1.0},{"not_picked":["Go for the Eyes","Barrage"],"picked":"Self Repair","floor":5.0},{"not_picked":["Electrodynamics","Doom and Gloom"],"picked":"Skim","floor":6.0},{"not_picked":["Loop","Meteor Strike"],"picked":"Darkness","floor":8.0},{"not_picked":["Multi-Cast","Double Energy"],"picked":"Redo","floor":10.0},{"not_picked":["Chaos","Beam Cell"],"picked":"Turbo","floor":13.0},{"not_picked":["Reinforced Body","Fusion"],"picked":"Conserve Battery","floor":14.0},{"not_picked":["Reboot","Core Surge"],"picked":"Fission","floor":16.0},{"not_picked":["Coolheaded+1","Leap"],"picked":"Static Discharge","floor":18.0},{"not_picked":["Scrape","Steam+1"],"picked":"Barrage+1","floor":21.0},{"not_picked":["FTL","Chaos"],"picked":"Storm","floor":27},{"not_picked":["Cold Snap+1","Hologram+1"],"picked":"White Noise","floor":28},{"not_picked":["Barrage","Fission"],"picked":"Leap+1","floor":30},{"not_picked":["Fusion","Tempest"],"picked":"Hologram+1","floor":31}],"player_experience":250879,"relics_obtained":[{"floor":6.0,"key":"FossilizedHelix"},{"floor":8.0,"key":"HornCleat"},{"floor":9.0,"key":"Peace Pipe"},{"floor":10.0,"key":"Shovel"},{"floor":28,"key":"Blood Vial"},{"floor":30,"key":"StoneCalendar"}],"event_choices":[{"damage_healed":0.0,"max_hp_gain":0.0,"max_hp_loss":0.0,"gold_gain":0.0,"event_name":"Lab","player_choice":"Got Potions","floor":3.0,"gold_loss":0.0,"damage_taken":0.0},{"cards_removed":["Strike_B"],"damage_healed":0.0,"max_hp_gain":0.0,"max_hp_loss":0.0,"gold_gain":0.0,"event_name":"Golden Wing","player_choice":"Card Removal","floor":11.0,"gold_loss":0.0,"damage_taken":7.0},{"damage_healed":0.0,"max_hp_gain":0.0,"max_hp_loss":0.0,"gold_gain":0.0,"event_name":"Ghosts","player_choice":"Ignored","floor":19.0,"gold_loss":0.0,"damage_taken":0.0},{"damage_healed":0.0,"max_hp_gain":0.0,"max_hp_loss":0.0,"gold_gain":0.0,"cards_transformed":["Strike_B","Defend_B"],"event_name":"Drug Dealer","player_choice":"Became Test Subject","floor":20.0,"gold_loss":0.0,"damage_taken":0.0,"cards_obtained":["Loop","Redo"]}],"is_beta":false,"boss_relics":[{"not_picked":["Sozu","Inserter"],"picked":"Cursed Key"}],"items_purged_floors":[2],"is_endless":false,"potions_floor_spawned":[1,5,6,14,16,21,27],"killed_by":"Automaton","ascension_level":5}}