{"host":"lhth1efayex2023z","time":1608948700,"event":{"mods":["BaseMod","Colored Map","Googly Eyes","Minty Spire (QoL Compilation)","StSLib"],"gold_per_floor":[16,16,16,28,44,71,71,85,85,114,114,114,145,168,168,246,246,256,276,276,276,292,325,325,354,379,410,189,201,226,238,238,310,310,326,338,348,373,388,421,421,451,475,475,508,523,523,523,523,523,523,523,104,131,131,131],"floor_reached":55,"playtime":1640,"items_purged":["Strike_B","Dualcast"],"score":1645,"play_id":"0a8a8abf-06bc-4fd2-b2f4-e2d34a79d034","local_time":"20201225191140","is_ascension_mode":true,"campfire_choices":[{"floor":7.0,"key":"REST"},{"floor":11.0,"key":"REST"},{"data":"Steam Power","floor":15.0,"key":"SMITH"},{"floor":24.0,"key":"REST"},{"data":"Reprogram","floor":32,"key":"SMITH"},{"data":"Hologram","floor":41,"key":"SMITH"},{"data":"Steam Power","floor":47,"key":"SMITH"},{"floor":49,"key":"RECALL"},{"floor":52,"key":"REST"}],"circlet_count":0,"master_deck":["AscendersBane","Defend_B","Defend_B+1","Defend_B+1","Apotheosis+1","Gash","Gash","Gash+1","Go for the Eyes+1","Hologram+1","Steam Power+1","All For One","Gash","Gash","FTL+1","All For One+1","Conserve Battery+1","Rebound+1","Gash","Hologram","Steam Power+1","Gash"],"relics":["Cracked Core","InkBottle","Shuriken","Meat on the Bone","Happy Flower","Nunchaku","Sozu","Pocketwatch","Blood Vial","Anchor","Sling","Bronze Scales","Astrolabe","Ice Cream","Orichalcum","Whetstone","Boot","War Paint","Turnip","Gambling Chip","Vajra"],"acts_visited":["Exordium","TheCity","TheBeyond","TheEnding"],"potions_floor_usage":[],"damage_taken":[{"damage":0.0,"enemies":"Small Slimes","floor":1.0,"turns":3.0},{"damage":0.0,"enemies":"Cultist","floor":4.0,"turns":3.0},{"damage":6.0,"enemies":"2 Louse","floor":5.0,"turns":2.0},{"damage":12.0,"enemies":"Lagavulin","floor":6.0,"turns":7.0},{"damage":5.0,"enemies":"Blue Slaver","floor":8.0,"turns":3.0},{"damage":19.0,"enemies":"Gremlin Nob","floor":10.0,"turns":4.0},{"damage":6.0,"enemies":"Lagavulin","floor":13.0,"turns":6.0},{"damage":16.0,"enemies":"Hexaghost","floor":16.0,"turns":7.0},{"damage":0.0,"enemies":"Spheric Guardian","floor":18.0,"turns":3.0},{"damage":25.0,"enemies":"2 Thieves","floor":19.0,"turns":3.0},{"damage":11.0,"enemies":"Snecko","floor":22.0,"turns":6.0},{"damage":45.0,"enemies":"Book of Stabbing","floor":23.0,"turns":4.0},{"damage":2.0,"enemies":"Slavers","floor":25.0,"turns":3.0},{"damage":22,"enemies":"Gremlin Leader","floor":27,"turns":3},{"damage":0,"enemies":"Sentry and Sphere","floor":29,"turns":2},{"damage":0,"enemies":"Book of Stabbing","floor":30,"turns":3},{"damage":0,"enemies":"Shelled Parasite and Fungi","floor":31,"turns":2},{"damage":0,"enemies":"Collector","floor":33,"turns":4},{"damage":0,"enemies":"3 Darklings","floor":35,"turns":2},{"damage":0,"enemies":"Orb Walker","floor":36,"turns":2},{"damage":0,"enemies":"Jaw Worm Horde","floor":37,"turns":1},{"damage":0,"enemies":"Mind Bloom Boss Battle","floor":38,"turns":2},{"damage":24,"enemies":"4 Shapes","floor":39,"turns":3},{"damage":1,"enemies":"Nemesis","floor":40,"turns":3},{"damage":0,"enemies":"Giant Head","floor":42,"turns":2},{"damage":32,"enemies":"Reptomancer","floor":45,"turns":3},{"damage":6,"enemies":"Sphere and 2 Shapes","floor":46,"turns":2},{"damage":39,"enemies":"Awakened One","floor":50,"turns":4},{"damage":0,"enemies":"Shield and Spear","floor":54,"turns":1},{"damage":72,"enemies":"The Heart","floor":55,"turns":3}],"seed_played":"164971778974205147","potions_obtained":[{"floor":1.0,"key":"DuplicationPotion"},{"floor":5.0,"key":"Strength Potion"},{"floor":6.0,"key":"PowerPotion"},{"floor":8.0,"key":"SkillPotion"},{"floor":13.0,"key":"DuplicationPotion"}],"is_trial":false,"path_per_floor":["M","?","$","M","M","E","R","M","T","E","R","?","E","T","R","B",null,"M","M","?","?","M","E","R","E","T","E","$","M","E","M","R","B",null,"M","M","M","?","M","E","R","E","T","?","E","M","R","?","R","B",null,"R","$","E","B"],"character_chosen":"DEFECT","items_purchased":["Sling","Gambling Chip","Gash"],"campfire_rested":4,"item_purchase_floors":[28,53,53],"current_hp_per_floor":[64,64,64,64,58,46,67,62,62,43,64,57,51,51,51,47,65,65,40,63,63,52,19,40,38,38,30,30,44,46,48,48,50,66,68,70,71,71,47,48,48,50,50,50,32,40,40,40,40,15,57,71,71,71,0,0],"gold":131,"neow_bonus":"RANDOM_COLORLESS_2","is_daily":false,"chose_seed":false,"campfire_upgraded":4,"win_rate":0.0,"timestamp":1608948700,"path_taken":["M","?","$","?","M","E","R","M","T","E","R","?","E","?","R","BOSS","M","M","?","?","M","E","R","E","T","E","$","M","E","M","R","BOSS","M","?","?","?","M","E","R","E","T","?","E","M","R","?","R","BOSS","R","$","E","BOSS"],"items_purchased_type":["Relic","Relic","Card"],"build_version":"2020-12-22","purchased_purges":2,"victory":false,"max_hp_per_floor":[71,71,71,71,71,71,71,71,71,71,71,71,71,71,71,71,71,71,71,71,71,71,71,71,71,71,71,71,71,71,71,71,71,71,71,71,71,71,71,71,71,71,71,71,71,71,71,71,71,71,71,71,71,71,71,71],"card_choices":[{"not_picked":["Sadistic Nature","Secret Technique"],"picked":"Apotheosis","floor":0.0},{"not_picked":["Scrape","Leap"],"picked":"Gash","floor":1.0},{"not_picked":["Rip and Tear","Stack"],"picked":"Gash","floor":4.0},{"not_picked":["Chill","Redo"],"picked":"Gash","floor":5.0},{"not_picked":["Heatsinks","Meteor Strike"],"picked":"Go for the Eyes","floor":6.0},{"not_picked":["Coolheaded","Lockon"],"picked":"Reprogram","floor":8.0},{"not_picked":["Electrodynamics","Barrage"],"picked":"Hologram","floor":10.0},{"not_picked":["Blizzard","Turbo"],"picked":"Steam Power","floor":13.0},{"not_picked":["Rainbow","Electrodynamics"],"picked":"All For One","floor":16.0},{"not_picked":["Hologram","Reinforced Body"],"picked":"Gash","floor":18.0},{"not_picked":["Sweeping Beam","Stack"],"picked":"Gash","floor":19.0},{"not_picked":["Cold Snap","Meteor Strike","Self Repair"],"picked":"SKIP","floor":22.0},{"not_picked":["Genetic Algorithm","Lockon","Recycle"],"picked":"SKIP","floor":23.0},{"not_picked":["Cold Snap","Ball Lightning","Hello World"],"picked":"SKIP","floor":25.0},{"not_picked":["Tempest","Recycle"],"picked":"FTL+1","floor":27},{"not_picked":["Sweeping Beam","Turbo","Go for the Eyes"],"picked":"SKIP","floor":29},{"not_picked":["Stack","Chill","Undo"],"picked":"SKIP","floor":30},{"not_picked":["Steam","Sweeping Beam","Go for the Eyes"],"picked":"SKIP","floor":31},{"not_picked":["Redo","Beam Cell+1","Barrage+1"],"picked":"SKIP","floor":35},{"not_picked":["Capacitor","Cold Snap","Leap"],"picked":"SKIP","floor":36},{"not_picked":["Rip and Tear","Multi-Cast"],"picked":"Gash","floor":37},{"not_picked":["Stack","Sweeping Beam"],"picked":"Hologram","floor":38},{"not_picked":["Leap","Compile Driver+1","Steam"],"picked":"SKIP","floor":39},{"not_picked":["Sunder","Genetic Algorithm","Defragment+1"],"picked":"SKIP","floor":40},{"not_picked":["Consume","Go for the Eyes","Beam Cell"],"picked":"SKIP","floor":42},{"not_picked":["Consume","Go for the Eyes","Beam Cell"],"picked":"SKIP","floor":42},{"not_picked":["Thunder Strike","Conserve Battery+1"],"picked":"Steam Power","floor":45},{"not_picked":["Barrage","Leap+1","Hologram+1"],"picked":"SKIP","floor":46},{"not_picked":["Biased Cognition","Sweeping Beam+1","Buffer"],"picked":"SKIP","floor":54}],"player_experience":406732,"relics_obtained":[{"floor":6.0,"key":"InkBottle"},{"floor":9.0,"key":"Shuriken"},{"floor":10.0,"key":"Meat on the Bone"},{"floor":13.0,"key":"Happy Flower"},{"floor":14.0,"key":"Nunchaku"},{"floor":23.0,"key":"Pocketwatch"},{"floor":25.0,"key":"Blood Vial"},{"floor":27,"key":"Anchor"},{"floor":30,"key":"Bronze Scales"},{"floor":38,"key":"Ice Cream"},{"floor":40,"key":"Orichalcum"},{"floor":42,"key":"Whetstone"},{"floor":43,"key":"Boot"},{"floor":45,"key":"War Paint"},{"floor":54,"key":"Vajra"}],"event_choices":[{"damage_healed":0.0,"max_hp_gain":0.0,"max_hp_loss":0.0,"gold_gain":0.0,"event_name":"Accursed Blacksmith","player_choice":"Forge","floor":2.0,"gold_loss":0.0,"damage_taken":0.0,"cards_upgraded":["Apotheosis"]},{"cards_removed":["Zap"],"damage_healed":0.0,"max_hp_gain":0.0,"max_hp_loss":0.0,"gold_gain":0.0,"event_name":"Golden Wing","player_choice":"Card Removal","floor":12.0,"gold_loss":0.0,"damage_taken":7.0},{"damage_healed":23.0,"max_hp_gain":0.0,"max_hp_loss":0.0,"gold_gain":0.0,"event_name":"The Library","player_choice":"Heal","floor":20.0,"gold_loss":0.0,"damage_taken":0.0},{"cards_removed":["Strike_B"],"damage_healed":0.0,"max_hp_gain":0.0,"max_hp_loss":0.0,"gold_gain":0.0,"event_name":"Purifier","player_choice":"Purged","floor":21.0,"gold_loss":0.0,"damage_taken":0.0},{"damage_healed":0,"gold_gain":0,"player_choice":"Fight","damage_taken":0,"max_hp_gain":0,"max_hp_loss":0,"event_name":"MindBloom","floor":38,"gold_loss":0},{"damage_healed":0,"gold_gain":0,"player_choice":"Memory 1","damage_taken":0,"max_hp_gain":0,"max_hp_loss":0,"event_name":"SensoryStone","floor":44,"gold_loss":0},{"cards_removed":["Reprogram"],"damage_healed":0,"gold_gain":0,"player_choice":"Gave Card","damage_taken":0,"relics_obtained":["Turnip"],"max_hp_gain":0,"max_hp_loss":0,"event_name":"WeMeetAgain","floor":48,"gold_loss":0}],"is_beta":false,"boss_relics":[{"not_picked":["SacredBark","Busted Crown"],"picked":"Sozu"},{"not_picked":["Runic Pyramid","Runic Dome"],"picked":"Astrolabe"}],"items_purged_floors":[28,53],"is_endless":false,"potions_floor_spawned":[1,5,6,8,13,18,19,29,31,33,36,38,39,45,54],"killed_by":"The Heart","ascension_level":14}}