{"host":"saki","time":1608961377,"event":{"mods":["BaseMod","Lobotomy","LobotomyExtend","Marisa£®ÏF”Í°°ƒß¿Ì…≥£©","Minty Spire (QoL Compilation)","StSLib","TestMod","Waifu the Spire"],"gold_per_floor":[113,127,127,143,156,156,13,13,39,54,54,67,67,94,94,193,193,211,211,211,227,239,239,239],"floor_reached":23,"playtime":942,"items_purged":["Strike_MRS"],"score":328,"play_id":"fc2d2093-bf3a-4f9c-a773-f34b3b0037e6","local_time":"20201226134257","is_ascension_mode":true,"campfire_choices":[{"data":"StarBarrage","floor":6.0,"key":"SMITH"},{"data":"UltimateShortwave","floor":11,"key":"SMITH"},{"data":"MeteoricShower","floor":15,"key":"SMITH"}],"circlet_count":0,"master_deck":["Strike_MRS","Defend_MRS","Defend_MRS","Defend_MRS","MasterSpark","UpSweep","UnstableBomb","GalacticHalo","StarBarrage+1","PowerUp","MeteoricShower+1","OortCloud","UltimateShortwave+1","MachineGunSpark","MilkyWay"],"relics":["MiniHakkero","testmod-TestBox","testmod-FatalChain","LetterFromLob","testmod-TurbochargingSystem","Pen Nib","StoneCalendar","testmod-BatchProcessingSystem"],"acts_visited":["Exordium","TheCity"],"potions_floor_usage":[10,14,22,23],"damage_taken":[{"damage":3.0,"enemies":"2 Louse","floor":1.0,"turns":2.0},{"damage":1.0,"enemies":"Cultist","floor":2.0,"turns":3.0},{"damage":4.0,"enemies":"Jaw Worm","floor":4.0,"turns":3.0},{"damage":0.0,"enemies":"Lots of Slimes","floor":5.0,"turns":1.0},{"damage":2,"enemies":"Blue Slaver","floor":10,"turns":2},{"damage":0,"enemies":"3 Louse","floor":12,"turns":1},{"damage":14,"enemies":"3 Sentries","floor":14,"turns":4},{"damage":0,"enemies":"Slime Boss","floor":16,"turns":3},{"damage":8,"enemies":"Chosen","floor":18,"turns":4},{"damage":9,"enemies":"Shell Parasite","floor":21,"turns":4},{"damage":7,"enemies":"Snecko","floor":22,"turns":4},{"damage":55,"enemies":"Gremlin Leader","floor":23,"turns":2}],"seed_played":"914359555483659878","potions_obtained":[{"floor":2.0,"key":"SkillPotion"},{"floor":5.0,"key":"SneckoOil"},{"floor":16,"key":"SmokeBomb"},{"floor":18,"key":"PowerPotion"},{"floor":21,"key":"SmokeBomb"},{"floor":22,"key":"DuplicationPotion"}],"is_trial":false,"path_per_floor":["M","M","?","M","M","R","$","?","T","M","R","M","?","E","R","B",null,"M","?","?","M","M","E"],"character_chosen":"MARISA","items_purchased":["OortCloud"],"campfire_rested":0,"item_purchase_floors":[7],"current_hp_per_floor":[65,64,64,60,60,60,60,60,60,58,58,58,55,41,41,41,67,59,45,45,36,29,0,0],"gold":239,"neow_bonus":"THREE_CARDS","is_daily":false,"chose_seed":false,"campfire_upgraded":3,"win_rate":0.0,"timestamp":1608961377,"path_taken":["M","M","?","M","?","R","?","?","T","M","R","?","?","E","R","BOSS","M","?","?","M","M","E"],"items_purchased_type":["Card"],"build_version":"2020-12-18","purchased_purges":1,"victory":false,"max_hp_per_floor":[75,75,75,75,75,75,75,75,75,75,75,75,75,75,75,75,75,75,80,80,80,80,80,80],"card_choices":[{"not_picked":["LuminesStrike","StarBarrage"],"picked":"UnstableBomb","floor":0.0},{"not_picked":["MagicAbsorber","SporeBomb"],"picked":"GalacticHalo","floor":1.0},{"not_picked":["DoubleSpark","UnstableBomb"],"picked":"StarBarrage","floor":2.0},{"not_picked":["WitchOfGreed","MilkyWay"],"picked":"PowerUp","floor":4.0},{"not_picked":["SporeBomb","GrandCross"],"picked":"MeteoricShower","floor":5.0},{"not_picked":["GasGiant","UnstableBomb"],"picked":"UltimateShortwave","floor":10},{"not_picked":["GalacticHalo","EarthLightRay","NonDirectionalLaser"],"picked":"SKIP","floor":12},{"not_picked":["GravityBeat","WitchOfGreed","OpenUniverse"],"picked":"SKIP","floor":14},{"not_picked":["6A","WitchOfGreed","GalacticHalo"],"picked":"SKIP","floor":18},{"not_picked":["SatelliteIllusion","DoubleSpark"],"picked":"MachineGunSpark","floor":21},{"not_picked":["ShootTheMoon","UnstableBomb"],"picked":"MilkyWay","floor":22}],"player_experience":247906,"relics_obtained":[{"floor":1.0,"key":"LetterFromLob"},{"floor":9.0,"key":"testmod-TurbochargingSystem"},{"floor":14,"key":"StoneCalendar"}],"event_choices":[{"cards_removed":["Strike_MRS"],"damage_healed":0.0,"max_hp_gain":0.0,"max_hp_loss":0.0,"gold_gain":0.0,"event_name":"Wheel of Change","player_choice":"Card Removal","floor":3.0,"gold_loss":0.0,"damage_taken":0.0},{"cards_removed":["Strike_MRS"],"damage_healed":0.0,"max_hp_gain":0.0,"max_hp_loss":0.0,"gold_gain":0.0,"event_name":"Bonfire Elementals","player_choice":"Offered Basic","floor":8.0,"gold_loss":0.0,"damage_taken":0.0},{"damage_healed":0,"gold_gain":0,"player_choice":"Success","damage_taken":3,"relics_obtained":["Pen Nib"],"max_hp_gain":0,"max_hp_loss":0,"event_name":"Scrap Ooze","floor":13,"gold_loss":0},{"damage_healed":0,"gold_gain":0,"player_choice":"Shed Blood","damage_taken":19,"max_hp_gain":5,"max_hp_loss":0,"event_name":"Forgotten Altar","floor":19,"gold_loss":0},{"cards_removed":["Defend_MRS"],"damage_healed":0,"gold_gain":0,"player_choice":"Elegance","damage_taken":0,"max_hp_gain":0,"max_hp_loss":0,"event_name":"Back to Basics","floor":20,"gold_loss":0}],"is_beta":true,"boss_relics":[{"not_picked":["SacredBark","testmod-HarvestTotem"],"picked":"testmod-BatchProcessingSystem"}],"items_purged_floors":[7],"is_endless":false,"potions_floor_spawned":[2,5,16,18,21,22],"killed_by":"Gremlin Leader","ascension_level":7}}