{"host":"aaqofma31c3gm2hj","time":1608976737,"event":{"mods":["BaseMod","Minty Spire (QoL Compilation)","Replay The Spire","Spicy Shops","StSLib"],"gold_per_floor":[116,116,41,41,51,83,83,112,137,151,167,167,196,213,213,285,285,299,349,143,143,157,191,259,259,284,301,329,345,345,374,374,453,453,463,463,463],"floor_reached":36,"playtime":893,"items_purged":["Sickly","Defend_P"],"score":1130,"play_id":"6439bcd7-9a13-4691-9a67-2d409ca43d5c","local_time":"20201226175857","is_ascension_mode":true,"campfire_choices":[{"floor":12.0,"key":"REST"},{"data":"LessonLearned","floor":15.0,"key":"SMITH"},{"data":"Wallop","floor":25.0,"key":"SMITH"},{"floor":30,"key":"RECALL"},{"data":"Strike_P","floor":32,"key":"SMITH"}],"circlet_count":0,"master_deck":["AscendersBane","Strike_P","Strike_P","Strike_P","Strike_P","Defend_P","Defend_P","Eruption+1","Vigilance+1","BowlingBash+1","Swivel","LessonLearned+1","FearNoEvil+1","Wallop+1","Omniscience","TalkToTheHand"],"relics":["PureWater","NeowsBlessing","Ring of Panic","Ring of Fury","Simple Rune","The Courier","PreservedInsect","Mummified Hand","Philosopher\u0027s Stone","ClockworkSouvenir","Durian","Blue Candle","Bronze Scales","Mercury Hourglass","Fusion Hammer"],"acts_visited":["Exordium","TheCity","TheBeyond"],"potions_floor_usage":[33,36],"damage_taken":[{"damage":0.0,"enemies":"Jaw Worm","floor":1.0,"turns":1.0},{"damage":0.0,"enemies":"Cultist","floor":5.0,"turns":1.0},{"damage":0.0,"enemies":"Gremlin Nob","floor":6.0,"turns":1.0},{"damage":5.0,"enemies":"3 Sentries","floor":8.0,"turns":4.0},{"damage":0.0,"enemies":"Small Slimes","floor":10.0,"turns":3.0},{"damage":20.0,"enemies":"Exordium Thugs","floor":11.0,"turns":2.0},{"damage":0.0,"enemies":"Gremlin Nob","floor":13.0,"turns":2.0},{"damage":3.0,"enemies":"Red Slaver","floor":14.0,"turns":3.0},{"damage":0.0,"enemies":"Slime Boss","floor":16.0,"turns":6.0},{"damage":9.0,"enemies":"Spheric Guardian","floor":18.0,"turns":4.0},{"damage":10.0,"enemies":"Shell Parasite","floor":22.0,"turns":3.0},{"damage":2.0,"enemies":"Replay:Snechameleon","floor":23.0,"turns":4.0},{"damage":0,"enemies":"Sentry and Sphere","floor":27,"turns":3},{"damage":0,"enemies":"Gremlin Leader","floor":28,"turns":5},{"damage":0,"enemies":"Snecko","floor":29,"turns":2},{"damage":4,"enemies":"Book of Stabbing","floor":31,"turns":3},{"damage":37,"enemies":"Automaton","floor":33,"turns":7},{"damage":0,"enemies":"3 Shapes","floor":35,"turns":3},{"damage":0,"enemies":"3 Darklings","floor":36,"turns":2}],"seed_played":"2865226848530255173","potions_obtained":[{"floor":1.0,"key":"SmokeBomb"},{"floor":6.0,"key":"PowerPotion"},{"floor":8.0,"key":"FearPotion"},{"floor":23.0,"key":"GamblersBrew"},{"floor":28,"key":"SneckoOil"}],"is_trial":false,"path_per_floor":["M","?","$","?","M","E","$","E","T","M","M","R","E","M","R","B",null,"M","?","$","?","M","E","T","R","T","M","E","M","R","E","R","B",null,"M","M"],"character_chosen":"WATCHER","items_purchased":["ClockworkSouvenir"],"campfire_rested":1,"item_purchase_floors":[20],"current_hp_per_floor":[61,61,61,61,61,61,61,56,56,56,36,56,56,53,53,53,64,55,55,55,55,45,48,48,48,48,48,48,48,48,44,44,7,57,57,57,57],"gold":463,"neow_bonus":"THREE_ENEMY_KILL","is_daily":false,"chose_seed":false,"campfire_upgraded":3,"win_rate":0.0,"timestamp":1608976737,"path_taken":["M","?","$","?","M","E","$","E","T","M","?","R","E","M","R","BOSS","M","?","?","?","M","E","?","R","T","M","E","M","R","E","R","BOSS","M","M"],"items_purchased_type":["Relic"],"build_version":"2020-12-22","purchased_purges":2,"victory":false,"max_hp_per_floor":[68,68,68,68,68,68,68,68,68,68,68,68,68,68,68,68,68,68,68,68,68,68,73,73,73,73,73,73,73,73,73,73,73,73,73,73,73],"card_choices":[{"not_picked":["LikeWater","Study"],"picked":"BowlingBash","floor":1.0},{"not_picked":["BowlingBash","Protect","Replay:LoomingThreat"],"picked":"SKIP","floor":5.0},{"not_picked":["MasterReality","Consecrate"],"picked":"Swivel","floor":6.0},{"not_picked":["BowlingBash","WreathOfFlame"],"picked":"LessonLearned","floor":8.0},{"not_picked":["Halt","PathToVictory"],"picked":"FearNoEvil","floor":10.0},{"not_picked":["Evaluate","CarveReality","FlurryOfBlows"],"picked":"SKIP","floor":11.0},{"not_picked":["EmptyFist","Devotion"],"picked":"Wallop","floor":13.0},{"not_picked":["Sanctity","FlurryOfBlows","Replay:Anticipation"],"picked":"SKIP","floor":14.0},{"not_picked":["FlurryOfBlows","ThirdEye","PathToVictory"],"picked":"SKIP","floor":18.0},{"not_picked":["Perseverance","Crescendo","Prostrate"],"picked":"SKIP","floor":22.0},{"not_picked":["DeceiveReality","SashWhip","Brilliance"],"picked":"SKIP","floor":23.0},{"not_picked":["Consecrate","Replay:BluntJabs","Weave"],"picked":"SKIP","floor":27},{"not_picked":["FlurryOfBlows","Crescendo","EmptyMind"],"picked":"SKIP","floor":28},{"not_picked":["Halt","MasterReality","Replay:BluntJabs"],"picked":"SKIP","floor":29},{"not_picked":["EmptyFist","CutThroughFate+1","Vengeance+1"],"picked":"SKIP","floor":31},{"not_picked":["Replay:AllIn","Vault"],"picked":"Omniscience","floor":33},{"not_picked":["Prostrate","WindmillStrike"],"picked":"TalkToTheHand","floor":35}],"player_experience":537913,"relics_obtained":[{"floor":2.0,"key":"Ring of Panic"},{"floor":2.0,"key":"Ring of Fury"},{"floor":6.0,"key":"Simple Rune"},{"floor":8.0,"key":"The Courier"},{"floor":9.0,"key":"PreservedInsect"},{"floor":13.0,"key":"Mummified Hand"},{"floor":23.0,"key":"Durian"},{"floor":24.0,"key":"Blue Candle"},{"floor":28,"key":"Bronze Scales"},{"floor":31,"key":"Mercury Hourglass"}],"event_choices":[{"damage_healed":0.0,"max_hp_gain":0.0,"max_hp_loss":0.0,"gold_gain":0.0,"event_name":"Upgrade Shrine","player_choice":"Upgraded","floor":4.0,"gold_loss":0.0,"damage_taken":0.0,"cards_upgraded":["Eruption"]},{"damage_healed":0.0,"max_hp_gain":0.0,"max_hp_loss":0.0,"gold_gain":50.0,"event_name":"Golden Shrine","player_choice":"Pray","floor":19.0,"gold_loss":0.0,"damage_taken":0.0},{"cards_removed":["Defend_P"],"damage_healed":0.0,"max_hp_gain":0.0,"max_hp_loss":0.0,"gold_gain":0.0,"event_name":"Back to Basics","player_choice":"Elegance","floor":21.0,"gold_loss":0.0,"damage_taken":0.0}],"is_beta":false,"boss_relics":[{"not_picked":["Coffee Dripper","HolyWater"],"picked":"Philosopher\u0027s Stone"},{"not_picked":["Replay:Wanted Poster","Tiny House"],"picked":"Fusion Hammer"}],"items_purged_floors":[3,20],"is_endless":false,"potions_floor_spawned":[1,6,8,13,23,28,29],"killed_by":"3 Darklings","ascension_level":20}}