{"host":"egwexuw5uvnxf11j","time":1608942650,"event":{"mods":["2.2 Compatiblity","Aspiration","BaseMod","Better Altar","Better Note","Better Sensory Stone","Better Third Choice","Displayed Cursed Tome","Downfall","Hermit","Key Reminder","Koishi","Marisa????????","Minty Spire (QoL Compilation)","Quick Restart","Shade Mod","Spicy Shops","StSLib","The Construct","The Cursed","The Hierophant","The Runesmith","The Senshi","The Servant 0.9.4","Transform Curses"],"gold_per_floor":[109,122,135,155,155,194,194,194,220,238,51,51,51,10,10,138,138,154,170,170,170,184,184,200,200,200],"floor_reached":25,"playtime":1045,"items_purged":[],"score":213,"play_id":"0e3cfaa0-ebde-4578-93c9-ec342083234a","local_time":"20201225193050","is_ascension_mode":true,"campfire_choices":[{"floor":7,"key":"REST"},{"floor":13,"key":"REST"},{"floor":15,"key":"REST"},{"floor":23,"key":"REST"}],"circlet_count":0,"master_deck":["hermit:Strike_Hermit","hermit:Strike_Hermit","hermit:Strike_Hermit","hermit:Strike_Hermit","hermit:Defend_Hermit","hermit:Defend_Hermit","hermit:Defend_Hermit","hermit:Defend_Hermit","hermit:Snapshot","hermit:Covet","hermit:Brawl","hermit:Determination","hermit:Deadeye","hermit:Manifest","hermit:TrackingShot","hermit:Vantage","hermit:Virtue","hermit:LowProfile","hermit:Deadeye","hermit:Roughhouse","hermit:Desperado","hermit:Brawl","J.A.X.","hermit:Dive","hermit:Ricochet+1"],"relics":["hermit:Momento","Nunchaku","Golden Idol","Vajra","keyreminder:keyreminder","Pen Nib","Fusion Hammer","Tiny Chest"],"acts_visited":["Exordium","TheCity"],"potions_floor_usage":[6,16,16,24,24,25],"damage_taken":[{"damage":1,"enemies":"Cultist","floor":1,"turns":3},{"damage":7,"enemies":"2 Louse","floor":2,"turns":2},{"damage":10,"enemies":"Small Slimes","floor":3,"turns":4},{"damage":10,"enemies":"Looter","floor":4,"turns":4},{"damage":33,"enemies":"Gremlin Nob","floor":6,"turns":4},{"damage":25,"enemies":"Red Slaver","floor":10,"turns":4},{"damage":30,"enemies":"Slime Boss","floor":16,"turns":9},{"damage":10,"enemies":"Chosen","floor":18,"turns":4},{"damage":9,"enemies":"3 Byrds","floor":19,"turns":6},{"damage":29,"enemies":"Snake Plant","floor":22,"turns":5},{"damage":26,"enemies":"Snecko","floor":24,"turns":4},{"damage":27,"enemies":"Slavers","floor":25,"turns":2}],"seed_played":"8115742529167778814","potions_obtained":[{"floor":1,"key":"DuplicationPotion"},{"floor":3,"key":"Swift Potion"},{"floor":4,"key":"ColorlessPotion"},{"floor":19,"key":"Fire Potion"},{"floor":22,"key":"LiquidMemories"},{"floor":24,"key":"LiquidBronze"}],"is_trial":false,"path_per_floor":["M","M","M","M","?","E","R","?","T","M","$","?","R","$","R","B",null,"M","M","T","?","M","R","M","E"],"character_chosen":"HERMIT","items_purchased":["Pen Nib","hermit:Virtue","hermit:Deadeye"],"campfire_rested":4,"item_purchase_floors":[11,11,14],"current_hp_per_floor":[74,67,57,47,47,14,36,44,44,19,19,19,41,41,63,33,75,65,56,56,56,27,49,23,0,0],"gold":200,"neow_bonus":"RANDOM_COMMON_RELIC","is_daily":false,"chose_seed":false,"campfire_upgraded":0,"win_rate":0.0,"timestamp":1608942650,"path_taken":["M","M","?","M","?","E","R","?","T","M","$","?","R","$","R","BOSS","M","M","?","?","M","R","?","E"],"items_purchased_type":["Relic","Card","Card"],"build_version":"2020-12-22","purchased_purges":0,"victory":false,"max_hp_per_floor":[75,75,75,75,75,75,75,75,75,75,75,75,75,75,75,75,75,75,75,75,75,75,75,75,75,75],"card_choices":[{"not_picked":["hermit:HighCaliber","hermit:GhostlyPresence"],"picked":"hermit:Brawl","floor":1},{"not_picked":["hermit:LuckOfTheDraw","hermit:Vantage"],"picked":"hermit:Determination","floor":2},{"not_picked":["hermit:Ricochet","hermit:Manifest"],"picked":"hermit:Deadeye","floor":3},{"not_picked":["hermit:Maintenance","hermit:ItchyTrigger"],"picked":"hermit:Manifest","floor":4},{"not_picked":["hermit:Manifest","hermit:ShadowCloak"],"picked":"hermit:TrackingShot","floor":6},{"not_picked":["hermit:Feint","hermit:CalledShot"],"picked":"hermit:Vantage","floor":10},{"not_picked":["hermit:OverwhelmingPower","hermit:FatalDesire"],"picked":"hermit:Roughhouse","floor":16},{"not_picked":["hermit:Ricochet","hermit:BodyArmor"],"picked":"hermit:Desperado","floor":18},{"not_picked":["hermit:Misfire+1","hermit:Ricochet"],"picked":"hermit:Brawl","floor":19},{"not_picked":["hermit:Feint","hermit:SprayPray"],"picked":"hermit:Dive","floor":22},{"not_picked":["hermit:Roughhouse","hermit:Misfire"],"picked":"hermit:Ricochet+1","floor":24}],"player_experience":2098557,"relics_obtained":[{"floor":6,"key":"Vajra"},{"floor":20,"key":"Tiny Chest"}],"event_choices":[{"damage_healed":0,"gold_gain":0,"player_choice":"Take Wound","damage_taken":0,"relics_obtained":["Golden Idol"],"max_hp_gain":0,"max_hp_loss":0,"event_name":"Golden Idol","floor":5,"gold_loss":0,"cards_obtained":["Injury"]},{"damage_healed":0,"gold_gain":0,"cards_transformed":["Injury"],"player_choice":"Transformed","damage_taken":0,"max_hp_gain":0,"max_hp_loss":0,"event_name":"Transmorgrifier","floor":12,"gold_loss":0,"cards_obtained":["hermit:LowProfile"]},{"damage_healed":0,"gold_gain":0,"player_choice":"Obtain J.A.X.","damage_taken":0,"max_hp_gain":0,"max_hp_loss":0,"event_name":"Drug Dealer","floor":21,"gold_loss":0,"cards_obtained":["J.A.X."]}],"is_beta":false,"boss_relics":[{"not_picked":["Ectoplasm","aspiration:FutureDiary"],"picked":"Fusion Hammer"}],"items_purged_floors":[],"is_endless":false,"potions_floor_spawned":[1,3,4,19,22,24],"killed_by":"Slavers","ascension_level":1}}