{"host":"474oh00kq6ni8dn3","time":1608960142,"event":{"mods":["AchievementEnabler","Aspiration","BaseMod","Colored Map","Colored Powertips","Conspire","Custom Start","Downfall","Googly Eyes","Hubris","Infinite Spire","Lobotomy","Minty Spire (QoL Compilation)","Permanent Neow","Quick Restart","Replay The Spire","Shop Mod","StSLib","The Construct","The Jungle"],"gold_per_floor":[99,112,131,131,147,147,147,147,164,164,218,218,229,264,264,280,280,382,382,397,397,307,318,318,318],"floor_reached":24,"playtime":1062,"items_purged":[],"score":200,"play_id":"92523105-f211-4364-9902-0f6150ac99af","local_time":"20201226052222","is_ascension_mode":false,"campfire_choices":[{"data":"ReplayTheSpireMod:Black Plague","floor":6,"key":"SMITH"},{"floor":12,"key":"REST"},{"data":"Spot Weakness","floor":15,"key":"SMITH"},{"data":"Twin Strike","floor":17,"key":"SMITH"}],"circlet_count":0,"master_deck":["Strike_R","Strike_R","Strike_R","Strike_R","Strike_R","Defend_R","Defend_R","Defend_R","Defend_R","Bash","OldLady","Clothesline","QueenOfHatred","WallGazer","Thunderclap","ReplayTheSpireMod:Black Plague+1","VoidDream","DreamingCurrent","Woodsman","Alriune","Spot Weakness+1","BlueStar","Twin Strike+1","WhitesApple","Offering+1","Parasite","RedShoes","Cleave","Parasite","ShyLook","Armaments","PunishingBird","Perfected Strike+1"],"relics":["Burning Blood","CogitoBucket","hubris:KleinBottle","hubris:Macrotransations","King of Hearts","BackwardClock","Golden Egg","aspiration:RandomNobGenerator","hubris:BottledHeart","FleshIdol"],"acts_visited":["Exordium","TheCity"],"potions_floor_usage":[],"damage_taken":[{"damage":1,"enemies":"Cultist","floor":1,"turns":4},{"damage":2,"enemies":"2 Louse","floor":2,"turns":3},{"damage":7,"enemies":"Small Slimes","floor":3,"turns":2},{"damage":4,"enemies":"Looter","floor":5,"turns":3},{"damage":11,"enemies":"3 Louse","floor":9,"turns":3},{"damage":18,"enemies":"2 Fungi Beasts","floor":13,"turns":6},{"damage":58,"enemies":"3 Sentries","floor":14,"turns":11},{"damage":13,"enemies":"Exordium Thugs","floor":16,"turns":3},{"damage":25,"enemies":"Hexaghost","floor":18,"turns":5},{"damage":39,"enemies":"Chosen","floor":20,"turns":5},{"damage":0,"enemies":"Spheric Guardian","floor":22,"turns":4},{"damage":0,"enemies":"Centurion and Healer","floor":23,"turns":3},{"damage":67,"enemies":"Cultist and Chosen","floor":24,"turns":2}],"seed_played":"7067416927291150246","potions_obtained":[{"floor":5,"key":"LiquidMemories"},{"floor":9,"key":"Languid Potion"},{"floor":13,"key":"LifebloodPotion"}],"is_trial":false,"path_per_floor":["M","M","M","$","M","R","PTL","PTL","M","?","T","R","M","E","R","M","R","B",null,"M","?","M","M","M"],"character_chosen":"IRONCLAD","items_purchased":["hubris:KleinBottle","hubris:Macrotransations"],"campfire_rested":1,"item_purchase_floors":[4,4],"current_hp_per_floor":[80,80,79,41,43,43,43,43,38,38,38,62,71,80,80,79,79,61,80,77,1,1,1,0,0],"gold":318,"neow_bonus":"","is_daily":false,"chose_seed":false,"campfire_upgraded":3,"win_rate":0.0,"timestamp":1608960142,"path_taken":["M","M","M","?","M","R","PTL","PTL","?","?","T","R","M","E","R","M","R","BOSS","M","?","M","M","M"],"items_purchased_type":["Relic","Relic"],"build_version":"2020-12-22","purchased_purges":0,"victory":false,"max_hp_per_floor":[80,80,80,80,80,80,80,80,80,80,80,80,80,80,80,80,80,80,80,80,1,1,1,1,1],"card_choices":[{"not_picked":["MHz","OSAHOGD"],"picked":"OldLady","floor":1},{"not_picked":["Second Wind","conspire:ExplosiveBarrier"],"picked":"Clothesline","floor":1},{"not_picked":["PunishingBird","Wellcheers"],"picked":"QueenOfHatred","floor":2},{"not_picked":["Uppercut","Flex","Replay:Undeath\u0027s Touch"],"picked":"SKIP","floor":2},{"not_picked":["LittleHelper","CrumblingArmor"],"picked":"WallGazer","floor":3},{"not_picked":["ReplayTheSpireMod:LeadingStrike","Abandon"],"picked":"Thunderclap","floor":3},{"not_picked":["infinitespire:DeathsTouch","infinitespire:Gouge"],"picked":"ReplayTheSpireMod:Black Plague","floor":4},{"not_picked":["OSAHOGD","HappyTeddy"],"picked":"VoidDream","floor":5},{"not_picked":["conspire:Charge","Clothesline","Fire Breathing"],"picked":"SKIP","floor":5},{"not_picked":["Murderer","Yin"],"picked":"DreamingCurrent","floor":9},{"not_picked":["Clash","ReplayTheSpireMod:Strike From Hell","Twin Strike"],"picked":"SKIP","floor":9},{"not_picked":["UniverseFragment","Wellcheers"],"picked":"Woodsman","floor":13},{"not_picked":["Body Slam","Rage","Sword Boomerang"],"picked":"SKIP","floor":13},{"not_picked":["CrumblingArmor","LittleHelper"],"picked":"Alriune","floor":14},{"not_picked":["Headbutt","Shrug It Off"],"picked":"Spot Weakness","floor":14},{"not_picked":["Yin","LittlePrince"],"picked":"BlueStar","floor":16},{"not_picked":["Blood for Blood","hubris:CleavingFinish"],"picked":"Twin Strike","floor":16},{"not_picked":["SnowQueen","ShyLook"],"picked":"WhitesApple","floor":18},{"not_picked":["Hemogenesis","Demon Form"],"picked":"Offering","floor":18},{"not_picked":["NakedNest","Wellcheers"],"picked":"RedShoes","floor":20},{"not_picked":["Headbutt","conspire:ExplosiveBarrier"],"picked":"Cleave","floor":20},{"not_picked":["Murderer","FieryBird"],"picked":"ShyLook","floor":22},{"not_picked":["Double Tap","Searing Blow"],"picked":"Armaments","floor":22},{"not_picked":["Scorched","BeautyBeast"],"picked":"PunishingBird","floor":23},{"not_picked":["Thunderclap+1","hubris:SharpeningStone"],"picked":"Perfected Strike+1","floor":23}],"player_experience":26468,"relics_obtained":[{"floor":11,"key":"King of Hearts"},{"floor":14,"key":"Golden Egg"}],"event_choices":[{"damage_healed":0,"gold_gain":0,"player_choice":"Leave","damage_taken":0,"max_hp_gain":0,"max_hp_loss":0,"event_name":"conspire:Investor","floor":10,"gold_loss":0}],"is_beta":false,"boss_relics":[{"not_picked":["Black Blood","Electric Blood"],"picked":"aspiration:RandomNobGenerator"}],"items_purged_floors":[],"is_endless":false,"potions_floor_spawned":[5,9,13,16,18,23],"killed_by":"Cultist and Chosen","ascension_level":0}}