{"host":"po0gzr6h085cygwo","time":1608996379,"event":{"mods":["AchievementEnabler","BaseMod","Colored Map","DeckTracker","KOR Keyword Fix","Minty Spire (QoL Compilation)","Rare Cards Sparkle","Replay The Spire","StSLib","SuperFastMode"],"gold_per_floor":[118,68,68,84,100,128,142,158,158,158,170,201,201,236,236,236,236],"floor_reached":16,"playtime":579,"items_purged":[],"score":134,"play_id":"158e50c5-63d9-4ab2-be5a-66bdb1abb796","local_time":"20201227002619","is_ascension_mode":true,"campfire_choices":[{"data":"Uppercut","floor":10,"key":"SMITH"},{"data":"ReplayReversal","floor":15,"key":"SMITH"}],"circlet_count":0,"master_deck":["Strike_R","Strike_R","Strike_R","Strike_R","Defend_R","Defend_R","Defend_R","Bash","Bludgeon","Bloodletting","Uppercut+1","Barricade","ReplayReversal+1"],"relics":["Burning Blood","Nunchaku","Bird Faced Urn"],"acts_visited":["Exordium"],"potions_floor_usage":[6,6,8],"damage_taken":[{"damage":12,"enemies":"2 Louse","floor":1,"turns":3},{"damage":4,"enemies":"Small Slimes","floor":4,"turns":2},{"damage":10,"enemies":"Jaw Worm","floor":5,"turns":2},{"damage":18,"enemies":"3 Sentries","floor":6,"turns":8},{"damage":12,"enemies":"Red Slaver","floor":7,"turns":2},{"damage":5,"enemies":"Exordium Wildlife","floor":8,"turns":3},{"damage":0,"enemies":"Large Slime","floor":11,"turns":2},{"damage":24,"enemies":"Lagavulin","floor":12,"turns":4},{"damage":15,"enemies":"Replay:BlueRogue","floor":14,"turns":6},{"damage":44,"enemies":"Slime Boss","floor":16,"turns":6}],"seed_played":"6408520052781891484","potions_obtained":[{"floor":1,"key":"Adrenaline Potion"},{"floor":4,"key":"LiquidBronze"},{"floor":7,"key":"ColorlessPotion"}],"is_trial":false,"path_per_floor":["M","?","?","M","M","E","M","M","T","R","M","E","?","E","R","B"],"character_chosen":"IRONCLAD","items_purchased":[],"campfire_rested":0,"item_purchase_floors":[],"current_hp_per_floor":[66,66,66,68,64,52,46,47,47,47,53,35,35,26,26,0,0],"gold":236,"neow_bonus":"THREE_RARE_CARDS","is_daily":false,"chose_seed":false,"campfire_upgraded":2,"win_rate":0.0,"timestamp":1608996379,"path_taken":["M","?","?","M","M","E","M","M","T","R","M","E","?","E","R","BOSS"],"items_purchased_type":[],"build_version":"2020-12-22","purchased_purges":0,"victory":false,"max_hp_per_floor":[72,72,72,72,72,72,72,72,72,72,72,72,72,72,72,72,72],"card_choices":[{"not_picked":["Exhume","Barricade"],"picked":"Bludgeon","floor":0},{"not_picked":["Anger","Abandon"],"picked":"Bloodletting","floor":1},{"not_picked":["Clothesline","True Grit"],"picked":"Uppercut","floor":4},{"not_picked":["Sword Boomerang","ReplayTheSpireMod:Strike From Hell","Anger"],"picked":"SKIP","floor":5},{"not_picked":["Wild Strike","Clothesline","Flex"],"picked":"SKIP","floor":6},{"not_picked":["Pommel Strike","Whirlwind"],"picked":"Barricade","floor":7},{"not_picked":["Sword Boomerang","Disarm","Power Through"],"picked":"SKIP","floor":8},{"not_picked":["Wild Strike","ReplayTheSpireMod:Strike From Hell","Shockwave"],"picked":"SKIP","floor":11},{"not_picked":["Perfected Strike","Pommel Strike"],"picked":"ReplayReversal","floor":12},{"not_picked":["Sword Boomerang","Anger","Clothesline"],"picked":"SKIP","floor":14}],"player_experience":45957,"relics_obtained":[{"floor":12,"key":"Nunchaku"},{"floor":14,"key":"Bird Faced Urn"}],"event_choices":[{"cards_removed":["Strike_R"],"damage_healed":0,"gold_gain":0,"player_choice":"Card Removal","damage_taken":0,"max_hp_gain":0,"max_hp_loss":0,"event_name":"The Cleric","floor":2,"gold_loss":50},{"damage_healed":0,"gold_gain":0,"player_choice":"Ignored","damage_taken":0,"max_hp_gain":0,"max_hp_loss":0,"event_name":"Liars Game","floor":13,"gold_loss":0}],"is_beta":false,"boss_relics":[],"items_purged_floors":[],"is_endless":false,"potions_floor_spawned":[1,4,7],"killed_by":"Slime Boss","ascension_level":2}}