{"host":"3y2rtlgteqp2nuo3","time":1608998268,"event":{"mods":["2.2 Compatiblity","AchievementEnabler","BaseMod","Colored Map","DeckTracker","Highlight Path","Keyboard Shortcuts","Minty Spire (QoL Compilation)","Permanent Neow","Quick Restart","StSLib","SuperFastMode","everything is the same but u backflip on backflip"],"gold_per_floor":[116,130,145,160,160,160,160,195,195,46,46,62,62,83,83,214,214,230,244,262,286,302,302,320,341,341,341,341,354,354,373,373,373,373],"floor_reached":33,"playtime":695,"items_purged":[],"score":344,"play_id":"5b3b4950-4b41-4557-a5b7-08ba9f958677","local_time":"20201227005748","is_ascension_mode":true,"campfire_choices":[{"data":"Hyperbeam","floor":7.0,"key":"SMITH"},{"floor":11.0,"key":"REST"},{"data":"Zap","floor":13.0,"key":"SMITH"},{"data":"Defragment","floor":15.0,"key":"SMITH"},{"floor":23.0,"key":"REST"},{"floor":27.0,"key":"REST"},{"data":"Thunder Strike","floor":30.0,"key":"SMITH"},{"data":"Coolheaded","floor":32.0,"key":"SMITH"}],"circlet_count":0,"master_deck":["Strike_B","Strike_B","Defend_B","Defend_B","Defend_B","Defend_B","Zap+1","Dualcast","Reinforced Body","Compile Driver+1","Ball Lightning","Hyperbeam+1","Go for the Eyes","Barrage+1","Defragment+1","Thunder Strike+1","Tempest","Reinforced Body","Coolheaded+1","Glacier","Injury","Ghostly","Ghostly","Ghostly","Ghostly","Ghostly","Self Repair+1"],"relics":["Cracked Core","Golden Idol","Tiny Chest","Whetstone","Bag of Preparation","Cursed Key","Singing Bowl"],"acts_visited":["Exordium","TheCity"],"potions_floor_usage":[33],"damage_taken":[{"damage":0.0,"enemies":"Small Slimes","floor":1.0,"turns":3.0},{"damage":0.0,"enemies":"2 Louse","floor":2.0,"turns":2.0},{"damage":0.0,"enemies":"Jaw Worm","floor":3.0,"turns":3.0},{"damage":10.0,"enemies":"Exordium Wildlife","floor":4.0,"turns":3.0},{"damage":21.0,"enemies":"Lagavulin","floor":8.0,"turns":5.0},{"damage":1.0,"enemies":"Looter","floor":12.0,"turns":2.0},{"damage":0.0,"enemies":"Exordium Thugs","floor":14.0,"turns":1.0},{"damage":28.0,"enemies":"Hexaghost","floor":16.0,"turns":8.0},{"damage":2.0,"enemies":"Chosen","floor":18.0,"turns":4.0},{"damage":25.0,"enemies":"Shell Parasite","floor":19.0,"turns":4.0},{"damage":4.0,"enemies":"Snake Plant","floor":20.0,"turns":4.0},{"damage":19.0,"enemies":"Shelled Parasite and Fungi","floor":21.0,"turns":4.0},{"damage":0.0,"enemies":"Snecko","floor":22.0,"turns":3.0},{"damage":17.0,"enemies":"Sentry and Sphere","floor":24.0,"turns":4.0},{"damage":2.0,"enemies":"Shelled Parasite and Fungi","floor":25.0,"turns":6.0},{"damage":2.0,"enemies":"Snecko","floor":29.0,"turns":5.0},{"damage":16.0,"enemies":"3 Cultists","floor":31.0,"turns":5.0},{"damage":54,"enemies":"Automaton","floor":33,"turns":6}],"seed_played":"8651399692547540126","potions_obtained":[{"floor":2.0,"key":"SteroidPotion"},{"floor":3.0,"key":"FearPotion"},{"floor":14.0,"key":"Energy Potion"},{"floor":18.0,"key":"PowerPotion"},{"floor":19.0,"key":"Weak Potion"},{"floor":22.0,"key":"FearPotion"},{"floor":31.0,"key":"LiquidBronze"}],"is_trial":false,"path_per_floor":["M","M","M","M","?","?","R","E","T","$","R","M","R","M","R","B",null,"M","M","M","M","M","R","M","M","T","R","?","M","R","M","R","B"],"character_chosen":"DEFECT","items_purchased":["Bag of Preparation"],"campfire_rested":3,"item_purchase_floors":[10],"current_hp_per_floor":[75,75,75,65,47,40,40,19,19,19,41,40,40,40,40,12,59,57,32,28,9,9,31,14,12,12,34,34,32,32,28,28,0,0],"gold":373,"neow_bonus":"TRANSFORM_CARD","is_daily":false,"chose_seed":false,"campfire_upgraded":5,"win_rate":0.0,"timestamp":1608998268,"path_taken":["M","M","M","M","?","?","R","E","T","$","R","M","R","M","R","BOSS","M","M","M","M","M","R","M","M","T","R","?","M","R","M","R","BOSS"],"items_purchased_type":["Relic"],"build_version":"2020-12-22","purchased_purges":0,"victory":false,"max_hp_per_floor":[75,75,75,75,75,75,75,75,75,75,75,75,75,75,75,75,75,75,75,75,75,75,75,75,75,75,75,37,37,37,39,39,39,39],"card_choices":[{"not_picked":["Chaos","Genetic Algorithm"],"picked":"Compile Driver","floor":1.0},{"not_picked":["Coolheaded","Cold Snap"],"picked":"Ball Lightning","floor":2.0},{"not_picked":["Conserve Battery","Beam Cell"],"picked":"Hyperbeam","floor":3.0},{"not_picked":["Undo","Capacitor"],"picked":"Go for the Eyes","floor":4.0},{"not_picked":["Cold Snap","Undo"],"picked":"Barrage","floor":8.0},{"not_picked":["Melter","Capacitor","Redo"],"picked":"SKIP","floor":12.0},{"not_picked":["Hyperbeam","Redo"],"picked":"Defragment","floor":14.0},{"not_picked":["Rainbow","Multi-Cast"],"picked":"Thunder Strike","floor":16.0},{"not_picked":["Barrage","Turbo"],"picked":"Tempest","floor":18.0},{"not_picked":["Cold Snap","Chaos"],"picked":"Reinforced Body","floor":19.0},{"not_picked":["Steam","Beam Cell","Coolheaded"],"picked":"SKIP","floor":20.0},{"not_picked":["Undo","Cold Snap","Go for the Eyes"],"picked":"SKIP","floor":21.0},{"not_picked":["Barrage+1","FTL"],"picked":"Coolheaded","floor":22.0},{"not_picked":["Fusion+1","Cold Snap"],"picked":"Glacier","floor":24.0},{"not_picked":["Lockon","Gash+1","Stack"],"picked":"SKIP","floor":25.0},{"not_picked":["Redo+1","BootSequence+1"],"picked":"Self Repair+1","floor":29.0},{"not_picked":["Go for the Eyes","Storm+1","Compile Driver"],"picked":"Singing Bowl","floor":31.0}],"player_experience":654129,"relics_obtained":[{"floor":8.0,"key":"Tiny Chest"},{"floor":9.0,"key":"Whetstone"},{"floor":26.0,"key":"Singing Bowl"}],"event_choices":[{"damage_healed":0.0,"max_hp_gain":0.0,"max_hp_loss":0.0,"gold_gain":0.0,"event_name":"Golden Idol","player_choice":"Take Damage","floor":5.0,"gold_loss":0.0,"damage_taken":18.0,"relics_obtained":["Golden Idol"]},{"cards_removed":["Strike_B"],"damage_healed":0.0,"max_hp_gain":0.0,"max_hp_loss":0.0,"gold_gain":0.0,"event_name":"Golden Wing","player_choice":"Card Removal","floor":6.0,"gold_loss":0.0,"damage_taken":7.0},{"damage_healed":0.0,"max_hp_gain":0.0,"max_hp_loss":38.0,"gold_gain":0.0,"event_name":"Ghosts","player_choice":"Became a Ghost","floor":28.0,"gold_loss":0.0,"damage_taken":0.0,"cards_obtained":["Ghostly","Ghostly","Ghostly","Ghostly","Ghostly"]}],"is_beta":false,"boss_relics":[{"not_picked":["Sozu","Velvet Choker"],"picked":"Cursed Key"}],"items_purged_floors":[],"is_endless":false,"potions_floor_spawned":[2,3,14,18,19,22,31],"killed_by":"Automaton","ascension_level":5}}