{"host":"phniwng9zo19jwdb","time":1608989210,"event":{"mods":["AchievementEnabler","BaseMod","Colored Powertips","Faster Ascension Climbing","GifTheSpireLib","Minty Spire (QoL Compilation)","Permanent Neow","Quick Restart","Rare Cards Sparkle","StSLib"],"gold_per_floor":[17,17,32,44,57,57,83,358,358,358,374,400,415,440,440,440,440],"floor_reached":16,"playtime":442,"items_purged":[],"score":207,"play_id":"63eb480e-8e0e-4a63-a8fc-e21fe16f57fa","local_time":"20201226142650","is_ascension_mode":true,"campfire_choices":[{"data":"Armaments","floor":6.0,"key":"SMITH"},{"data":"Bludgeon","floor":10.0,"key":"SMITH"},{"data":"True Grit","floor":15,"key":"SMITH"}],"circlet_count":0,"master_deck":["AscendersBane","Strike_R","Strike_R","Strike_R+1","Strike_R","Defend_R","Defend_R","Defend_R","Defend_R","Bash","Bludgeon","Armaments+1","Burning Pact","Bludgeon+1","Clash+1","Clash","Regret","Shrug It Off","True Grit+1","Battle Trance"],"relics":["Burning Blood","Happy Flower","Ancient Tea Set","Matryoshka","Whetstone"],"acts_visited":["Exordium"],"potions_floor_usage":[14],"damage_taken":[{"damage":0.0,"enemies":"Small Slimes","floor":1.0,"turns":3.0},{"damage":6.0,"enemies":"Cultist","floor":3.0,"turns":3.0},{"damage":12.0,"enemies":"Jaw Worm","floor":4.0,"turns":2.0},{"damage":14.0,"enemies":"Red Slaver","floor":5.0,"turns":3.0},{"damage":20.0,"enemies":"Gremlin Nob","floor":7.0,"turns":4.0},{"damage":0.0,"enemies":"Exordium Wildlife","floor":11.0,"turns":1.0},{"damage":33.0,"enemies":"Lagavulin","floor":12.0,"turns":7.0},{"damage":9.0,"enemies":"Blue Slaver","floor":13.0,"turns":3.0},{"damage":22,"enemies":"Gremlin Nob","floor":14,"turns":4},{"damage":26,"enemies":"Hexaghost","floor":16,"turns":11}],"seed_played":"8184685098687705004","potions_obtained":[{"floor":4.0,"key":"ElixirPotion"},{"floor":5.0,"key":"Regen Potion"},{"floor":12.0,"key":"Ancient Potion"},{"floor":13.0,"key":"Energy Potion"}],"is_trial":false,"path_per_floor":["M","?","M","M","M","R","E","?","T","R","M","E","M","E","R","B"],"character_chosen":"IRONCLAD","items_purchased":[],"campfire_rested":0,"item_purchase_floors":[],"current_hp_per_floor":[74,74,74,68,60,60,46,46,46,46,52,40,37,21,21,0,0],"gold":440,"neow_bonus":"THREE_RARE_CARDS","is_daily":false,"chose_seed":false,"campfire_upgraded":3,"win_rate":0.0,"timestamp":1608989210,"path_taken":["M","?","M","?","M","R","E","?","T","R","M","E","M","E","R","BOSS"],"items_purchased_type":[],"build_version":"2020-12-22","purchased_purges":0,"victory":false,"max_hp_per_floor":[75,75,75,75,75,75,75,75,75,75,75,75,75,75,75,75,75],"card_choices":[{"not_picked":["Berserk","Double Tap"],"picked":"Bludgeon","floor":0.0},{"not_picked":["Clothesline","Iron Wave"],"picked":"Armaments","floor":1.0},{"not_picked":["Power Through","Warcry","Body Slam"],"picked":"SKIP","floor":3.0},{"not_picked":["Anger","Thunderclap"],"picked":"Bludgeon","floor":4.0},{"not_picked":["Perfected Strike","Warcry"],"picked":"Clash","floor":5.0},{"not_picked":["Disarm","Sword Boomerang"],"picked":"Clash","floor":7.0},{"not_picked":["Uppercut","Cleave","Sword Boomerang"],"picked":"SKIP","floor":11.0},{"not_picked":["Bludgeon","Searing Blow"],"picked":"Shrug It Off","floor":12.0},{"not_picked":["Shrug It Off","Power Through"],"picked":"True Grit","floor":13.0},{"not_picked":["Heavy Blade","Thunderclap"],"picked":"Battle Trance","floor":14}],"player_experience":17005,"relics_obtained":[{"floor":7.0,"key":"Happy Flower"},{"floor":9.0,"key":"Ancient Tea Set"},{"floor":12.0,"key":"Matryoshka"},{"floor":14,"key":"Whetstone"}],"event_choices":[{"damage_healed":0.0,"max_hp_gain":0.0,"max_hp_loss":0.0,"gold_gain":0.0,"cards_transformed":["Strike_R"],"event_name":"Transmorgrifier","player_choice":"Transformed","floor":2.0,"gold_loss":0.0,"damage_taken":0.0,"cards_obtained":["Burning Pact"]},{"damage_healed":0.0,"max_hp_gain":0.0,"max_hp_loss":0.0,"gold_gain":275.0,"event_name":"Golden Shrine","player_choice":"Desecrate","floor":8.0,"gold_loss":0.0,"damage_taken":0.0,"cards_obtained":["Regret"]}],"is_beta":false,"boss_relics":[],"items_purged_floors":[],"is_endless":false,"potions_floor_spawned":[4,5,12,13],"killed_by":"Hexaghost","ascension_level":14}}