{"host":"j06fkfseroga8i8e","time":1608957237,"event":{"mods":["BaseMod","Bestiary","Colored Map","Colored Powertips","Minty Spire (QoL Compilation)","Relic Stats","StSLib","everything is the same but u backflip on backflip"],"gold_per_floor":[119,119,130,130,157,157,188,263,263,279,317,338,338,353,353,482,482],"floor_reached":16,"playtime":263,"items_purged":[],"score":296,"play_id":"88ba5876-ea18-43ae-8c85-2f2eb484e58d","local_time":"20201225233357","is_ascension_mode":true,"campfire_choices":[{"data":"Zap","floor":6,"key":"SMITH"},{"data":"Genetic Algorithm","floor":13,"key":"SMITH"},{"floor":15,"key":"REST"}],"circlet_count":0,"master_deck":["AscendersBane","Strike_B+1","Strike_B","Strike_B","Strike_B","Defend_B","Defend_B","Defend_B","Defend_B","Zap+1","Dualcast","Defragment+1","Sweeping Beam+1","Turbo","White Noise","Cold Snap","Genetic Algorithm+1","Ball Lightning"],"relics":["Cracked Core","NeowsBlessing","Golden Idol","MealTicket","DataDisk","StrikeDummy","Whetstone"],"acts_visited":["Exordium"],"potions_floor_usage":[],"damage_taken":[{"damage":0,"enemies":"2 Louse","floor":1,"turns":1},{"damage":0,"enemies":"Jaw Worm","floor":3,"turns":1},{"damage":0,"enemies":"Gremlin Nob","floor":7,"turns":1},{"damage":0,"enemies":"Small Slimes","floor":10,"turns":2},{"damage":10,"enemies":"Lagavulin","floor":11,"turns":6},{"damage":14,"enemies":"Red Slaver","floor":12,"turns":2},{"damage":6,"enemies":"Blue Slaver","floor":14,"turns":3},{"damage":31,"enemies":"Hexaghost","floor":16,"turns":9}],"seed_played":"1571856302508570436","potions_obtained":[{"floor":3,"key":"PowerPotion"},{"floor":10,"key":"AttackPotion"}],"is_trial":false,"path_per_floor":["M","?","M","?","T","R","E","?","T","M","E","M","R","M","R","B"],"character_chosen":"DEFECT","items_purchased":[],"campfire_rested":1,"item_purchase_floors":[],"current_hp_per_floor":[68,68,68,68,68,68,68,57,57,57,47,33,33,27,47,16,16],"gold":482,"neow_bonus":"THREE_ENEMY_KILL","is_daily":false,"chose_seed":false,"campfire_upgraded":2,"win_rate":0.0,"timestamp":1608957237,"path_taken":["M","?","M","?","?","R","E","?","T","M","E","M","R","M","R","BOSS"],"items_purchased_type":[],"build_version":"2020-12-22","purchased_purges":0,"victory":false,"max_hp_per_floor":[75,75,75,69,69,69,69,69,69,69,69,69,69,69,69,69,69],"relic_stats":{"counters":[8,25],"Golden Idol":50,"MealTicket":0,"Whetstone":["Strike_B","Sweeping Beam"],"obtain_stats":[{"DataDisk":7,"NeowsBlessing":0,"Golden Idol":4,"MealTicket":5,"Whetstone":11,"Cracked Core":0,"StrikeDummy":9},{"DataDisk":3,"NeowsBlessing":0,"Golden Idol":2,"MealTicket":2,"Whetstone":5,"Cracked Core":0,"StrikeDummy":3},{"DataDisk":3,"NeowsBlessing":0,"Golden Idol":2,"MealTicket":2,"Whetstone":11,"Cracked Core":0,"StrikeDummy":3}]},"card_choices":[{"not_picked":["Cold Snap","Hologram"],"picked":"Defragment","floor":1},{"not_picked":["Barrage","Sweeping Beam","Lockon"],"picked":"SKIP","floor":3},{"not_picked":["Barrage","Lockon"],"picked":"Sweeping Beam","floor":3},{"not_picked":["Streamline","Leap"],"picked":"Turbo","floor":7},{"not_picked":["Conserve Battery","Go for the Eyes"],"picked":"White Noise","floor":10},{"not_picked":["Compile Driver","Tempest"],"picked":"Cold Snap","floor":11},{"not_picked":["Barrage","Scrape"],"picked":"Genetic Algorithm","floor":12},{"not_picked":["Go for the Eyes","Hologram"],"picked":"Ball Lightning","floor":14}],"player_experience":567840,"relics_obtained":[{"floor":5,"key":"MealTicket"},{"floor":7,"key":"DataDisk"},{"floor":9,"key":"StrikeDummy"},{"floor":11,"key":"Whetstone"}],"event_choices":[{"damage_healed":0,"gold_gain":0,"player_choice":"Grow","damage_taken":0,"max_hp_gain":0,"max_hp_loss":0,"event_name":"Living Wall","floor":2,"gold_loss":0,"cards_upgraded":["Defragment"]},{"damage_healed":0,"gold_gain":0,"player_choice":"Lose Max HP","damage_taken":0,"relics_obtained":["Golden Idol"],"max_hp_gain":0,"max_hp_loss":6,"event_name":"Golden Idol","floor":4,"gold_loss":0},{"damage_healed":0,"gold_gain":75,"player_choice":"Gather Gold","damage_taken":11,"max_hp_gain":0,"max_hp_loss":0,"event_name":"World of Goop","floor":8,"gold_loss":0}],"is_beta":false,"boss_relics":[],"items_purged_floors":[],"is_endless":false,"potions_floor_spawned":[3,10,11,16],"killed_by":"Hexaghost","ascension_level":12}}