{"host":"uae2ry9d6rl7cq98","time":1608947455,"event":{"mods":["AchievementEnabler","BaseMod","BetterRewards","Colored Map","Custom Start","Hermit","Hubris","Infinite Spire","Minty Spire (QoL Compilation)","Replay The Spire","Shop Mod","StSLib","SuperFastMode","The Animator","The Hierophant","The Servant 0.9.4"],"gold_per_floor":[119,70,88,263,263,291,291,291,291],"floor_reached":8,"playtime":312,"items_purged":["Strike_B"],"score":59,"play_id":"549f1765-b180-47e1-8147-172d85b7a733","local_time":"20201225175055","is_ascension_mode":true,"campfire_choices":[{"floor":7,"key":"RECALL"}],"circlet_count":0,"master_deck":["Strike_B","Strike_B","Strike_B","Defend_B","Defend_B","Defend_B","Defend_B","Zap","Dualcast","Storm+1","Barrage+1","Gash+1","Turbo","Gash","Gash","Go for the Eyes","Doubt","Self Repair"],"relics":["Cracked Core","Prayer Wheel","MerchantsRug","Guide Book","hubris:GlazedTorus","infinitespire:PuzzleCube"],"acts_visited":["Exordium"],"potions_floor_usage":[],"damage_taken":[{"damage":7,"enemies":"Small Slimes","floor":1,"turns":3},{"damage":0,"enemies":"2 Louse","floor":3,"turns":3},{"damage":30,"enemies":"Lagavulin","floor":6,"turns":6},{"damage":0,"enemies":"3 Sentries","floor":8,"turns":2}],"seed_played":"-3330083153174293797","potions_obtained":[{"floor":3,"key":"PowerPotion"}],"is_trial":false,"path_per_floor":["M","$","M","?","?","E","R","E"],"character_chosen":"DEFECT","items_purchased":["Storm","MerchantsRug","Barrage","Guide Book","hubris:GlazedTorus","FairyPotion","FocusPotion","Gash"],"campfire_rested":0,"item_purchase_floors":[0,0,0,0,0,0,0,2],"current_hp_per_floor":[26,26,26,26,26,22,22,22,22],"gold":291,"neow_bonus":"","is_daily":false,"chose_seed":false,"campfire_upgraded":0,"win_rate":0.0,"timestamp":1608947455,"path_taken":["M","$","M","?","?","E","R","E"],"items_purchased_type":["Card","Relic","Card","Relic","Relic","Potion","Potion","Card"],"build_version":"2020-12-22","purchased_purges":1,"victory":false,"max_hp_per_floor":[75,75,75,75,75,75,75,75,75],"card_choices":[{"not_picked":["Rebound","Cold Snap"],"picked":"Gash","floor":1},{"not_picked":["Lockon","Cold Snap"],"picked":"Turbo","floor":1},{"not_picked":["Compile Driver","FIFO Queue"],"picked":"Gash","floor":3},{"not_picked":["Capacitor","Electrodynamics"],"picked":"Go for the Eyes","floor":3},{"not_picked":["hubris:DoWhile","Leap"],"picked":"Self Repair","floor":6}],"player_experience":257699,"relics_obtained":[{"floor":6,"key":"infinitespire:PuzzleCube"}],"event_choices":[{"damage_healed":0,"gold_gain":175,"player_choice":"AGREE","damage_taken":0,"max_hp_gain":0,"max_hp_loss":0,"event_name":"Liars Game","floor":4,"gold_loss":0,"cards_obtained":["Doubt"]}],"is_beta":false,"boss_relics":[],"items_purged_floors":[0],"is_endless":false,"potions_floor_spawned":[3],"killed_by":"3 Sentries","ascension_level":2}}