{"host":"nh8rc3jipwgi5qu3","time":1608946475,"event":{"mods":["Act Like it!","Aspiration","BaseMod","Better Third Choice","Colored Map","Colored Powertips","DeckTracker","Elementarium","Energized Spire","GifTheSpireLib","GungeonMod","Hubris","Humility","Infinite Spire","Ironclad Rager","Lobotomy","Marked Mod","Mimic Mod","Minty Spire (QoL Compilation)","Relic Stats","Replay The Spire","Reworked Bosses","Spikes Relics","StSLib","Stuff the Spire","SuperFastMode"],"gold_per_floor":[119,136,151,163,178,208,220,293,305,317,339,21,48,48,48,148,148,160,178,93,105,105,136,150,178,224,224,224,241,241,252,252,355,355,394,440,481,532,532,532,596,610,610,682,743,743,743,803,803,803],"floor_reached":51,"playtime":10400,"items_purged":["Strike_G"],"score":988,"play_id":"5c54d00d-fdfe-454c-8d67-e54e923eb042","local_time":"20201226023435","is_ascension_mode":false,"campfire_choices":[{"floor":7,"key":"REST"},{"floor":15,"key":"REST"},{"floor":30,"key":"REST"},{"floor":32,"key":"REST"},{"data":"Catalyst","floor":40,"key":"SMITH"},{"floor":49,"key":"REST"}],"circlet_count":0,"master_deck":["Strike_G","Strike_G","Strike_G","Strike_G","Defend_G","Defend_G","Defend_G","Defend_G","Defend_G","Survivor","Neutralize","Bane","Noxious Fumes+1","Fluid Movement","Venomology+1","Deadly Poison","Poisoned Stab","Dodge and Roll","Parasite","Catalyst+1","Toxin Wave","StuffTheSpire:Sprint","Decay","Poison Darts","Flying Knee","PiercingWail","Leg Sweep","infinitespire:FutureSight","Envenom+1","Escape Plan","Envenom+1","infinitespire:FutureSight","Cloak And Dagger","Backstab","Dodge and Roll","Poisoned Stab","Burst+1","StuffTheSpire:Fury","infinitespire:Neurotoxin+1","Masterful Stab+1","ReplayTheSpireMod:Necrosis+1","StuffTheSpire:Rapture+1","Noxious Fumes+1","Fluid Movement+1","Replay:Bag of Tricks+1","Acrobatics","Crippling Poison","Dodge and Roll","Catalyst+1"],"relics":["Ring of the Snake","aspiration:Nostalgia","PureWater","Frozen Egg 2","DemoMod:VorpalBullet","Guide Book","aspiration:HiddenCompartment","ReplayTheSpireMod:Ring of Collecting","Honey Jar","Thread and Needle","aspiration:FutureDiary","StuffTheSpire:BottledEssence","Golden Egg","Mercury Hourglass","Ring of Peace","Dream Catcher","MutagenicStrength","infinitespire:EvilPickle","Black Star","SpikesRelics:ToyHorsey","StuffTheSpire:Gunfinga","CaptainsWheel","Ring of Fangs","hubris:DisguiseKit","infinitespire:Eraser"],"acts_visited":["Exordium","TheCity","TheBeyond"],"potions_floor_usage":[5,6,11,13,16,16,16,21,23,25,29,31,33,33,36,37,41,41,42,45,50,50,50],"damage_taken":[{"damage":5,"enemies":"Jaw Worm","floor":1,"turns":6},{"damage":0,"enemies":"Small Slimes","floor":2,"turns":5},{"damage":0,"enemies":"2 Louse","floor":3,"turns":3},{"damage":18,"enemies":"Large Slime","floor":4,"turns":8},{"damage":0,"enemies":"3 Louse","floor":5,"turns":4},{"damage":31,"enemies":"Gremlin Nob","floor":6,"turns":4},{"damage":2,"enemies":"Red Slaver","floor":11,"turns":4},{"damage":20,"enemies":"3 Sentries","floor":13,"turns":7},{"damage":0,"enemies":"The Guardian","floor":16,"turns":8},{"damage":5,"enemies":"3 Byrds","floor":18,"turns":4},{"damage":26,"enemies":"Spheric Guardian","floor":19,"turns":6},{"damage":5,"enemies":"Snecko","floor":21,"turns":5},{"damage":6,"enemies":"Slavers","floor":23,"turns":5},{"damage":0,"enemies":"Snake Plant","floor":24,"turns":3},{"damage":5,"enemies":"Book of Stabbing","floor":25,"turns":5},{"damage":0,"enemies":"Shelled Parasite and Fungi","floor":29,"turns":4},{"damage":0,"enemies":"Centurion and Healer","floor":31,"turns":7},{"damage":3,"enemies":"Pondfish","floor":33,"turns":8},{"damage":0,"enemies":"3 Shapes","floor":35,"turns":3},{"damage":11,"enemies":"3 Darklings","floor":36,"turns":6},{"damage":29,"enemies":"Sphere and 2 Shapes","floor":37,"turns":5},{"damage":0,"enemies":"4 Shapes","floor":38,"turns":5},{"damage":0,"enemies":"R_Hoarder","floor":41,"turns":5},{"damage":7,"enemies":"Jaw Worm Horde","floor":42,"turns":4},{"damage":0,"enemies":"Giant Head","floor":44,"turns":6},{"damage":7,"enemies":"3 Darklings","floor":45,"turns":5},{"damage":2,"enemies":"4 Shapes","floor":48,"turns":2},{"damage":22,"enemies":"bossMod:newShapes","floor":50,"turns":6}],"seed_played":"4254932400918928925","potions_obtained":[{"floor":2,"key":"Venom Potion"},{"floor":3,"key":"Energy Potion"},{"floor":4,"key":"BlessingOfTheForge"},{"floor":8,"key":"Dexterity Potion"},{"floor":18,"key":"Reflective Coating"},{"floor":19,"key":"Energy Potion"},{"floor":23,"key":"FearPotion"},{"floor":24,"key":"Milkshake"},{"floor":29,"key":"FearPotion"},{"floor":31,"key":"Languid Potion"},{"floor":35,"key":"Dexterity Potion"},{"floor":45,"key":"SteroidPotion"}],"is_trial":false,"path_per_floor":["M","M","M","M","M","E","R","?","T","?","M","$","E","?","R","B",null,"M","M","?","M","AVR","E","M","E","T","?","?","M","R","M","R","B",null,"M","M","M","M","?","R","E","M","T","E","M","?","?","M","R","B",null],"character_chosen":"THE_SILENT","items_purchased":["Catalyst","Toxin Wave","Guide Book"],"campfire_rested":5,"item_purchase_floors":[12,12,12],"current_hp_per_floor":[65,65,65,47,47,16,37,20,20,37,35,35,15,15,36,36,70,65,39,39,34,34,28,28,23,23,23,23,23,44,44,65,68,70,70,59,30,30,30,30,30,23,23,23,16,16,16,14,35,13],"gold":803,"neow_bonus":"NOSTALGIA","is_daily":false,"chose_seed":false,"campfire_upgraded":1,"win_rate":0.0,"timestamp":1608946475,"path_taken":["M","M","M","M","M","E","R","?","T","?","M","$","E","?","R","BOSS","M","M","?","M","AVR","E","M","E","T","?","?","M","R","?","R","BOSS","M","M","M","M","?","R","E","M","T","E","M","?","?","?","R","BOSS"],"items_purchased_type":["Card","Card","Relic"],"build_version":"2020-12-22","purchased_purges":1,"victory":true,"max_hp_per_floor":[70,70,70,70,70,70,70,70,70,70,70,70,70,70,70,70,70,70,70,70,70,70,70,70,70,70,70,70,70,70,70,70,70,70,70,70,70,70,70,70,70,70,70,70,70,70,70,70,70,70],"relic_stats":{"Dream Catcher":3,"counters":[28,143],"Black Star":2,"obtain_stats":[{"Golden Egg":23,"DemoMod:GlassGuonStoneRelic":4,"StuffTheSpire:BottledEssence":22,"Dream Catcher":26,"StuffTheSpire:Gunfinga":41,"SpikesRelics:ToyHorsey":41,"Ring of Fangs":43,"Ring of Peace":26,"Honey Jar":17,"aspiration:FutureDiary":22,"infinitespire:Eraser":44,"Ring of the Snake":0,"hubris:DisguiseKit":44,"aspiration:Nostalgia":0,"Guide Book":12,"Thread and Needle":20,"Frozen Egg 2":8,"MawBank":6,"aspiration:HiddenCompartment":13,"Mercury Hourglass":25,"infinitespire:EvilPickle":33,"CaptainsWheel":43,"ReplayTheSpireMod:Ring of Collecting":14,"MutagenicStrength":27,"Black Star":34,"PureWater":0,"DemoMod:VorpalBullet":9},{"Golden Egg":13,"DemoMod:GlassGuonStoneRelic":4,"StuffTheSpire:BottledEssence":12,"Dream Catcher":15,"StuffTheSpire:Gunfinga":23,"SpikesRelics:ToyHorsey":23,"Ring of Fangs":24,"Ring of Peace":15,"Honey Jar":9,"aspiration:FutureDiary":12,"infinitespire:Eraser":25,"Ring of the Snake":0,"hubris:DisguiseKit":25,"aspiration:Nostalgia":0,"Guide Book":7,"Thread and Needle":11,"Frozen Egg 2":6,"MawBank":6,"aspiration:HiddenCompartment":8,"Mercury Hourglass":15,"infinitespire:EvilPickle":18,"CaptainsWheel":24,"ReplayTheSpireMod:Ring of Collecting":8,"MutagenicStrength":15,"Black Star":18,"PureWater":0,"DemoMod:VorpalBullet":6},{"Golden Egg":69,"DemoMod:GlassGuonStoneRelic":22,"StuffTheSpire:BottledEssence":64,"Dream Catcher":77,"StuffTheSpire:Gunfinga":120,"SpikesRelics:ToyHorsey":120,"Ring of Fangs":124,"Ring of Peace":77,"Honey Jar":49,"aspiration:FutureDiary":64,"infinitespire:Eraser":130,"Ring of the Snake":0,"hubris:DisguiseKit":130,"aspiration:Nostalgia":0,"Guide Book":34,"Thread and Needle":59,"Frozen Egg 2":30,"MawBank":30,"aspiration:HiddenCompartment":41,"Mercury Hourglass":77,"infinitespire:EvilPickle":96,"CaptainsWheel":124,"ReplayTheSpireMod:Ring of Collecting":41,"MutagenicStrength":77,"Black Star":96,"PureWater":0,"DemoMod:VorpalBullet":30}],"Ring of the Snake":[58],"Mercury Hourglass":[277]},"card_choices":[{"not_picked":["StuffTheSpire:Python","ReplayTheSpireMod:Exploit Weakness"],"picked":"Bane","floor":1},{"not_picked":["Bane","StuffTheSpire:Python"],"picked":"Noxious Fumes","floor":2},{"not_picked":["hubris:Sniper","Flying Knee"],"picked":"Fluid Movement","floor":3},{"not_picked":["StuffTheSpire:DoubleShiv","Sucker Punch"],"picked":"Venomology","floor":4},{"not_picked":["Flying Knee","Eviscerate"],"picked":"Deadly Poison","floor":5},{"not_picked":["Choke","Cloak And Dagger"],"picked":"Poisoned Stab","floor":6},{"not_picked":["All Out Attack","StuffTheSpire:MirrorStance"],"picked":"Dodge and Roll","floor":8},{"not_picked":["Concentrate","Dagger Throw","Blade Dance"],"picked":"SKIP","floor":11},{"not_picked":["aspiration:Lunge","Slice"],"picked":"StuffTheSpire:Sprint","floor":13},{"not_picked":["Grand Finale","StuffTheSpire:FinalStruggle"],"picked":"Poison Darts","floor":16},{"not_picked":["Predator+1","StuffTheSpire:Injection+1","Sucker Punch"],"picked":"Flying Knee","floor":18},{"not_picked":["Escape Plan","Infinite Blades+1","Quick Slash"],"picked":"PiercingWail","floor":19},{"not_picked":["hubris:SlightOfHand","Predator","StuffTheSpire:Injection"],"picked":"Leg Sweep","floor":21},{"not_picked":["hubris:SlightOfHand","Hidden Blade","Sucker Punch"],"picked":"Envenom+1","floor":23},{"not_picked":["Slice","Quick Slash","Dagger Throw"],"picked":"Escape Plan","floor":24},{"not_picked":["Pace+1","ReplayTheSpireMod:Exploit Weakness","Slice"],"picked":"Envenom+1","floor":25},{"not_picked":["StuffTheSpire:Injection","hubris:SlightOfHand+1","Sucker Punch+1"],"picked":"Cloak And Dagger","floor":29},{"not_picked":["Outmaneuver","PiercingWail","Hidden Blade"],"picked":"Backstab","floor":30},{"not_picked":["PiercingWail","ReplayTheSpireMod:Exploit Weakness","Caltrops+1"],"picked":"Dodge and Roll","floor":31},{"not_picked":["Dodge and Roll","Endless Agony","Masterful Stab+1"],"picked":"Poisoned Stab","floor":32},{"not_picked":["Glass Knife","Die Die Die","Grand Finale"],"picked":"Burst","floor":33},{"not_picked":["Underhanded Strike+1","StuffTheSpire:Injection+1","Quick Slash+1"],"picked":"StuffTheSpire:Fury","floor":35},{"not_picked":["hubris:Sniper","Blade Dance+1","PiercingWail"],"picked":"infinitespire:Neurotoxin","floor":36},{"not_picked":["Sucker Punch","Well Laid Plans+1","StuffTheSpire:ClusterCrunch"],"picked":"Masterful Stab+1","floor":37},{"not_picked":["Caltrops+1","Dagger Spray","Poisoned Stab"],"picked":"ReplayTheSpireMod:Necrosis","floor":38},{"not_picked":["StuffTheSpire:CelestialWarden","StuffTheSpire:Perfection"],"picked":"StuffTheSpire:Rapture","floor":39},{"not_picked":["Underhanded Strike+1","StuffTheSpire:ClusterCrunch+1","Atom Bomb"],"picked":"Noxious Fumes+1","floor":41},{"not_picked":["Masterful Stab","Calculated Gamble+1","Unload"],"picked":"Fluid Movement+1","floor":42},{"not_picked":["Terror+1","Poisoned Stab","Well Laid Plans+1"],"picked":"Replay:Bag of Tricks","floor":44},{"not_picked":["Poisoned Stab+1","Masterful Stab","Heel Hook","EmptyFist"],"picked":"Acrobatics","floor":45},{"not_picked":["Prepared","Blur","ReplayTheSpireMod:Tripwire","MarkedMod:FirstStrike"],"picked":"Dodge and Roll","floor":48},{"not_picked":["Quick Slash","StuffTheSpire:BumpUp","Prepared","WaveOfTheHand"],"picked":"Catalyst+1","floor":49}],"player_experience":197006,"relics_obtained":[{"floor":6,"key":"MawBank"},{"floor":8,"key":"Frozen Egg 2"},{"floor":9,"key":"DemoMod:VorpalBullet"},{"floor":13,"key":"aspiration:HiddenCompartment"},{"floor":14,"key":"ReplayTheSpireMod:Ring of Collecting"},{"floor":23,"key":"Golden Egg"},{"floor":25,"key":"Mercury Hourglass"},{"floor":26,"key":"Ring of Peace"},{"floor":26,"key":"Dream Catcher"},{"floor":41,"key":"SpikesRelics:ToyHorsey"},{"floor":41,"key":"StuffTheSpire:Gunfinga"},{"floor":43,"key":"CaptainsWheel"},{"floor":43,"key":"Ring of Fangs"},{"floor":44,"key":"hubris:DisguiseKit"},{"floor":44,"key":"infinitespire:Eraser"}],"event_choices":[{"damage_healed":17,"gold_gain":0,"player_choice":"Healed and dodged fight","damage_taken":0,"max_hp_gain":0,"max_hp_loss":0,"event_name":"Mushrooms","floor":10,"gold_loss":0,"cards_obtained":["Parasite"]},{"damage_healed":0,"gold_gain":0,"player_choice":"Obtained Relic","damage_taken":0,"relics_obtained":["Thread and Needle"],"max_hp_gain":0,"max_hp_loss":0,"event_name":"Addict","floor":20,"gold_loss":85},{"damage_healed":0,"gold_gain":0,"player_choice":"Inject Mutagens","damage_taken":0,"relics_obtained":["MutagenicStrength"],"max_hp_gain":0,"max_hp_loss":0,"event_name":"Drug Dealer","floor":27,"gold_loss":0},{"damage_healed":0,"gold_gain":0,"player_choice":"Copied","damage_taken":0,"max_hp_gain":0,"max_hp_loss":0,"event_name":"Duplicator","floor":28,"gold_loss":0,"cards_obtained":["infinitespire:FutureSight"]},{"damage_healed":0,"gold_gain":0,"player_choice":"Upgraded","damage_taken":0,"max_hp_gain":0,"max_hp_loss":0,"event_name":"Upgrade Shrine","floor":47,"gold_loss":0,"cards_upgraded":["StuffTheSpire:Rapture"]}],"is_beta":false,"boss_relics":[{"not_picked":["Busted Crown","Coffee Dripper"],"picked":"Honey Jar"},{"not_picked":["Philosopher\u0027s Stone","StuffTheSpire:RunicHypercube"],"picked":"Black Star"}],"items_purged_floors":[12],"is_endless":false,"potions_floor_spawned":[2,3,4,6,18,19,23,24,29,31,35,45,48],"ascension_level":0}}