{"host":"tknto047uabgu3zm","time":1608958125,"event":{"mods":["AchievementEnabler","BaseMod","Block Reminder","Colored Map","Colored Powertips","Highlight Path","Minty Spire (QoL Compilation)","MonsterHotkey","Permanent Neow","Random Character Button","Rare Cards Sparkle","Relic Sorter","StSLib"],"gold_per_floor":[109,127,127,140,140,140,215,228,296,296,296,296,309,5,5,81,81,124,167,167,117,117,174,217,265,265,265,300,350,394,440,440,526,571,640,640,640,675,40,40,40,107,185,224,255,286,298,323,335,347],"floor_reached":51,"playtime":2284,"items_purged":["Defend_P","FlurryOfBlows"],"score":1270,"play_id":"4bc8deeb-d39a-4ccc-a47b-4ee7b5fd14f2","local_time":"20201225204845","is_ascension_mode":true,"campfire_choices":[{"floor":6,"key":"REST"},{"floor":11,"key":"REST"},{"floor":15,"key":"REST"},{"floor":27,"key":"REST"},{"floor":32,"key":"REST"},{"floor":41,"key":"REST"},{"floor":47,"key":"REST"},{"floor":49,"key":"REST"}],"circlet_count":0,"master_deck":["AscendersBane","Eruption","Vigilance","Protect","CrushJoints","TalkToTheHand","Conclude","SandsOfTime","Wish","Collect","InnerPeace","Worship","Wallop","Crescendo","Perseverance","Collect","Alpha","Omniscience","BowlingBash","Wallop","FlyingSleeves","FollowUp","EmptyMind","Wireheading+1","Swivel","ThirdEye+1","Ragnarok"],"relics":["Fusion Hammer","Tiny Chest","Meat on the Bone","Smiling Mask","Frozen Egg 2","Bronze Scales","Snecko Eye","Nunchaku","CeramicFish","Lantern","Pandora\u0027s Box","Ice Cream","ClockworkSouvenir","Bottled Lightning","Mercury Hourglass","MawBank"],"acts_visited":["Exordium","TheCity","TheBeyond"],"potions_floor_usage":[13,13,16,18,28,31,35,44,48,50],"damage_taken":[{"damage":7,"enemies":"Cultist","floor":1,"turns":5},{"damage":0,"enemies":"2 Louse","floor":2,"turns":4},{"damage":0,"enemies":"Jaw Worm","floor":4,"turns":2},{"damage":1,"enemies":"Looter","floor":8,"turns":3},{"damage":10,"enemies":"2 Fungi Beasts","floor":13,"turns":3},{"damage":14,"enemies":"Slime Boss","floor":16,"turns":5},{"damage":2,"enemies":"Spheric Guardian","floor":18,"turns":4},{"damage":9,"enemies":"3 Byrds","floor":19,"turns":4},{"damage":4,"enemies":"Gremlin Leader","floor":23,"turns":5},{"damage":0,"enemies":"Centurion and Healer","floor":24,"turns":5},{"damage":22,"enemies":"Snake Plant","floor":28,"turns":3},{"damage":26,"enemies":"Sentry and Sphere","floor":30,"turns":4},{"damage":1,"enemies":"Centurion and Healer","floor":31,"turns":4},{"damage":60,"enemies":"Champ","floor":33,"turns":9},{"damage":45,"enemies":"3 Darklings","floor":35,"turns":4},{"damage":0,"enemies":"Orb Walker","floor":38,"turns":2},{"damage":4,"enemies":"Spire Growth","floor":42,"turns":5},{"damage":13,"enemies":"Giant Head","floor":44,"turns":6},{"damage":14,"enemies":"Writhing Mass","floor":45,"turns":4},{"damage":0,"enemies":"Maw","floor":46,"turns":4},{"damage":5,"enemies":"Sphere and 2 Shapes","floor":48,"turns":4},{"damage":17,"enemies":"Awakened One","floor":50,"turns":7}],"seed_played":"-1641047646807211917","potions_obtained":[{"floor":8,"key":"EntropicBrew"},{"floor":16,"key":"Fruit Juice"},{"floor":23,"key":"BottledMiracle"},{"floor":24,"key":"Explosive Potion"},{"floor":30,"key":"BlessingOfTheForge"},{"floor":42,"key":"Swift Potion"},{"floor":44,"key":"BlessingOfTheForge"},{"floor":48,"key":"Fruit Juice"}],"is_trial":false,"path_per_floor":["M","M","?","M","?","R","?","M","T","T","R","T","M","$","R","B",null,"M","M","?","$","?","E","M","T","T","R","M","?","M","M","R","B",null,"M","?","?","M","$","T","R","M","T","E","M","M","R","M","R","B",null],"character_chosen":"WATCHER","items_purchased":["Bronze Scales","SandsOfTime","Block Potion","Ice Cream","Wireheading+1","ClockworkSouvenir"],"campfire_rested":8,"item_purchase_floors":[14,14,14,39,39,39],"current_hp_per_floor":[54,54,9,9,9,29,18,17,17,17,37,37,39,39,59,50,67,65,56,56,56,56,52,52,52,52,73,51,51,37,48,69,21,60,27,27,27,39,39,39,60,56,56,43,41,41,62,62,78,61],"gold":359,"neow_bonus":"BOSS_RELIC","is_daily":false,"chose_seed":false,"campfire_upgraded":0,"win_rate":0.0,"timestamp":1608958125,"path_taken":["M","?","?","M","?","R","?","M","T","?","R","?","M","$","R","BOSS","M","?","?","$","?","E","M","?","T","R","M","?","M","M","R","BOSS","M","?","?","M","$","?","R","M","T","E","M","M","R","M","R","BOSS"],"items_purchased_type":["Relic","Card","Potion","Relic","Card","Relic"],"build_version":"2020-12-22","purchased_purges":2,"victory":true,"max_hp_per_floor":[68,68,68,68,68,68,68,68,68,68,68,68,68,68,68,73,73,73,73,73,73,73,73,73,73,73,73,73,73,73,73,73,73,73,73,73,73,73,73,73,73,73,73,73,73,73,73,78,78,78],"card_choices":[{"not_picked":["EmptyBody","FollowUp"],"picked":"Protect","floor":1},{"not_picked":["FollowUp","BowlingBash"],"picked":"CrushJoints","floor":2},{"not_picked":["EmptyBody","Prostrate"],"picked":"TalkToTheHand","floor":4},{"not_picked":["InnerPeace","Halt"],"picked":"FlurryOfBlows","floor":8},{"not_picked":["WreathOfFlame","Protect"],"picked":"Conclude","floor":13},{"not_picked":["MasterReality+1","ConjureBlade"],"picked":"Wish","floor":16},{"not_picked":["BattleHymn+1","CrushJoints"],"picked":"Collect","floor":18},{"not_picked":["JustLucky","CrushJoints","CutThroughFate"],"picked":"SKIP","floor":19},{"not_picked":["TalkToTheHand","EmptyFist"],"picked":"Crescendo","floor":23},{"not_picked":["Protect","FlyingSleeves"],"picked":"Perseverance","floor":24},{"not_picked":["Halt","Prostrate","EmptyMind+1"],"picked":"SKIP","floor":28},{"not_picked":["Sanctity","Consecrate"],"picked":"Collect","floor":30},{"not_picked":["PathToVictory","BowlingBash"],"picked":"Alpha","floor":31},{"not_picked":["MasterReality+1","Blasphemy"],"picked":"Omniscience","floor":33},{"not_picked":["SashWhip","Weave+1","Prostrate"],"picked":"SKIP","floor":35},{"not_picked":["Halt","JustLucky","FlyingSleeves"],"picked":"SKIP","floor":38},{"not_picked":["Halt","EmptyBody+1","Indignation"],"picked":"SKIP","floor":42},{"not_picked":["Conclude+1","Study+1"],"picked":"Swivel","floor":44},{"not_picked":["WreathOfFlame","Tantrum"],"picked":"ThirdEye+1","floor":45},{"not_picked":["FollowUp","FlurryOfBlows"],"picked":"Ragnarok","floor":46},{"not_picked":["Evaluate","JustLucky+1","ForeignInfluence+1"],"picked":"SKIP","floor":48}],"player_experience":474941,"relics_obtained":[{"floor":9,"key":"Meat on the Bone"},{"floor":10,"key":"Smiling Mask"},{"floor":12,"key":"Frozen Egg 2"},{"floor":23,"key":"Nunchaku"},{"floor":25,"key":"CeramicFish"},{"floor":26,"key":"Lantern"},{"floor":40,"key":"Bottled Lightning"},{"floor":43,"key":"Mercury Hourglass"},{"floor":44,"key":"MawBank"}],"event_choices":[{"damage_healed":0,"gold_gain":0,"player_choice":"Success","damage_taken":45,"relics_obtained":["Tiny Chest"],"max_hp_gain":0,"max_hp_loss":0,"event_name":"Scrap Ooze","floor":3,"gold_loss":0},{"damage_healed":0,"gold_gain":0,"player_choice":"Ignored","damage_taken":0,"max_hp_gain":0,"max_hp_loss":0,"event_name":"Shining Light","floor":5,"gold_loss":0},{"damage_healed":0,"gold_gain":75,"player_choice":"Gather Gold","damage_taken":11,"max_hp_gain":0,"max_hp_loss":0,"event_name":"World of Goop","floor":7,"gold_loss":0},{"damage_healed":0,"gold_gain":0,"cards_transformed":["Defend_P","Strike_P"],"player_choice":"Became Test Subject","damage_taken":0,"max_hp_gain":0,"max_hp_loss":0,"event_name":"Drug Dealer","floor":20,"gold_loss":0,"cards_obtained":["InnerPeace","Worship"]},{"damage_healed":0,"gold_gain":0,"player_choice":"Read","damage_taken":0,"max_hp_gain":0,"max_hp_loss":0,"event_name":"The Library","floor":22,"gold_loss":0,"cards_obtained":["Wallop"]},{"damage_healed":0,"gold_gain":50,"player_choice":"Stole From Cult","damage_taken":0,"max_hp_gain":0,"max_hp_loss":0,"event_name":"Nest","floor":29,"gold_loss":0},{"damage_healed":0,"gold_gain":0,"player_choice":"Memory 1","damage_taken":0,"max_hp_gain":0,"max_hp_loss":0,"event_name":"SensoryStone","floor":36,"gold_loss":0},{"damage_healed":0,"gold_gain":0,"player_choice":"Ignored","damage_taken":0,"max_hp_gain":0,"max_hp_loss":0,"event_name":"Mysterious Sphere","floor":37,"gold_loss":0}],"is_beta":false,"boss_relics":[{"not_picked":["Calling Bell","SlaversCollar"],"picked":"Snecko Eye"},{"not_picked":["Coffee Dripper","Empty Cage"],"picked":"Pandora\u0027s Box"}],"items_purged_floors":[21,39],"is_endless":false,"potions_floor_spawned":[8,16,23,24,30,42,44,48],"ascension_level":16}}