{"host":"kos1s9q8ffr8fqos","time":1608970487,"event":{"mods":["AchievementEnabler","Act Like it!","AlwaysNeverKeys","BaseMod","Bestiary","Better Altar","Better Match","Better Note","Better Sensory Stone","Better Skull","Better Third Choice","Better Vampires","Colored Map","Colored Powertips","Curses Come First","Downfall","Gensokyo","Hermit","Infinite Spire","Jorbs\u0027s Wanderer Trilogy","Minty Spire (QoL Compilation)","Quick Restart","Random Character Button","Relic Stats","Replay The Spire","StSLib","The Blue Laboratory","The Disciple","The Hierophant"],"gold_per_floor":[99,113,113,124,124,124,195,195,215,110,35,46,80,94,111,210,210,210,225,225,242,242,268,268,268,278,305,319,331,349,380,397,496,496,496,509,527,544,544,469,493,519,444,444,462,29,29,40,52,52],"floor_reached":51,"playtime":3194,"items_purged":["Slimebound:Tackle","Slimebound:Defend_Slimebound"],"score":803,"play_id":"f2e3e95b-a9d1-4757-841a-af3b83d8a249","local_time":"20201226021447","is_ascension_mode":true,"campfire_choices":[{"data":"Slimebound:TagTeam","floor":6,"key":"SMITH"},{"data":"Specialist","floor":11,"key":"SMITH"},{"data":"1","floor":18,"key":"LIFT"},{"data":"Slimebound:Teamwork","floor":25,"key":"SMITH"},{"floor":35,"key":"RECALL"},{"data":"Slimebound:OneTwoCombo","floor":40,"key":"SMITH"},{"data":"2","floor":43,"key":"LIFT"}],"circlet_count":0,"master_deck":["Slimebound:Defend_Slimebound","Slimebound:Split+1","Slimebound:CorrosiveSpit+1","Slimebound:TagTeam+1","Slimebound:SpikyOuterGoop","Slimebound:SplitAcid","Slimebound:LivingWall+1","Slimebound:SplitLeeching","Slimebound:LivingWall","Specialist+1","Slimebound:ForwardTackle","Slimebound:SlimeSpikes","Slimebound:HauntingLick","Slimebound:OneTwoCombo+1","Slimebound:TongueLash+1","Slimebound:DisruptingSlam+1","Slimebound:RejuvenatingLick+1","Slimebound:SamplingLick","Slimebound:LeadByExample","Slimebound:Teamwork+1","Slimebound:SplitSpecialist","Slimebound:SlimeBrawl+1","Slimebound:SamplingLick+1","Slimebound:RallyTheTroops","Slimebound:Teamwork","Slimebound:TongueLash","Slimebound:PressTheAttack+1","Slimebound:SplitSpecialist+1","Slimebound:ProtectTheBoss+1","Magnetism","infinitespire:UltimateForm","AbeCurse","Slimebound:LivingWall+1","Slimebound:LevelUp+1"],"relics":["Slimebound:AbsorbEndCombat","downfall:HeartBlessingBlue","Girya","Astrolabe","Ginger","Replay:Ringing Soul","Bottled Flame","War Paint","Black Star","Molten Egg 2","downfall:HeartBlessingRed","infinitespire:Beetle Shell","Vajra","Letter Opener","downfall:HeartBlessingGreen","Blood Vial","Chameleon Ring","Abe\u0027s Treasure"],"acts_visited":["Exordium","TheCity","TheBeyond"],"potions_floor_usage":[10,32,33,42],"damage_taken":[{"damage":4,"enemies":"Cultist","floor":2,"turns":3},{"damage":4,"enemies":"2 Louse","floor":4,"turns":1},{"damage":4,"enemies":"Small Slimes","floor":9,"turns":2},{"damage":12,"enemies":"downfall:FleeingMerchant","floor":10,"turns":4},{"damage":7,"enemies":"Red Slaver","floor":12,"turns":2},{"damage":13,"enemies":"Gremlin Nob","floor":13,"turns":3},{"damage":18,"enemies":"Exordium Thugs","floor":14,"turns":3},{"damage":8,"enemies":"Lots of Slimes","floor":15,"turns":3},{"damage":38,"enemies":"downfall:Watcher","floor":16,"turns":10},{"damage":14,"enemies":"Shell Parasite","floor":19,"turns":4},{"damage":0,"enemies":"Chosen","floor":20,"turns":1},{"damage":17,"enemies":"Centurion and Healer","floor":21,"turns":5},{"damage":21,"enemies":"Replay:Snechameleon","floor":23,"turns":5},{"damage":15,"enemies":"3 Cultists","floor":26,"turns":4},{"damage":24,"enemies":"Gremlin Leader","floor":27,"turns":5},{"damage":11,"enemies":"Snake Plant","floor":28,"turns":3},{"damage":8,"enemies":"Cultist and Chosen","floor":29,"turns":4},{"damage":23,"enemies":"Centurion and Healer","floor":30,"turns":4},{"damage":29,"enemies":"Book of Stabbing","floor":31,"turns":5},{"damage":8,"enemies":"Sentry and Sphere","floor":32,"turns":3},{"damage":52,"enemies":"downfall:Ironclad","floor":33,"turns":8},{"damage":30,"enemies":"3 Darklings","floor":36,"turns":4},{"damage":8,"enemies":"Orb Walker","floor":37,"turns":3},{"damage":26,"enemies":"Writhing Mass","floor":38,"turns":4},{"damage":38,"enemies":"Reptomancer","floor":42,"turns":3},{"damage":12,"enemies":"Transient","floor":45,"turns":5},{"damage":23,"enemies":"downfall:FleeingMerchant","floor":46,"turns":4},{"damage":21,"enemies":"Spire Growth","floor":48,"turns":3},{"damage":23,"enemies":"Sphere and 2 Shapes","floor":49,"turns":2},{"damage":56,"enemies":"downfall:Silent","floor":50,"turns":6}],"seed_played":"3294356435259176620","potions_obtained":[{"floor":4,"key":"blueLaboratory:EmptyBottle"},{"floor":15,"key":"SneckoOil"},{"floor":21,"key":"blueLaboratory:CorrosionFlask"},{"floor":23,"key":"blueLaboratory:HummingbirdPotion"},{"floor":30,"key":"Energy Potion"},{"floor":31,"key":"Toxic Potion"},{"floor":32,"key":"blueLaboratory:FruitPunch"},{"floor":38,"key":"Reflective Coating"},{"floor":45,"key":"Venom Potion"}],"is_trial":false,"path_per_floor":["R_BF","M","?","M","?","R","T","?","M","$","R","M","E","M","M","B",null,"R_BF","M","M","M","?","E","T","R","M","E","M","M","M","E","M","B",null,"R","M","M","M","?","R","T","E","R","?","M","$","AVR","M","M","B",null],"character_chosen":"SLIMEBOUND","items_purchased":["Specialist","Magnetism","Blood Vial"],"campfire_rested":0,"item_purchase_floors":[10,46,46],"current_hp_per_floor":[60,60,60,60,60,60,60,60,60,60,70,67,66,64,68,57,70,70,70,70,70,70,67,67,67,70,66,66,73,79,82,82,65,85,85,80,87,91,91,91,91,74,74,74,88,94,97,97,104,80],"gold":52,"neow_bonus":"ONE_RANDOM_RARE_CARD","is_daily":false,"chose_seed":false,"campfire_upgraded":4,"win_rate":0.0,"timestamp":1608970487,"path_taken":["R_BF","M","?","M","?","R","T","?","M","$","R","M","E","?","M","BOSS","R_BF","M","M","M","?","E","T","R","M","E","M","M","?","E","M","BOSS","R","M","M","M","?","R","T","E","R","?","?","?","AVR","?","M","BOSS"],"items_purchased_type":["Card","Card","Relic"],"build_version":"2020-12-22","purchased_purges":2,"victory":true,"max_hp_per_floor":[60,60,60,60,60,60,60,60,60,60,70,70,70,70,70,70,70,70,70,70,70,70,70,70,70,70,70,73,76,79,82,82,85,85,85,88,91,91,91,91,91,96,96,96,96,99,102,105,108,108],"relic_stats":{"Blood Vial":6,"counters":[30,111],"Astrolabe":["Slimebound:TongueLash","Slimebound:DisruptingSlam","Slimebound:RejuvenatingLick"],"Black Star":1,"Ginger":[14],"Letter Opener":[43],"War Paint":["Slimebound:CorrosiveSpit","Slimebound:LivingWall"],"obtain_stats":[{"Girya":13,"downfall:HeartBlessingRed":40,"Astrolabe":17,"Vajra":42,"downfall:HeartBlessingGreen":43,"infinitespire:Beetle Shell":41,"Ginger":23,"Letter Opener":42,"War Paint":31,"Blood Vial":46,"Replay:Ringing Soul":24,"Bottled Flame":27,"downfall:BrokenWingStatue":3,"Chameleon Ring":47,"downfall:HeartBlessingBlue":11,"Molten Egg 2":39,"Slimebound:AbsorbEndCombat":0,"Black Star":34,"Abe\u0027s Treasure":47},{"Girya":6,"downfall:HeartBlessingRed":24,"Astrolabe":9,"Vajra":25,"downfall:HeartBlessingGreen":25,"infinitespire:Beetle Shell":24,"Ginger":13,"Letter Opener":25,"War Paint":19,"Blood Vial":27,"Replay:Ringing Soul":13,"Bottled Flame":15,"downfall:BrokenWingStatue":1,"Chameleon Ring":27,"downfall:HeartBlessingBlue":4,"Molten Egg 2":24,"Slimebound:AbsorbEndCombat":0,"Black Star":21,"Abe\u0027s Treasure":27},{"Girya":14,"downfall:HeartBlessingRed":88,"Astrolabe":29,"Vajra":91,"downfall:HeartBlessingGreen":91,"infinitespire:Beetle Shell":88,"Ginger":43,"Letter Opener":91,"War Paint":66,"Blood Vial":100,"Replay:Ringing Soul":43,"Bottled Flame":52,"downfall:BrokenWingStatue":3,"Chameleon Ring":100,"downfall:HeartBlessingBlue":10,"Molten Egg 2":88,"Slimebound:AbsorbEndCombat":0,"Black Star":77,"Abe\u0027s Treasure":100}]},"card_choices":[{"not_picked":["Slimebound:GoopSpray","Slimebound:SlimeSpikes"],"picked":"Slimebound:SplitAcid","floor":2},{"not_picked":["Slimebound:GrowthPunch","Slimebound:DivideAndConquer"],"picked":"Slimebound:LivingWall","floor":4},{"not_picked":["Slimebound:ItLooksTasty","Slimebound:AcidTongue"],"picked":"Slimebound:SplitLeeching","floor":9},{"not_picked":["Slimebound:Replication","Slimebound:Recollect"],"picked":"Slimebound:LivingWall","floor":10},{"not_picked":["Slimebound:SplitLeeching","Slimebound:Recollect"],"picked":"Slimebound:ForwardTackle","floor":12},{"not_picked":["Slimebound:Schlurp","Slimebound:LeechEnergy","Slimebound:SpikyOuterGoop"],"picked":"SKIP","floor":13},{"not_picked":["Slimebound:Schlurp","Slimebound:Equalize"],"picked":"Slimebound:SlimeSpikes","floor":14},{"not_picked":["Slimebound:ViciousTackle","Slimebound:GrowthPunch"],"picked":"Slimebound:HauntingLick","floor":15},{"not_picked":["Slimebound:SlimeSlap","Slimebound:TagTeam"],"picked":"Slimebound:OneTwoCombo","floor":16},{"not_picked":["Slimebound:LeechEnergy+1","Slimebound:SplitBruiser"],"picked":"Slimebound:SamplingLick","floor":19},{"not_picked":["Slimebound:RainOfGoop","Slimebound:DivideAndConquer+1"],"picked":"Slimebound:LeadByExample","floor":20},{"not_picked":["Slimebound:SplitAcid","Slimebound:SlimeTap"],"picked":"Slimebound:Teamwork","floor":21},{"not_picked":["Slimebound:GrowthPunch+1","Slimebound:GoopTackle","Slimebound:DivideAndConquer"],"picked":"SKIP","floor":23},{"not_picked":["Slimebound:DivideAndConquer+1","Slimebound:LeechEnergy","Slimebound:FormOfPuddle"],"picked":"SKIP","floor":26},{"not_picked":["Slimebound:TongueLash","Slimebound:ViciousTackle+1","Slimebound:LeechEnergy"],"picked":"SKIP","floor":27},{"not_picked":["Slimebound:ForwardTackle","Slimebound:MegaLick+1"],"picked":"Slimebound:SplitSpecialist","floor":28},{"not_picked":["Slimebound:GoopSpray","Slimebound:ComboTackle"],"picked":"Slimebound:SlimeBrawl+1","floor":29},{"not_picked":["Slimebound:FirmFortitude","Slimebound:SplitBruiser"],"picked":"Slimebound:SamplingLick+1","floor":30},{"not_picked":["Slimebound:SplitLeeching+1","Slimebound:PressTheAttack+1"],"picked":"Slimebound:RallyTheTroops","floor":31},{"not_picked":["Slimebound:RollThrough","Slimebound:SpikyOuterGoop","Slimebound:Schlurp"],"picked":"SKIP","floor":32},{"not_picked":["Slimebound:DuplicatedForm","Slimebound:SelfFormingGoo"],"picked":"Slimebound:Teamwork","floor":33},{"not_picked":["Slimebound:PressTheAttack","Slimebound:SplitMire+1"],"picked":"Slimebound:TongueLash","floor":36},{"not_picked":["Slimebound:Schlurp+1","Slimebound:ViciousTackle+1","Slimebound:PressTheAttack+1"],"picked":"SKIP","floor":37},{"not_picked":["Slimebound:Schlurp+1","Slimebound:ViciousTackle+1"],"picked":"Slimebound:PressTheAttack+1","floor":37},{"not_picked":["Slimebound:ViciousTackle","Slimebound:Equalize","Slimebound:LeechEnergy"],"picked":"SKIP","floor":38},{"not_picked":["Slimebound:GrowthPunch+1","Slimebound:ProtectTheBoss"],"picked":"Slimebound:SplitSpecialist+1","floor":42},{"not_picked":["Slimebound:LeechEnergy+1","Slimebound:SplitBruiser","Slimebound:LeechingTouch+1"],"picked":"SKIP","floor":45},{"not_picked":["Slimebound:Schlurp+1","Slimebound:Repurpose"],"picked":"Slimebound:ProtectTheBoss+1","floor":46},{"not_picked":["Slimebound:FinishingTackle+1","Slimebound:LeechingTouch+1"],"picked":"Slimebound:LivingWall+1","floor":48},{"not_picked":["Slimebound:Replication","Slimebound:Schlurp"],"picked":"Slimebound:LevelUp+1","floor":49}],"player_experience":1270327,"relics_obtained":[{"floor":13,"key":"Girya"},{"floor":23,"key":"Ginger"},{"floor":24,"key":"Replay:Ringing Soul"},{"floor":27,"key":"Bottled Flame"},{"floor":31,"key":"War Paint"},{"floor":39,"key":"Molten Egg 2"},{"floor":41,"key":"infinitespire:Beetle Shell"},{"floor":42,"key":"Vajra"},{"floor":42,"key":"Letter Opener"}],"event_choices":[{"cards_removed":["Slimebound:Defend_Slimebound"],"damage_healed":0,"gold_gain":0,"player_choice":"Give","damage_taken":0,"max_hp_gain":0,"max_hp_loss":0,"event_name":"betterNote:BetterNote","floor":8,"gold_loss":0,"cards_obtained":["Regret"]},{"damage_healed":0,"gold_gain":0,"player_choice":"Upgraded","damage_taken":0,"max_hp_gain":0,"max_hp_loss":0,"event_name":"Upgrade Shrine","floor":22,"gold_loss":0,"cards_upgraded":["Slimebound:Split"]},{"cards_removed":["Slimebound:Defend_Slimebound"],"damage_healed":0,"gold_gain":0,"player_choice":"Card Removal","damage_taken":0,"max_hp_gain":0,"max_hp_loss":0,"event_name":"Wheel of Change","floor":44,"gold_loss":0}],"is_beta":false,"boss_relics":[{"not_picked":["ReplayTheSpireMod:DimensionalGlitch","Calling Bell"],"picked":"Astrolabe"},{"not_picked":["Snecko Eye","SacredBark"],"picked":"Black Star"}],"items_purged_floors":[46,47],"is_endless":false,"potions_floor_spawned":[4,15,21,23,30,31,32,38,45,48],"ascension_level":1}}