{"host":"pe0zhl1vvtkxuc0p","time":1608965053,"event":{"mods":["AchievementEnabler","Act Like it!","BaseMod","Card Forge","Colored Powertips","Curses Come First","GifTheSpireLib","Minty Spire (QoL Compilation)","Pale of the Ancients","Quick Restart","StSLib","SuperFastMode","≤–¡Ù÷ÆŒÔ"],"gold_per_floor":[115,115,126,137,153,183,199,199,250,260,335,354,354,354,354,451,451,463,463,479,479,494,409,409,425,425,457,457,457,482,498,498,596,596,614,714,89,100,119,152,152,152,176,193,246,246,246,281,281,281,300,313,313,367,367,381,381,381,99,99],"floor_reached":0,"playtime":3855,"items_purged":["PlaceholderMod:BaseDefend"],"score":393,"play_id":"75da7f1b-59ee-4685-93ba-15b6e39e1604","local_time":"20201226144413","is_ascension_mode":false,"campfire_choices":[{"data":"PlaceholderMod:InnerStable","floor":8.0,"key":"SMITH"},{"data":"PlaceholderMod:CrystallizationStrike","floor":13.0,"key":"SMITH"},{"floor":15.0,"key":"REST"},{"data":"PlaceholderMod:RadicalHit","floor":24.0,"key":"SMITH"},{"floor":29.0,"key":"REST"},{"floor":32.0,"key":"REST"},{"floor":42.0,"key":"REST"},{"data":"PlaceholderMod:Activation","floor":47.0,"key":"SMITH"},{"floor":49.0,"key":"REST"},{"floor":55.0,"key":"RECALL"},{"floor":57,"key":"REST"}],"circlet_count":0,"master_deck":["PlaceholderMod:PoisonWhip","PlaceholderMod:Crystal","PlaceholderMod:BaseDefend","PlaceholderMod:BaseDefend","PlaceholderMod:BaseDefend","PlaceholderMod:BaseDefend","PlaceholderMod:BaseDefend","PlaceholderMod:BaseStrike","PlaceholderMod:BaseStrike","PlaceholderMod:BaseStrike","PlaceholderMod:BaseStrike","PlaceholderMod:BaseStrike"],"relics":["PlaceholderMod:Tancle","paleoftheancients:Timepiece"],"acts_visited":["Exordium","TheCity","TheBeyond","TheBeyond"],"potions_floor_usage":[56],"damage_taken":[{"damage":3.0,"enemies":"Jaw Worm","floor":1.0,"turns":5.0},{"damage":0.0,"enemies":"Cultist","floor":3.0,"turns":3.0},{"damage":1.0,"enemies":"2 Louse","floor":4.0,"turns":3.0},{"damage":0.0,"enemies":"Blue Slaver","floor":5.0,"turns":4.0},{"damage":17.0,"enemies":"Lagavulin","floor":6.0,"turns":8.0},{"damage":14.0,"enemies":"Gremlin Gang","floor":7.0,"turns":4.0},{"damage":2.0,"enemies":"Looter","floor":10.0,"turns":4.0},{"damage":0.0,"enemies":"Large Slime","floor":12.0,"turns":4.0},{"damage":15.0,"enemies":"Hexaghost","floor":16.0,"turns":10.0},{"damage":15.0,"enemies":"2 Thieves","floor":18.0,"turns":4.0},{"damage":4.0,"enemies":"Spheric Guardian","floor":20.0,"turns":4.0},{"damage":4.0,"enemies":"Centurion and Healer","floor":22.0,"turns":4.0},{"damage":13.0,"enemies":"Snecko","floor":25.0,"turns":6.0},{"damage":17.0,"enemies":"Gremlin Leader","floor":27.0,"turns":5.0},{"damage":30.0,"enemies":"Slavers","floor":30.0,"turns":3.0},{"damage":14.0,"enemies":"Shelled Parasite and Fungi","floor":31.0,"turns":3.0},{"damage":27.0,"enemies":"Champ","floor":33.0,"turns":7.0},{"damage":24.0,"enemies":"3 Darklings","floor":35.0,"turns":3.0},{"damage":4.0,"enemies":"Orb Walker","floor":38.0,"turns":3.0},{"damage":3.0,"enemies":"Transient","floor":39.0,"turns":5.0},{"damage":28.0,"enemies":"Giant Head","floor":40.0,"turns":7.0},{"damage":14.0,"enemies":"4 Shapes","floor":44.0,"turns":4.0},{"damage":42.0,"enemies":"2 Orb Walkers","floor":45.0,"turns":4.0},{"damage":0.0,"enemies":"Nemesis","floor":48.0,"turns":5.0},{"damage":0.0,"enemies":"Donu and Deca","floor":50.0,"turns":7.0},{"damage":0.0,"enemies":"Donu and Deca","floor":51.0,"turns":7.0},{"damage":0.0,"enemies":"Donu and Deca","floor":52.0,"turns":5.0},{"damage":35,"enemies":"Donu and Deca","floor":56,"turns":9}],"seed_played":"-618414515374308542","potions_obtained":[{"floor":1.0,"key":"PowerPotion"},{"floor":2.0,"key":"DistilledChaos"},{"floor":2.0,"key":"Fruit Juice"},{"floor":2.0,"key":"Block Potion"},{"floor":10.0,"key":"AttackPotion"},{"floor":12.0,"key":"Energy Potion"},{"floor":18.0,"key":"PowerPotion"},{"floor":25.0,"key":"LiquidBronze"},{"floor":27.0,"key":"GamblersBrew"},{"floor":30.0,"key":"DuplicationPotion"},{"floor":31.0,"key":"Explosive Potion"},{"floor":33.0,"key":"SkillPotion"},{"floor":35.0,"key":"Fire Potion"},{"floor":38.0,"key":"BlessingOfTheForge"},{"floor":39.0,"key":"GamblersBrew"},{"floor":40.0,"key":"BlessingOfTheForge"},{"floor":44.0,"key":"Fire Potion"},{"floor":45.0,"key":"LiquidBronze"},{"floor":48.0,"key":"Block Potion"},{"floor":51.0,"key":"EssenceOfSteel"},{"floor":52.0,"key":"PowerPotion"},{"floor":56,"key":"PowerPotion"}],"is_trial":false,"path_per_floor":["M","?","M","M","M","E","M","R","T","M","?","M","R","?","R","B",null,"M","?","M","?","M","?","R","M","T","E","?","R","E","M","R","B",null,"M","?","$","M","M","E","T","R","T","M","?","?","R","E","R","B","M","M","?","T","R","M","R","T","?"],"character_chosen":"THE_PLACEHOLDER","items_purchased":["Potion Belt","Darkstone Periapt","StrikeDummy","PlaceholderMod:ThreeBenzyolStart"],"campfire_rested":6,"item_purchase_floors":[37,37,37,37],"current_hp_per_floor":[82,87,87,86,86,69,55,55,55,55,44,46,46,46,73,60,90,75,75,73,73,71,71,71,60,60,45,45,87,59,47,89,63,90,66,66,66,69,73,52,52,90,90,78,43,43,43,45,87,92,92,92,92,92,92,57,92,92,0,0],"gold":99,"neow_bonus":"TEN_PERCENT_HP_BONUS","is_daily":false,"chose_seed":false,"campfire_upgraded":4,"win_rate":0.0,"timestamp":1608965053,"path_taken":["M","?","?","M","M","E","M","R","T","M","?","M","R","?","R","BOSS","M","?","?","?","M","?","R","M","T","E","?","R","E","M","R","BOSS","M","?","$","?","M","E","?","R","T","M","?","?","R","E","R","BOSS","M","M","?","T","R","M","R","T","?"],"items_purchased_type":["Relic","Relic","Relic","Card"],"build_version":"2020-12-22","purchased_purges":1,"victory":false,"max_hp_per_floor":[85,90,90,90,90,90,90,90,90,90,90,90,90,90,90,90,90,90,90,90,90,90,90,90,90,90,90,90,90,90,90,90,90,90,90,90,90,90,90,90,90,90,90,92,92,92,92,92,92,92,92,92,92,92,92,92,92,92,78,78],"card_choices":[{"not_picked":["PlaceholderMod:HornyBlast","PlaceholderMod:StressReaction"],"picked":"PlaceholderMod:CrystallizationStrike","floor":1.0},{"not_picked":["PlaceholderMod:DissolvingSpikes","PlaceholderMod:SeverePoisonStrike"],"picked":"PlaceholderMod:HardStinger","floor":3.0},{"not_picked":["PlaceholderMod:DirectingGroup","PlaceholderMod:ComplexForm"],"picked":"PlaceholderMod:RadicalHit","floor":4.0},{"not_picked":["PlaceholderMod:TriggerStrike","PlaceholderMod:ProliferateStrike"],"picked":"PlaceholderMod:InnerStable","floor":5.0},{"not_picked":["PlaceholderMod:OHStrongAttack","PlaceholderMod:SpinBlade"],"picked":"PlaceholderMod:Hyperplasia","floor":6.0},{"not_picked":["PlaceholderMod:FastReaction","PlaceholderMod:SelfCoupling"],"picked":"PlaceholderMod:DissolvingSpikes","floor":7.0},{"not_picked":["PlaceholderMod:Package","PlaceholderMod:SprayAttack"],"picked":"PlaceholderMod:OHStrongAttack","floor":10.0},{"not_picked":["PlaceholderMod:HardStrike","PlaceholderMod:ThreeBenzyolStart"],"picked":"PlaceholderMod:ChainPoly","floor":12.0},{"not_picked":["PlaceholderMod:QualitativeChange","PlaceholderMod:Activation"],"picked":"PlaceholderMod:GrowthForm","floor":16.0},{"not_picked":["PlaceholderMod:AttackAsDefend","PlaceholderMod:Hard"],"picked":"PlaceholderMod:Stable+1","floor":18.0},{"not_picked":["PlaceholderMod:TriggerStrike+1","PlaceholderMod:PoisonBlast+1"],"picked":"PlaceholderMod:SpinBlade","floor":20.0},{"not_picked":["PlaceholderMod:Polyp","PlaceholderMod:Stable"],"picked":"PlaceholderMod:EnergyAbsorb","floor":22.0},{"not_picked":["PlaceholderMod:SprayAttack","PlaceholderMod:ProliferateStrike"],"picked":"PlaceholderMod:ReactionCatalyze","floor":25.0},{"not_picked":["PlaceholderMod:Polyp","PlaceholderMod:ProliferateStrike"],"picked":"PlaceholderMod:DiffusionPoison","floor":27.0},{"not_picked":["PlaceholderMod:PoisonExcitation","PlaceholderMod:Corrosion"],"picked":"PlaceholderMod:PoisonAbsorb+1","floor":30.0},{"not_picked":["PlaceholderMod:Internalization+1","PlaceholderMod:HornyBlast","PlaceholderMod:ParasiteChange"],"picked":"SKIP","floor":31.0},{"not_picked":["PlaceholderMod:DoublePoint","PlaceholderMod:MultiReaction"],"picked":"PlaceholderMod:Activation","floor":33.0},{"not_picked":["PlaceholderMod:SprayAttack","PlaceholderMod:ConsolidateHit","PlaceholderMod:HardStinger"],"picked":"SKIP","floor":35.0},{"not_picked":["PlaceholderMod:FastReaction+1","PlaceholderMod:DirectingGroup+1"],"picked":"PlaceholderMod:PoisonExcitation+1","floor":38.0},{"not_picked":["PlaceholderMod:OHStrongAttack","PlaceholderMod:ConsolidateHit+1","PlaceholderMod:HardStinger+1"],"picked":"SKIP","floor":39.0},{"not_picked":["PlaceholderMod:DiffusionPoison","PlaceholderMod:PoisonExcitation+1"],"picked":"PlaceholderMod:Hard","floor":40.0},{"not_picked":["PlaceholderMod:SevereHeat+1","PlaceholderMod:HardStinger+1","PlaceholderMod:HealingAttack+1"],"picked":"Singing Bowl","floor":44.0},{"not_picked":["PlaceholderMod:Internalization","PlaceholderMod:PoisonAbsorb+1"],"picked":"PlaceholderMod:TriggerStrike+1","floor":45.0},{"not_picked":["PlaceholderMod:SelectReaction+1","PlaceholderMod:NutritionAbsorb"],"picked":"PlaceholderMod:HornyCollision","floor":48.0},{"not_picked":["PlaceholderMod:SprayAttack+1","PlaceholderMod:DirectingGroup+1"],"picked":"PlaceholderMod:Crystallization+1","floor":51.0},{"not_picked":["PlaceholderMod:Polyp","PlaceholderMod:SpinBlade+1"],"picked":"PlaceholderMod:HealingAttack+1","floor":52.0},{"not_picked":["PlaceholderMod:OHStrongAttack","PlaceholderMod:HornyBlast"],"picked":"PlaceholderMod:Hard","floor":56}],"player_experience":399846,"relics_obtained":[{"floor":6.0,"key":"Letter Opener"},{"floor":9.0,"key":"Blood Vial"},{"floor":26.0,"key":"Vajra"},{"floor":27.0,"key":"Tiny Chest"},{"floor":30.0,"key":"The Courier"},{"floor":34.0,"key":"Toy Ornithopter"},{"floor":34.0,"key":"Blue Candle"},{"floor":34.0,"key":"TungstenRod"},{"floor":40.0,"key":"Oddly Smooth Stone"},{"floor":41.0,"key":"Singing Bowl"},{"floor":43.0,"key":"Whetstone"},{"floor":45.0,"key":"Turnip"},{"floor":48.0,"key":"PlaceholderMod:DeVermisMysteriis"},{"floor":51.0,"key":"paleoftheancients:SoulOfTheShowman"},{"floor":58,"key":"StoneCalendar"}],"event_choices":[{"damage_healed":0.0,"max_hp_gain":0.0,"max_hp_loss":0.0,"gold_gain":0.0,"event_name":"Lab","player_choice":"Got Potions","floor":2.0,"gold_loss":0.0,"damage_taken":0.0},{"damage_healed":0.0,"max_hp_gain":0.0,"max_hp_loss":0.0,"gold_gain":75.0,"event_name":"World of Goop","player_choice":"Gather Gold","floor":11.0,"gold_loss":0.0,"damage_taken":11.0},{"damage_healed":0.0,"max_hp_gain":0.0,"max_hp_loss":0.0,"gold_gain":0.0,"cards_transformed":["PlaceholderMod:BaseDefend"],"event_name":"Living Wall","player_choice":"Change","floor":14.0,"gold_loss":0.0,"damage_taken":0.0,"cards_obtained":["PlaceholderMod:CrystallizationStrike"]},{"damage_healed":0.0,"max_hp_gain":0.0,"max_hp_loss":0.0,"gold_gain":0.0,"event_name":"Accursed Blacksmith","player_choice":"Rummage","floor":19.0,"gold_loss":0.0,"damage_taken":0.0,"relics_obtained":["WarpedTongs"],"cards_obtained":["Pain"]},{"damage_healed":0.0,"max_hp_gain":0.0,"max_hp_loss":0.0,"gold_gain":0.0,"event_name":"Ghosts","player_choice":"Ignored","floor":21.0,"gold_loss":0.0,"damage_taken":0.0},{"damage_healed":0.0,"max_hp_gain":0.0,"max_hp_loss":0.0,"gold_gain":0.0,"event_name":"Addict","player_choice":"Obtained Relic","floor":23.0,"gold_loss":85.0,"damage_taken":0.0,"relics_obtained":["White Beast Statue"]},{"damage_healed":0.0,"max_hp_gain":0.0,"max_hp_loss":0.0,"gold_gain":0.0,"event_name":"The Mausoleum","player_choice":"Opened","floor":28.0,"gold_loss":0.0,"damage_taken":0.0,"relics_obtained":["Regal Pillow"],"cards_obtained":["Writhe"]},{"damage_healed":0.0,"max_hp_gain":0.0,"max_hp_loss":0.0,"gold_gain":100.0,"event_name":"Golden Shrine","player_choice":"Pray","floor":36.0,"gold_loss":0.0,"damage_taken":0.0},{"damage_healed":0.0,"max_hp_gain":0.0,"max_hp_loss":0.0,"gold_gain":0.0,"event_name":"Mysterious Sphere","player_choice":"Fight","floor":45.0,"gold_loss":0.0,"damage_taken":0.0},{"cards_removed":["PlaceholderMod:BaseStrike"],"damage_healed":0.0,"max_hp_gain":0.0,"max_hp_loss":0.0,"gold_gain":0.0,"event_name":"Falling","player_choice":"Removed Attack","floor":46.0,"gold_loss":0.0,"damage_taken":0.0},{"damage_healed":0.0,"max_hp_gain":0.0,"max_hp_loss":0.0,"gold_gain":0.0,"event_name":"NoteForYourself","player_choice":"Ignored","floor":53.0,"gold_loss":0.0,"damage_taken":0.0}],"is_beta":false,"boss_relics":[{"not_picked":["SlaversCollar","Runic Dome"],"picked":"Snecko Eye"},{"not_picked":["Coffee Dripper","Tiny House"],"picked":"Calling Bell"}],"items_purged_floors":[37],"is_endless":false,"potions_floor_spawned":[1,3,10,12,18,22,25,27,30,31,33,35,38,39,40,44,45,48,51,52,56],"ascension_level":0}}