{"host":"3j7xx3dgykcuif7u","time":1608973267,"event":{"mods":["2.2 Compatiblity","Bard","BaseMod","Better Note","Better Third Choice","BetterRewards","Colored Map","Colored Powertips","Conspire","Custom Start","Downfall","Faster Ascension Climbing","Friendly Minions","GifTheSpireLib","Gremlin Skip","Hermit","Highlight Path","Hubris","Infinite Spire","Mad Scientist","Marisa????????","Mimic Mod","Minty Spire (QoL Compilation)","Permanent Neow","Potionbrewer","Quick Restart","RNG Fix","Relic Sorter","Relic Stats","Replay The Spire","Shop Mod","Somnambulant","StSLib","Stuff the Spire","SuperFastMode","The Blue Laboratory","The Construct","The Disciple","The Jungle","The Mystic","The Servant 0.9.4","vexMod"],"gold_per_floor":[110,110,110,121,46,46,75,90,90,90,121,86,86,98,98,169,169,186,139,139,139,222,222,291,319,365,365,61,148,239,239,239,259,259],"floor_reached":33,"playtime":1802,"items_purged":["Strike_MRS"],"score":450,"play_id":"dd5dffd7-95ed-4f02-817b-3b4de580963d","local_time":"20201226030107","is_ascension_mode":true,"campfire_choices":[{"data":"MilkyWay","floor":6.0,"key":"SMITH"},{"data":"UnstableBomb","floor":10.0,"key":"SMITH"},{"data":"NonDirectionalLaser","floor":13.0,"key":"SMITH"},{"data":"OrrerysSun","floor":15.0,"key":"SMITH"},{"data":"MilkyWay","floor":23.0,"key":"SMITH"},{"floor":27.0,"key":"REST"},{"floor":32.0,"key":"REST"}],"circlet_count":0,"master_deck":["AscendersBane","Strike_MRS","Strike_MRS","Strike_MRS","Defend_MRS","Defend_MRS","Defend_MRS","Defend_MRS","MasterSpark","UpSweep","UnstableBomb+1","6A","MilkyWay+1","Acceleration","NonDirectionalLaser+1","OrrerysSun+1","BinaryStars","Robbery+1","MilkyWay+1","WitchOfGreed+1","WitchOfGreed+1","DeepEcoloBomb+1","DarkMatter"],"relics":["MiniHakkero","StuffTheSpire:RedRose","hubris:RunicObelisk","PreservedInsect","ClockworkSouvenir","MerchantsRug","Oddly Smooth Stone","Nilry\u0027s Codex"],"acts_visited":["Exordium","TheCity"],"potions_floor_usage":[33,33],"damage_taken":[{"damage":2.0,"enemies":"Jaw Worm","floor":1.0,"turns":3.0},{"damage":3.0,"enemies":"Small Slimes","floor":4.0,"turns":3.0},{"damage":5.0,"enemies":"Lagavulin","floor":7.0,"turns":6.0},{"damage":1.0,"enemies":"Cultist","floor":8.0,"turns":3.0},{"damage":14.0,"enemies":"3 Sentries","floor":11.0,"turns":5.0},{"damage":0.0,"enemies":"Large Slime","floor":14.0,"turns":4.0},{"damage":28.0,"enemies":"Hexaghost","floor":16.0,"turns":8.0},{"damage":8.0,"enemies":"3 Byrds","floor":18.0,"turns":4.0},{"damage":46.0,"enemies":"conspire:FuzzyDice","floor":22.0,"turns":6.0},{"damage":4.0,"enemies":"conspire:HollyBat","floor":24.0,"turns":5.0},{"damage":20.0,"enemies":"Slavers","floor":25.0,"turns":2.0},{"damage":1.0,"enemies":"Centurion and Healer","floor":29.0,"turns":7.0},{"damage":12.0,"enemies":"Snake Plant","floor":30.0,"turns":4.0},{"damage":43,"enemies":"Automaton","floor":33,"turns":8}],"seed_played":"-1286912535635980446","potions_obtained":[{"floor":1.0,"key":"Weak Potion"},{"floor":4.0,"key":"blueLaboratory:BottleOfVodka"},{"floor":14.0,"key":"FairyPotion"},{"floor":22.0,"key":"SteroidPotion"},{"floor":24.0,"key":"ShroomBrew"},{"floor":29.0,"key":"blueLaboratory:HorrorPotion"},{"floor":29.0,"key":"Adrenaline Potion"},{"floor":30.0,"key":"Swift Potion"},{"floor":30.0,"key":"blueLaboratory:PhilterOfMotion"}],"is_trial":false,"path_per_floor":["M","?","?","M","$","R","E","M","T","R","E","?","R","M","R","B",null,"M","$","?","?","M","R","M","E","T","R","$","M","M","?","R","B"],"character_chosen":"MARISA","items_purchased":["MilkyWay","ClockworkSouvenir","MerchantsRug","Oddly Smooth Stone"],"campfire_rested":2,"item_purchase_floors":[19,28,28,28],"current_hp_per_floor":[66,66,59,56,56,56,51,50,50,50,36,54,54,54,54,26,63,55,55,55,55,9,9,5,26,26,48,48,47,35,19,41,0,0],"gold":259,"neow_bonus":"THREE_CARDS","is_daily":false,"chose_seed":false,"campfire_upgraded":5,"win_rate":0.0,"timestamp":1608973267,"path_taken":["M","?","?","M","$","R","E","M","T","R","E","?","R","M","R","BOSS","M","$","?","?","M","R","?","E","T","R","$","M","M","?","R","BOSS"],"items_purchased_type":["Card","Relic","Relic","Relic"],"build_version":"2020-12-22","purchased_purges":1,"victory":false,"max_hp_per_floor":[75,75,75,75,75,75,75,75,75,75,75,75,75,75,75,75,75,75,75,75,75,75,75,75,75,75,75,75,75,75,75,75,75,75],"relic_stats":{"counters":[14,68],"PreservedInsect":0,"obtain_stats":[{"MerchantsRug":28,"Nilry\u0027s Codex":31,"Oddly Smooth Stone":28,"PreservedInsect":26,"MiniHakkero":0,"Replay:Bottled Snecko":11,"StuffTheSpire:RedRose":2,"hubris:RunicObelisk":17,"Unceasing Top":7,"ClockworkSouvenir":28},{"MerchantsRug":11,"Nilry\u0027s Codex":13,"Oddly Smooth Stone":11,"PreservedInsect":11,"MiniHakkero":0,"Replay:Bottled Snecko":5,"StuffTheSpire:RedRose":1,"hubris:RunicObelisk":7,"Unceasing Top":3,"ClockworkSouvenir":11},{"MerchantsRug":49,"Nilry\u0027s Codex":60,"Oddly Smooth Stone":49,"PreservedInsect":49,"MiniHakkero":0,"Replay:Bottled Snecko":20,"StuffTheSpire:RedRose":3,"hubris:RunicObelisk":32,"Unceasing Top":12,"ClockworkSouvenir":49}]},"card_choices":[{"not_picked":["EventHorizon","6A"],"picked":"UnstableBomb","floor":0.0},{"not_picked":["OneTimeOff","DC"],"picked":"6A","floor":1.0},{"not_picked":["GrandCross","RefractionSpark"],"picked":"MilkyWay","floor":4.0},{"not_picked":["EscapeVelocity","AsteroidBelt"],"picked":"Acceleration","floor":7.0},{"not_picked":["DC","DeepEcoloBomb"],"picked":"NonDirectionalLaser","floor":8.0},{"not_picked":["MachineGunSpark","Orbital"],"picked":"OrrerysSun","floor":11.0},{"not_picked":["Acceleration","IllusionStar","DoubleSpark"],"picked":"SKIP","floor":14.0},{"not_picked":["JA","SuperNova"],"picked":"BinaryStars","floor":16.0},{"not_picked":["NonDirectionalLaser","AlicesGift+1"],"picked":"Robbery+1","floor":18.0},{"not_picked":["MysteriousBeam","IllusionStar","GravityBeat"],"picked":"SKIP","floor":22.0},{"not_picked":["ManaConvection","NonDirectionalLaser"],"picked":"WitchOfGreed+1","floor":24.0},{"not_picked":["AsteroidBelt","MysteriousBeam"],"picked":"DeepEcoloBomb+1","floor":29.0},{"not_picked":["UltimateShortwave","GrandCross"],"picked":"DarkMatter","floor":30.0}],"player_experience":953495,"relics_obtained":[{"floor":7.0,"key":"Unceasing Top"},{"floor":11.0,"key":"Replay:Bottled Snecko"},{"floor":26.0,"key":"PreservedInsect"},{"floor":31.0,"key":"Nilry\u0027s Codex"}],"event_choices":[{"cards_removed":["Regret"],"damage_healed":0.0,"max_hp_gain":0.0,"max_hp_loss":0.0,"gold_gain":0.0,"event_name":"Golden Wing","player_choice":"Card Removal","floor":3.0,"gold_loss":0.0,"damage_taken":7.0},{"damage_healed":18.0,"max_hp_gain":0.0,"max_hp_loss":0.0,"gold_gain":0.0,"event_name":"The Cleric","player_choice":"Healed","floor":12.0,"gold_loss":35.0,"damage_taken":0.0},{"damage_healed":0.0,"max_hp_gain":0.0,"max_hp_loss":0.0,"gold_gain":0.0,"event_name":"The Woman in Blue","player_choice":"Bought 0 Potions","floor":20.0,"gold_loss":0.0,"damage_taken":0.0},{"damage_healed":0.0,"max_hp_gain":0.0,"max_hp_loss":0.0,"gold_gain":0.0,"event_name":"betterNote:BetterNote","player_choice":"Take","floor":21.0,"gold_loss":0.0,"damage_taken":0.0,"cards_obtained":["WitchOfGreed"]},{"damage_healed":0.0,"max_hp_gain":0.0,"max_hp_loss":0.0,"gold_gain":0.0,"event_name":"Cursed Tome","player_choice":"Obtained Book","floor":31.0,"gold_loss":0.0,"damage_taken":16.0}],"is_beta":false,"boss_relics":[{"not_picked":["vexMod:NewClearReactor","conspire:RoyalGoblet"],"picked":"hubris:RunicObelisk"}],"items_purged_floors":[5],"is_endless":false,"potions_floor_spawned":[1,4,14],"killed_by":"Automaton","ascension_level":13}}