{"host":"lvhfn8l5bvc4nolx","time":1608979892,"event":{"mods":["AchievementEnabler","BaseMod","Colored Map","Keyboard Shortcuts","Minty Spire (QoL Compilation)","Permanent Neow","Quick Restart","SuperFastMode"],"gold_per_floor":[110,110,35,35,48,48,79,79,79,112,122,197,209,209,209,311,311,295,295,295,315,315,315,133,133,133,172,172,271,271,271],"floor_reached":30,"playtime":702,"items_purged":["Strike_R","Strike_R","Strike_R"],"score":336,"play_id":"fd5b4e91-f428-4480-81e9-8ed944de5318","local_time":"20201226195132","is_ascension_mode":true,"campfire_choices":[{"floor":6,"key":"REST"},{"data":"Apotheosis","floor":15,"key":"SMITH"},{"floor":23,"key":"REST"},{"data":"Shrug It Off","floor":25,"key":"SMITH"},{"data":"1","floor":28,"key":"LIFT"}],"circlet_count":0,"master_deck":["Strike_R","Defend_R+1","Defend_R+1","Defend_R","Defend_R","Bash","Apotheosis+1","Rage","Headbutt","Offering","Fiend Fire","Warcry","Flame Barrier","Impervious","Seeing Red","Shrug It Off+1","Evolve","Feel No Pain"],"relics":["Burning Blood","Bag of Preparation","Question Card","Oddly Smooth Stone","Pantograph","Mark of Pain","Enchiridion","Girya"],"acts_visited":["Exordium","TheCity"],"potions_floor_usage":[13,16],"damage_taken":[{"damage":0,"enemies":"Cultist","floor":1,"turns":3},{"damage":6,"enemies":"Small Slimes","floor":5,"turns":5},{"damage":27,"enemies":"Lagavulin","floor":7,"turns":6},{"damage":22,"enemies":"3 Sentries","floor":10,"turns":9},{"damage":11,"enemies":"2 Louse","floor":11,"turns":3},{"damage":1,"enemies":"2 Fungi Beasts","floor":13,"turns":3},{"damage":24,"enemies":"Hexaghost","floor":16,"turns":9},{"damage":15,"enemies":"2 Thieves","floor":18,"turns":4},{"damage":6,"enemies":"3 Byrds","floor":21,"turns":4},{"damage":61,"enemies":"Gremlin Leader","floor":30,"turns":6}],"seed_played":"-15088347366890254","potions_obtained":[{"floor":1,"key":"SpeedPotion"},{"floor":10,"key":"LiquidMemories"},{"floor":16,"key":"AttackPotion"}],"is_trial":false,"path_per_floor":["M","?","$","?","M","R","E","?","T","E","M","?","M","?","R","B",null,"M","?","?","M","?","R","$","R","T","$","R","?","E"],"character_chosen":"IRONCLAD","items_purchased":["Evolve","Feel No Pain"],"campfire_rested":2,"item_purchase_floors":[24,27],"current_hp_per_floor":[57,41,41,41,41,65,44,37,37,21,16,5,10,10,10,17,64,55,39,24,24,24,49,49,49,49,49,49,49,0,0],"gold":271,"neow_bonus":"RANDOM_COLORLESS_2","is_daily":false,"chose_seed":false,"campfire_upgraded":2,"win_rate":0.0,"timestamp":1608979892,"path_taken":["M","?","$","?","M","R","E","?","T","E","M","?","M","?","R","BOSS","M","?","?","M","?","R","$","R","T","$","R","?","E"],"items_purchased_type":["Card","Card"],"build_version":"2020-12-22","purchased_purges":3,"victory":false,"max_hp_per_floor":[80,80,80,80,80,80,80,80,80,80,80,80,80,80,80,80,80,80,80,85,85,85,85,85,85,85,85,85,85,85,85],"card_choices":[{"not_picked":["Mayhem","Sadistic Nature"],"picked":"Apotheosis","floor":0},{"not_picked":["Metallicize","Wild Strike"],"picked":"Rage","floor":1},{"not_picked":["Metallicize","Heavy Blade"],"picked":"Headbutt","floor":5},{"not_picked":["Flex","Iron Wave"],"picked":"Offering","floor":7},{"not_picked":["Anger","True Grit","Sever Soul"],"picked":"Fiend Fire","floor":10},{"not_picked":["Dropkick","Clash","Combust"],"picked":"Warcry","floor":11},{"not_picked":["Entrench","Battle Trance","Sword Boomerang"],"picked":"Flame Barrier","floor":13},{"not_picked":["Demon Form","Feed","Brutality"],"picked":"Impervious","floor":16},{"not_picked":["Blood for Blood","Havoc","Uppercut+1"],"picked":"Seeing Red","floor":18},{"not_picked":["Havoc+1","Clothesline","Searing Blow+1","Headbutt"],"picked":"SKIP","floor":21}],"player_experience":334033,"relics_obtained":[{"floor":7,"key":"Bag of Preparation"},{"floor":9,"key":"Question Card"},{"floor":10,"key":"Oddly Smooth Stone"},{"floor":19,"key":"Enchiridion"},{"floor":26,"key":"Girya"}],"event_choices":[{"damage_healed":0,"gold_gain":0,"player_choice":"Entered Light","damage_taken":16,"max_hp_gain":0,"max_hp_loss":0,"event_name":"Shining Light","floor":2,"gold_loss":0,"cards_upgraded":["Defend_R","Defend_R"]},{"damage_healed":0,"gold_gain":0,"player_choice":"Leave","damage_taken":0,"max_hp_gain":0,"max_hp_loss":0,"event_name":"The Cleric","floor":4,"gold_loss":0},{"cards_removed":["Strike_R"],"damage_healed":0,"gold_gain":0,"player_choice":"Card Removal","damage_taken":7,"max_hp_gain":0,"max_hp_loss":0,"event_name":"Golden Wing","floor":8,"gold_loss":0},{"damage_healed":0,"gold_gain":75,"player_choice":"Gather Gold","damage_taken":11,"max_hp_gain":0,"max_hp_loss":0,"event_name":"World of Goop","floor":12,"gold_loss":0},{"damage_healed":0,"gold_gain":0,"player_choice":"Searched \u00271\u0027 times","damage_taken":0,"relics_obtained":["Pantograph"],"max_hp_gain":0,"max_hp_loss":0,"event_name":"Dead Adventurer","floor":14,"gold_loss":0},{"damage_healed":0,"gold_gain":0,"player_choice":"Obtained Book","damage_taken":16,"max_hp_gain":0,"max_hp_loss":0,"event_name":"Cursed Tome","floor":19,"gold_loss":0},{"damage_healed":0,"gold_gain":0,"player_choice":"Shed Blood","damage_taken":20,"max_hp_gain":5,"max_hp_loss":0,"event_name":"Forgotten Altar","floor":20,"gold_loss":0},{"damage_healed":0,"gold_gain":0,"player_choice":"Read","damage_taken":0,"max_hp_gain":0,"max_hp_loss":0,"event_name":"The Library","floor":22,"gold_loss":0,"cards_obtained":["Shrug It Off"]},{"damage_healed":0,"gold_gain":99,"player_choice":"Stole From Cult","damage_taken":0,"max_hp_gain":0,"max_hp_loss":0,"event_name":"Nest","floor":29,"gold_loss":0}],"is_beta":false,"boss_relics":[{"not_picked":["SlaversCollar","Black Blood"],"picked":"Mark of Pain"}],"items_purged_floors":[3,24,27],"is_endless":false,"potions_floor_spawned":[1,10,16],"killed_by":"Gremlin Leader","ascension_level":9}}