{"host":"yk98keyoflza93y0","time":1608943915,"event":{"mods":["AchievementEnabler","BaseMod","BetterRewards","Card Forge","Colored Map","DeckTracker","Minty Spire (QoL Compilation)","Shop Mod","StSLib","SuperFastMode","The Poker Player"],"gold_per_floor":[114,124,139,139,151,181,192,227,227,227,55,55,98,113,113,206,206,219,259,273,289,214,249,249,290,344,168,168,43,43,72,72,149,149,161,181,191,238,251,286,311,340,364,364,100,125,137,731,731,731,731,731,731,243,272,272],"floor_reached":57,"playtime":2705,"items_purged":["Strike_G","Strike_G","Defend_G","Sucker Punch+1","Tactician+1"],"score":4082,"play_id":"7157dd1e-3b63-446f-bd7f-7cfbd31090da","local_time":"20201226095155","is_ascension_mode":true,"campfire_choices":[{"data":"Concentrate","floor":15,"key":"SMITH"},{"data":"Adrenaline","floor":24,"key":"SMITH"},{"data":"Calculated Gamble","floor":30,"key":"SMITH"},{"data":"Calculated Gamble","floor":32,"key":"SMITH"},{"data":"Defend_G","floor":44,"key":"PURGE"},{"floor":47,"key":"DIG"},{"floor":49,"key":"RECALL"},{"floor":53,"key":"DIG"}],"circlet_count":0,"master_deck":["AscendersBane","Defend_G","Defend_G","Survivor","Neutralize+1","Adrenaline+1","PiercingWail+1","Calculated Gamble+1","Backflip+1","Underhanded Strike+1","Concentrate+1","Acrobatics+1","Heel Hook+1","Wraith Form v2+1","Cloak And Dagger+1","Eviscerate+1","Tactician+1","Footwork+1","Calculated Gamble+1","Corpse Explosion+1","Calculated Gamble+1","Footwork+1","Burst+1","Tactician+1","Grand Finale+1","Envenom+1","Reflex+1"],"relics":["Ring of the Snake","Hammer of Thor","Seething Fire","Anvil of the Gods","MerchantsRug","Gremlin Horn","Strawberry","Mango","InkBottle","Unceasing Top","Prayer Wheel","Oddly Smooth Stone","Chemical X","Shovel","TwistedFunnel","Pear","Akabeko","StoneCalendar","Thread and Needle","Bag of Preparation","Regal Pillow","MealTicket","Molten Egg 2","Bloody Idol","Lee\u0027s Waffle","Frozen Egg 2","Empty Cage","Red Mask","Omamori","Happy Flower","Bag of Marbles","Meat on the Bone","Sozu","Peace Pipe","Juzu Bracelet","Pocketwatch","Ornamental Fan","Shuriken","MawBank","Ice Cream","Kunai","Paper Crane","TheAbacus","Blue Candle"],"acts_visited":["Exordium","TheCity","TheBeyond","TheEnding"],"potions_floor_usage":[6,6,8,16,23,33,38],"damage_taken":[{"damage":0,"enemies":"Cultist","floor":1,"turns":3},{"damage":0,"enemies":"Jaw Worm","floor":2,"turns":2},{"damage":0,"enemies":"Small Slimes","floor":3,"turns":2},{"damage":0,"enemies":"3 Louse","floor":5,"turns":2},{"damage":18,"enemies":"3 Sentries","floor":6,"turns":7},{"damage":0,"enemies":"2 Fungi Beasts","floor":7,"turns":3},{"damage":41,"enemies":"Gremlin Nob","floor":8,"turns":5},{"damage":0,"enemies":"3 Sentries","floor":13,"turns":7},{"damage":0,"enemies":"Looter","floor":14,"turns":2},{"damage":10,"enemies":"The Guardian","floor":16,"turns":10},{"damage":0,"enemies":"Spheric Guardian","floor":18,"turns":1},{"damage":0,"enemies":"Masked Bandits","floor":19,"turns":2},{"damage":0,"enemies":"3 Byrds","floor":20,"turns":2},{"damage":0,"enemies":"Sentry and Sphere","floor":21,"turns":3},{"damage":0,"enemies":"Gremlin Leader","floor":23,"turns":3},{"damage":0,"enemies":"Book of Stabbing","floor":25,"turns":4},{"damage":0,"enemies":"Slavers","floor":31,"turns":1},{"damage":19,"enemies":"Champ","floor":33,"turns":7},{"damage":0,"enemies":"3 Darklings","floor":35,"turns":1},{"damage":0,"enemies":"Orb Walker","floor":36,"turns":1},{"damage":6,"enemies":"Transient","floor":37,"turns":6},{"damage":16,"enemies":"2 Orb Walkers","floor":38,"turns":2},{"damage":0,"enemies":"3 Darklings","floor":39,"turns":1},{"damage":0,"enemies":"Reptomancer","floor":40,"turns":1},{"damage":0,"enemies":"Mind Bloom Boss Battle","floor":41,"turns":3},{"damage":0,"enemies":"Nemesis","floor":42,"turns":3},{"damage":0,"enemies":"Reptomancer","floor":46,"turns":1},{"damage":0,"enemies":"Donu and Deca","floor":50,"turns":4},{"damage":9,"enemies":"Awakened One","floor":51,"turns":7},{"damage":0,"enemies":"Shield and Spear","floor":55,"turns":2},{"damage":21,"enemies":"The Heart","floor":56,"turns":6}],"seed_played":"7853898678070797960","potions_obtained":[{"floor":1,"key":"EntropicBrew"},{"floor":2,"key":"ColorlessPotion"},{"floor":7,"key":"ColorlessPotion"},{"floor":14,"key":"PowerPotion"},{"floor":20,"key":"LiquidMemories"},{"floor":31,"key":"Weak Potion"},{"floor":33,"key":"PowerPotion"}],"is_trial":false,"path_per_floor":["M","M","M","?","M","E","M","E","T","?","$","?","E","M","R","B",null,"M","?","M","M","?","E","R","E","T","$","?","$","R","E","R","B",null,"M","M","M","?","M","E","?","E","T","R","$","E","R","$","R","B","B",null,"R","$","E","B",null],"character_chosen":"THE_SILENT","items_purchased":["MerchantsRug","Gremlin Horn","Strawberry","InkBottle","Prayer Wheel","Oddly Smooth Stone","Chemical X","TwistedFunnel","Pear","Akabeko","Thread and Needle","Bag of Preparation","Adrenaline","Lee\u0027s Waffle","Footwork+1","Shuriken","Kunai","TheAbacus","Envenom+1"],"campfire_rested":0,"item_purchase_floors":[0,0,0,0,0,0,0,0,0,0,0,0,0,11,27,45,48,54,54],"current_hp_per_floor":[90,90,90,83,83,65,65,38,38,5,104,104,104,104,104,94,102,102,102,102,102,102,102,102,102,102,104,104,104,104,104,104,90,101,104,104,103,92,97,102,104,104,104,104,104,104,104,104,104,104,95,102,102,104,104,83],"gold":272,"neow_bonus":"","is_daily":false,"chose_seed":false,"campfire_upgraded":4,"win_rate":0.0,"timestamp":1608943915,"path_taken":["M","M","?","?","M","E","M","E","T","?","$","?","E","M","R","BOSS","M","?","M","M","?","E","R","E","T","$","?","?","R","E","R","BOSS","M","M","M","?","M","E","?","E","T","R","$","E","R","$","R","BOSS","BOSS","R","$","E","BOSS"],"items_purchased_type":["Relic","Relic","Relic","Relic","Relic","Relic","Relic","Relic","Relic","Relic","Relic","Relic","Card","Relic","Card","Relic","Relic","Relic","Card"],"build_version":"2020-12-22","purchased_purges":5,"victory":true,"max_hp_per_floor":[97,97,97,97,97,97,97,97,97,97,104,104,104,104,104,104,104,104,104,104,104,104,104,104,104,104,104,104,104,104,104,104,104,104,104,104,104,104,104,104,104,104,104,104,104,104,104,104,104,104,104,104,104,104,104,104],"card_choices":[{"not_picked":["Quick Slash","Distraction"],"picked":"PiercingWail","floor":1},{"not_picked":["Concentrate","Outmaneuver","Caltrops"],"picked":"SKIP","floor":1},{"not_picked":["Dagger Throw","Poisoned Stab"],"picked":"Calculated Gamble","floor":2},{"not_picked":["Sucker Punch","Endless Agony"],"picked":"Backflip","floor":2},{"not_picked":["Well Laid Plans","Dagger Throw"],"picked":"Underhanded Strike","floor":3},{"not_picked":["Predator","Dagger Spray","Slice"],"picked":"SKIP","floor":3},{"not_picked":["Deflect","Underhanded Strike"],"picked":"Concentrate","floor":5},{"not_picked":["Cloak And Dagger","Sucker Punch","Tools of the Trade"],"picked":"SKIP","floor":5},{"not_picked":["Quick Slash","Underhanded Strike","Glass Knife"],"picked":"SKIP","floor":6},{"not_picked":["Dodge and Roll","Infinite Blades"],"picked":"Acrobatics","floor":7},{"not_picked":["Deadly Poison","Prepared","Dash"],"picked":"SKIP","floor":7},{"not_picked":["Cloak And Dagger","Terror","Caltrops"],"picked":"SKIP","floor":8},{"not_picked":["Bane+1","Acrobatics"],"picked":"Sucker Punch+1","floor":13},{"not_picked":["Slice+1","Blade Dance"],"picked":"Heel Hook+1","floor":14},{"not_picked":["Acrobatics","Outmaneuver"],"picked":"Wraith Form v2+1","floor":14},{"not_picked":["Phantasmal Killer","Unload+1"],"picked":"A Thousand Cuts+1","floor":16},{"not_picked":["Bane+1","Catalyst"],"picked":"Cloak And Dagger+1","floor":18},{"not_picked":["Outmaneuver","Poisoned Stab+1","Underhanded Strike+1"],"picked":"SKIP","floor":18},{"not_picked":["Flying Knee+1","Leg Sweep"],"picked":"Eviscerate+1","floor":19},{"not_picked":["Eviscerate+1","Flechettes+1"],"picked":"Tactician+1","floor":20},{"not_picked":["Outmaneuver","Dagger Throw+1","Unload+1"],"picked":"SKIP","floor":20},{"not_picked":["Noxious Fumes+1","Cloak And Dagger","Deflect"],"picked":"SKIP","floor":21},{"not_picked":["Dagger Throw+1","Bane+1","PiercingWail"],"picked":"SKIP","floor":21},{"not_picked":["Underhanded Strike+1","Outmaneuver","Finisher+1"],"picked":"SKIP","floor":23},{"not_picked":["Backflip","Night Terror","Quick Slash+1"],"picked":"SKIP","floor":25},{"not_picked":["Slice+1","Dagger Throw+1"],"picked":"Calculated Gamble","floor":31},{"not_picked":["Die Die Die+1","Night Terror"],"picked":"Corpse Explosion","floor":33},{"not_picked":["Backstab+1","Prepared"],"picked":"Calculated Gamble+1","floor":35},{"not_picked":["Slice+1","Deadly Poison","Backflip+1"],"picked":"SKIP","floor":35},{"not_picked":["Flying Knee+1","Acrobatics"],"picked":"Footwork+1","floor":36},{"not_picked":["Quick Slash+1","Dodge and Roll","Prepared"],"picked":"SKIP","floor":36},{"not_picked":["Acrobatics","Flying Knee+1","Catalyst"],"picked":"SKIP","floor":37},{"not_picked":["Underhanded Strike+1","Flying Knee+1","Outmaneuver"],"picked":"SKIP","floor":37},{"not_picked":["Blade Dance+1","Heel Hook+1"],"picked":"Burst","floor":38},{"not_picked":["Dagger Throw+1","Blade Dance"],"picked":"Tactician","floor":39},{"not_picked":["Slice+1","Poisoned Stab+1"],"picked":"Tactician","floor":39},{"not_picked":["Slice+1","Concentrate+1","Backflip"],"picked":"SKIP","floor":40},{"not_picked":["Cloak And Dagger","Bane+1"],"picked":"Grand Finale+1","floor":41},{"not_picked":["Cloak And Dagger","Dagger Spray+1","Poisoned Stab+1"],"picked":"SKIP","floor":42},{"not_picked":["Quick Slash+1","Slice+1","Setup+1"],"picked":"SKIP","floor":46},{"not_picked":["Expertise","Dagger Throw+1","Bane+1"],"picked":"SKIP","floor":55}],"player_experience":1507110,"relics_obtained":[{"floor":6,"key":"Regal Pillow"},{"floor":8,"key":"MealTicket"},{"floor":9,"key":"Molten Egg 2"},{"floor":13,"key":"Frozen Egg 2"},{"floor":19,"key":"Red Mask"},{"floor":23,"key":"Omamori"},{"floor":25,"key":"Happy Flower"},{"floor":26,"key":"Bag of Marbles"},{"floor":31,"key":"Meat on the Bone"},{"floor":38,"key":"Peace Pipe"},{"floor":40,"key":"Juzu Bracelet"},{"floor":41,"key":"Pocketwatch"},{"floor":42,"key":"Ornamental Fan"},{"floor":46,"key":"MawBank"},{"floor":47,"key":"Ice Cream"},{"floor":53,"key":"Paper Crane"},{"floor":55,"key":"Blue Candle"}],"event_choices":[{"cards_removed":["Strike_G"],"damage_healed":0,"gold_gain":0,"player_choice":"Card Removal","damage_taken":7,"max_hp_gain":0,"max_hp_loss":0,"event_name":"Golden Wing","floor":4,"gold_loss":0},{"damage_healed":0,"gold_gain":0,"player_choice":"Take Damage","damage_taken":33,"relics_obtained":["Golden Idol"],"max_hp_gain":0,"max_hp_loss":0,"event_name":"Golden Idol","floor":10,"gold_loss":0},{"damage_healed":0,"gold_gain":0,"player_choice":"Leave","damage_taken":0,"max_hp_gain":0,"max_hp_loss":0,"event_name":"The Cleric","floor":12,"gold_loss":0},{"damage_healed":0,"gold_gain":0,"player_choice":"Fought Bandits","damage_taken":0,"max_hp_gain":0,"max_hp_loss":0,"event_name":"Masked Bandits","floor":19,"gold_loss":0},{"cards_removed":["Strike_G"],"damage_healed":0,"gold_gain":0,"player_choice":"Gave Gold","damage_taken":0,"max_hp_gain":0,"max_hp_loss":0,"event_name":"Beggar","floor":22,"gold_loss":75},{"damage_healed":0,"gold_gain":0,"player_choice":"Gave Idol","damage_taken":0,"relics_obtained":["Bloody Idol"],"max_hp_gain":0,"max_hp_loss":0,"event_name":"Forgotten Altar","floor":28,"relics_lost":["Golden Idol"],"gold_loss":0},{"damage_healed":0,"gold_gain":0,"player_choice":"Fight","damage_taken":0,"max_hp_gain":0,"max_hp_loss":0,"event_name":"Mysterious Sphere","floor":38,"gold_loss":0},{"damage_healed":0,"gold_gain":0,"player_choice":"Fight","damage_taken":0,"max_hp_gain":0,"max_hp_loss":0,"event_name":"MindBloom","floor":41,"gold_loss":0}],"is_beta":false,"boss_relics":[{"not_picked":["Calling Bell","Philosopher\u0027s Stone"],"picked":"Empty Cage"},{"not_picked":["SacredBark","Ring of the Serpent"],"picked":"Sozu"}],"items_purged_floors":[0,27,29,48,54],"is_endless":false,"potions_floor_spawned":[1,2,7,14,20,21,31,33,36,37,38,42],"ascension_level":20}}