{"host":"5fasz840ryq7obdf","time":1608992969,"event":{"mods":["AchievementEnabler","BaseMod","Bestiary","Better Altar","Better Skull","Better Third Choice","BetterRewards","Block Reminder","Colored Powertips","Curses Come First","Minty Spire (QoL Compilation)","Quick Restart","Relic Stats","Shop Mod","Spicy Shops","StSLib"],"gold_per_floor":[119,139,139,139,139,139,167,178,205,170,170,186,220,370,370,370,370],"floor_reached":16,"playtime":684,"items_purged":["Strike_P"],"score":216,"play_id":"ccd35530-24eb-4628-9f94-0046022f5931","local_time":"20201226142929","is_ascension_mode":true,"campfire_choices":[{"floor":6.0,"key":"REST"},{"floor":11.0,"key":"REST"},{"floor":15.0,"key":"REST"}],"circlet_count":0,"master_deck":["AscendersBane","Strike_P","Strike_P","Defend_P","Defend_P","Defend_P","Defend_P","Eruption","Vigilance","WreathOfFlame","FlyingSleeves","Adaptation","CrushJoints","Weave","MentalFortress","FlurryOfBlows","FlyingSleeves","FlyingSleeves","LessonLearned","Doubt"],"relics":["PureWater","Membership Card","Pen Nib","HandDrill","Mummified Hand","CultistMask","Art of War","Toy Ornithopter"],"acts_visited":["Exordium"],"potions_floor_usage":[16,16],"damage_taken":[{"damage":0.0,"enemies":"2 Louse","floor":1.0,"turns":2.0},{"damage":2.0,"enemies":"Jaw Worm","floor":2.0,"turns":3.0},{"damage":15.0,"enemies":"Lagavulin","floor":7.0,"turns":5.0},{"damage":7.0,"enemies":"Small Slimes","floor":8.0,"turns":2.0},{"damage":13.0,"enemies":"3 Louse","floor":12.0,"turns":3.0},{"damage":18.0,"enemies":"Gremlin Nob","floor":13.0,"turns":3.0},{"damage":38,"enemies":"The Guardian","floor":16,"turns":8}],"seed_played":"5553593641173143604","potions_obtained":[{"floor":7.0,"key":"Strength Potion"},{"floor":8.0,"key":"AttackPotion"},{"floor":13.0,"key":"AttackPotion"}],"is_trial":false,"path_per_floor":["M","M","?","?","?","R","E","M","T","?","R","M","E","?","R","B"],"character_chosen":"WATCHER","items_purchased":["Membership Card","Pen Nib","WreathOfFlame","FlyingSleeves","Adaptation","CrushJoints","HandDrill","Mummified Hand","Weave","MentalFortress"],"campfire_rested":3,"item_purchase_floors":[0,0,0,0,0,0,0,0,0,0],"current_hp_per_floor":[30,28,21,3,3,23,8,1,1,18,38,25,7,7,27,0,0],"gold":370,"neow_bonus":"","is_daily":false,"chose_seed":false,"campfire_upgraded":0,"win_rate":0.0,"timestamp":1608992969,"path_taken":["M","M","?","?","?","R","E","?","T","?","R","M","E","?","R","BOSS"],"items_purchased_type":["Relic","Relic","Card","Card","Card","Card","Relic","Relic","Card","Card"],"build_version":"2020-12-22","purchased_purges":1,"victory":false,"max_hp_per_floor":[68,68,68,68,68,68,68,68,68,68,68,68,68,68,68,68,68],"relic_stats":{"counters":[16,60],"Mummified Hand":[12],"Pen Nib":[5],"HandDrill":[12],"Art of War":[1],"obtain_stats":[{"Lantern":13,"Torii":0,"CeramicFish":0,"StoneCalendar":5,"Nunchaku":5,"Centennial Puzzle":11,"Mummified Hand":0,"Tiny Chest":13,"HandDrill":0,"Runic Pyramid":17,"Happy Flower":0,"Damaru":0,"PreservedInsect":2,"Pen Nib":0,"Orichalcum":3,"Mercury Hourglass":7,"CaptainsWheel":13,"Anchor":0,"Ornamental Fan":0,"Orrery":0,"Molten Egg 2":0,"CultistMask":5,"Art of War":7,"Membership Card":0,"PureWater":0,"FossilizedHelix":9,"Toy Ornithopter":13,"Meat on the Bone":0},{"Lantern":5,"Torii":0,"CeramicFish":9,"StoneCalendar":1,"Nunchaku":1,"Centennial Puzzle":5,"Mummified Hand":9,"Tiny Chest":5,"HandDrill":9,"Runic Pyramid":7,"Happy Flower":9,"Damaru":9,"PreservedInsect":1,"Pen Nib":9,"Orichalcum":1,"Mercury Hourglass":2,"CaptainsWheel":5,"Anchor":9,"Ornamental Fan":0,"Orrery":9,"Molten Egg 2":9,"CultistMask":11,"Art of War":12,"Membership Card":0,"PureWater":0,"FossilizedHelix":3,"Toy Ornithopter":15,"Meat on the Bone":0},{"Lantern":14,"Torii":0,"CeramicFish":34,"StoneCalendar":2,"Nunchaku":2,"Centennial Puzzle":14,"Mummified Hand":34,"Tiny Chest":14,"HandDrill":34,"Runic Pyramid":24,"Happy Flower":34,"Damaru":34,"PreservedInsect":2,"Pen Nib":34,"Orichalcum":2,"Mercury Hourglass":5,"CaptainsWheel":14,"Anchor":34,"Ornamental Fan":0,"Orrery":34,"Molten Egg 2":34,"CultistMask":39,"Art of War":44,"Membership Card":0,"PureWater":0,"FossilizedHelix":8,"Toy Ornithopter":52,"Meat on the Bone":0}],"Toy Ornithopter":10},"card_choices":[{"not_picked":["Tantrum","EmptyMind"],"picked":"FlurryOfBlows","floor":1.0},{"not_picked":["EmptyFist","FollowUp","DeceiveReality"],"picked":"SKIP","floor":2.0},{"not_picked":["BattleHymn","Protect"],"picked":"FlyingSleeves","floor":7.0},{"not_picked":["Perseverance","Pray","InnerPeace"],"picked":"SKIP","floor":8.0},{"not_picked":["Protect","ForeignInfluence"],"picked":"FlyingSleeves","floor":12.0},{"not_picked":["WheelKick","Wireheading"],"picked":"LessonLearned","floor":13.0}],"player_experience":1120436,"relics_obtained":[{"floor":7.0,"key":"Art of War"},{"floor":13.0,"key":"Toy Ornithopter"}],"event_choices":[{"cards_removed":["Strike_P"],"damage_healed":0.0,"max_hp_gain":0.0,"max_hp_loss":0.0,"gold_gain":0.0,"event_name":"Golden Wing","player_choice":"Card Removal","floor":3.0,"gold_loss":0.0,"damage_taken":7.0},{"damage_healed":0.0,"max_hp_gain":0.0,"max_hp_loss":0.0,"gold_gain":0.0,"event_name":"betterThird:BetterScrap","player_choice":"LEAVE","floor":4.0,"gold_loss":0.0,"damage_taken":18.0,"cards_obtained":["Corruption"]},{"damage_healed":0.0,"max_hp_gain":0.0,"max_hp_loss":0.0,"gold_gain":0.0,"event_name":"FaceTrader","player_choice":"Trade","floor":5.0,"gold_loss":0.0,"damage_taken":0.0,"relics_obtained":["CultistMask"]},{"damage_healed":17.0,"max_hp_gain":0.0,"max_hp_loss":0.0,"gold_gain":0.0,"event_name":"The Cleric","player_choice":"Healed","floor":10.0,"gold_loss":35.0,"damage_taken":0.0},{"damage_healed":0.0,"max_hp_gain":0.0,"max_hp_loss":0.0,"gold_gain":150.0,"event_name":"betterThird:BetterSerpent","player_choice":"AGREE","floor":14.0,"gold_loss":0.0,"damage_taken":220.0}],"is_beta":false,"boss_relics":[],"items_purged_floors":[0],"is_endless":false,"potions_floor_spawned":[7,8,13],"killed_by":"The Guardian","ascension_level":20}}