{"host":"x1qj4d8ympd5jdqh","time":1608983614,"event":{"mods":["AchievementEnabler","AlwaysNeverKeys","BaseMod","Colored Map","Custom Start","DeckTracker","Highlight Path","Minty Spire (QoL Compilation)","StSLib","SuperFastMode"],"gold_per_floor":[156,156,3,3,40,40,91,91,114,168,203,227,304,389,389,491,491,535,170,211,247,267,300,300,361,361,399,433,82,133,183,183,282,282,342,342,377,54,66,66,86,0,0,26,95,121,121,173,173,198,198,198,198,23,48,48],"floor_reached":57,"playtime":2259,"items_purged":["Strike_P","Strike_P","Defend_P","Defend_P","HandOfGreed+1"],"score":3459,"play_id":"062a5f40-123d-4145-ae8b-e06336c9558e","local_time":"20201226205334","is_ascension_mode":true,"campfire_choices":[{"data":"Eruption","floor":6.0,"key":"SMITH"},{"data":"HandOfGreed","floor":8.0,"key":"SMITH"},{"data":"FearNoEvil","floor":15.0,"key":"SMITH"},{"data":"Blasphemy","floor":24.0,"key":"SMITH"},{"data":"Adaptation","floor":32.0,"key":"SMITH"},{"data":"Scrawl","floor":40.0,"key":"SMITH"},{"floor":49,"key":"RECALL"},{"data":"DeceiveReality","floor":53,"key":"PURGE"}],"circlet_count":0,"master_deck":["AscendersBane","Eruption+1","Vigilance","Indignation","FearNoEvil+1","Blasphemy+1","EmptyFist+1","Halt+1","SandsOfTime+1","TalkToTheHand","MentalFortress","Adaptation+1","Scrawl+1","Adaptation"],"relics":["PureWater","PreservedInsect","Vajra","Happy Flower","Meat on the Bone","Anchor","Lantern","Astrolabe","Ornamental Fan","Bronze Scales","Du-Vu Doll","Peace Pipe","Orrery","Letter Opener","Runic Pyramid","TheAbacus","Red Mask","CeramicFish","Singing Bowl","Mummified Hand"],"acts_visited":["Exordium","TheCity","TheBeyond","TheEnding"],"potions_floor_usage":[56,56],"damage_taken":[{"damage":7.0,"enemies":"Small Slimes","floor":1.0,"turns":4.0},{"damage":6.0,"enemies":"Jaw Worm","floor":5.0,"turns":4.0},{"damage":0.0,"enemies":"Lagavulin","floor":7.0,"turns":2.0},{"damage":0.0,"enemies":"Gremlin Nob","floor":10.0,"turns":1.0},{"damage":0.0,"enemies":"Cultist","floor":11.0,"turns":2.0},{"damage":5.0,"enemies":"3 Sentries","floor":13.0,"turns":6.0},{"damage":5.0,"enemies":"3 Louse","floor":14.0,"turns":5.0},{"damage":22.0,"enemies":"Hexaghost","floor":16.0,"turns":7.0},{"damage":0.0,"enemies":"Chosen","floor":18.0,"turns":1.0},{"damage":0.0,"enemies":"2 Thieves","floor":20.0,"turns":2.0},{"damage":1.0,"enemies":"Snake Plant","floor":21.0,"turns":2.0},{"damage":0.0,"enemies":"Snecko","floor":22.0,"turns":3.0},{"damage":0.0,"enemies":"Book of Stabbing","floor":23.0,"turns":2.0},{"damage":0.0,"enemies":"Shelled Parasite and Fungi","floor":25.0,"turns":4.0},{"damage":5.0,"enemies":"Snake Plant","floor":27.0,"turns":3.0},{"damage":0.0,"enemies":"Gremlin Leader","floor":28.0,"turns":2.0},{"damage":0.0,"enemies":"Book of Stabbing","floor":30.0,"turns":3.0},{"damage":11.0,"enemies":"Automaton","floor":33.0,"turns":8.0},{"damage":16.0,"enemies":"3 Shapes","floor":35.0,"turns":3.0},{"damage":0.0,"enemies":"3 Darklings","floor":37.0,"turns":2.0},{"damage":0.0,"enemies":"Maw","floor":39.0,"turns":2.0},{"damage":0.0,"enemies":"Transient","floor":41.0,"turns":6.0},{"damage":0.0,"enemies":"Nemesis","floor":44.0,"turns":3.0},{"damage":0.0,"enemies":"Sphere and 2 Shapes","floor":45.0,"turns":3.0},{"damage":0.0,"enemies":"Reptomancer","floor":46.0,"turns":2.0},{"damage":0,"enemies":"Jaw Worm Horde","floor":48,"turns":2},{"damage":0,"enemies":"Time Eater","floor":50,"turns":3},{"damage":0,"enemies":"Awakened One","floor":51,"turns":3},{"damage":0,"enemies":"Shield and Spear","floor":55,"turns":2},{"damage":41,"enemies":"The Heart","floor":56,"turns":9}],"seed_played":"155640675752058480","potions_obtained":[{"floor":10.0,"key":"AttackPotion"},{"floor":16.0,"key":"Ancient Potion"},{"floor":18.0,"key":"EntropicBrew"},{"floor":21.0,"key":"ColorlessPotion"},{"floor":23.0,"key":"Block Potion"},{"floor":25.0,"key":"Explosive Potion"},{"floor":41.0,"key":"Weak Potion"},{"floor":46.0,"key":"Strength Potion"}],"is_trial":false,"path_per_floor":["M","?","$","?","M","R","E","R","T","E","M","T","E","M","R","B",null,"M","$","M","M","M","E","R","M","T","M","E","$","E","?","R","B",null,"M","?","M","$","M","R","M","?","T","E","M","E","?","M","R","B","B",null,"R","$","E","B",null],"character_chosen":"WATCHER","items_purchased":["Indignation","Ornamental Fan","Orrery","BlessingOfTheForge","TheAbacus"],"campfire_rested":0,"item_purchase_floors":[3,19,29,29,38],"current_hp_per_floor":[54,49,49,49,43,43,43,43,43,43,43,43,38,33,33,23,52,52,52,52,51,51,51,51,51,51,46,46,46,46,46,46,35,55,39,62,62,62,62,62,62,62,62,62,62,64,64,64,64,64,64,64,64,64,66,37],"gold":48,"neow_bonus":"RANDOM_COLORLESS_2","is_daily":false,"chose_seed":false,"campfire_upgraded":6,"win_rate":0.0,"timestamp":1608983614,"path_taken":["M","?","$","?","M","R","E","R","T","E","M","?","E","M","R","BOSS","M","$","M","M","M","E","R","M","T","M","E","$","E","?","R","BOSS","M","?","?","$","M","R","M","?","T","E","M","E","?","M","R","BOSS","BOSS","R","$","E","BOSS"],"items_purchased_type":["Card","Relic","Relic","Potion","Relic"],"build_version":"2020-12-22","purchased_purges":5,"victory":true,"max_hp_per_floor":[62,62,62,62,62,62,62,62,62,62,62,62,62,62,62,62,62,62,62,62,62,62,62,62,62,62,62,62,62,62,62,62,62,62,62,62,62,62,62,62,62,62,62,62,62,64,64,64,64,64,64,64,64,64,66,66],"card_choices":[{"not_picked":["The Bomb","Chrysalis"],"picked":"HandOfGreed","floor":0.0},{"not_picked":["Weave","Vengeance","BowlingBash"],"picked":"SKIP","floor":1.0},{"not_picked":["Crescendo","ThirdEye","JustLucky"],"picked":"SKIP","floor":5.0},{"not_picked":["FlurryOfBlows","Collect","Pray"],"picked":"SKIP","floor":7.0},{"not_picked":["FlurryOfBlows","Collect","Pray"],"picked":"SKIP","floor":7.0},{"not_picked":["CrushJoints","SignatureMove","Crescendo"],"picked":"SKIP","floor":10.0},{"not_picked":["FlurryOfBlows","PathToVictory"],"picked":"FearNoEvil","floor":11.0},{"not_picked":["ClearTheMind","Fasting2","Consecrate"],"picked":"SKIP","floor":13.0},{"not_picked":["ClearTheMind","Fasting2","Consecrate"],"picked":"SKIP","floor":13.0},{"not_picked":["MasterReality","JustLucky","FlurryOfBlows"],"picked":"SKIP","floor":14.0},{"not_picked":["Omniscience","Brilliance"],"picked":"Blasphemy","floor":16.0},{"not_picked":["CutThroughFate","BowlingBash","SashWhip"],"picked":"SKIP","floor":18.0},{"not_picked":["ClearTheMind","ForeignInfluence","ThirdEye"],"picked":"SKIP","floor":20.0},{"not_picked":["Prostrate","Crescendo","ClearTheMind"],"picked":"SKIP","floor":21.0},{"not_picked":["ThirdEye","CutThroughFate"],"picked":"TalkToTheHand","floor":22.0},{"not_picked":["FlyingSleeves+1","Fasting2","Wireheading"],"picked":"SKIP","floor":23.0},{"not_picked":["WheelKick","Protect","EmptyFist"],"picked":"SKIP","floor":25.0},{"not_picked":["FlyingSleeves","ForeignInfluence"],"picked":"MentalFortress","floor":27.0},{"not_picked":["WaveOfTheHand+1","Halt","FlurryOfBlows"],"picked":"SKIP","floor":28.0},{"not_picked":["Crescendo","FlurryOfBlows"],"picked":"Adaptation","floor":29.0},{"not_picked":["Conclude+1","Wireheading","Vengeance"],"picked":"SKIP","floor":30.0},{"not_picked":["Blasphemy","ConjureBlade"],"picked":"Scrawl","floor":33.0},{"not_picked":["BowlingBash","TalkToTheHand","Crescendo"],"picked":"SKIP","floor":35.0},{"not_picked":["Protect","CarveReality","PathToVictory"],"picked":"SKIP","floor":37.0},{"not_picked":["SashWhip","Pray+1","WheelKick"],"picked":"SKIP","floor":39.0},{"not_picked":["PathToVictory","FollowUp","Ragnarok"],"picked":"SKIP","floor":41.0},{"not_picked":["PathToVictory","EmptyBody","ConjureBlade"],"picked":"SKIP","floor":44.0},{"not_picked":["SignatureMove","PathToVictory","ThirdEye"],"picked":"SKIP","floor":45.0},{"not_picked":["Evaluate","FlurryOfBlows","Consecrate"],"picked":"Singing Bowl","floor":46.0},{"not_picked":["EmptyFist","Conclude"],"picked":"Adaptation","floor":48},{"not_picked":["ForeignInfluence","BattleHymn","ConjureBlade"],"picked":"Singing Bowl","floor":55}],"player_experience":1270153,"relics_obtained":[{"floor":7.0,"key":"Vajra"},{"floor":9.0,"key":"Happy Flower"},{"floor":10.0,"key":"Meat on the Bone"},{"floor":12.0,"key":"Anchor"},{"floor":13.0,"key":"Lantern"},{"floor":23.0,"key":"Bronze Scales"},{"floor":26.0,"key":"Du-Vu Doll"},{"floor":28.0,"key":"Peace Pipe"},{"floor":30.0,"key":"Letter Opener"},{"floor":44.0,"key":"CeramicFish"},{"floor":46.0,"key":"Singing Bowl"},{"floor":55,"key":"Mummified Hand"}],"event_choices":[{"damage_healed":0.0,"max_hp_gain":0.0,"max_hp_loss":0.0,"gold_gain":0.0,"event_name":"Scrap Ooze","player_choice":"Success","floor":2.0,"gold_loss":0.0,"damage_taken":5.0,"relics_obtained":["PreservedInsect"]},{"damage_healed":0.0,"max_hp_gain":0.0,"max_hp_loss":0.0,"gold_gain":0.0,"cards_transformed":["Defend_P"],"event_name":"Living Wall","player_choice":"Change","floor":4.0,"gold_loss":0.0,"damage_taken":0.0,"cards_obtained":["DeceiveReality"]},{"damage_healed":0.0,"max_hp_gain":0.0,"max_hp_loss":0.0,"gold_gain":50.0,"event_name":"Nest","player_choice":"Stole From Cult","floor":31.0,"gold_loss":0.0,"damage_taken":0.0},{"damage_healed":23.0,"max_hp_gain":0.0,"max_hp_loss":0.0,"gold_gain":0.0,"event_name":"Wheel of Change","player_choice":"Full Heal","floor":36.0,"gold_loss":0.0,"damage_taken":0.0},{"damage_healed":0.0,"max_hp_gain":0.0,"max_hp_loss":0.0,"gold_gain":0.0,"event_name":"Tomb of Lord Red Mask","player_choice":"Paid","floor":42.0,"gold_loss":86.0,"damage_taken":0.0,"relics_obtained":["Red Mask"]},{"damage_healed":0,"gold_gain":0,"player_choice":"Ignored","damage_taken":0,"max_hp_gain":0,"max_hp_loss":0,"event_name":"Mysterious Sphere","floor":47,"gold_loss":0}],"is_beta":false,"boss_relics":[{"not_picked":["SacredBark","Tiny House"],"picked":"Astrolabe"},{"not_picked":["Fusion Hammer","Velvet Choker"],"picked":"Runic Pyramid"}],"items_purged_floors":[3,19,29,38,54],"is_endless":false,"potions_floor_spawned":[10,16,18,21,23,25,41,46,48,55],"ascension_level":20}}