{"host":"474oh00kq6ni8dn3","time":1608968106,"event":{"mods":["AchievementEnabler","Aspiration","BaseMod","Colored Map","Colored Powertips","Conspire","Custom Start","Downfall","Googly Eyes","Hubris","Infinite Spire","Lobotomy","Minty Spire (QoL Compilation)","Permanent Neow","Quick Restart","Replay The Spire","Shop Mod","StSLib","The Construct","The Jungle"],"gold_per_floor":[119,119,130,143,161,196,196,221,221,221,239,264,264,189,189,303,303,339,374,401,401,401,445,478,478,503,195,195,195,223,223,247,266,266,405,405,419,419,419,419,419,457,457,477,503,259,287,337,364,407,407,419,419],"floor_reached":52,"playtime":2273,"items_purged":["LittlePrince","Shame","HappyTeddy"],"score":656,"play_id":"faef0263-b6dd-4692-a75f-83b5d1963e5e","local_time":"20201226073506","is_ascension_mode":false,"campfire_choices":[{"data":"ReplayTheSpireMod:Muscle Training","floor":7.0,"key":"SMITH"},{"data":"Sword Boomerang","floor":10.0,"key":"SMITH"},{"floor":25.0,"key":"REST"},{"data":"Heavy Blade","floor":29.0,"key":"SMITH"},{"data":"Madness","floor":43,"key":"SMITH"},{"data":"CommonCold","floor":51,"key":"PURGE"}],"circlet_count":0,"master_deck":["Apo_SoulSlash","Apo_Charge","Apo_Charge","Apo_Charge","Apo_Charge","Apo_Beam","Apo_Beam","Apo_Beam","Apo_Execute","Apo_Slash","Apo_Slash","Apo_SoulSlash","Madness+1","Madness"],"relics":["Burning Blood","CogitoBucket","Paper Frog","Quantum Egg","Replay:Bandana","LuminousBracelet","Du-Vu Doll","Ooze Armor","SkinProphecy","Meat on the Bone","Pantograph","ApostleMask","theJungle:SneckoAutograph","Sozu","aspiration:SeaSaltIceCream","Kunai","Ancient Tea Set","infinitespire:Beetle Shell","Bronze Scales","Whetstone","Pet Ghost"],"acts_visited":["Exordium","Exordium","TheBeyond"],"potions_floor_usage":[52,52],"damage_taken":[{"damage":7.0,"enemies":"2 Louse","floor":1.0,"turns":3.0},{"damage":6.0,"enemies":"Cultist","floor":3.0,"turns":3.0},{"damage":12.0,"enemies":"Jaw Worm","floor":4.0,"turns":2.0},{"damage":7.0,"enemies":"2 Fungi Beasts","floor":5.0,"turns":4.0},{"damage":42.0,"enemies":"Gremlin Nob","floor":6.0,"turns":5.0},{"damage":25.0,"enemies":"Lagavulin","floor":8.0,"turns":6.0},{"damage":2.0,"enemies":"Exordium Wildlife","floor":11.0,"turns":4.0},{"damage":15.0,"enemies":"Blue Slaver","floor":12.0,"turns":3.0},{"damage":61.0,"enemies":"Hexaghost","floor":16.0,"turns":10.0},{"damage":41.0,"enemies":"theJungle:GiantWrat","floor":18.0,"turns":4.0},{"damage":20.0,"enemies":"theJungle:MUSHROOMGANG","floor":19.0,"turns":5.0},{"damage":49.0,"enemies":"theJungle:2_Flameangoes","floor":20.0,"turns":7.0},{"damage":21.0,"enemies":"theJungle:JungleHuntersEncounter","floor":23.0,"turns":6.0},{"damage":10.0,"enemies":"theJungle:Lyon","floor":24.0,"turns":3.0},{"damage":23.0,"enemies":"theJungle:2_Flameangoes","floor":26.0,"turns":7.0},{"damage":30.0,"enemies":"theJungle:JungleHuntersEncounter","floor":30.0,"turns":7.0},{"damage":0.0,"enemies":"theJungle:Snecko_Cultist_And_Trap","floor":33.0,"turns":2.0},{"damage":20,"enemies":"theJungle:TotemBoss","floor":35,"turns":4},{"damage":11,"enemies":"3 Shapes","floor":37,"turns":5},{"damage":9,"enemies":"Nemesis","floor":42,"turns":3},{"damage":0,"enemies":"3 Darklings","floor":44,"turns":2},{"damage":5,"enemies":"Maw","floor":47,"turns":4},{"damage":25,"enemies":"R_Hoarder","floor":48,"turns":4},{"damage":0,"enemies":"Transient","floor":49,"turns":5},{"damage":9,"enemies":"Nemesis","floor":50,"turns":3},{"damage":142,"enemies":"conspire:OrnateMirror","floor":52,"turns":4}],"seed_played":"-4241916539143261817","potions_obtained":[{"floor":3.0,"key":"FairyPotion"},{"floor":8.0,"key":"infinitespire:BlackPotion"},{"floor":12.0,"key":"GamblersBrew"},{"floor":16.0,"key":"conspire:TimeTravelPotion"},{"floor":31.0,"key":"DuplicationPotion"},{"floor":31.0,"key":"PowerPotion"},{"floor":31.0,"key":"Flashbang"}],"is_trial":false,"path_per_floor":["M","?","M","M","M","E","R","E","T","R","M","M","?","$","R_BF","B",null,"M","M","M","PTL","PTL","M","M","R","M","$","T","R","M","?","M","M","R_BF","B",null,"M","AVR","?","?","?","E","R","M","T","$","M","E","M","E","R_BF","B"],"character_chosen":"IRONCLAD","items_purchased":["Whirlwind","Meat on the Bone","Bronze Scales"],"campfire_rested":1,"item_purchase_floors":[27,27,46],"current_hp_per_floor":[79,79,80,80,80,50,50,37,37,37,74,67,72,72,72,55,100,70,66,37,37,37,36,33,64,59,59,59,59,66,66,48,44,44,20,20,108,108,108,94,94,81,81,77,77,77,68,39,35,110,110,0,0],"gold":419,"neow_bonus":"","is_daily":false,"chose_seed":false,"campfire_upgraded":4,"win_rate":0.0,"timestamp":1608968106,"path_taken":["M","?","M","?","M","E","R","E","T","R","?","M","?","$","R_BF","BOSS","M","?","M","PTL","PTL","M","M","R","M","?","T","R","M","?","M","M","R_BF","BOSS","M","AVR","?","?","?","E","R","M","T","$","M","E","M","E","R_BF","BOSS"],"items_purchased_type":["Card","Relic","Relic"],"build_version":"2020-12-22","purchased_purges":3,"victory":false,"max_hp_per_floor":[80,80,80,80,80,80,80,80,80,80,95,95,100,100,100,100,100,100,100,100,100,100,102,104,104,106,106,106,106,98,98,102,104,104,106,106,108,108,108,108,108,110,110,112,112,112,114,116,108,110,110,112,112],"card_choices":[{"not_picked":["HeroicMonk","BeautyBeast"],"picked":"Woodsman","floor":1.0},{"not_picked":["Life Link","Uppercut"],"picked":"Twin Strike","floor":1.0},{"not_picked":["OldLady","Bloodbath"],"picked":"LittlePrince","floor":3.0},{"not_picked":["hubris:ReadiedAction","ReplayTheSpireMod:Strike From Hell"],"picked":"ReplayTheSpireMod:Muscle Training","floor":3.0},{"not_picked":["WhitesApple","SpiderBud"],"picked":"MeatLantern","floor":4.0},{"not_picked":["hubris:ReadiedAction","Massacre"],"picked":"Sword Boomerang","floor":4.0},{"not_picked":["Murderer","SpiderBud"],"picked":"WallGazer","floor":5.0},{"not_picked":["Sword Boomerang","conspire:Purge","Cleave"],"picked":"SKIP","floor":5.0},{"not_picked":["conspire:Purge","Cleave"],"picked":"Sword Boomerang","floor":5.0},{"not_picked":["DespairKnight","GalaxyChild"],"picked":"OSAHOGD","floor":6.0},{"not_picked":["Shockwave","Cleave","Clothesline"],"picked":"SKIP","floor":6.0},{"not_picked":["LaLuna","BeautyBeast"],"picked":"BigBird","floor":8.0},{"not_picked":["Run Through","Replay:Undeath\u0027s Touch","ReplayTheSpireMod:Strike From Hell"],"picked":"SKIP","floor":8.0},{"not_picked":["WhitesApple","UniverseFragment"],"picked":"BigBadWolf","floor":11.0},{"not_picked":["Double Tap","Warcry","conspire:ExplosiveBarrier"],"picked":"SKIP","floor":11.0},{"not_picked":["CherryBlossoms","Scorched"],"picked":"UniverseFragment","floor":12.0},{"not_picked":["Shrug It Off","Rampage","Blood for Blood"],"picked":"SKIP","floor":12.0},{"not_picked":["MHz","SpiderBud"],"picked":"MeltingLove","floor":16.0},{"not_picked":["Juggernaut","Reaper"],"picked":"Offering","floor":16.0},{"not_picked":["MHz","FairyFestival"],"picked":"Variant","floor":18.0},{"not_picked":["Second Wind","Clothesline+1"],"picked":"Heavy Blade","floor":18.0},{"not_picked":["OldLady","CrumblingArmor"],"picked":"ShyLook","floor":19.0},{"not_picked":["Reckless Charge+1","Ghostly Armor+1","Warcry"],"picked":"SKIP","floor":19.0},{"not_picked":["Murderer","LongBird"],"picked":"PlagueDoctor","floor":20.0},{"not_picked":["Clothesline+1","Perfected Strike+1","Reckless Charge"],"picked":"SKIP","floor":20.0},{"not_picked":["OldLady","Wellcheers"],"picked":"Rudolta","floor":23.0},{"not_picked":["infinitespire:OneForAll","Shockwave"],"picked":"Heavy Blade+1","floor":23.0},{"not_picked":["LaLuna","Wellcheers"],"picked":"QueenOfHatred","floor":24.0},{"not_picked":["Twin Strike","Corruption","Body Slam"],"picked":"SKIP","floor":24.0},{"not_picked":["MeatLantern","FairyFestival"],"picked":"SingingMachine","floor":26.0},{"not_picked":["Twin Strike","Flex","Replay:Undeath\u0027s Touch+1"],"picked":"SKIP","floor":26.0},{"not_picked":["Armaments","Reckless Charge","Clothesline"],"picked":"SKIP","floor":30.0},{"not_picked":["Shrug It Off","Pommel Strike","Clothesline"],"picked":"SKIP","floor":33.0},{"not_picked":["QueenBee","SingingMachine"],"picked":"HappyTeddy","floor":35},{"not_picked":["Thunderclap+1","Dropkick","Abandon"],"picked":"SKIP","floor":37},{"not_picked":["Pommel Strike+1","ReplayTheSpireMod:Muscle Training","Clash"],"picked":"SKIP","floor":42},{"not_picked":["Burning Pact+1","Inflame+1","Body Slam"],"picked":"SKIP","floor":44},{"not_picked":["Thunderclap+1","Inflame+1","Feel No Pain"],"picked":"SKIP","floor":47},{"not_picked":["infinitespire:OneForAll+1","Reaper","Body Slam"],"picked":"SKIP","floor":48},{"not_picked":["Heavy Blade","Intimidate+1","conspire:HitWhereItHurts"],"picked":"SKIP","floor":49},{"not_picked":["Perfected Strike+1","Burning Pact+1","Hemokinesis"],"picked":"SKIP","floor":50}],"player_experience":31158,"relics_obtained":[{"floor":6.0,"key":"Paper Frog"},{"floor":8.0,"key":"Quantum Egg"},{"floor":9.0,"key":"Replay:Bandana"},{"floor":28.0,"key":"Pantograph"},{"floor":42,"key":"Ancient Tea Set"},{"floor":45,"key":"infinitespire:Beetle Shell"},{"floor":48,"key":"Whetstone"},{"floor":50,"key":"Pet Ghost"}],"event_choices":[{"damage_healed":0.0,"max_hp_gain":0.0,"max_hp_loss":0.0,"gold_gain":0.0,"event_name":"NoteForYourself","player_choice":"Ignored","floor":2.0,"gold_loss":0.0,"damage_taken":0.0},{"damage_healed":0.0,"max_hp_gain":5.0,"max_hp_loss":0.0,"gold_gain":0.0,"event_name":"Big Fish","player_choice":"Donut","floor":13.0,"gold_loss":0.0,"damage_taken":0.0},{"damage_healed":0.0,"max_hp_gain":0.0,"max_hp_loss":0.0,"gold_gain":0.0,"event_name":"Lab","player_choice":"Got Potions","floor":31.0,"gold_loss":0.0,"damage_taken":0.0},{"damage_healed":0,"gold_gain":0,"player_choice":"Ignored","damage_taken":0,"max_hp_gain":0,"max_hp_loss":0,"event_name":"Tomb of Lord Red Mask","floor":39,"gold_loss":0},{"damage_healed":0,"gold_gain":0,"player_choice":"Embrace Madness","damage_taken":14,"max_hp_gain":0,"max_hp_loss":0,"event_name":"Winding Halls","floor":40,"gold_loss":0,"cards_obtained":["Madness","Madness"]}],"is_beta":false,"boss_relics":[{"not_picked":["Empty Cage","ReplayTheSpireMod:SealedPack"],"picked":"Ooze Armor"},{"not_picked":["Replay:Bronze Core","Painkiller Herb"],"picked":"Sozu"}],"items_purged_floors":[14,38,46],"is_endless":false,"potions_floor_spawned":[3,8,12,16,20,23,30,47,49,50],"killed_by":"conspire:OrnateMirror","ascension_level":0}}