{"host":"utqe55yv0jihe4d6","time":1608957228,"event":{"mods":["2.2 Compatiblity","AchievementEnabler","BaseMod","Block Reminder","Colored Map","Colored Powertips","Minty Spire (QoL Compilation)","Quick Restart","Rare Cards Sparkle","Relic Stats","SuperFastMode"],"gold_per_floor":[115,115,115,136,151,192,212,212,212,256,277,312,312,335,335,426,426,446,446,460,480,16,16,30,30,30,65,65,65,98,113,113,206,206,224,239,239,260,280,280,22,22,22],"floor_reached":42,"playtime":1667,"items_purged":["Defend_P","Strike_P"],"score":1170,"play_id":"e3f75a16-7542-4b06-a3bb-dc275acb1543","local_time":"20201225233348","is_ascension_mode":true,"campfire_choices":[{"data":"Conclude","floor":8.0,"key":"SMITH"},{"data":"Tantrum","floor":15,"key":"SMITH"},{"floor":23,"key":"REST"},{"floor":25,"key":"REST"},{"floor":28,"key":"REST"},{"floor":32,"key":"REST"},{"floor":40,"key":"REST"}],"circlet_count":0,"master_deck":["AscendersBane","Strike_P","Defend_P","Eruption","Vigilance","EmptyFist","Conclude+1","Halt","FearNoEvil","Consecrate","Tantrum+1","ClearTheMind","Protect","Omniscience","Alpha+1","ConjureBlade+1","Protect+1","Meditate","CutThroughFate","Halt","Wallop+1","Wallop+1","LikeWater+1","Establishment","CrushJoints+1","Crescendo+1","Protect+1"],"relics":["HolyWater","Golden Idol","Turnip","Dead Branch","Calipers","Ancient Tea Set","Darkstone Periapt","NlothsMask","Astrolabe","Shuriken","Ornamental Fan","Happy Flower","TheAbacus"],"acts_visited":["Exordium","TheCity","TheBeyond"],"potions_floor_usage":[12,20,27,30,30,42,42],"damage_taken":[{"damage":6.0,"enemies":"Jaw Worm","floor":1.0,"turns":6.0},{"damage":0.0,"enemies":"Small Slimes","floor":4.0,"turns":2.0},{"damage":0.0,"enemies":"Cultist","floor":5.0,"turns":2.0},{"damage":22.0,"enemies":"Lagavulin","floor":6.0,"turns":7.0},{"damage":0.0,"enemies":"2 Fungi Beasts","floor":7.0,"turns":3.0},{"damage":0.0,"enemies":"Gremlin Nob","floor":10.0,"turns":3.0},{"damage":3.0,"enemies":"Lots of Slimes","floor":11.0,"turns":2.0},{"damage":10,"enemies":"3 Sentries","floor":12,"turns":3},{"damage":3,"enemies":"3 Louse","floor":14,"turns":2},{"damage":0,"enemies":"Hexaghost","floor":16,"turns":8},{"damage":2,"enemies":"Chosen","floor":18,"turns":5},{"damage":38,"enemies":"2 Thieves","floor":20,"turns":5},{"damage":42,"enemies":"Sentry and Sphere","floor":21,"turns":5},{"damage":8,"enemies":"Cultist and Chosen","floor":24,"turns":4},{"damage":19,"enemies":"Slavers","floor":27,"turns":4},{"damage":0,"enemies":"Gremlin Leader","floor":30,"turns":4},{"damage":21,"enemies":"Shelled Parasite and Fungi","floor":31,"turns":5},{"damage":21,"enemies":"Collector","floor":33,"turns":5},{"damage":0,"enemies":"3 Darklings","floor":35,"turns":4},{"damage":0,"enemies":"Orb Walker","floor":36,"turns":3},{"damage":35,"enemies":"3 Darklings","floor":38,"turns":3},{"damage":2,"enemies":"Transient","floor":39,"turns":6},{"damage":60,"enemies":"Nemesis","floor":42,"turns":5}],"seed_played":"-3688089017943137386","potions_obtained":[{"floor":7.0,"key":"FairyPotion"},{"floor":10.0,"key":"Explosive Potion"},{"floor":19,"key":"SkillPotion"},{"floor":24,"key":"AttackPotion"},{"floor":27,"key":"GamblersBrew"},{"floor":30,"key":"SpeedPotion"},{"floor":35,"key":"SpeedPotion"}],"is_trial":false,"path_per_floor":["M","?","?","M","M","E","M","R","T","E","M","E","?","M","R","B",null,"M","?","M","M","$","R","M","R","T","E","R","?","E","M","R","B",null,"M","M","?","M","M","R","$","E"],"character_chosen":"WATCHER","items_purchased":["Shuriken","Halt","SkillPotion","TheAbacus"],"campfire_rested":5,"item_purchase_floors":[22,22,22,41],"current_hp_per_floor":[61,61,50,50,50,28,28,28,28,28,25,15,15,12,12,12,53,51,51,13,9,9,29,21,41,41,22,42,42,42,21,41,20,55,55,55,55,20,18,38,38,0,0],"gold":22,"neow_bonus":"TEN_PERCENT_HP_BONUS","is_daily":false,"chose_seed":false,"campfire_upgraded":2,"win_rate":0.0,"timestamp":1608957228,"path_taken":["M","?","?","M","M","E","M","R","T","E","M","E","?","?","R","BOSS","M","?","?","?","$","R","M","R","T","E","R","?","E","M","R","BOSS","M","?","?","M","M","R","?","E"],"items_purchased_type":["Relic","Card","Potion","Relic"],"build_version":"2020-12-22","purchased_purges":2,"victory":false,"max_hp_per_floor":[74,67,67,67,67,67,67,67,67,67,67,67,67,67,67,67,67,67,67,67,67,67,67,67,67,67,67,67,67,67,67,67,67,67,67,67,67,67,67,67,67,67,67],"relic_stats":{"Darkstone Periapt":0,"TheAbacus":[0],"Happy Flower":[10],"counters":[23,96],"Golden Idol":127,"Shuriken":[21],"Ornamental Fan":[68],"Dead Branch":[76],"Astrolabe":["Alpha","ConjureBlade","Protect"],"Turnip":[15],"obtain_stats":[{"Darkstone Periapt":12,"Calipers":9,"Happy Flower":30,"Golden Idol":2,"Dead Branch":6,"Astrolabe":17,"Ancient Tea Set":10,"TheAbacus":41,"Shuriken":22,"Ornamental Fan":27,"HolyWater":34,"Turnip":3,"PureWater":0,"NlothsMask":13},{"Darkstone Periapt":8,"Calipers":5,"Happy Flower":16,"Golden Idol":1,"Dead Branch":4,"Astrolabe":10,"Ancient Tea Set":6,"TheAbacus":22,"Shuriken":13,"Ornamental Fan":15,"HolyWater":18,"Turnip":1,"PureWater":0,"NlothsMask":8},{"Darkstone Periapt":28,"Calipers":20,"Happy Flower":65,"Golden Idol":6,"Dead Branch":17,"Astrolabe":38,"Ancient Tea Set":23,"TheAbacus":91,"Shuriken":53,"Ornamental Fan":61,"HolyWater":75,"Turnip":6,"PureWater":0,"NlothsMask":28}]},"card_choices":[{"not_picked":["Protect","SashWhip"],"picked":"EmptyFist","floor":1.0},{"not_picked":["EmptyBody","Protect"],"picked":"Conclude","floor":4.0},{"not_picked":["Evaluate","LikeWater"],"picked":"Halt","floor":5.0},{"not_picked":["Crescendo","Prostrate"],"picked":"FearNoEvil","floor":6.0},{"not_picked":["FlyingSleeves","PathToVictory"],"picked":"Consecrate","floor":7.0},{"not_picked":["PathToVictory","WheelKick"],"picked":"Tantrum","floor":10.0},{"not_picked":["CrushJoints","BattleHymn","PathToVictory"],"picked":"SKIP","floor":11.0},{"not_picked":["ThirdEye","WindmillStrike"],"picked":"ClearTheMind","floor":12},{"not_picked":["WaveOfTheHand","Devotion"],"picked":"Protect","floor":14},{"not_picked":["Devotion","Alpha"],"picked":"Omniscience","floor":16},{"not_picked":["LikeWater","Nirvana"],"picked":"Meditate","floor":18},{"not_picked":["WreathOfFlame","Consecrate","InnerPeace"],"picked":"SKIP","floor":20},{"not_picked":["JustLucky","Crescendo"],"picked":"CutThroughFate","floor":21},{"not_picked":["Halt","Prostrate"],"picked":"Wallop+1","floor":24},{"not_picked":["Devotion","Halt","Sanctity"],"picked":"SKIP","floor":27},{"not_picked":["ReachHeaven","CarveReality"],"picked":"LikeWater+1","floor":30},{"not_picked":["BowlingBash","FlyingSleeves","SashWhip"],"picked":"SKIP","floor":31},{"not_picked":["DeusExMachina","Devotion"],"picked":"Establishment","floor":33},{"not_picked":["Consecrate","FlyingSleeves"],"picked":"CrushJoints+1","floor":35},{"not_picked":["Judgement","Evaluate"],"picked":"Crescendo+1","floor":36},{"not_picked":["Crescendo+1","Protect+1","Conclude"],"picked":"SKIP","floor":38},{"not_picked":["Crescendo+1","Conclude"],"picked":"Protect+1","floor":38},{"not_picked":["FlyingSleeves+1","BowlingBash","PathToVictory"],"picked":"SKIP","floor":39}],"player_experience":2864560,"relics_obtained":[{"floor":6.0,"key":"Dead Branch"},{"floor":9.0,"key":"Calipers"},{"floor":10.0,"key":"Ancient Tea Set"},{"floor":12,"key":"Darkstone Periapt"},{"floor":27,"key":"Ornamental Fan"},{"floor":30,"key":"Happy Flower"}],"event_choices":[{"damage_healed":0.0,"max_hp_gain":0.0,"max_hp_loss":7.0,"gold_gain":0.0,"event_name":"Golden Idol","player_choice":"Lose Max HP","floor":2.0,"gold_loss":0.0,"damage_taken":0.0,"relics_obtained":["Golden Idol"]},{"damage_healed":0.0,"max_hp_gain":0.0,"max_hp_loss":0.0,"gold_gain":0.0,"event_name":"Scrap Ooze","player_choice":"Success","floor":3.0,"gold_loss":0.0,"damage_taken":11.0,"relics_obtained":["Turnip"]},{"damage_healed":0,"gold_gain":0,"player_choice":"Trade","damage_taken":0,"relics_obtained":["NlothsMask"],"max_hp_gain":0,"max_hp_loss":0,"event_name":"FaceTrader","floor":13,"gold_loss":0},{"damage_healed":0,"gold_gain":0,"player_choice":"Got Potions","damage_taken":0,"max_hp_gain":0,"max_hp_loss":0,"event_name":"Lab","floor":19,"gold_loss":0},{"damage_healed":0,"gold_gain":0,"player_choice":"Copied","damage_taken":0,"max_hp_gain":0,"max_hp_loss":0,"event_name":"Duplicator","floor":29,"gold_loss":0,"cards_obtained":["Wallop"]},{"cards_removed":["Strike_P"],"damage_healed":0,"gold_gain":0,"player_choice":"Purged","damage_taken":0,"max_hp_gain":0,"max_hp_loss":0,"event_name":"Purifier","floor":37,"gold_loss":0}],"is_beta":false,"boss_relics":[{"not_picked":["Black Star","Velvet Choker"],"picked":"Astrolabe"},{"not_picked":["VioletLotus","SacredBark"],"picked":"HolyWater"}],"items_purged_floors":[22,41],"is_endless":false,"potions_floor_spawned":[7,10,11,24,27,30,35],"killed_by":"Nemesis","ascension_level":20}}