{"host":"pi8b3ffzwvxqztac","time":1608942202,"event":{"mods":["BaseMod","Colored Map","Downfall","Minty Spire (QoL Compilation)","StSLib"],"gold_per_floor":[0,10,10,185,195,79,79,4,28,13,30,52,72,122,136,238,238,163,173,190,209,209,209,257,269,269,54,54,85,103,103,116,116,116,116],"floor_reached":33,"playtime":1642,"items_purged":["Doubt","Shame"],"score":257,"play_id":"a23ada87-781e-4060-86f7-dd1257236c21","local_time":"20201226132322","is_ascension_mode":false,"campfire_choices":[{"floor":1.0,"key":"RECALL"},{"data":"Slimebound:Split","floor":8.0,"key":"SMITH"},{"data":"Slimebound:CorrosiveSpit","floor":18.0,"key":"SMITH"},{"data":"Slimebound:Replication","floor":26.0,"key":"SMITH"},{"data":"Slimebound:RallyTheTroops","floor":28.0,"key":"SMITH"}],"circlet_count":0,"master_deck":["Slimebound:Strike_Slimebound","Slimebound:Strike_Slimebound","Slimebound:Strike_Slimebound","Slimebound:Tackle+1","Slimebound:Defend_Slimebound","Slimebound:Defend_Slimebound","Slimebound:Defend_Slimebound","Slimebound:Defend_Slimebound","Slimebound:Split+1","Slimebound:CorrosiveSpit+1","Slimebound:RallyTheTroops+1","Slimebound:DisruptingSlam","Slimebound:Replication","Slimebound:SplitAcid","Slimebound:GrowthPunch+1","RitualDagger+1","Slimebound:Replication+1","Slimebound:SamplingLick"],"relics":["Slimebound:AbsorbEndCombat","downfall:HeartBlessingRed","Blood Vial","Odd Mushroom","Whetstone","SlaversCollar","downfall:HeartBlessingBlue","Oddly Smooth Stone","Membership Card","Lantern","downfall:RedIOU"],"acts_visited":["Exordium","TheCity"],"potions_floor_usage":[32],"damage_taken":[{"damage":7.0,"enemies":"Cultist","floor":2.0,"turns":3.0},{"damage":9.0,"enemies":"Small Slimes","floor":5.0,"turns":4.0},{"damage":12.0,"enemies":"downfall:FleeingMerchant","floor":6.0,"turns":4.0},{"damage":22.0,"enemies":"downfall:FleeingMerchant","floor":10.0,"turns":4.0},{"damage":12.0,"enemies":"Jaw Worm","floor":11.0,"turns":3.0},{"damage":23.0,"enemies":"The Mushroom Lair","floor":12.0,"turns":2.0},{"damage":19.0,"enemies":"Blue Slaver","floor":13.0,"turns":4.0},{"damage":7.0,"enemies":"2 Fungi Beasts","floor":15.0,"turns":3.0},{"damage":41.0,"enemies":"downfall:Ironclad","floor":16.0,"turns":9.0},{"damage":26.0,"enemies":"Shell Parasite","floor":19.0,"turns":6.0},{"damage":31.0,"enemies":"3 Byrds","floor":20.0,"turns":4.0},{"damage":33.0,"enemies":"Shelled Parasite and Fungi","floor":21.0,"turns":6.0},{"damage":19.0,"enemies":"3 Cultists","floor":25.0,"turns":4.0},{"damage":21.0,"enemies":"downfall:FleeingMerchant","floor":27.0,"turns":4.0},{"damage":43.0,"enemies":"Gremlin Leader","floor":29.0,"turns":7.0},{"damage":25.0,"enemies":"Snake Plant","floor":30.0,"turns":3.0},{"damage":32,"enemies":"Snecko","floor":32,"turns":5},{"damage":30,"enemies":"downfall:Silent","floor":33,"turns":3}],"seed_played":"-2887706506899386062","potions_obtained":[{"floor":5.0,"key":"GamblersBrew"},{"floor":11.0,"key":"Energy Potion"},{"floor":12.0,"key":"DistilledChaos"},{"floor":20.0,"key":"AttackPotion"},{"floor":21.0,"key":"DistilledChaos"},{"floor":22.0,"key":"CultistPotion"},{"floor":32,"key":"Ancient Potion"}],"is_trial":false,"path_per_floor":["R","M","?","?","M","$","T","R","T","$","M","?","M","T","M","B",null,"R","M","M","M","?","?","T","M","R","$","R","E","M","?","M","B"],"character_chosen":"SLIMEBOUND","items_purchased":["Slimebound:SplitAcid","Membership Card"],"campfire_rested":0,"item_purchase_floors":[6,27],"current_hp_per_floor":[60,59,59,59,55,53,53,53,53,51,55,52,49,49,48,39,60,70,68,57,54,54,54,54,57,57,54,54,39,34,34,24,0,0,0],"gold":116,"neow_bonus":"THREE_RARE_CARDS","is_daily":false,"chose_seed":false,"campfire_upgraded":4,"win_rate":0.0,"timestamp":1608942202,"path_taken":["R","M","?","?","M","?","T","R","?","$","?","?","M","?","M","BOSS","R","M","M","M","?","?","T","M","R","$","R","E","M","?","M","BOSS"],"items_purchased_type":["Card","Relic"],"build_version":"2020-12-22","purchased_purges":2,"victory":false,"max_hp_per_floor":[60,60,60,60,60,60,60,60,60,60,60,60,60,60,60,60,60,70,70,70,70,70,70,70,70,70,70,70,70,70,70,70,70,70,70],"card_choices":[{"not_picked":["Slimebound:MassRepurpose","Slimebound:CheckThePlaybook"],"picked":"Slimebound:RallyTheTroops","floor":0.0},{"not_picked":["Slimebound:Schlurp","Slimebound:ComboTackle","Slimebound:GoopTackle"],"picked":"SKIP","floor":2.0},{"not_picked":["Slimebound:LeechingTouch","Slimebound:SlimeSpikes"],"picked":"Slimebound:DisruptingSlam","floor":5.0},{"not_picked":["Slimebound:SplitAcid","Slimebound:FinishingTackle"],"picked":"Slimebound:Replication","floor":6.0},{"not_picked":["Slimebound:SlimeBrawl","Slimebound:PressTheAttack"],"picked":"Slimebound:GrowthPunch","floor":10.0},{"not_picked":["Slimebound:SamplingLick","Slimebound:SplitMire","Slimebound:GrowthPunch"],"picked":"SKIP","floor":11.0},{"not_picked":["Slimebound:DouseInSlime","Slimebound:RollThrough","Slimebound:SplitMire"],"picked":"SKIP","floor":13.0},{"not_picked":["Slimebound:SplitLeeching","Slimebound:Schlurp","Slimebound:SplitAcid"],"picked":"SKIP","floor":15.0},{"not_picked":["Slimebound:Gluttony+1","Slimebound:PressTheAttack","Slimebound:SplitAcid"],"picked":"SKIP","floor":19.0},{"not_picked":["Slimebound:FlameTackle","Slimebound:FormOfPuddle","Slimebound:Repurpose"],"picked":"SKIP","floor":20.0},{"not_picked":["Slimebound:FlameTackle","Slimebound:FormOfPuddle","Slimebound:Repurpose"],"picked":"SKIP","floor":20.0},{"not_picked":["Slimebound:Prepare+1","Slimebound:Schlurp","Slimebound:GoopSpray+1"],"picked":"SKIP","floor":21.0},{"not_picked":["Slimebound:SlimeSpikes","Slimebound:GrowthPunch"],"picked":"Slimebound:Replication","floor":25.0},{"not_picked":["Slimebound:LeechEnergy","Slimebound:GoopSpray","Slimebound:SplitLeeching"],"picked":"SKIP","floor":27.0},{"not_picked":["Slimebound:RollThrough+1","Slimebound:SplitAcid+1"],"picked":"Slimebound:SamplingLick","floor":29.0},{"not_picked":["Slimebound:SplitLeeching","Slimebound:SplitAcid","Slimebound:Nibble"],"picked":"SKIP","floor":30.0},{"not_picked":["Slimebound:GoopSpray","Slimebound:PrepareCrush","Slimebound:LeechingTouch"],"picked":"SKIP","floor":32}],"player_experience":436205,"relics_obtained":[{"floor":9.0,"key":"Blood Vial"},{"floor":12.0,"key":"Odd Mushroom"},{"floor":14.0,"key":"Whetstone"},{"floor":24.0,"key":"Anchor"},{"floor":29.0,"key":"Lantern"}],"event_choices":[{"damage_healed":0.0,"max_hp_gain":0.0,"max_hp_loss":0.0,"gold_gain":0.0,"event_name":"Mushrooms","player_choice":"Fought Mushrooms","floor":12.0,"gold_loss":0.0,"damage_taken":0.0},{"damage_healed":0.0,"max_hp_gain":0.0,"max_hp_loss":0.0,"gold_gain":0.0,"event_name":"Addict","player_choice":"Stole Relic","floor":23.0,"gold_loss":0.0,"damage_taken":0.0,"relics_obtained":["Oddly Smooth Stone"],"cards_obtained":["Shame"]}],"is_beta":false,"boss_relics":[{"not_picked":["Coffee Dripper","Snecko Eye"],"picked":"SlaversCollar"}],"items_purged_floors":[6,27],"is_endless":false,"potions_floor_spawned":[5,11,12,20,21,32],"killed_by":"downfall:Silent","ascension_level":0}}