{"host":"Yuki","time":1608955891,"event":{"mods":["AchievementEnabler","BaseMod","Block Reminder","Colored Map","Colored Powertips","Googly Eyes","Highlight Path","Minty Spire (QoL Compilation)","Permanent Neow","Quick Restart","Random Character Button","Random Character Mod","Relic Stats","StSLib","The Wild Card","everything is the same but u backflip on backflip","slay the spire mod where everything is the same but ironclad has a cowboy hat"],"gold_per_floor":[116,128,128,145,162,162,191,191,245,30,30,30,30,61,61,165,165,176,116,215,232,232,232],"floor_reached":22,"playtime":1252,"items_purged":[],"score":238,"play_id":"666282cd-b896-4b90-a7e8-9f2cfeefe530","local_time":"20201225221131","is_ascension_mode":true,"campfire_choices":[{"floor":6,"key":"REST"},{"data":"theWildCard:Proficiency","floor":8,"key":"SMITH"},{"data":"theWildCard:Attunement","floor":11,"key":"SMITH"},{"floor":13,"key":"REST"},{"floor":15,"key":"REST"}],"circlet_count":0,"master_deck":["theWildCard:BasicStrike","theWildCard:BasicStrike","theWildCard:BasicStrike","theWildCard:BasicStrike","theWildCard:BasicDefend","theWildCard:BasicDefend","theWildCard:BasicDefend","theWildCard:BasicDefend","theWildCard:CallToAdventure","theWildCard:Arsene","theWildCard:FinalHour","theWildCard:Attunement+1","theWildCard:MagicMettle","theWildCard:MaskChange","theWildCard:Proficiency+1","theWildCard:Attunement+1","theWildCard:Attunement+1","theWildCard:TheArcanaUnleashed","CurseOfTheBell"],"relics":["theWildCard:VelvetContract","Matryoshka","MealTicket","MawBank","DollysMirror","Oddly Smooth Stone","Calling Bell","Blood Vial","Pantograph","TungstenRod"],"acts_visited":["Exordium","TheCity"],"potions_floor_usage":[12,14,21],"damage_taken":[{"damage":5,"enemies":"2 Louse","floor":1,"turns":3},{"damage":0,"enemies":"Cultist","floor":2,"turns":3},{"damage":6,"enemies":"Jaw Worm","floor":4,"turns":3},{"damage":28,"enemies":"Looter","floor":5,"turns":4},{"damage":0,"enemies":"Lagavulin","floor":7,"turns":8},{"damage":43,"enemies":"3 Sentries","floor":12,"turns":8},{"damage":15,"enemies":"Gremlin Nob","floor":14,"turns":6},{"damage":18,"enemies":"The Guardian","floor":16,"turns":9},{"damage":27,"enemies":"Spheric Guardian","floor":18,"turns":7},{"damage":19,"enemies":"2 Thieves","floor":19,"turns":4},{"damage":31,"enemies":"Centurion and Healer","floor":21,"turns":11},{"damage":7,"enemies":"Shelled Parasite and Fungi","floor":22,"turns":1}],"seed_played":"1966122612927222339","potions_obtained":[{"floor":4,"key":"SpeedPotion"},{"floor":7,"key":"SmokeBomb"},{"floor":16,"key":"FairyPotion"},{"floor":18,"key":"GamblersBrew"}],"is_trial":false,"path_per_floor":["M","M","?","M","M","R","E","R","T","$","R","E","R","E","R","B",null,"M","M","?","M","M"],"character_chosen":"THE_WILD_CARD","items_purchased":["theWildCard:Attunement","DollysMirror"],"campfire_rested":3,"item_purchase_floors":[10,10],"current_hp_per_floor":[49,49,49,43,15,31,31,31,31,46,46,3,19,4,20,2,54,27,10,10,1,0,0],"gold":232,"neow_bonus":"THREE_RARE_CARDS","is_daily":false,"chose_seed":false,"campfire_upgraded":2,"win_rate":0.0,"timestamp":1608955891,"path_taken":["M","M","?","M","M","R","E","R","T","?","R","E","R","E","R","BOSS","M","M","?","M","M"],"items_purchased_type":["Card","Relic"],"build_version":"2020-12-18","purchased_purges":0,"victory":false,"max_hp_per_floor":[54,54,54,54,54,54,54,54,54,54,54,54,54,54,54,54,54,54,54,54,54,54,54],"relic_stats":{"Blood Vial":6,"counters":[12,67],"Pantograph":0,"MealTicket":15,"MawBank":12,"obtain_stats":[{"Calling Bell":17,"Blood Vial":17,"theWildCard:VelvetContract":0,"Matryoshka":7,"DollysMirror":10,"Pantograph":17,"Oddly Smooth Stone":14,"MealTicket":9,"MawBank":9,"TungstenRod":17},{"Calling Bell":8,"Blood Vial":8,"theWildCard:VelvetContract":0,"Matryoshka":5,"DollysMirror":5,"Pantograph":8,"Oddly Smooth Stone":7,"MealTicket":5,"MawBank":5,"TungstenRod":8},{"Calling Bell":44,"Blood Vial":44,"theWildCard:VelvetContract":0,"Matryoshka":21,"DollysMirror":21,"Pantograph":44,"Oddly Smooth Stone":35,"MealTicket":21,"MawBank":21,"TungstenRod":44}],"TungstenRod":15},"card_choices":[{"not_picked":["theWildCard:Overwhelm","theWildCard:AllOutAttack"],"picked":"theWildCard:FinalHour","floor":0},{"not_picked":["theWildCard:Proficiency","theWildCard:ShieldOfMany","theWildCard:IdentityTheft"],"picked":"SKIP","floor":1},{"not_picked":["theWildCard:Proficiency","theWildCard:SeveringSlash"],"picked":"theWildCard:Attunement","floor":2},{"not_picked":["theWildCard:Scathach","theWildCard:ShieldOfMany"],"picked":"theWildCard:MagicMettle","floor":4},{"not_picked":["theWildCard:StingingStrike","theWildCard:SeveringSlash"],"picked":"theWildCard:MaskChange","floor":5},{"not_picked":["theWildCard:PaleRider","theWildCard:Loki"],"picked":"theWildCard:Proficiency","floor":7},{"not_picked":["theWildCard:Scathach","theWildCard:TheArcanaUnleashed","theWildCard:SeveringSlash"],"picked":"SKIP","floor":14},{"not_picked":["theWildCard:Thanatos","theWildCard:Overwhelm"],"picked":"theWildCard:TheArcanaUnleashed","floor":16},{"not_picked":["theWildCard:SeveringSlash","theWildCard:ArcaneArts","theWildCard:Unburden+1"],"picked":"SKIP","floor":18},{"not_picked":["theWildCard:PaleRider","theWildCard:EnergizedStroke+1","theWildCard:UnendingRitual+1"],"picked":"SKIP","floor":19},{"not_picked":["theWildCard:EnergizedStroke","theWildCard:Sakuya","theWildCard:CryOfAgony"],"picked":"SKIP","floor":21}],"player_experience":1221737,"relics_obtained":[{"floor":7,"key":"Matryoshka"},{"floor":9,"key":"MealTicket"},{"floor":9,"key":"MawBank"},{"floor":14,"key":"Oddly Smooth Stone"},{"floor":17,"key":"Blood Vial"},{"floor":17,"key":"Pantograph"},{"floor":17,"key":"TungstenRod"}],"event_choices":[{"damage_healed":0,"gold_gain":0,"player_choice":"Upgraded","damage_taken":0,"max_hp_gain":0,"max_hp_loss":0,"event_name":"Upgrade Shrine","floor":3,"gold_loss":0,"cards_upgraded":["theWildCard:Attunement"]},{"damage_healed":0,"gold_gain":99,"player_choice":"Stole From Cult","damage_taken":0,"max_hp_gain":0,"max_hp_loss":0,"event_name":"Nest","floor":20,"gold_loss":0}],"is_beta":true,"boss_relics":[{"not_picked":["Empty Cage","Cursed Key"],"picked":"Calling Bell"}],"items_purged_floors":[],"is_endless":false,"potions_floor_spawned":[4,7,16,18],"killed_by":"Shelled Parasite and Fungi","ascension_level":1}}