{"host":"h0xw20cia6ppa69g","time":1608979408,"event":{"mods":["AchievementEnabler","BaseMod","Colored Map","Filter the Spire","Googly Eyes","Minty Spire (QoL Compilation)","Relic Stats","StSLib","The Awakened One except there are too many feathers","everything is the same but u backflip on backflip"],"gold_per_floor":[113,132,132,132,102,132,6,32,32,62,77,97,97,122,122,122,122],"floor_reached":16,"playtime":717,"items_purged":[],"score":159,"play_id":"40d9bd2d-4b76-4555-a065-9798f7c07562","local_time":"20201226044328","is_ascension_mode":true,"campfire_choices":[{"data":"Feed","floor":13.0,"key":"SMITH"},{"data":"Armaments","floor":15.0,"key":"SMITH"}],"circlet_count":0,"master_deck":["Strike_R","Strike_R","Strike_R","Strike_R+1","Strike_R","Defend_R","Defend_R","Defend_R","Defend_R","Bash+1","Feed+1","Armaments+1","Headbutt","Shrug It Off","Inflame","Barricade","Dual Wield","Feel No Pain","Body Slam","Demon Form","Second Wind"],"relics":["Burning Blood","Charon\u0027s Ashes","Whetstone","Tiny Chest","Prayer Wheel","FossilizedHelix","Lantern"],"acts_visited":["Exordium"],"potions_floor_usage":[16],"damage_taken":[{"damage":13.0,"enemies":"Jaw Worm","floor":1.0,"turns":3.0},{"damage":8.0,"enemies":"Small Slimes","floor":2.0,"turns":8.0},{"damage":28.0,"enemies":"Lagavulin","floor":6.0,"turns":9.0},{"damage":23.0,"enemies":"3 Sentries","floor":8.0,"turns":7.0},{"damage":30.0,"enemies":"Gremlin Nob","floor":10.0,"turns":5.0},{"damage":0.0,"enemies":"Cultist","floor":11.0,"turns":4.0},{"damage":2.0,"enemies":"Large Slime","floor":12.0,"turns":11.0},{"damage":18.0,"enemies":"3 Sentries","floor":14.0,"turns":8.0},{"damage":16,"enemies":"Hexaghost","floor":16,"turns":8}],"seed_played":"-2046089480991411710","potions_obtained":[{"floor":1.0,"key":"SpeedPotion"},{"floor":5.0,"key":"CultistPotion"},{"floor":5.0,"key":"CultistPotion"},{"floor":12.0,"key":"AttackPotion"},{"floor":14.0,"key":"SteroidPotion"}],"is_trial":false,"path_per_floor":["M","M","?","?","?","E","$","E","T","E","M","M","R","E","R","B"],"character_chosen":"IRONCLAD","items_purchased":["Shrug It Off","Inflame"],"campfire_rested":0,"item_purchase_floors":[7,7],"current_hp_per_floor":[76,78,71,64,64,46,46,33,33,9,15,23,23,15,15,0,0],"gold":122,"neow_bonus":"THREE_RARE_CARDS","is_daily":false,"chose_seed":false,"campfire_upgraded":2,"win_rate":0.0,"timestamp":1608979408,"path_taken":["M","M","?","?","?","E","$","E","T","E","?","M","R","E","R","BOSS"],"items_purchased_type":["Card","Card"],"build_version":"2020-12-22","purchased_purges":0,"victory":false,"max_hp_per_floor":[83,87,87,87,87,91,91,95,95,95,95,99,99,103,103,103,103],"relic_stats":{"counters":[9,63],"Tiny Chest":0,"Prayer Wheel":2,"Charon\u0027s Ashes":[110],"Whetstone":["Bash","Strike_R"],"obtain_stats":[{"Lantern":14,"Tiny Chest":8,"Prayer Wheel":9,"Charon\u0027s Ashes":4,"Whetstone":6,"Burning Blood":0,"FossilizedHelix":10},{"Lantern":8,"Tiny Chest":4,"Prayer Wheel":4,"Charon\u0027s Ashes":2,"Whetstone":3,"Burning Blood":0,"FossilizedHelix":5},{"Lantern":55,"Tiny Chest":27,"Prayer Wheel":27,"Charon\u0027s Ashes":11,"Whetstone":20,"Burning Blood":0,"FossilizedHelix":32}],"Burning Blood":48},"card_choices":[{"not_picked":["Bludgeon","Immolate"],"picked":"Feed","floor":0.0},{"not_picked":["Warcry","Body Slam"],"picked":"Armaments","floor":1.0},{"not_picked":["Perfected Strike","Flex"],"picked":"Headbutt","floor":2.0},{"not_picked":["Clothesline","Headbutt","Heavy Blade"],"picked":"SKIP","floor":6.0},{"not_picked":["Body Slam","Anger"],"picked":"Barricade","floor":8.0},{"not_picked":["Havoc","Anger"],"picked":"Dual Wield","floor":10.0},{"not_picked":["Clothesline","Wild Strike"],"picked":"Feel No Pain","floor":11.0},{"not_picked":["Twin Strike","Rampage","Bloodletting"],"picked":"SKIP","floor":11.0},{"not_picked":["Thunderclap","Warcry"],"picked":"Body Slam","floor":12.0},{"not_picked":["Twin Strike","Feel No Pain"],"picked":"Demon Form","floor":12.0},{"not_picked":["Second Wind","Clothesline","Barricade"],"picked":"SKIP","floor":14.0},{"not_picked":["Clothesline","Barricade"],"picked":"Second Wind","floor":14.0}],"player_experience":3550402,"relics_obtained":[{"floor":6.0,"key":"Whetstone"},{"floor":8.0,"key":"Tiny Chest"},{"floor":9.0,"key":"Prayer Wheel"},{"floor":10.0,"key":"FossilizedHelix"},{"floor":14.0,"key":"Lantern"}],"event_choices":[{"cards_removed":["Shame"],"damage_healed":0.0,"max_hp_gain":0.0,"max_hp_loss":0.0,"gold_gain":0.0,"event_name":"Golden Wing","player_choice":"Card Removal","floor":3.0,"gold_loss":0.0,"damage_taken":7.0},{"damage_healed":0.0,"max_hp_gain":0.0,"max_hp_loss":0.0,"gold_gain":0.0,"event_name":"Scrap Ooze","player_choice":"Success","floor":4.0,"gold_loss":0.0,"damage_taken":7.0,"relics_obtained":["Charon\u0027s Ashes"]},{"damage_healed":0.0,"max_hp_gain":0.0,"max_hp_loss":0.0,"gold_gain":0.0,"event_name":"The Woman in Blue","player_choice":"Bought 2 Potions","floor":5.0,"gold_loss":0.0,"damage_taken":0.0}],"is_beta":false,"boss_relics":[],"items_purged_floors":[],"is_endless":false,"potions_floor_spawned":[1,12,14],"killed_by":"Hexaghost","ascension_level":1}}