{"host":"no0bdlpxzp7bzzks","time":1608976197,"event":{"mods":["BaseMod","Better Match","Block Reminder","Colored Map","Curses Come First","DeckTracker","Filter the Spire","Highlight Path","Key Reminder","Minty Spire (QoL Compilation)","Permanent Neow","Relic Sorter","Relic Stats","StSLib","The Caster","The Construct","The Saiyan"],"gold_per_floor":[93,93,105,30,30,63,63,73,99,99,124,183,212,46,46,145,145,156,156,71,86,96,130,149,159,183,212,226,226,251,263,263,359,359,373,385,435,435,483,510,529,529,529,561,114,114,132,132,132,132,132,132,7,37,37,37],"floor_reached":55,"playtime":5511,"items_purged":["Saiyan:SAIYA_Strike","Regret","Saiyan:SAIYA_Strike"],"score":953,"play_id":"c271c44e-e5f8-4544-99cc-9ff507c7c18c","local_time":"20201226034957","is_ascension_mode":false,"campfire_choices":[{"data":"Saiyan:DragonFist","floor":7.0,"key":"SMITH"},{"floor":10.0,"key":"RECALL"},{"data":"Apotheosis","floor":15.0,"key":"SMITH"},{"data":"Saiyan:SuperSaiyanThree","floor":29,"key":"SMITH"},{"data":"Saiyan:SuperSaiyanThree","floor":32,"key":"SMITH"},{"data":"Saiyan:MonkeyTail","floor":42,"key":"SMITH"},{"data":"Saiyan:Fly","floor":49,"key":"SMITH"},{"data":"Saiyan:TransfigurationBeam","floor":52,"key":"SMITH"}],"circlet_count":0,"master_deck":["Saiyan:SAIYA_Strike","Saiyan:SAIYA_Defend","Saiyan:SAIYA_Defend","Saiyan:SAIYA_Defend","Saiyan:SAIYA_Defend","Saiyan:EnergyBlast","Saiyan:KaioKen","Saiyan:RuthlessBlow","Saiyan:SolarFlare","Saiyan:ConcussiveBlow","Saiyan:Fly+1","Saiyan:DragonFist+1","Saiyan:WarmUp","Saiyan:PlotArmor","Saiyan:TransfigurationBeam+1","Apotheosis+1","Saiyan:SuperSaiyanThree+1","Saiyan:TurtleShell","Saiyan:Furor","Saiyan:KameHameHa+1","Saiyan:Flurry","Saiyan:Planning+1","Saiyan:Overexert+1","Saiyan:Rekindle","Saiyan:KiExplosion+1","Saiyan:SuperSaiyanThree+1","Saiyan:KameHameHa","Saiyan:GhostAttack","Saiyan:Flurry","Saiyan:MeteorDash+1","Saiyan:DragonFist","Saiyan:DragonRadar+1","Saiyan:PowerUp+1","Saiyan:MonkeyTail+1","Saiyan:PlotArmor","Saiyan:Makankosappo","Saiyan:BurningSoul+1","Madness","Madness","Saiyan:KiStrike+1"],"relics":["SaiyanSoul","SaiyanHeart","Pen Nib","Ornamental Fan","Anchor","HornCleat","Bottled Flame","Omamori","Cursed Key","Ice Cream","Centennial Puzzle","Potion Belt","Shuriken","Juzu Bracelet","Coffee Dripper","Mango","Thread and Needle","Ancient Tea Set","Strawberry","Bag of Marbles","White Beast Statue","Pear"],"acts_visited":["Exordium","TheCity","TheBeyond","TheEnding"],"potions_floor_usage":[16,18,22,22,23,23,30,33,33,33,39,44,55,55],"damage_taken":[{"damage":0.0,"enemies":"Cultist","floor":1.0,"turns":3.0},{"damage":6.0,"enemies":"2 Louse","floor":3.0,"turns":2.0},{"damage":8.0,"enemies":"Lagavulin","floor":6.0,"turns":7.0},{"damage":0.0,"enemies":"Small Slimes","floor":8.0,"turns":3.0},{"damage":7.0,"enemies":"Gremlin Nob","floor":11.0,"turns":5.0},{"damage":6.0,"enemies":"Lagavulin Event","floor":12.0,"turns":5.0},{"damage":0.0,"enemies":"3 Sentries","floor":13.0,"turns":6.0},{"damage":0,"enemies":"Hexaghost","floor":16,"turns":8},{"damage":7,"enemies":"Spheric Guardian","floor":18,"turns":5},{"damage":0,"enemies":"Shell Parasite","floor":21,"turns":5},{"damage":0,"enemies":"Chosen and Byrds","floor":22,"turns":5},{"damage":1,"enemies":"Slavers","floor":23,"turns":4},{"damage":0,"enemies":"Centurion and Healer","floor":24,"turns":4},{"damage":0,"enemies":"3 Cultists","floor":25,"turns":3},{"damage":8,"enemies":"Gremlin Leader","floor":27,"turns":4},{"damage":1,"enemies":"Cultist and Chosen","floor":28,"turns":7},{"damage":2,"enemies":"Slavers","floor":30,"turns":4},{"damage":0,"enemies":"Snake Plant","floor":31,"turns":4},{"damage":24,"enemies":"Automaton","floor":33,"turns":8},{"damage":0,"enemies":"3 Darklings","floor":35,"turns":3},{"damage":5,"enemies":"Orb Walker","floor":36,"turns":2},{"damage":0,"enemies":"Mind Bloom Boss Battle","floor":37,"turns":3},{"damage":8,"enemies":"2 Orb Walkers","floor":39,"turns":4},{"damage":14,"enemies":"Nemesis","floor":40,"turns":5},{"damage":0,"enemies":"Jaw Worm Horde","floor":41,"turns":4},{"damage":0,"enemies":"Reptomancer","floor":44,"turns":4},{"damage":7,"enemies":"Maw","floor":47,"turns":5},{"damage":31,"enemies":"Time Eater","floor":50,"turns":8},{"damage":0,"enemies":"Shield and Spear","floor":54,"turns":4},{"damage":160,"enemies":"The Heart","floor":55,"turns":8}],"seed_played":"-7457581985599546340","potions_obtained":[{"floor":1.0,"key":"Block Potion"},{"floor":6.0,"key":"DuplicationPotion"},{"floor":12.0,"key":"Fruit Juice"},{"floor":16,"key":"Energy Potion"},{"floor":25,"key":"SmokeBomb"},{"floor":28,"key":"Weak Potion"},{"floor":30,"key":"SkillPotion"},{"floor":33,"key":"Block Potion"},{"floor":37,"key":"Swift Potion"},{"floor":44,"key":"BlessingOfTheForge"},{"floor":47,"key":"EssenceOfSteel"},{"floor":54,"key":"Block Potion"}],"is_trial":false,"path_per_floor":["M","?","M","$","?","E","R","M","T","R","E","?","E","$","R","B",null,"M","?","?","M","M","E","M","M","T","E","M","R","E","M","R","B",null,"M","M","?","?","?","E","M","R","T","E","$","?","M","?","R","B",null,"R","$","E","B"],"character_chosen":"SAIYAJIN","items_purchased":["Apotheosis","Saiyan:PlotArmor","Saiyan:Makankosappo","White Beast Statue"],"campfire_rested":0,"item_purchase_floors":[14,45,45,45],"current_hp_per_floor":[61,54,49,49,42,35,35,37,37,37,32,26,27,27,27,34,75,72,72,72,74,77,79,81,83,83,77,76,76,76,80,80,57,100,101,97,112,112,106,95,96,96,103,105,105,105,102,85,85,58,140,140,140,152,0,0],"gold":37,"neow_bonus":"ONE_RANDOM_RARE_CARD","is_daily":false,"chose_seed":false,"campfire_upgraded":7,"win_rate":0.0,"timestamp":1608976197,"path_taken":["M","?","M","$","?","E","R","M","T","R","E","?","E","?","R","BOSS","M","?","?","M","M","E","M","M","T","E","M","R","E","M","R","BOSS","M","M","?","?","?","E","M","R","T","E","$","?","M","?","R","BOSS","R","$","E","BOSS"],"items_purchased_type":["Card","Card","Card","Relic"],"build_version":"2020-12-22","purchased_purges":3,"victory":false,"max_hp_per_floor":[61,61,62,62,62,63,63,65,65,65,67,67,68,68,68,75,75,79,79,79,81,84,87,89,91,91,93,93,93,95,99,99,100,100,101,102,117,117,119,122,123,123,130,132,132,132,136,136,136,140,140,140,140,152,155,155],"relic_stats":{"Centennial Puzzle":[33],"counters":[30,142],"Ornamental Fan":[144],"Shuriken":[15],"Pen Nib":[25],"Juzu Bracelet":1,"Cursed Key":2,"obtain_stats":[{"Ice Cream":19,"Potion Belt":23,"Pear":54,"Mango":37,"Thread and Needle":39,"Pen Nib":5,"SaiyanHeart":0,"Omamori":13,"Juzu Bracelet":30,"Cursed Key":17,"Ancient Tea Set":40,"White Beast Statue":45,"keyreminder:keyreminder":10,"Anchor":9,"Bottled Flame":12,"Centennial Puzzle":20,"HornCleat":11,"Ornamental Fan":6,"Shuriken":27,"Strawberry":43,"SaiyanSoul":0,"Coffee Dripper":34,"Bag of Marbles":44},{"Ice Cream":9,"Potion Belt":12,"Pear":29,"Mango":22,"Thread and Needle":23,"Pen Nib":2,"SaiyanHeart":0,"Omamori":7,"Juzu Bracelet":17,"Cursed Key":8,"Ancient Tea Set":24,"White Beast Statue":26,"keyreminder:keyreminder":4,"Anchor":4,"Bottled Flame":6,"Centennial Puzzle":9,"HornCleat":5,"Ornamental Fan":3,"Shuriken":15,"Strawberry":25,"SaiyanSoul":0,"Coffee Dripper":19,"Bag of Marbles":26},{"Ice Cream":44,"Potion Belt":58,"Pear":134,"Mango":100,"Thread and Needle":104,"Pen Nib":5,"SaiyanHeart":0,"Omamori":31,"Juzu Bracelet":80,"Cursed Key":39,"Ancient Tea Set":109,"White Beast Statue":117,"keyreminder:keyreminder":15,"Anchor":15,"Bottled Flame":25,"Centennial Puzzle":44,"HornCleat":20,"Ornamental Fan":12,"Shuriken":69,"Strawberry":113,"SaiyanSoul":0,"Coffee Dripper":92,"Bag of Marbles":117}]},"card_choices":[{"not_picked":["Saiyan:TurtleShell","Saiyan:Pacing"],"picked":"Saiyan:ConcussiveBlow","floor":1.0},{"not_picked":["Saiyan:Kienzan","Saiyan:Planning"],"picked":"Saiyan:Fly","floor":3.0},{"not_picked":["Saiyan:KiExplosion","Saiyan:Quickening"],"picked":"Saiyan:DragonFist","floor":6.0},{"not_picked":["Saiyan:KameHameHa","Saiyan:DragonFist"],"picked":"Saiyan:WarmUp","floor":8.0},{"not_picked":["Saiyan:DoubleMasenko","Saiyan:Afterimage"],"picked":"Saiyan:PressOn","floor":11.0},{"not_picked":["Saiyan:Taunt","Saiyan:RemoveWeights"],"picked":"Saiyan:PlotArmor","floor":12.0},{"not_picked":["Saiyan:KameHameHa","Saiyan:ExpandingShockwave"],"picked":"Saiyan:TransfigurationBeam","floor":13.0},{"not_picked":["Saiyan:SolarFlare","Saiyan:HyperTimeChamber"],"picked":"Saiyan:SuperSaiyanThree","floor":16},{"not_picked":["Saiyan:RemoveWeights+1","Saiyan:MeteorDash+1"],"picked":"Saiyan:TurtleShell","floor":18},{"not_picked":["Saiyan:PlotArmor","Saiyan:TurtleShell"],"picked":"Saiyan:Furor","floor":21},{"not_picked":["Saiyan:MeteorDash","Saiyan:Scouter"],"picked":"Saiyan:KameHameHa+1","floor":22},{"not_picked":["Saiyan:Twize","Saiyan:Taunt"],"picked":"Saiyan:Flurry","floor":23},{"not_picked":["Saiyan:Scouter","Saiyan:Quickening"],"picked":"Saiyan:Planning+1","floor":24},{"not_picked":["Saiyan:FingerParry","Saiyan:Twize"],"picked":"Saiyan:Overexert+1","floor":25},{"not_picked":["Saiyan:Teleport","Saiyan:PlotArmor"],"picked":"Saiyan:Rekindle","floor":27},{"not_picked":["Saiyan:ReverberatingForce","Saiyan:MeteorDash"],"picked":"Saiyan:KiExplosion+1","floor":28},{"not_picked":["Saiyan:DragonRadar+1","Saiyan:KiStrike"],"picked":"Saiyan:SuperSaiyanThree","floor":30},{"not_picked":["Saiyan:FingerParry","Saiyan:BigBangAttack+1"],"picked":"Saiyan:KameHameHa","floor":31},{"not_picked":["Saiyan:MindBoom","Saiyan:Momentum"],"picked":"Saiyan:GhostAttack","floor":33},{"not_picked":["Saiyan:FingerParry+1","Saiyan:BackAttack"],"picked":"Saiyan:Flurry","floor":35},{"not_picked":["Saiyan:SaiyanHubris+1","Saiyan:KameHameHa+1"],"picked":"Saiyan:MeteorDash+1","floor":36},{"not_picked":["Saiyan:KiExplosion","Saiyan:ReverberatingForce"],"picked":"Saiyan:DragonFist","floor":37},{"not_picked":["Saiyan:Makankosappo+1","Saiyan:TurtleShell+1"],"picked":"Saiyan:DragonRadar+1","floor":39},{"not_picked":["Saiyan:DragonFist+1","Saiyan:KiExplosion"],"picked":"Saiyan:PowerUp+1","floor":40},{"not_picked":["Saiyan:RemoveWeights","Saiyan:DoubleMasenko"],"picked":"Saiyan:MonkeyTail","floor":41},{"not_picked":["Saiyan:Endure+1","Saiyan:FingerParry+1","Saiyan:Planning"],"picked":"SKIP","floor":44},{"not_picked":["Saiyan:Quickening+1","Saiyan:UltraInstinct+1"],"picked":"Saiyan:BurningSoul+1","floor":47},{"not_picked":["Saiyan:Planning+1","Saiyan:Momentum"],"picked":"Saiyan:KiStrike+1","floor":54}],"player_experience":111732,"relics_obtained":[{"floor":6.0,"key":"Ornamental Fan"},{"floor":9.0,"key":"Anchor"},{"floor":11.0,"key":"HornCleat"},{"floor":12.0,"key":"Bottled Flame"},{"floor":13.0,"key":"Omamori"},{"floor":23,"key":"Potion Belt"},{"floor":27,"key":"Shuriken"},{"floor":30,"key":"Juzu Bracelet"},{"floor":37,"key":"Mango"},{"floor":39,"key":"Thread and Needle"},{"floor":40,"key":"Ancient Tea Set"},{"floor":43,"key":"Strawberry"},{"floor":44,"key":"Bag of Marbles"},{"floor":54,"key":"Pear"}],"event_choices":[{"cards_removed":["Saiyan:SAIYA_Strike"],"damage_healed":0.0,"max_hp_gain":0.0,"max_hp_loss":0.0,"gold_gain":0.0,"event_name":"Golden Wing","player_choice":"Card Removal","floor":2.0,"gold_loss":0.0,"damage_taken":7.0},{"damage_healed":0.0,"max_hp_gain":0.0,"max_hp_loss":0.0,"gold_gain":0.0,"event_name":"Scrap Ooze","player_choice":"Success","floor":5.0,"gold_loss":0.0,"damage_taken":7.0,"relics_obtained":["Pen Nib"]},{"damage_healed":0.0,"max_hp_gain":0.0,"max_hp_loss":0.0,"gold_gain":30.0,"event_name":"Dead Adventurer","player_choice":"Searched \u00273\u0027 times","floor":12.0,"gold_loss":0.0,"damage_taken":0.0},{"damage_healed":0,"gold_gain":0,"player_choice":"Opened","damage_taken":0,"relics_obtained":["Ice Cream"],"max_hp_gain":0,"max_hp_loss":0,"event_name":"The Mausoleum","floor":19,"gold_loss":0,"cards_obtained":["Writhe"]},{"damage_healed":0,"gold_gain":0,"player_choice":"Obtained Relic","damage_taken":0,"relics_obtained":["Centennial Puzzle"],"max_hp_gain":0,"max_hp_loss":0,"event_name":"Addict","floor":20,"gold_loss":85},{"damage_healed":0,"gold_gain":0,"player_choice":"Fight","damage_taken":0,"max_hp_gain":0,"max_hp_loss":0,"event_name":"MindBloom","floor":37,"gold_loss":0},{"damage_healed":0,"gold_gain":0,"player_choice":"Ignored","damage_taken":0,"max_hp_gain":0,"max_hp_loss":0,"event_name":"Tomb of Lord Red Mask","floor":38,"gold_loss":0},{"damage_healed":0,"gold_gain":0,"player_choice":"Fight","damage_taken":0,"max_hp_gain":0,"max_hp_loss":0,"event_name":"Mysterious Sphere","floor":39,"gold_loss":0},{"cards_removed":["Saiyan:PressOn"],"damage_healed":0,"gold_gain":0,"player_choice":"Removed Skill","damage_taken":0,"max_hp_gain":0,"max_hp_loss":0,"event_name":"Falling","floor":46,"gold_loss":0},{"damage_healed":0,"gold_gain":0,"player_choice":"Embrace Madness","damage_taken":17,"max_hp_gain":0,"max_hp_loss":0,"event_name":"Winding Halls","floor":48,"gold_loss":0,"cards_obtained":["Madness","Madness"]}],"is_beta":false,"boss_relics":[{"not_picked":["Tiny House","Busted Crown"],"picked":"Cursed Key"},{"not_picked":["Runic Pyramid","SacredBark"],"picked":"Coffee Dripper"}],"items_purged_floors":[4,45,53],"is_endless":false,"potions_floor_spawned":[1,6,12,16,21,25,28,30,33,37,44,47,54],"killed_by":"The Heart","ascension_level":0}}