{"host":"m3herrhkesxm9ooc","time":1608956452,"event":{"mods":["BaseMod","Hermit","Minty Spire (QoL Compilation)","StSLib","The Hierophant"],"gold_per_floor":[109,109,119,89,104,136,136,163,163,163,178,178,253,263,263,337,337,351,351,351,367,367,401,401,432,458,507,507,507,507,246,246,322,322,339,339,349,363,19,19,50,65,65,65,77,77,77,87,87,87],"floor_reached":51,"playtime":1374,"items_purged":[],"score":1437,"play_id":"5e0e74c0-1477-46e5-834f-f8faff82250f","local_time":"20201226132052","is_ascension_mode":true,"campfire_choices":[{"floor":7.0,"key":"REST"},{"floor":10.0,"key":"REST"},{"data":"hermit:NoHoldsBarred","floor":12.0,"key":"SMITH"},{"floor":15.0,"key":"REST"},{"floor":24.0,"key":"REST"},{"data":"hermit:RoundhouseKick","floor":30,"key":"SMITH"},{"data":"hermit:Determination","floor":32,"key":"SMITH"},{"data":"hermit:Brawl","floor":40,"key":"SMITH"},{"data":"hermit:GhostlyPresence","floor":44,"key":"SMITH"},{"data":"hermit:WideOpen","floor":47,"key":"SMITH"},{"data":"hermit:Deadeye","floor":49,"key":"SMITH"}],"circlet_count":0,"master_deck":["AscendersBane","hermit:Strike_Hermit","hermit:Strike_Hermit","hermit:Strike_Hermit+1","hermit:Strike_Hermit","hermit:Defend_Hermit+1","hermit:Defend_Hermit","hermit:Defend_Hermit","hermit:Snapshot","hermit:Covet","hermit:Ricochet","hermit:LowProfile","hermit:Enervate","hermit:WideOpen+1","hermit:Glare","hermit:NoHoldsBarred+1","hermit:BigShot","hermit:RoundhouseKick+1","hermit:TakeAim","hermit:Determination+1","hermit:GhostlyPresence","hermit:Ricochet","hermit:HighCaliber+1","Decay","Shame","Writhe","hermit:FinalCanter","hermit:Brawl+1","Writhe","hermit:SprayPray","hermit:Deadeye","hermit:Deadeye+1","hermit:FlashPowder+1","hermit:GhostlyPresence+1","Doubt","hermit:Shortfuse+1","hermit:EyeOfTheStorm+1"],"relics":["hermit:Momento","PreservedInsect","CaptainsWheel","Gremlin Horn","hermit:Horseshoe","Cursed Key","MutagenicStrength","Du-Vu Doll","Bottled Flame","Pen Nib","Dream Catcher","Eternal Feather","Ornamental Fan","Lizard Tail","Question Card","Nunchaku"],"acts_visited":["Exordium","TheCity","TheBeyond"],"potions_floor_usage":[33,41,41,42,45],"damage_taken":[{"damage":6.0,"enemies":"Cultist","floor":1.0,"turns":3.0},{"damage":0.0,"enemies":"Jaw Worm","floor":3.0,"turns":2.0},{"damage":3.0,"enemies":"2 Louse","floor":5.0,"turns":3.0},{"damage":20.0,"enemies":"3 Sentries","floor":6.0,"turns":5.0},{"damage":0.0,"enemies":"Lagavulin","floor":8.0,"turns":3.0},{"damage":0.0,"enemies":"2 Fungi Beasts","floor":11.0,"turns":2.0},{"damage":0.0,"enemies":"Exordium Wildlife","floor":14.0,"turns":3.0},{"damage":2.0,"enemies":"Slime Boss","floor":16.0,"turns":6.0},{"damage":0.0,"enemies":"Spheric Guardian","floor":18.0,"turns":2.0},{"damage":10.0,"enemies":"3 Byrds","floor":21.0,"turns":4.0},{"damage":4.0,"enemies":"Book of Stabbing","floor":23.0,"turns":3.0},{"damage":0.0,"enemies":"Gremlin Leader","floor":25.0,"turns":2.0},{"damage":30,"enemies":"Automaton","floor":33,"turns":5},{"damage":2,"enemies":"3 Darklings","floor":35,"turns":3},{"damage":5,"enemies":"Orb Walker","floor":37,"turns":2},{"damage":5,"enemies":"Jaw Worm Horde","floor":38,"turns":2},{"damage":2,"enemies":"Giant Head","floor":41,"turns":6},{"damage":28,"enemies":"Spire Growth","floor":42,"turns":5},{"damage":1,"enemies":"Maw","floor":45,"turns":6},{"damage":19,"enemies":"Sphere and 2 Shapes","floor":48,"turns":2},{"damage":95,"enemies":"Donu and Deca","floor":50,"turns":8}],"seed_played":"-2787323261629610574","potions_obtained":[{"floor":4.0,"key":"Strength Potion"},{"floor":4.0,"key":"EntropicBrew"},{"floor":6.0,"key":"Strength Potion"},{"floor":8.0,"key":"Swift Potion"},{"floor":16.0,"key":"hermit:BlackBile"},{"floor":18.0,"key":"Dexterity Potion"},{"floor":25.0,"key":"Strength Potion"},{"floor":33,"key":"PowerPotion"},{"floor":38,"key":"EntropicBrew"}],"is_trial":false,"path_per_floor":["M","?","M","?","M","E","R","E","T","R","M","R","?","M","R","B",null,"M","?","?","M","?","E","R","E","T","T","?","?","R","$","R","B",null,"M","?","M","M","$","R","E","M","T","R","M","?","R","M","R","B",null],"character_chosen":"HERMIT","items_purchased":["Ornamental Fan","Lizard Tail","hermit:Deadeye"],"campfire_rested":4,"item_purchase_floors":[31,39,39],"current_hp_per_floor":[58,37,37,37,34,14,35,35,35,56,56,56,45,45,66,64,69,69,69,69,59,59,55,71,71,71,71,71,71,71,71,71,41,64,62,71,66,61,61,71,69,41,41,62,61,61,71,52,71,11],"gold":87,"neow_bonus":"RANDOM_COMMON_RELIC","is_daily":false,"chose_seed":false,"campfire_upgraded":7,"win_rate":0.0,"timestamp":1608956452,"path_taken":["M","?","M","?","?","E","R","E","T","R","M","R","?","M","R","BOSS","M","?","?","?","?","E","R","E","T","?","?","?","R","$","R","BOSS","M","?","M","M","$","R","E","M","T","R","M","?","R","M","R","BOSS"],"items_purchased_type":["Relic","Relic","Card"],"build_version":"2020-12-22","purchased_purges":0,"victory":true,"max_hp_per_floor":[71,71,71,71,71,71,71,71,71,71,71,71,71,71,71,71,71,71,71,71,71,71,71,71,71,71,71,71,71,71,71,71,71,71,71,71,71,71,71,71,71,71,71,71,71,71,71,71,71,71],"card_choices":[{"not_picked":["hermit:Manifest","hermit:WideOpen"],"picked":"hermit:Ricochet","floor":1.0},{"not_picked":["hermit:HoleUp","hermit:Dive"],"picked":"hermit:LowProfile","floor":3.0},{"not_picked":["hermit:Dive","hermit:BodyArmor"],"picked":"hermit:Enervate","floor":5.0},{"not_picked":["hermit:Feint","hermit:EyeOfTheStorm"],"picked":"hermit:WideOpen","floor":6.0},{"not_picked":["hermit:ShadowCloak","hermit:FromBeyond"],"picked":"hermit:Glare","floor":8.0},{"not_picked":["hermit:Scavenge","hermit:Feint"],"picked":"hermit:NoHoldsBarred","floor":11.0},{"not_picked":["hermit:CalledShot","hermit:BodyArmor"],"picked":"hermit:BigShot","floor":14.0},{"not_picked":["hermit:DeadOrAlive","hermit:FromBeyond"],"picked":"hermit:RoundhouseKick","floor":16.0},{"not_picked":["hermit:Malice","hermit:Dive"],"picked":"hermit:TakeAim","floor":18.0},{"not_picked":["hermit:LowProfile","hermit:Desperado"],"picked":"hermit:GhostlyPresence","floor":21.0},{"not_picked":["hermit:WideOpen","hermit:Enervate"],"picked":"hermit:Ricochet","floor":23.0},{"not_picked":["hermit:TakeAim","hermit:LowProfile"],"picked":"hermit:HighCaliber+1","floor":25.0},{"not_picked":["hermit:FatalDesire","hermit:Dissolve"],"picked":"hermit:FinalCanter","floor":33},{"not_picked":["hermit:Quickdraw","hermit:Misfire"],"picked":"hermit:Brawl","floor":35},{"not_picked":["hermit:ItchyTrigger","hermit:Brawl"],"picked":"hermit:SprayPray","floor":37},{"not_picked":["hermit:LoneWolf","hermit:WideOpen"],"picked":"hermit:Deadeye","floor":38},{"not_picked":["hermit:LowProfile+1","hermit:HoleUp"],"picked":"hermit:FlashPowder+1","floor":41},{"not_picked":["hermit:Manifest","hermit:FullyLoaded","hermit:Coalescence"],"picked":"hermit:GhostlyPresence","floor":42},{"not_picked":["hermit:BigShot","hermit:Dive+1","hermit:Manifest"],"picked":"hermit:Shortfuse+1","floor":45},{"not_picked":["hermit:FullyLoaded+1","hermit:Adapt","hermit:Snipe"],"picked":"hermit:EyeOfTheStorm+1","floor":48}],"player_experience":653517,"relics_obtained":[{"floor":6.0,"key":"CaptainsWheel"},{"floor":8.0,"key":"Gremlin Horn"},{"floor":9.0,"key":"hermit:Horseshoe"},{"floor":23.0,"key":"Du-Vu Doll"},{"floor":25.0,"key":"Bottled Flame"},{"floor":26.0,"key":"Pen Nib"},{"floor":27.0,"key":"Dream Catcher"},{"floor":41,"key":"Question Card"},{"floor":43,"key":"Nunchaku"}],"event_choices":[{"damage_healed":0.0,"max_hp_gain":0.0,"max_hp_loss":0.0,"gold_gain":0.0,"event_name":"Shining Light","player_choice":"Entered Light","floor":2.0,"gold_loss":0.0,"damage_taken":21.0,"cards_upgraded":["hermit:Strike_Hermit","hermit:Defend_Hermit"]},{"damage_healed":0.0,"max_hp_gain":0.0,"max_hp_loss":0.0,"gold_gain":0.0,"event_name":"The Woman in Blue","player_choice":"Bought 2 Potions","floor":4.0,"gold_loss":0.0,"damage_taken":0.0},{"damage_healed":0.0,"max_hp_gain":0.0,"max_hp_loss":0.0,"gold_gain":75.0,"event_name":"World of Goop","player_choice":"Gather Gold","floor":13.0,"gold_loss":0.0,"damage_taken":11.0},{"damage_healed":0.0,"max_hp_gain":0.0,"max_hp_loss":0.0,"gold_gain":0.0,"event_name":"The Library","player_choice":"Read","floor":19.0,"gold_loss":0.0,"damage_taken":0.0,"cards_obtained":["hermit:Determination"]},{"damage_healed":0.0,"max_hp_gain":0.0,"max_hp_loss":0.0,"gold_gain":0.0,"event_name":"Transmorgrifier","player_choice":"Ignored","floor":20.0,"gold_loss":0.0,"damage_taken":0.0},{"damage_healed":0.0,"max_hp_gain":0.0,"max_hp_loss":0.0,"gold_gain":0.0,"event_name":"Drug Dealer","player_choice":"Inject Mutagens","floor":22.0,"gold_loss":0.0,"damage_taken":0.0,"relics_obtained":["MutagenicStrength"]},{"damage_healed":0.0,"max_hp_gain":0.0,"max_hp_loss":0.0,"gold_gain":0.0,"event_name":"The Mausoleum","player_choice":"Opened","floor":28.0,"gold_loss":0.0,"damage_taken":0.0,"relics_obtained":["Eternal Feather"],"cards_obtained":["Writhe"]},{"damage_healed":0,"gold_gain":0,"player_choice":"Ignored","damage_taken":0,"max_hp_gain":0,"max_hp_loss":0,"event_name":"Cursed Tome","floor":29,"gold_loss":0},{"damage_healed":14,"gold_gain":0,"player_choice":"Writhe","damage_taken":0,"max_hp_gain":0,"max_hp_loss":0,"event_name":"Winding Halls","floor":36,"gold_loss":0,"cards_obtained":["Writhe"]},{"cards_removed":["hermit:Defend_Hermit"],"damage_healed":0,"gold_gain":0,"player_choice":"Removed Skill","damage_taken":0,"max_hp_gain":0,"max_hp_loss":0,"event_name":"Falling","floor":46,"gold_loss":0}],"is_beta":false,"boss_relics":[{"not_picked":["Black Star","hermit:ClaspedLocket"],"picked":"Cursed Key"},{"not_picked":["Snecko Eye","Runic Pyramid","Coffee Dripper"]}],"items_purged_floors":[],"is_endless":false,"potions_floor_spawned":[6,8,16,18,25,33,38,41],"ascension_level":15}}