{"host":"l1ihaotq1cxp1b6b","time":1608992771,"event":{"mods":["AchievementEnabler","BaseMod","Colored Map","Custom Start","DeckTracker","Minty Spire (QoL Compilation)","StSLib","SuperFastMode","everything is the same but u backflip on backflip"],"gold_per_floor":[111,61,25,25,39,77,77,91,142,142,142,142,183,39,39,163,163,183,199,224,238,259,259,280,320,345,345,345,380,380,424,424,555,555,580,639,6,339,339,339,356,69,94,105,124,143,143,18,18,18],"floor_reached":51,"playtime":1372,"items_purged":["Strike_B","Strike_B+1","Strike_B+1"],"score":1107,"play_id":"6bd20d8f-132a-444f-a73a-a39e0bc7fd2a","local_time":"20201226232611","is_ascension_mode":true,"campfire_choices":[{"data":"Electrodynamics","floor":7.0,"key":"SMITH"},{"data":"Fusion","floor":11.0,"key":"SMITH"},{"data":"Chaos","floor":15.0,"key":"SMITH"},{"floor":23.0,"key":"REST"},{"floor":28.0,"key":"REST"},{"data":"Biased Cognition","floor":30.0,"key":"SMITH"},{"data":"Core Surge","floor":32.0,"key":"SMITH"},{"floor":40.0,"key":"REST"},{"floor":49,"key":"REST"}],"circlet_count":0,"master_deck":["AscendersBane","Defend_B","Defend_B","Defend_B","Zap","Dualcast","Compile Driver","Chaos+1","Fusion+1","Electrodynamics+1","Lockon","Coolheaded","Capacitor","Biased Cognition+1","Chill+1","Aggregate","Conserve Battery+1","Stack","Coolheaded","Barrage","Core Surge+1","Buffer","Enlightenment","Compile Driver","Turbo","Skim+1","Hologram+1","Turbo+1"],"relics":["Cracked Core","NeowsBlessing","Whetstone","Lantern","Akabeko","Pocketwatch","Inserter","Orichalcum","Dream Catcher","DataDisk","Art of War","Runic Pyramid","StoneCalendar","Omamori","Bag of Marbles","Toy Ornithopter","Strange Spoon","Strawberry"],"acts_visited":["Exordium","TheCity","TheBeyond"],"potions_floor_usage":[50,50,50],"damage_taken":[{"damage":0.0,"enemies":"2 Louse","floor":1.0,"turns":1.0},{"damage":0.0,"enemies":"Small Slimes","floor":5.0,"turns":1.0},{"damage":0.0,"enemies":"3 Sentries","floor":6.0,"turns":1.0},{"damage":9.0,"enemies":"Jaw Worm","floor":8.0,"turns":3.0},{"damage":2.0,"enemies":"Lagavulin","floor":13.0,"turns":5.0},{"damage":8.0,"enemies":"The Guardian","floor":16.0,"turns":12.0},{"damage":2.0,"enemies":"Spheric Guardian","floor":18.0,"turns":3.0},{"damage":0.0,"enemies":"3 Byrds","floor":19.0,"turns":3.0},{"damage":3.0,"enemies":"3 Cultists","floor":20.0,"turns":4.0},{"damage":31.0,"enemies":"Cultist and Chosen","floor":21.0,"turns":6.0},{"damage":1.0,"enemies":"Chosen and Byrds","floor":22.0,"turns":4.0},{"damage":0.0,"enemies":"Centurion and Healer","floor":24.0,"turns":7.0},{"damage":14.0,"enemies":"Gremlin Leader","floor":25.0,"turns":5.0},{"damage":7.0,"enemies":"Book of Stabbing","floor":29.0,"turns":6.0},{"damage":19.0,"enemies":"Slavers","floor":31.0,"turns":5.0},{"damage":39.0,"enemies":"Collector","floor":33.0,"turns":7.0},{"damage":21.0,"enemies":"3 Darklings","floor":35.0,"turns":3.0},{"damage":24.0,"enemies":"2 Orb Walkers","floor":36.0,"turns":5.0},{"damage":2.0,"enemies":"Orb Walker","floor":41.0,"turns":5.0},{"damage":13.0,"enemies":"Spire Growth","floor":44.0,"turns":5.0},{"damage":4,"enemies":"Writhing Mass","floor":45,"turns":5},{"damage":0,"enemies":"4 Shapes","floor":46,"turns":4},{"damage":9,"enemies":"Donu and Deca","floor":50,"turns":7}],"seed_played":"-1943018943633039896","potions_obtained":[{"floor":5.0,"key":"Block Potion"},{"floor":8.0,"key":"PowerPotion"},{"floor":18.0,"key":"PotionOfCapacity"},{"floor":19.0,"key":"Weak Potion"},{"floor":25.0,"key":"FearPotion"},{"floor":31.0,"key":"FairyPotion"},{"floor":45,"key":"SkillPotion"},{"floor":46,"key":"FearPotion"}],"is_trial":false,"path_per_floor":["M","?","$","?","M","E","R","M","T","?","R","?","E","$","R","B",null,"M","M","M","M","M","R","M","E","T","?","R","E","R","E","R","B",null,"M","?","$","?","?","R","M","$","T","M","M","M","?","$","R","B",null],"character_chosen":"DEFECT","items_purchased":["Chaos","Capacitor","Omamori","Enlightenment","Energy Potion","Regen Potion","Compile Driver","Bag of Marbles","Toy Ornithopter","Strange Spoon"],"campfire_rested":4,"item_purchase_floors":[3,14,37,37,37,37,37,37,42,42],"current_hp_per_floor":[68,68,68,68,68,68,68,59,59,52,52,34,32,32,32,24,58,56,56,53,22,21,41,41,27,27,27,47,40,40,21,21,4,53,32,8,8,8,8,27,39,39,46,38,34,34,34,34,55,61],"gold":18,"neow_bonus":"THREE_ENEMY_KILL","is_daily":false,"chose_seed":false,"campfire_upgraded":5,"win_rate":0.0,"timestamp":1608992771,"path_taken":["M","?","$","?","?","E","R","M","T","?","R","?","E","$","R","BOSS","M","M","M","M","M","R","M","E","T","?","R","E","R","E","R","BOSS","M","?","$","?","?","R","M","$","T","M","M","M","?","?","R","BOSS"],"items_purchased_type":["Card","Card","Relic","Card","Potion","Potion","Card","Relic","Relic","Relic"],"build_version":"2020-12-22","purchased_purges":3,"victory":true,"max_hp_per_floor":[75,75,75,69,69,69,69,69,69,69,69,69,69,69,69,69,69,69,69,69,69,69,69,69,69,69,69,69,69,69,69,69,69,69,69,69,69,69,66,66,66,66,73,73,73,73,73,73,73,73],"card_choices":[{"not_picked":["Leap","Streamline"],"picked":"Compile Driver","floor":1.0},{"not_picked":["Reinforced Body","Beam Cell"],"picked":"Fusion","floor":5.0},{"not_picked":["Double Energy","Buffer"],"picked":"Electrodynamics","floor":6.0},{"not_picked":["Leap","Fusion"],"picked":"Lockon","floor":8.0},{"not_picked":["Stack","Sweeping Beam"],"picked":"Coolheaded","floor":13.0},{"not_picked":["Seek","All For One"],"picked":"Biased Cognition","floor":16.0},{"not_picked":["Cold Snap","Ball Lightning"],"picked":"Chill+1","floor":18.0},{"not_picked":["Rebound","Fusion"],"picked":"Aggregate","floor":19.0},{"not_picked":["Compile Driver","Heatsinks"],"picked":"Conserve Battery+1","floor":20.0},{"not_picked":["Ball Lightning","Sweeping Beam"],"picked":"Stack","floor":21.0},{"not_picked":["Beam Cell","Cold Snap"],"picked":"Coolheaded","floor":22.0},{"not_picked":["Beam Cell","Static Discharge"],"picked":"Barrage","floor":24.0},{"not_picked":["Rip and Tear+1","Conserve Battery"],"picked":"Core Surge","floor":25.0},{"not_picked":["Lockon+1","Leap","Conserve Battery"],"picked":"SKIP","floor":29.0},{"not_picked":["Stack+1","Heatsinks","Doom and Gloom"],"picked":"SKIP","floor":31.0},{"not_picked":["Creative AI","Multi-Cast"],"picked":"Buffer","floor":33.0},{"not_picked":["Gash+1","Heatsinks","Storm"],"picked":"SKIP","floor":35.0},{"not_picked":["Storm+1","Gash+1"],"picked":"Conserve Battery+1","floor":36.0},{"not_picked":["Steam Power+1","Rebound"],"picked":"Turbo","floor":40.0},{"not_picked":["Streamline","Blizzard"],"picked":"Skim+1","floor":41.0},{"not_picked":["Sunder","Hello World","Rip and Tear+1"],"picked":"SKIP","floor":44.0},{"not_picked":["Chill+1","Steam+1"],"picked":"Hologram+1","floor":45},{"not_picked":["Lockon","Streamline","Barrage"],"picked":"SKIP","floor":46},{"not_picked":["Darkness+1","Sweeping Beam"],"picked":"Turbo+1","floor":49}],"player_experience":531758,"relics_obtained":[{"floor":6.0,"key":"Whetstone"},{"floor":9.0,"key":"Lantern"},{"floor":13.0,"key":"Pocketwatch"},{"floor":25.0,"key":"Orichalcum"},{"floor":26.0,"key":"Dream Catcher"},{"floor":29.0,"key":"DataDisk"},{"floor":31.0,"key":"Art of War"},{"floor":36.0,"key":"StoneCalendar"},{"floor":43.0,"key":"Strawberry"}],"event_choices":[{"cards_removed":["Defend_B"],"damage_healed":0.0,"max_hp_gain":0.0,"max_hp_loss":0.0,"gold_gain":0.0,"event_name":"The Cleric","player_choice":"Card Removal","floor":2.0,"gold_loss":50.0,"damage_taken":0.0},{"damage_healed":0.0,"max_hp_gain":0.0,"max_hp_loss":6.0,"gold_gain":0.0,"event_name":"Golden Idol","player_choice":"Lose Max HP","floor":4.0,"gold_loss":0.0,"damage_taken":0.0,"relics_obtained":["Golden Idol"]},{"cards_removed":["Strike_B"],"damage_healed":0.0,"max_hp_gain":0.0,"max_hp_loss":0.0,"gold_gain":0.0,"event_name":"Golden Wing","player_choice":"Card Removal","floor":10.0,"gold_loss":0.0,"damage_taken":7.0},{"damage_healed":0.0,"max_hp_gain":0.0,"max_hp_loss":0.0,"gold_gain":0.0,"event_name":"Scrap Ooze","player_choice":"Success","floor":12.0,"gold_loss":0.0,"damage_taken":18.0,"relics_obtained":["Akabeko"]},{"damage_healed":0.0,"max_hp_gain":0.0,"max_hp_loss":0.0,"gold_gain":0.0,"event_name":"Cursed Tome","player_choice":"Ignored","floor":27.0,"gold_loss":0.0,"damage_taken":0.0},{"damage_healed":0.0,"max_hp_gain":0.0,"max_hp_loss":0.0,"gold_gain":0.0,"event_name":"Mysterious Sphere","player_choice":"Fight","floor":36.0,"gold_loss":0.0,"damage_taken":0.0},{"damage_healed":0.0,"max_hp_gain":0.0,"max_hp_loss":0.0,"gold_gain":333.0,"event_name":"The Moai Head","player_choice":"Gave Idol","floor":38.0,"relics_lost":["Golden Idol"],"gold_loss":0.0,"damage_taken":0.0},{"damage_healed":0.0,"max_hp_gain":0.0,"max_hp_loss":3.0,"gold_gain":0.0,"event_name":"Winding Halls","player_choice":"Max HP","floor":39.0,"gold_loss":0.0,"damage_taken":0.0},{"cards_removed":["Conserve Battery"],"damage_healed":0,"gold_gain":0,"player_choice":"Removed Skill","damage_taken":0,"max_hp_gain":0,"max_hp_loss":0,"event_name":"Falling","floor":47,"gold_loss":0}],"is_beta":false,"boss_relics":[{"not_picked":["Velvet Choker","Busted Crown"],"picked":"Inserter"},{"not_picked":["Pandora\u0027s Box","Astrolabe"],"picked":"Runic Pyramid"}],"items_purged_floors":[14,37,48],"is_endless":false,"potions_floor_spawned":[5,8,18,19,25,31,45,46],"ascension_level":10}}