{"host":"rvgqag7mtxu5qaaz","time":1608955640,"event":{"mods":["AchievementEnabler","BaseMod","Downfall","Hermit","Hubris","Minty Spire (QoL Compilation)","Replay The Spire","StSLib","SuperFastMode","The Animator","The Construct","The Cursed","The Disciple","The Necromancer"],"gold_per_floor":[109,109,109,134,159,159,159,172,195,238,71,71,71,115,115,115,115],"floor_reached":16,"playtime":793,"items_purged":[],"score":108,"play_id":"80e85691-e783-4e15-90a4-b223586b0832","local_time":"20201225230720","is_ascension_mode":false,"campfire_choices":[{"data":"hermit:EyeOfTheStorm","floor":6,"key":"SMITH"},{"floor":12,"key":"REST"},{"floor":15,"key":"DIG"}],"circlet_count":0,"master_deck":["hermit:Strike_Hermit","hermit:Strike_Hermit","hermit:Strike_Hermit","hermit:Strike_Hermit","hermit:Defend_Hermit+1","hermit:Defend_Hermit","hermit:Defend_Hermit","hermit:Defend_Hermit","hermit:Snapshot","hermit:Covet+1","hermit:Cheat","hermit:CalledShot","hermit:EyeOfTheStorm+1","hermit:GoldenBullet","hermit:Showdown","hermit:HighCaliber","Secret Weapon","hermit:EyeOfTheStorm"],"relics":["hermit:Momento","hubris:Towel","Golden Idol","War Paint","Centennial Puzzle","FaceOfCleric","hubris:SlimyHat","Question Card"],"acts_visited":["Exordium"],"potions_floor_usage":[10,16],"damage_taken":[{"damage":5,"enemies":"2 Louse","floor":1,"turns":3},{"damage":0,"enemies":"Small Slimes","floor":4,"turns":3},{"damage":8,"enemies":"Jaw Worm","floor":5,"turns":3},{"damage":9,"enemies":"2 Fungi Beasts","floor":8,"turns":3},{"damage":12,"enemies":"Gremlin Nob","floor":10,"turns":3},{"damage":10,"enemies":"Replay:BlueRogue","floor":14,"turns":3},{"damage":44,"enemies":"Slime Boss","floor":16,"turns":8}],"seed_played":"-6687462426957442487","potions_obtained":[{"floor":5,"key":"AttackPotion"},{"floor":8,"key":"AttackPotion"}],"is_trial":false,"path_per_floor":["M","?","?","M","M","R","?","M","T","E","$","R","?","E","R","B"],"character_chosen":"HERMIT","items_purchased":["Secret Weapon"],"campfire_rested":1,"item_purchase_floors":[11],"current_hp_per_floor":[77,77,57,57,49,49,49,40,40,28,28,52,52,43,43,0,0],"gold":115,"neow_bonus":"TEN_PERCENT_HP_BONUS","is_daily":false,"chose_seed":false,"campfire_upgraded":1,"win_rate":0.0,"timestamp":1608955640,"path_taken":["M","?","?","M","M","R","?","?","T","E","$","R","?","E","R","BOSS"],"items_purchased_type":["Card"],"build_version":"2020-12-22","purchased_purges":0,"victory":false,"max_hp_per_floor":[82,82,82,82,82,82,82,82,82,82,82,82,82,83,83,83,83],"card_choices":[{"not_picked":["hermit:HighCaliber","hermit:NoHoldsBarred"],"picked":"hermit:Cheat","floor":1},{"not_picked":["hermit:Grudge","hermit:Malice"],"picked":"hermit:CalledShot","floor":4},{"not_picked":["hermit:Gestalt","hermit:Midnight"],"picked":"hermit:EyeOfTheStorm","floor":5},{"not_picked":["hermit:FullyLoaded","hermit:PistolWhip"],"picked":"hermit:Showdown","floor":8},{"not_picked":["hermit:Vantage","hermit:Quickdraw"],"picked":"hermit:HighCaliber","floor":10},{"not_picked":["hermit:WideOpen","hermit:Vantage"],"picked":"hermit:EyeOfTheStorm","floor":14}],"player_experience":305049,"relics_obtained":[{"floor":9,"key":"War Paint"},{"floor":10,"key":"Centennial Puzzle"},{"floor":14,"key":"hubris:SlimyHat"},{"floor":15,"key":"Question Card"}],"event_choices":[{"damage_healed":0,"gold_gain":0,"player_choice":"Take Damage","damage_taken":20,"relics_obtained":["Golden Idol"],"max_hp_gain":0,"max_hp_loss":0,"event_name":"Golden Idol","floor":3,"gold_loss":0},{"damage_healed":0,"gold_gain":0,"player_choice":"Trade","damage_taken":0,"relics_obtained":["FaceOfCleric"],"max_hp_gain":0,"max_hp_loss":0,"event_name":"FaceTrader","floor":13,"gold_loss":0}],"is_beta":false,"boss_relics":[],"items_purged_floors":[],"is_endless":false,"potions_floor_spawned":[5,8],"killed_by":"Slime Boss","ascension_level":0}}