{"host":"konjmgczbcns2r3g","time":1608964323,"event":{"mods":["AchievementEnabler","BaseMod","Colored Powertips","Hermit","Infinite Spire","Minty Spire (QoL Compilation)","Replay The Spire","StSLib","The Cursed","The Necromancer","The Servant 0.9.4"],"gold_per_floor":[113,125,145,165,165,190,190,242,242,288,327,327,370,19,19,134,134,171,171,210,225,225,290,322,322,345,402,456,521,564,609,621,768,830,874,886,155,82,109,171,171,209,233,281,318,363,363,389,389,421],"floor_reached":51,"playtime":4539,"items_purged":[],"score":959,"play_id":"270c796a-5709-4ecb-9031-34054d398364","local_time":"20201226013203","daily_mods":["Heirloom","DeadlyEvents","Elite Swarm"],"is_ascension_mode":true,"campfire_choices":[{"floor":7,"key":"REST"},{"floor":12,"key":"REST"},{"data":"Apotheosis","floor":15,"key":"SMITH"},{"floor":25,"key":"REST"},{"floor":32,"key":"REST"},{"floor":41,"key":"REST"},{"floor":47,"key":"REST"},{"floor":49,"key":"REST"}],"circlet_count":0,"master_deck":["Strike_S","Strike_S","Strike_S","Defend_S","Defend_S","Defend_S","Defend_S","KidneyShot","Exchange","Moondial","Potential","ShatteredReality","TimeWarp","Dilation+1","Dilation+1","Dilation+1","Ricochet+1","Defy","Moonlight","Poisoned Strike","Replay:Parry","Apotheosis+1","PendulumOfEternity+1","Rearm","ReturningBlade+1","Luminosity","Initiator","Misdirection+1","GearUp+1","Sunlight","Unruled+1","Comet","Solidify","Collapse+1","Potential+1","Metamorphosis","Starlight","StarChef+1","SilverBlades","Defy+1","FlawlessForm","MurderousAura","Starlight+1","MoonPhase+1","Defy","BottledTime+1"],"relics":["Uniform","Lizard Tail","Replay:Bandana","ReplayTheSpireMod:Ninjato","Matryoshka","Ornamental Fan","Bag of Marbles","ReplayTheSpireMod:ShopPack","StoneMask","Replay:Towering Pillar of Hats","PocketWatch","MawBank","infinitespire:Satchel","Replay:Bottled Eggs","Replay:PocketPolymizer","Tiny House","Lantern","Chemical X","Omamori","Happy Flower","Question Card","Blue Doll","Gremlin Food"],"acts_visited":["Exordium","TheCity","TheBeyond"],"potions_floor_usage":[6,8,16,18,20,23,31,33,33,39,40,42,48,50],"damage_taken":[{"damage":13,"enemies":"infinitespire:Voidling","floor":1,"turns":5},{"damage":3,"enemies":"Jaw Worm","floor":2,"turns":4},{"damage":0,"enemies":"2 Louse","floor":3,"turns":2},{"damage":6,"enemies":"Blue Slaver","floor":4,"turns":4},{"damage":12,"enemies":"Replay:BlueRogue","floor":6,"turns":5},{"damage":14,"enemies":"Gremlin Nob","floor":8,"turns":3},{"damage":10,"enemies":"3 Sentries","floor":10,"turns":9},{"damage":0,"enemies":"Lots of Slimes","floor":11,"turns":3},{"damage":0,"enemies":"Exordium Wildlife","floor":13,"turns":3},{"damage":0,"enemies":"The Guardian","floor":16,"turns":10},{"damage":0,"enemies":"Shell Parasite","floor":18,"turns":4},{"damage":0,"enemies":"Spheric Guardian","floor":20,"turns":3},{"damage":2,"enemies":"Snecko","floor":21,"turns":8},{"damage":48,"enemies":"Slavers","floor":23,"turns":5},{"damage":0,"enemies":"Centurion and Healer","floor":24,"turns":4},{"damage":16,"enemies":"Shelled Parasite and Fungi","floor":27,"turns":5},{"damage":9,"enemies":"Replay:Snechameleon","floor":28,"turns":5},{"damage":8,"enemies":"Gremlin Leader","floor":29,"turns":6},{"damage":0,"enemies":"Snecko","floor":30,"turns":6},{"damage":10,"enemies":"Centurion and Healer","floor":31,"turns":5},{"damage":11,"enemies":"Collector","floor":33,"turns":6},{"damage":0,"enemies":"Orb Walker","floor":35,"turns":3},{"damage":22,"enemies":"3 Darklings","floor":39,"turns":4},{"damage":0,"enemies":"Giant Head","floor":40,"turns":5},{"damage":33,"enemies":"Nemesis","floor":42,"turns":5},{"damage":21,"enemies":"Spire Growth","floor":44,"turns":5},{"damage":28,"enemies":"4 Shapes","floor":45,"turns":3},{"damage":0,"enemies":"Transient","floor":46,"turns":5},{"damage":46,"enemies":"Maw","floor":48,"turns":8},{"damage":74,"enemies":"Awakened One","floor":50,"turns":9}],"seed_played":"-8128660180845806952","potions_obtained":[{"floor":3,"key":"PowerPotion"},{"floor":4,"key":"Dexterity Potion"},{"floor":6,"key":"FearPotion"},{"floor":8,"key":"Cursed Concoction"},{"floor":13,"key":"Energy Potion"},{"floor":21,"key":"Venom Potion"},{"floor":23,"key":"CultistPotion"},{"floor":24,"key":"Elixir"},{"floor":29,"key":"Ancient Potion"},{"floor":30,"key":"LiquidBronze"},{"floor":31,"key":"Fire Potion"},{"floor":33,"key":"Milkshake"},{"floor":34,"key":"Explosive Potion"},{"floor":40,"key":"ColorlessPotion"},{"floor":46,"key":"Swift Potion"},{"floor":48,"key":"FairyPotion"}],"is_trial":true,"path_per_floor":["M","M","M","M","?","E","R","E","T","E","M","R","M","$","R","B",null,"M","?","M","M","AVR","E","M","R","T","M","E","E","M","M","R","B",null,"M","?","$","$","M","E","R","E","T","M","M","M","R","M","R","B",null],"character_chosen":"THE_SERVANT","items_purchased":["Bag of Marbles","ReplayTheSpireMod:ShopPack","Moonlight","Lantern","Chemical X","Omamori","Metamorphosis","Starlight","StarChef+1","SilverBlades"],"campfire_rested":7,"item_purchase_floors":[14,14,14,37,37,37,37,37,37,38],"current_hp_per_floor":[61,58,58,52,52,40,59,45,45,35,35,54,54,54,54,54,65,66,66,67,68,68,29,35,56,56,46,40,35,38,34,58,50,86,87,87,87,87,68,71,89,59,59,41,25,28,56,13,42,14],"gold":421,"neow_bonus":"","is_daily":false,"chose_seed":false,"campfire_upgraded":1,"win_rate":0.0,"timestamp":1608964323,"path_taken":["M","?","M","M","?","E","R","E","T","E","M","R","M","$","R","BOSS","M","?","M","?","AVR","E","M","R","T","M","E","?","M","M","R","BOSS","M","?","?","$","M","E","R","?","T","M","M","?","R","?","R","BOSS"],"items_purchased_type":["Relic","Relic","Card","Relic","Relic","Relic","Card","Card","Card","Card"],"build_version":"2020-12-22","purchased_purges":0,"victory":true,"max_hp_per_floor":[65,65,65,65,65,65,65,65,65,65,65,65,65,65,65,65,65,66,66,67,68,68,71,73,73,73,75,76,77,78,80,80,81,86,87,87,87,87,88,89,89,90,90,91,95,96,96,97,97,101],"card_choices":[{"not_picked":["Rearm","ShatteredReality"],"picked":"Moondial","floor":1},{"not_picked":["Desolation","SpecialFormula"],"picked":"Potential","floor":2},{"not_picked":["DoubleEdge","WasteNot"],"picked":"ShatteredReality","floor":3},{"not_picked":["Gouge","Moondial"],"picked":"TimeWarp","floor":4},{"not_picked":["SoulSculpture","FloweringNight"],"picked":"Dilation","floor":6},{"not_picked":["FloweringNight","Solidify"],"picked":"Dilation","floor":8},{"not_picked":["ForgedInTime","TheWorld"],"picked":"Dilation","floor":10},{"not_picked":["BottledTime","Alleviate"],"picked":"Ricochet","floor":11},{"not_picked":["Hightail","Rewind"],"picked":"Defy","floor":13},{"not_picked":["Panache","Secret Weapon"],"picked":"Poisoned Strike","floor":14},{"not_picked":["Purity","ReplayTheSpireMod:Uncanny Aura"],"picked":"Replay:Parry","floor":14},{"not_picked":["Madness","Master of Strategy"],"picked":"Apotheosis","floor":14},{"not_picked":["Duplication","LightFlow"],"picked":"PendulumOfEternity","floor":16},{"not_picked":["MoonPhase","Unruled"],"picked":"Rearm","floor":18},{"not_picked":["Revamp","Hightail"],"picked":"ReturningBlade","floor":20},{"not_picked":["Gouge","Spin"],"picked":"Luminosity","floor":21},{"not_picked":["Deny","Solidify"],"picked":"Initiator","floor":23},{"not_picked":["Rewind","Replace"],"picked":"Misdirection+1","floor":24},{"not_picked":["Advance","ShatteredReality"],"picked":"GearUp+1","floor":27},{"not_picked":["FloweringNight","ForgedInTime","LightFlow"],"picked":"SKIP","floor":28},{"not_picked":["Duplication","Solidify"],"picked":"Sunlight","floor":29},{"not_picked":["Alleviate","Defy"],"picked":"Unruled+1","floor":30},{"not_picked":["Defy","FastForward+1"],"picked":"Comet","floor":31},{"not_picked":["TheWorld","Initiator"],"picked":"Solidify","floor":33},{"not_picked":["Rearm","StarChef"],"picked":"Collapse+1","floor":34},{"not_picked":["DoubleEdge+1","FastForward+1"],"picked":"Potential+1","floor":35},{"not_picked":["Barrier","Ricochet"],"picked":"Defy+1","floor":39},{"not_picked":["Deny","Sunlight"],"picked":"FlawlessForm","floor":40},{"not_picked":["LightFlow","FlawlessForm"],"picked":"MurderousAura","floor":42},{"not_picked":["Alleviate+1","BottledTime","FloweringNight"],"picked":"Starlight+1","floor":44},{"not_picked":["Gouge+1","Replace","Moonlight+1"],"picked":"MoonPhase+1","floor":45},{"not_picked":["BestPractice+1","Rewind+1","Spin+1"],"picked":"Defy","floor":46},{"not_picked":["Manipulate","StarChef","Collapse"],"picked":"BottledTime+1","floor":48}],"player_experience":282953,"relics_obtained":[{"floor":6,"key":"Replay:Bandana"},{"floor":8,"key":"ReplayTheSpireMod:Ninjato"},{"floor":9,"key":"Matryoshka"},{"floor":10,"key":"Ornamental Fan"},{"floor":23,"key":"PocketWatch"},{"floor":26,"key":"MawBank"},{"floor":26,"key":"infinitespire:Satchel"},{"floor":28,"key":"Replay:Bottled Eggs"},{"floor":29,"key":"Replay:PocketPolymizer"},{"floor":40,"key":"Happy Flower"},{"floor":42,"key":"Question Card"},{"floor":43,"key":"Blue Doll"},{"floor":43,"key":"Gremlin Food"}],"event_choices":[{"damage_healed":0,"gold_gain":0,"player_choice":"Ignored","damage_taken":0,"max_hp_gain":0,"max_hp_loss":0,"event_name":"Ghosts","floor":19,"gold_loss":0},{"cards_removed":["Strike_S"],"damage_healed":0,"gold_gain":0,"player_choice":"Removed Attack","damage_taken":0,"max_hp_gain":0,"max_hp_loss":0,"event_name":"Falling","floor":36,"gold_loss":0}],"is_beta":false,"boss_relics":[{"not_picked":["Honey Jar","Pandora\u0027s Box"],"picked":"StoneMask"},{"not_picked":["Calling Bell","ChewingGum"],"picked":"Tiny House"}],"items_purged_floors":[],"is_endless":false,"potions_floor_spawned":[3,4,6,8,13,21,23,24,29,30,31,33,35,40,46,48],"ascension_level":1}}