{"host":"qxeepl7ydvsgmfdb","time":1608988495,"event":{"mods":["AchievementEnabler","BaseMod","Colored Powertips","Minty Spire (QoL Compilation)","Quick Restart","slay the spire mod where everything is the same but ironclad has a cowboy hat"],"gold_per_floor":[118,118,118,43,67,103,103,137,137,155,105,105,105,125,125,246,246,270,127,127,127,127,127,127],"floor_reached":23,"playtime":1020,"items_purged":[],"score":286,"play_id":"15aa22c1-ae57-46d3-841f-11e84f382e8e","local_time":"20201226081455","is_ascension_mode":true,"campfire_choices":[{"data":"Deadly Poison","floor":7.0,"key":"SMITH"},{"floor":15.0,"key":"REST"}],"circlet_count":0,"master_deck":["Strike_G","Strike_G","Strike_G","Defend_G","Defend_G","Defend_G","Defend_G","Survivor","Neutralize","Blade Dance","Dagger Spray","Deadly Poison+1","PiercingWail","Backflip","Cloak And Dagger","Envenom","Acrobatics+1","Backstab"],"relics":["Ring of the Snake","NeowsBlessing","Golden Idol","Matryoshka","HornCleat","Blue Candle","Juzu Bracelet","SacredBark","Regal Pillow"],"acts_visited":["Exordium","TheCity"],"potions_floor_usage":[16,16,16,16,23],"damage_taken":[{"damage":0.0,"enemies":"2 Louse","floor":1.0,"turns":1.0},{"damage":0.0,"enemies":"Cultist","floor":5.0,"turns":1.0},{"damage":0.0,"enemies":"Lagavulin","floor":6.0,"turns":1.0},{"damage":37.0,"enemies":"3 Sentries","floor":8.0,"turns":8.0},{"damage":0.0,"enemies":"Small Slimes","floor":10.0,"turns":3.0},{"damage":0.0,"enemies":"Looter","floor":14.0,"turns":3.0},{"damage":17,"enemies":"Slime Boss","floor":16,"turns":8},{"damage":12,"enemies":"3 Byrds","floor":18,"turns":6},{"damage":49,"enemies":"Book of Stabbing","floor":23,"turns":6}],"seed_played":"-6269554471426522121","potions_obtained":[{"floor":5.0,"key":"SneckoOil"},{"floor":6.0,"key":"Ancient Potion"},{"floor":14.0,"key":"EntropicBrew"}],"is_trial":false,"path_per_floor":["M","?","?","$","M","E","R","E","T","M","?","$","?","M","R","B",null,"M","$","?","?","?","E"],"character_chosen":"THE_SILENT","items_purchased":["Blade Dance","Dagger Spray","Regal Pillow"],"campfire_rested":1,"item_purchase_floors":[4,4,19],"current_hp_per_floor":[63,63,63,63,63,63,63,26,26,26,26,26,26,26,45,28,56,44,44,44,44,44,0,0],"gold":127,"neow_bonus":"THREE_ENEMY_KILL","is_daily":false,"chose_seed":false,"campfire_upgraded":1,"win_rate":0.0,"timestamp":1608988495,"path_taken":["M","?","?","$","M","E","R","E","T","M","?","$","?","M","R","BOSS","M","$","?","?","?","E"],"items_purchased_type":["Card","Card","Relic"],"build_version":"2020-12-22","purchased_purges":0,"victory":false,"max_hp_per_floor":[70,65,65,65,65,65,65,65,65,65,65,65,65,65,65,65,65,65,65,65,65,65,65,65],"card_choices":[{"not_picked":["Prepared","Bouncing Flask","Flechettes"],"picked":"SKIP","floor":1.0},{"not_picked":["Acrobatics","Bane"],"picked":"Deadly Poison","floor":5.0},{"not_picked":["Setup","Crippling Poison"],"picked":"PiercingWail","floor":6.0},{"not_picked":["Setup","Tactician"],"picked":"Backflip","floor":8.0},{"not_picked":["Quick Slash","Deflect"],"picked":"Cloak And Dagger","floor":10.0},{"not_picked":["Prepared","Outmaneuver"],"picked":"Envenom","floor":14.0},{"not_picked":["Dagger Spray+1","Masterful Stab"],"picked":"Acrobatics+1","floor":18}],"player_experience":388367,"relics_obtained":[{"floor":6.0,"key":"Matryoshka"},{"floor":8.0,"key":"HornCleat"},{"floor":9.0,"key":"Blue Candle"},{"floor":9.0,"key":"Juzu Bracelet"}],"event_choices":[{"damage_healed":0.0,"max_hp_gain":0.0,"max_hp_loss":5.0,"gold_gain":0.0,"event_name":"Golden Idol","player_choice":"Lose Max HP","floor":2.0,"gold_loss":0.0,"damage_taken":0.0,"relics_obtained":["Golden Idol"]},{"cards_removed":["Strike_G"],"damage_healed":0.0,"max_hp_gain":0.0,"max_hp_loss":0.0,"gold_gain":0.0,"event_name":"Purifier","player_choice":"Purged","floor":3.0,"gold_loss":0.0,"damage_taken":0.0},{"cards_removed":["Strike_G"],"damage_healed":0.0,"max_hp_gain":0.0,"max_hp_loss":0.0,"gold_gain":0.0,"event_name":"The Cleric","player_choice":"Card Removal","floor":11.0,"gold_loss":50.0,"damage_taken":0.0},{"damage_healed":0.0,"max_hp_gain":0.0,"max_hp_loss":0.0,"gold_gain":0.0,"event_name":"Golden Wing","player_choice":"Ignored","floor":13.0,"gold_loss":0.0,"damage_taken":0.0},{"damage_healed":0,"gold_gain":0,"player_choice":"Ignored","damage_taken":0,"max_hp_gain":0,"max_hp_loss":0,"event_name":"Vampires","floor":20,"gold_loss":0},{"cards_removed":["Defend_G"],"damage_healed":0,"gold_gain":0,"player_choice":"Offered Basic","damage_taken":0,"max_hp_gain":0,"max_hp_loss":0,"event_name":"Bonfire Elementals","floor":21,"gold_loss":0},{"damage_healed":0,"gold_gain":0,"player_choice":"Read","damage_taken":0,"max_hp_gain":0,"max_hp_loss":0,"event_name":"The Library","floor":22,"gold_loss":0,"cards_obtained":["Backstab"]}],"is_beta":false,"boss_relics":[{"not_picked":["Philosopher\u0027s Stone","Pandora\u0027s Box"],"picked":"SacredBark"}],"items_purged_floors":[],"is_endless":false,"potions_floor_spawned":[5,6,14],"killed_by":"Book of Stabbing","ascension_level":6}}