{"host":"i09pxcjttd31eh4q","time":1608991330,"event":{"mods":["AchievementEnabler","BaseMod","Colored Map","Keyboard Shortcuts","Minty Spire (QoL Compilation)","StSLib","SuperFastMode"],"gold_per_floor":[112,37,47,60,75,75,87,118,173,205,217,229,229],"floor_reached":12,"playtime":230,"items_purged":["Strike_P"],"score":164,"play_id":"c36ddc5e-6f7f-4e97-8224-55c30923e221","local_time":"20201226230210","is_ascension_mode":true,"campfire_choices":[{"data":"Scrawl","floor":6,"key":"SMITH"}],"circlet_count":0,"master_deck":["AscendersBane","Strike_P","Strike_P","Strike_P","Defend_P","Defend_P","Defend_P","Defend_P","Eruption+1","Vigilance","EmptyFist","Scrawl+1"],"relics":["PureWater","Nunchaku","MawBank"],"acts_visited":[],"potions_floor_usage":[8,12],"damage_taken":[{"damage":8,"enemies":"Jaw Worm","floor":1,"turns":4},{"damage":0,"enemies":"Cultist","floor":3,"turns":3},{"damage":0,"enemies":"2 Louse","floor":4,"turns":2},{"damage":6,"enemies":"Looter","floor":5,"turns":4},{"damage":3,"enemies":"Lots of Slimes","floor":7,"turns":3},{"damage":22,"enemies":"3 Sentries","floor":8,"turns":6},{"damage":2,"enemies":"2 Fungi Beasts","floor":10,"turns":2},{"damage":28,"enemies":"Lagavulin","floor":12,"turns":5}],"seed_played":"6856827032019689813","potions_obtained":[{"floor":1,"key":"PowerPotion"},{"floor":7,"key":"PowerPotion"}],"is_trial":false,"path_per_floor":["M","$","M","M","M","R","M","E","T","M","$","E"],"character_chosen":"WATCHER","items_purchased":[],"campfire_rested":0,"item_purchase_floors":[],"current_hp_per_floor":[53,53,53,53,47,47,44,22,22,20,20,0,0],"gold":229,"neow_bonus":"UPGRADE_CARD","is_daily":false,"chose_seed":false,"campfire_upgraded":1,"win_rate":0.0,"timestamp":1608991330,"path_taken":["M","$","M","M","M","R","M","E","T","M","$","E"],"items_purchased_type":[],"build_version":"2020-12-22","purchased_purges":1,"victory":false,"max_hp_per_floor":[68,68,68,68,68,68,68,68,68,68,68,68,68],"card_choices":[{"not_picked":["InnerPeace","Prostrate"],"picked":"EmptyFist","floor":1},{"not_picked":["CutThroughFate","JustLucky","WreathOfFlame"],"picked":"SKIP","floor":3},{"not_picked":["Evaluate","SandsOfTime","Meditate"],"picked":"SKIP","floor":4},{"not_picked":["Crescendo","WreathOfFlame"],"picked":"Scrawl","floor":5},{"not_picked":["Swivel","Prostrate","Halt"],"picked":"SKIP","floor":7},{"not_picked":["JustLucky","Wireheading","EmptyMind"],"picked":"SKIP","floor":8},{"not_picked":["BowlingBash","CrushJoints","Brilliance"],"picked":"SKIP","floor":10}],"player_experience":779061,"relics_obtained":[{"floor":8,"key":"Nunchaku"},{"floor":9,"key":"MawBank"}],"event_choices":[],"is_beta":false,"boss_relics":[],"items_purged_floors":[2],"is_endless":false,"potions_floor_spawned":[1,7],"killed_by":"Lagavulin","ascension_level":20}}