{"host":"foq4mrde4mssg7vt","time":1608966227,"event":{"mods":["AchievementEnabler","BaseMod","Colored Map","Colored Powertips","Highlight Path","Minty Spire (QoL Compilation)","Relic Stats","everything is the same but u backflip on backflip"],"gold_per_floor":[114,133,150,150,166,194,194,194,194,213,248,132,132,161,161,239,289,300,312,80,80,93,93,111,141,141,158,158,158],"floor_reached":28,"playtime":1112,"items_purged":["Strike_P","Defend_P"],"score":468,"play_id":"ddb3f02f-33d9-4cdb-b800-bb302a8e285c","local_time":"20201226150347","is_ascension_mode":true,"campfire_choices":[{"floor":7,"key":"REST"},{"data":"WindmillStrike","floor":13,"key":"SMITH"},{"data":"SashWhip","floor":15,"key":"SMITH"},{"data":"Blasphemy","floor":23,"key":"SMITH"}],"circlet_count":0,"master_deck":["AscendersBane","Strike_P+1","Strike_P+1","Strike_P+1","Defend_P","Defend_P","Eruption","Vigilance","EmptyFist","EmptyBody","Protect","ThirdEye","SashWhip+1","InnerPeace","WindmillStrike+1","Judgement","Blasphemy+1","DeceiveReality","WaveOfTheHand","CutThroughFate","Pain"],"relics":["Velvet Choker","Toy Ornithopter","Happy Flower","Pear","Lizard Tail","Tiny House","WarpedTongs","Unceasing Top","Bottled Flame"],"acts_visited":["Exordium","TheCity"],"potions_floor_usage":[6,6,6],"damage_taken":[{"damage":1,"enemies":"Jaw Worm","floor":1,"turns":5},{"damage":0,"enemies":"2 Louse","floor":2,"turns":2},{"damage":3,"enemies":"Cultist","floor":3,"turns":4},{"damage":1,"enemies":"Blue Slaver","floor":5,"turns":3},{"damage":20,"enemies":"Gremlin Nob","floor":6,"turns":3},{"damage":3,"enemies":"Red Slaver","floor":10,"turns":4},{"damage":8,"enemies":"3 Sentries","floor":11,"turns":9},{"damage":8,"enemies":"Lagavulin","floor":14,"turns":5},{"damage":28,"enemies":"The Guardian","floor":16,"turns":13},{"damage":0,"enemies":"Shell Parasite","floor":18,"turns":5},{"damage":0,"enemies":"Spheric Guardian","floor":19,"turns":1},{"damage":24,"enemies":"Snake Plant","floor":22,"turns":5},{"damage":14,"enemies":"Centurion and Healer","floor":24,"turns":6},{"damage":21,"enemies":"Book of Stabbing","floor":25,"turns":4},{"damage":6,"enemies":"Shelled Parasite and Fungi","floor":27,"turns":4},{"damage":12,"enemies":"Slavers","floor":28,"turns":1}],"seed_played":"3122128028591965626","potions_obtained":[{"floor":3,"key":"EntropicBrew"},{"floor":10,"key":"BlessingOfTheForge"},{"floor":16,"key":"FearPotion"},{"floor":17,"key":"StancePotion"}],"is_trial":false,"path_per_floor":["M","M","M","?","M","E","R","?","T","M","E","$","R","E","R","B",null,"M","M","$","?","M","R","M","E","T","M","E"],"character_chosen":"WATCHER","items_purchased":["WindmillStrike","WaveOfTheHand","CutThroughFate"],"campfire_rested":1,"item_purchase_floors":[12,20,20],"current_hp_per_floor":[60,60,57,37,36,16,36,29,29,26,28,28,28,20,20,31,71,71,71,71,71,47,47,33,12,12,6,0,0],"gold":158,"neow_bonus":"BOSS_RELIC","is_daily":false,"chose_seed":false,"campfire_upgraded":3,"win_rate":0.0,"timestamp":1608966227,"path_taken":["M","M","M","?","M","E","R","?","T","M","E","$","R","E","R","BOSS","M","M","$","?","?","R","M","E","T","M","E"],"items_purchased_type":["Card","Card","Card"],"build_version":"2020-12-22","purchased_purges":2,"victory":false,"max_hp_per_floor":[68,68,68,68,68,68,68,68,68,68,78,78,78,78,78,78,83,83,83,83,83,83,83,83,83,83,83,83,83],"relic_stats":{"Lizard Tail":39,"Happy Flower":[19],"counters":[16,74],"obtain_stats":[{"Lizard Tail":14,"Bottled Flame":26,"Pear":11,"Tiny House":17,"Happy Flower":9,"Velvet Choker":0,"PureWater":0,"Toy Ornithopter":6,"Unceasing Top":25,"WarpedTongs":21},{"Lizard Tail":8,"Bottled Flame":14,"Pear":7,"Tiny House":9,"Happy Flower":5,"Velvet Choker":0,"PureWater":0,"Toy Ornithopter":5,"Unceasing Top":14,"WarpedTongs":11},{"Lizard Tail":35,"Bottled Flame":69,"Pear":30,"Tiny House":48,"Happy Flower":17,"Velvet Choker":0,"PureWater":0,"Toy Ornithopter":17,"Unceasing Top":69,"WarpedTongs":54}],"Toy Ornithopter":0,"Unceasing Top":[0],"WarpedTongs":[20]},"card_choices":[{"not_picked":["LikeWater","Indignation"],"picked":"EmptyFist","floor":1},{"not_picked":["Weave","JustLucky"],"picked":"EmptyBody","floor":2},{"not_picked":["EmptyFist","Study","Pray"],"picked":"SKIP","floor":3},{"not_picked":["Halt","Prostrate"],"picked":"Protect","floor":5},{"not_picked":["LikeWater","FlyingSleeves"],"picked":"ThirdEye","floor":6},{"not_picked":["Protect","ClearTheMind"],"picked":"SashWhip","floor":10},{"not_picked":["EmptyBody","SashWhip"],"picked":"InnerPeace","floor":11},{"not_picked":["ClearTheMind","ForeignInfluence"],"picked":"Judgement","floor":14},{"not_picked":["Devotion","MasterReality"],"picked":"Blasphemy","floor":16},{"not_picked":["Study","Halt"],"picked":"DeceiveReality","floor":17},{"not_picked":["Crescendo","Collect","FlyingSleeves"],"picked":"SKIP","floor":18},{"not_picked":["Collect","Evaluate","Halt"],"picked":"SKIP","floor":19},{"not_picked":["JustLucky","ClearTheMind","Sanctity+1"],"picked":"SKIP","floor":22},{"not_picked":["ClearTheMind","Protect+1","Halt"],"picked":"SKIP","floor":24},{"not_picked":["SandsOfTime","DevaForm","EmptyBody"],"picked":"SKIP","floor":25},{"not_picked":["FollowUp","SandsOfTime","CrushJoints"],"picked":"SKIP","floor":27}],"player_experience":277688,"relics_obtained":[{"floor":6,"key":"Toy Ornithopter"},{"floor":9,"key":"Happy Flower"},{"floor":11,"key":"Pear"},{"floor":14,"key":"Lizard Tail"},{"floor":25,"key":"Unceasing Top"},{"floor":26,"key":"Bottled Flame"}],"event_choices":[{"damage_healed":0,"gold_gain":0,"player_choice":"Entered Light","damage_taken":20,"max_hp_gain":0,"max_hp_loss":0,"event_name":"Shining Light","floor":4,"gold_loss":0,"cards_upgraded":["Strike_P","Strike_P"]},{"cards_removed":["Defend_P"],"damage_healed":0,"gold_gain":0,"player_choice":"Card Removal","damage_taken":7,"max_hp_gain":0,"max_hp_loss":0,"event_name":"Golden Wing","floor":8,"gold_loss":0},{"damage_healed":0,"gold_gain":0,"player_choice":"Rummage","damage_taken":0,"relics_obtained":["WarpedTongs"],"max_hp_gain":0,"max_hp_loss":0,"event_name":"Accursed Blacksmith","floor":21,"gold_loss":0,"cards_obtained":["Pain"]}],"is_beta":false,"boss_relics":[{"not_picked":["SlaversCollar","Philosopher\u0027s Stone"],"picked":"Tiny House"}],"items_purged_floors":[12,20],"is_endless":false,"potions_floor_spawned":[3,10,16,19,24],"killed_by":"Slavers","ascension_level":16}}