{"host":"cz3p2o9n3b1gdmkz","time":1608988223,"event":{"mods":["AchievementEnabler","BaseMod","CapriCore","GungeonMod","Hermit","Lobotomy","Minty Spire (QoL Compilation)","Replay The Spire","Shop Mod","StSLib","SuperFastMode","The Cursed","The Dragon Tamer","The Gatherer","The Jungle","The Poker Player","The Runesmith"],"gold_per_floor":[116,116,132,132,132,132,132,166,166,179,200,200,225,71,71,196,196,215,215,60,60,78,78,96,111,111,131,131,152,152,128,128,257,257,275,294,294,314,329,372,372,372,372,372,418,418,10,10,10,30,30,30,30],"floor_reached":54,"playtime":2561,"items_purged":["Gatherer:Strike_Gatherer","Gatherer:Defend_Gatherer"],"score":1006,"play_id":"e5b946d6-421f-41c1-8afe-8790842f24e1","local_time":"20201226221023","is_ascension_mode":true,"metric_token":1117,"campfire_choices":[{"data":"Gatherer:FlowerWhip+1","floor":7,"key":"SMITH"},{"data":"Gatherer:Centralize","floor":12,"key":"SMITH"},{"data":"Gatherer:FlowerPower","floor":15,"key":"SMITH"},{"data":"Gatherer:FlowerPower+1","floor":23,"key":"SMITH"},{"data":"Gatherer:FlowerFalling","floor":28,"key":"SMITH"},{"data":"Gatherer:FlowerShield","floor":32,"key":"SMITH"},{"floor":41,"key":"REST"},{"data":"Gatherer:FlowerShield+1","floor":46,"key":"SMITH"},{"data":"Gatherer:FlowerShield","floor":49,"key":"SMITH"},{"data":"Gatherer:FlowerShield+1","floor":51,"key":"SMITH"}],"circlet_count":0,"master_deck":["Gatherer:Strike_Gatherer","Gatherer:Strike_Gatherer","Gatherer:Strike_Gatherer","Gatherer:Defend_Gatherer","Gatherer:Defend_Gatherer","Gatherer:Defend_Gatherer","Gatherer:Centralize+1","Gatherer:FlowerWhip+2","Gatherer:Pollute","Gatherer:FlowerPower+2","Gatherer:FlowerBeam","Gatherer:BlackTea","Gatherer:FlowerWhip+2","Gatherer:CarefulStrike+1","Gatherer:FlowerFalling+1","Gatherer:Photoscythe","Gatherer:FlowerShield+2","Gatherer:FlowerShield+2","Gatherer:FlamingBottle","Gatherer:Snatch+1","Gatherer:ScrollOfWall","Gatherer:ScherryThrow+1","Gatherer:Convert"],"relics":["Gatherer:AlchemyBag","Golden Idol","Replay:Bottled Steam","MealTicket","Ring of Chaos","Nilry\u0027s Codex","DollysMirror","Singing Bowl","Gatherer:ExplorersPath","Bag of Preparation","Snack Pack","Replay:Rubber Ducky","DemoMod:RingOfEthereal","Lantern"],"acts_visited":["Exordium","TheCity","TheBeyond"],"potions_floor_usage":[8,11,16,25,25,33,40,52,52],"damage_taken":[{"damage":3,"enemies":"Small Slimes","floor":1,"turns":3},{"damage":4,"enemies":"Jaw Worm","floor":3,"turns":4},{"damage":10,"enemies":"Gremlin Nob","floor":8,"turns":4},{"damage":0,"enemies":"Cultist","floor":10,"turns":2},{"damage":0,"enemies":"Looter","floor":11,"turns":2},{"damage":0,"enemies":"2 Fungi Beasts","floor":13,"turns":3},{"damage":2,"enemies":"The Guardian","floor":16,"turns":11},{"damage":0,"enemies":"3 Byrds","floor":18,"turns":4},{"damage":0,"enemies":"Chosen","floor":22,"turns":3},{"damage":0,"enemies":"Centurion and Healer","floor":24,"turns":4},{"damage":0,"enemies":"Shelled Parasite and Fungi","floor":25,"turns":2},{"damage":10,"enemies":"Sentry and Sphere","floor":27,"turns":4},{"damage":5,"enemies":"Snake Plant","floor":29,"turns":3},{"damage":36,"enemies":"Collector","floor":33,"turns":7},{"damage":0,"enemies":"Orb Walker","floor":35,"turns":3},{"damage":0,"enemies":"3 Darklings","floor":36,"turns":3},{"damage":0,"enemies":"Spire Growth","floor":38,"turns":3},{"damage":25,"enemies":"Sphere and 2 Shapes","floor":39,"turns":4},{"damage":15,"enemies":"Reptomancer","floor":40,"turns":3},{"damage":0,"enemies":"Writhing Mass","floor":50,"turns":4},{"damage":15,"enemies":"Awakened One","floor":52,"turns":7}],"seed_played":"-8288336482988617156","potions_obtained":[{"floor":3,"key":"Languid Potion"},{"floor":8,"key":"Fire Potion"},{"floor":11,"key":"PowerPotion"},{"floor":16,"key":"Adrenaline Potion"},{"floor":24,"key":"Fire Potion"},{"floor":25,"key":"Strength Potion"},{"floor":29,"key":"Strength Potion"},{"floor":35,"key":"SkillPotion"},{"floor":40,"key":"Explosive Potion"}],"is_trial":false,"path_per_floor":["M","?","M","?","?","?","R","E","T","M","M","R","M","$","R","B",null,"M","?","$","?","M","R","M","M","T","M","R","M","?","$","R","B",null,"M","M","?","M","M","E","R","?","PTL","PTL","T","R","$","?","R","M","R","B",null,null],"character_chosen":"THE_GATHERER","items_purchased":["Gatherer:FlowerBeam","DollysMirror","Gatherer:FlowerShield","DemoMod:RingOfEthereal","Lantern"],"campfire_rested":1,"item_purchase_floors":[14,20,31,47,47],"current_hp_per_floor":[62,55,51,51,51,33,33,23,23,23,23,23,23,38,38,36,63,63,47,62,62,62,62,62,62,62,52,52,49,49,64,64,28,63,63,67,67,69,44,33,55,55,55,55,55,55,70,70,70,74,74,69,69],"gold":30,"neow_bonus":"UPGRADE_CARD","is_daily":false,"chose_seed":false,"campfire_upgraded":9,"win_rate":0.0,"timestamp":1608988223,"path_taken":["M","?","M","?","?","?","R","E","T","?","M","R","M","?","R","BOSS","M","?","$","?","M","R","M","M","T","?","R","M","?","?","R","BOSS","M","M","?","?","M","E","R","?","PTL","PTL","T","R","$","?","R","M","R","BOSS"],"items_purchased_type":["Card","Relic","Card","Relic","Card"],"build_version":"2020-12-22","purchased_purges":2,"victory":true,"max_hp_per_floor":[72,72,72,72,72,72,72,72,72,72,72,72,72,72,72,72,72,72,72,72,72,72,72,72,72,72,72,72,74,74,74,74,74,74,74,74,74,76,76,76,76,76,76,76,76,76,76,76,76,76,76,76,76],"card_choices":[{"not_picked":["Gatherer:FragileHammer","Gatherer:TreeGrowth","Gatherer:Enchant"],"picked":"SKIP","floor":1},{"not_picked":["Gatherer:SaveValuables","Gatherer:EchoOfNature"],"picked":"Gatherer:Pollute","floor":3},{"not_picked":["Gatherer:SealedBomb","Gatherer:Snatch","Gatherer:FeelingFine"],"picked":"SKIP","floor":8},{"not_picked":["Gatherer:WitheringStrike","Gatherer:QuickSynthesis"],"picked":"Gatherer:FlowerPower","floor":10},{"not_picked":["Gatherer:ScherryThrow","Gatherer:CollectorsShot","Gatherer:StoneFence"],"picked":"SKIP","floor":11},{"not_picked":["Gatherer:Misfortune","Gatherer:SaveValuables","Gatherer:WoolGloves"],"picked":"SKIP","floor":13},{"not_picked":["Gatherer:HeartToFruit","Gatherer:CursedBlade"],"picked":"Gatherer:BlackTea","floor":16},{"not_picked":["Gatherer:FlowerBeam+1","Gatherer:FeelingFine","Gatherer:ScherryThrow"],"picked":"SKIP","floor":18},{"not_picked":["Gatherer:GatherMaterial","Gatherer:OddSpoils"],"picked":"Gatherer:ScherryThrow+1","floor":22},{"not_picked":["Gatherer:FlowerFalling","Gatherer:BigPouch"],"picked":"Gatherer:CarefulStrike+1","floor":24},{"not_picked":["Gatherer:PotentialSlash","Gatherer:WoolGloves"],"picked":"Gatherer:FlowerFalling","floor":25},{"not_picked":["Gatherer:Duplicator","Gatherer:Enchant"],"picked":"Gatherer:Photoscythe","floor":27},{"not_picked":["Gatherer:Convert+1","Gatherer:CollectorsShot","Gatherer:QuickSynthesis"],"picked":"Singing Bowl","floor":29},{"not_picked":["Gatherer:CursedBlade","Gatherer:PoisonMastery"],"picked":"Gatherer:FlamingBottle","floor":33},{"not_picked":["Gatherer:PotentialSlash","Gatherer:QuickSynthesis+1"],"picked":"Gatherer:Snatch+1","floor":35},{"not_picked":["Gatherer:AlchemyTrial+1","Gatherer:Solidify+1"],"picked":"Gatherer:AromaProtection+1","floor":36},{"not_picked":["Gatherer:TreeGrowth","Gatherer:Herbalism+1","Gatherer:WoolGloves"],"picked":"Singing Bowl","floor":38},{"not_picked":["Gatherer:Snatch","Gatherer:EnergyBasket+1"],"picked":"Gatherer:ScrollOfWall","floor":39},{"not_picked":["Gatherer:QuickSynthesis+1","Gatherer:EnergyBasket+1"],"picked":"Gatherer:ScherryThrow+1","floor":40},{"not_picked":["Gatherer:Uplift","Gatherer:FlowerPower"],"picked":"Gatherer:Convert","floor":50}],"player_experience":1031132,"relics_obtained":[{"floor":8,"key":"Replay:Bottled Steam"},{"floor":9,"key":"MealTicket"},{"floor":19,"key":"Nilry\u0027s Codex"},{"floor":26,"key":"Singing Bowl"},{"floor":40,"key":"Snack Pack"},{"floor":45,"key":"Replay:Rubber Ducky"}],"event_choices":[{"cards_removed":["Gatherer:Strike_Gatherer"],"damage_healed":0,"gold_gain":0,"player_choice":"Card Removal","damage_taken":7,"max_hp_gain":0,"max_hp_loss":0,"event_name":"Golden Wing","floor":2,"gold_loss":0},{"damage_healed":0,"gold_gain":0,"player_choice":"Ignored","damage_taken":0,"max_hp_gain":0,"max_hp_loss":0,"event_name":"Liars Game","floor":4,"gold_loss":0},{"damage_healed":0,"gold_gain":0,"player_choice":"Take Damage","damage_taken":18,"relics_obtained":["Golden Idol"],"max_hp_gain":0,"max_hp_loss":0,"event_name":"Golden Idol","floor":6,"gold_loss":0},{"damage_healed":0,"gold_gain":0,"player_choice":"Obtained Book","damage_taken":16,"max_hp_gain":0,"max_hp_loss":0,"event_name":"Cursed Tome","floor":19,"gold_loss":0},{"damage_healed":0,"gold_gain":0,"player_choice":"Ignored","damage_taken":0,"max_hp_gain":0,"max_hp_loss":0,"event_name":"Ghosts","floor":21,"gold_loss":0},{"damage_healed":0,"gold_gain":0,"player_choice":"Read","damage_taken":0,"max_hp_gain":0,"max_hp_loss":0,"event_name":"The Library","floor":30,"gold_loss":0,"cards_obtained":["Gatherer:FlowerShield"]},{"cards_removed":["Gatherer:AromaProtection"],"damage_healed":0,"gold_gain":0,"player_choice":"Gave Card","damage_taken":0,"relics_obtained":["Bag of Preparation"],"max_hp_gain":0,"max_hp_loss":0,"event_name":"WeMeetAgain","floor":37,"gold_loss":0},{"cards_removed":["Gatherer:ScherryThrow"],"damage_healed":0,"gold_gain":0,"player_choice":"Removed Attack","damage_taken":0,"max_hp_gain":0,"max_hp_loss":0,"event_name":"Falling","floor":42,"gold_loss":0},{"damage_healed":0,"gold_gain":0,"player_choice":"Ignored","damage_taken":0,"max_hp_gain":0,"max_hp_loss":0,"event_name":"SecretPortal","floor":48,"gold_loss":0}],"is_beta":false,"boss_relics":[{"not_picked":["Replay:Fungal Core","SlaversCollar"],"picked":"Ring of Chaos"},{"not_picked":["Tiny House","Snecko Eye"],"picked":"Gatherer:ExplorersPath"}],"items_purged_floors":[14,47],"is_endless":false,"potions_floor_spawned":[3,8,11,16,24,25,29,35,40],"ascension_level":9}}