{"host":"4ql3fbq4ff03iluc","time":1608950533,"event":{"mods":["BaseMod","Minty Spire (QoL Compilation)","Rare Cards Sparkle","StSLib"],"gold_per_floor":[217,28,47,64,84,84,98,128,128,128,128,146,146,146,146,245,245,263,281,293,293,293,293,318,318,318,351,364,364,264,282,282,386,386,399,410,460,460,20,20,53,53,53,82,82,82,94,94,94,94],"floor_reached":51,"playtime":1573,"items_purged":["Strike_R","Decay"],"score":1227,"play_id":"c2d23084-17cc-4c83-9ccc-40a8635ac4d2","local_time":"20201225184213","is_ascension_mode":true,"campfire_choices":[{"data":"Immolate","floor":6,"key":"SMITH"},{"data":"Inflame","floor":11,"key":"SMITH"},{"data":"Shockwave","floor":13,"key":"SMITH"},{"data":"Offering","floor":15,"key":"SMITH"},{"data":"Double Tap","floor":23,"key":"SMITH"},{"floor":25,"key":"REST"},{"data":"Bash","floor":32,"key":"SMITH"},{"data":"Limit Break","floor":40,"key":"SMITH"},{"data":"Spot Weakness","floor":42,"key":"SMITH"},{"data":"Whirlwind","floor":45,"key":"SMITH"},{"floor":49,"key":"REST"}],"circlet_count":0,"master_deck":["AscendersBane","Strike_R","Strike_R","Strike_R","Strike_R","Defend_R","Defend_R","Defend_R","Bash+1","Pommel Strike+1","Inflame+1","Pummel+1","Heavy Blade+1","Immolate+1","Shockwave+1","Offering+1","Double Tap+1","Ghostly Armor","Spot Weakness+1","Necronomicurse","Limit Break+1","Intimidate","Whirlwind+1","Pain"],"relics":["Burning Blood","Mango","Gremlin Horn","Cursed Key","Calipers","StrikeDummy","Mummified Hand","Whetstone","Red Mask","Necronomicon","Empty Cage","Ginger","Chemical X","HornCleat","Strawberry","Blue Candle","Dream Catcher"],"acts_visited":["Exordium","TheCity","TheBeyond"],"potions_floor_usage":[24,33,37,50],"damage_taken":[{"damage":14,"enemies":"Jaw Worm","floor":1,"turns":5},{"damage":1,"enemies":"2 Louse","floor":3,"turns":4},{"damage":1,"enemies":"Cultist","floor":4,"turns":3},{"damage":0,"enemies":"Large Slime","floor":5,"turns":3},{"damage":11,"enemies":"Looter","floor":7,"turns":2},{"damage":24,"enemies":"Gremlin Nob","floor":8,"turns":4},{"damage":0,"enemies":"3 Louse","floor":12,"turns":1},{"damage":8,"enemies":"Slime Boss","floor":16,"turns":5},{"damage":15,"enemies":"Shell Parasite","floor":18,"turns":2},{"damage":7,"enemies":"3 Byrds","floor":19,"turns":2},{"damage":15,"enemies":"Centurion and Healer","floor":20,"turns":4},{"damage":53,"enemies":"Slavers","floor":24,"turns":4},{"damage":6,"enemies":"Masked Bandits","floor":27,"turns":1},{"damage":6,"enemies":"Snecko","floor":28,"turns":2},{"damage":0,"enemies":"Chosen and Byrds","floor":31,"turns":3},{"damage":23,"enemies":"Automaton","floor":33,"turns":5},{"damage":6,"enemies":"3 Shapes","floor":35,"turns":2},{"damage":6,"enemies":"3 Darklings","floor":36,"turns":1},{"damage":41,"enemies":"2 Orb Walkers","floor":37,"turns":3},{"damage":42,"enemies":"Nemesis","floor":41,"turns":5},{"damage":11,"enemies":"Giant Head","floor":44,"turns":4},{"damage":10,"enemies":"Spire Growth","floor":47,"turns":2},{"damage":55,"enemies":"Time Eater","floor":50,"turns":6}],"seed_played":"-5103172589414063536","potions_obtained":[{"floor":4,"key":"SkillPotion"},{"floor":8,"key":"PowerPotion"},{"floor":27,"key":"AttackPotion"},{"floor":33,"key":"Fire Potion"},{"floor":47,"key":"HeartOfIron"}],"is_trial":false,"path_per_floor":["M","$","M","M","M","R","M","E","T","?","R","M","R","?","R","B",null,"M","M","M","T","?","R","E","R","T","?","M","?","$","M","R","B",null,"M","M","?","?","$","R","E","R","T","E","R","$","M","?","R","B",null],"character_chosen":"IRONCLAD","items_purchased":["Inflame","Pummel","Whirlwind","Chemical X","HornCleat"],"campfire_rested":2,"item_purchase_floors":[2,2,39,39,39],"current_hp_per_floor":[64,64,69,74,80,80,75,71,71,71,71,77,77,77,77,75,89,80,79,70,70,70,70,23,51,51,51,51,35,35,41,41,24,74,74,74,39,80,80,80,51,51,51,46,46,46,42,42,66,17],"gold":94,"neow_bonus":"HUNDRED_GOLD","is_daily":false,"chose_seed":false,"campfire_upgraded":9,"win_rate":0.0,"timestamp":1608950533,"path_taken":["M","$","M","M","M","R","M","E","T","?","R","M","R","?","R","BOSS","M","M","M","?","?","R","E","R","T","?","M","?","$","M","R","BOSS","M","M","?","?","$","R","E","R","T","E","R","$","M","?","R","BOSS"],"items_purchased_type":["Card","Card","Card","Relic","Relic"],"build_version":"2020-12-22","purchased_purges":2,"victory":true,"max_hp_per_floor":[80,80,80,80,80,80,80,94,94,94,94,94,94,94,94,94,94,94,94,94,94,94,94,94,94,94,94,94,94,94,94,94,94,91,91,91,91,80,80,80,87,87,87,87,87,87,87,83,83,83],"card_choices":[{"not_picked":["Havoc","Sentinel"],"picked":"Pommel Strike","floor":1},{"not_picked":["Reckless Charge","True Grit"],"picked":"Heavy Blade","floor":3},{"not_picked":["Rampage","Thunderclap","Heavy Blade"],"picked":"SKIP","floor":4},{"not_picked":["Flex","Twin Strike"],"picked":"Immolate","floor":5},{"not_picked":["Body Slam","Heavy Blade","Dark Embrace"],"picked":"SKIP","floor":7},{"not_picked":["Ghostly Armor","True Grit"],"picked":"Shockwave","floor":8},{"not_picked":["Havoc","Pommel Strike","Metallicize"],"picked":"SKIP","floor":12},{"not_picked":["Havoc","Pommel Strike","Metallicize"],"picked":"SKIP","floor":12},{"not_picked":["Berserk","Bludgeon"],"picked":"Double Tap","floor":16},{"not_picked":["Body Slam","Sever Soul"],"picked":"Ghostly Armor","floor":18},{"not_picked":["Sever Soul","Pommel Strike","Clothesline"],"picked":"SKIP","floor":19},{"not_picked":["Wild Strike","Headbutt","Iron Wave"],"picked":"SKIP","floor":20},{"not_picked":["Perfected Strike","Headbutt","Rampage"],"picked":"SKIP","floor":24},{"not_picked":["Sentinel","Clothesline"],"picked":"Spot Weakness","floor":27},{"not_picked":["Pommel Strike","Warcry","Body Slam"],"picked":"SKIP","floor":28},{"not_picked":["Evolve","Headbutt","Clash"],"picked":"SKIP","floor":31},{"not_picked":["Immolate","Exhume"],"picked":"Limit Break","floor":33},{"not_picked":["Twin Strike","Flame Barrier+1"],"picked":"Intimidate","floor":35},{"not_picked":["Iron Wave+1","Armaments","Sword Boomerang"],"picked":"SKIP","floor":36},{"not_picked":["Twin Strike","Cleave","Blood for Blood"],"picked":"SKIP","floor":41},{"not_picked":["Perfected Strike+1","Flame Barrier","Thunderclap+1"],"picked":"SKIP","floor":44},{"not_picked":["Sword Boomerang","Body Slam","Flame Barrier"],"picked":"SKIP","floor":47}],"player_experience":621082,"relics_obtained":[{"floor":8,"key":"Mango"},{"floor":9,"key":"Gremlin Horn"},{"floor":21,"key":"Calipers"},{"floor":24,"key":"Mummified Hand"},{"floor":26,"key":"Whetstone"},{"floor":27,"key":"Red Mask"},{"floor":29,"key":"Necronomicon"},{"floor":37,"key":"Ginger"},{"floor":41,"key":"Strawberry"},{"floor":43,"key":"Blue Candle"},{"floor":44,"key":"Dream Catcher"}],"event_choices":[{"damage_healed":0,"gold_gain":0,"player_choice":"Grow","damage_taken":0,"max_hp_gain":0,"max_hp_loss":0,"event_name":"Living Wall","floor":10,"gold_loss":0,"cards_upgraded":["Heavy Blade"]},{"damage_healed":0,"gold_gain":0,"player_choice":"1 cards matched","damage_taken":0,"max_hp_gain":0,"max_hp_loss":0,"event_name":"Match and Keep!","floor":14,"gold_loss":0,"cards_obtained":["Offering"]},{"damage_healed":0,"gold_gain":0,"player_choice":"Opened","damage_taken":0,"relics_obtained":["StrikeDummy"],"max_hp_gain":0,"max_hp_loss":0,"event_name":"The Mausoleum","floor":22,"gold_loss":0},{"damage_healed":0,"gold_gain":0,"player_choice":"Fought Bandits","damage_taken":0,"max_hp_gain":0,"max_hp_loss":0,"event_name":"Masked Bandits","floor":27,"gold_loss":0},{"damage_healed":0,"gold_gain":0,"player_choice":"Obtained Book","damage_taken":16,"max_hp_gain":0,"max_hp_loss":0,"event_name":"Cursed Tome","floor":29,"gold_loss":0},{"damage_healed":0,"gold_gain":0,"player_choice":"Fight","damage_taken":0,"max_hp_gain":0,"max_hp_loss":0,"event_name":"Mysterious Sphere","floor":37,"gold_loss":0},{"damage_healed":80,"gold_gain":0,"player_choice":"Heal","damage_taken":0,"max_hp_gain":0,"max_hp_loss":11,"event_name":"The Moai Head","floor":38,"gold_loss":0},{"damage_healed":0,"gold_gain":0,"player_choice":"Max HP","damage_taken":0,"max_hp_gain":0,"max_hp_loss":4,"event_name":"Winding Halls","floor":48,"gold_loss":0}],"is_beta":false,"boss_relics":[{"not_picked":["Runic Cube","Ectoplasm"],"picked":"Cursed Key"},{"not_picked":["Runic Pyramid","Coffee Dripper"],"picked":"Empty Cage"}],"items_purged_floors":[2,30],"is_endless":false,"potions_floor_spawned":[4,8,12,19,27,31,33,35,47],"ascension_level":12}}