{"host":"wkcoec525dnrk4jw","time":1608956987,"event":{"mods":["BaseMod","Conspire","Minty Spire (QoL Compilation)","Quick Restart","Replay The Spire","Shop Mod","StSLib","TestMod","The Bug Knight","The Cursed","[IsaacMod]ÒÔÈö¼âËþ"],"gold_per_floor":[116,116,39,39,59,91,91,118,144,172,192,48,48,78,78,179,179,193,193,193,15,31,60,60,95,95,95,113,113,113,145,174,271,271,287,287,299,62,76,104,0,27,27,38,62,62,77,88,88,88,88],"floor_reached":50,"playtime":2070,"items_purged":[],"score":1049,"play_id":"9e2e632d-352f-4f7a-8e30-be27105aaa4d","local_time":"20201226122947","is_ascension_mode":true,"campfire_choices":[{"floor":7.0,"key":"REST"},{"floor":15.0,"key":"REST"},{"data":"Hyperbeam","floor":24,"key":"SMITH"},{"data":"1","floor":27,"key":"LIFT"},{"data":"Buffer","floor":29,"key":"SMITH"},{"floor":46,"key":"REST"},{"floor":49,"key":"REST"}],"circlet_count":0,"master_deck":["Strike_B+1","Strike_B+1","Strike_B+1","Strike_B+1","Defend_B+1","Defend_B+1","Defend_B+1","Defend_B+1","Zap","Dualcast","EpicFetus+1","Hyperbeam+1","Defragment","Fission","Stack","Meteor Strike","Buffer+1","Melter","White Noise+1","Tempest+1","Leap","Reprogram","ReplayTheSpireMod:Dual Polarity","Doom and Gloom","Time Bomb","Good Instincts","Tempest+1","Conserve Battery+1","Loop","Loop","Leap","Sunder","Glacier+1","Leap","Defragment","Fusion","Conserve Battery"],"relics":["Cracked Core","HushsDoor","testmod-TestBox","testmod-Hope","PokeGo","testmod-LifeArmor","Omamori","conspire:DecoderRing","DataDisk","Dream Catcher","conspire:TopHat","testmod-CardMagician","MyShadow","Bag of Marbles","Frozen Eye","SharpPlug","Potion Belt","Girya","HornCleat","Snecko Eye","Prayer Wheel","testmod-Charity","Replay:Rubber Ducky","conspire:Flyswatter","UnicornStump","MoneyPower"],"acts_visited":["Exordium","TheCity","TheBeyond"],"potions_floor_usage":[33,33,33,33,33,50,50,50,50],"damage_taken":[{"damage":14.0,"enemies":"2 Louse","floor":1.0,"turns":3.0},{"damage":0.0,"enemies":"Small Slimes","floor":5.0,"turns":2.0},{"damage":20.0,"enemies":"Lagavulin","floor":6.0,"turns":5.0},{"damage":10.0,"enemies":"3 Sentries","floor":8.0,"turns":3.0},{"damage":20.0,"enemies":"Lagavulin","floor":10.0,"turns":6.0},{"damage":2.0,"enemies":"Jaw Worm","floor":11.0,"turns":4.0},{"damage":0.0,"enemies":"Slime Boss","floor":16.0,"turns":5.0},{"damage":7.0,"enemies":"Shell Parasite","floor":18.0,"turns":3.0},{"damage":11,"enemies":"Spheric Guardian","floor":22,"turns":4},{"damage":0,"enemies":"HollowMod:Nosk","floor":23,"turns":2},{"damage":0,"enemies":"Slavers","floor":25,"turns":2},{"damage":8,"enemies":"Snake Plant","floor":28,"turns":2},{"damage":20,"enemies":"Book of Stabbing","floor":31,"turns":4},{"damage":0,"enemies":"Collector","floor":33,"turns":7},{"damage":0,"enemies":"Orb Walker","floor":35,"turns":3},{"damage":0,"enemies":"3 Shapes","floor":37,"turns":1},{"damage":13,"enemies":"Spire Growth","floor":39,"turns":2},{"damage":0,"enemies":"R_Hoarder","floor":40,"turns":5},{"damage":25,"enemies":"Reptomancer","floor":42,"turns":4},{"damage":0,"enemies":"Jaw Worm Horde","floor":44,"turns":2},{"damage":3,"enemies":"R_Hoarder","floor":45,"turns":6},{"damage":22,"enemies":"Writhing Mass","floor":47,"turns":3},{"damage":0,"enemies":"4 Shapes","floor":48,"turns":1},{"damage":28,"enemies":"Donu and Deca","floor":50,"turns":4}],"seed_played":"-2572289624690652386","potions_obtained":[{"floor":6.0,"key":"FocusPotion"},{"floor":11.0,"key":"BlessingOfTheForge"},{"floor":16.0,"key":"Cursed Concoction"},{"floor":18.0,"key":"Venom Potion"},{"floor":31,"key":"SteroidPotion"},{"floor":32,"key":"Cursed Concoction"},{"floor":35,"key":"Elixir"},{"floor":40,"key":"Adrenaline Potion"},{"floor":42,"key":"BlessingOfTheForge"},{"floor":48,"key":"Strength Potion"}],"is_trial":false,"path_per_floor":["M","?","$","?","M","E","R","E","T","E","M","$","?","?","R","B",null,"M","?","?","$","M","E","R","E","T","R","M","R","?","E","R","B",null,"M","?","M","$","M","E","$","E","T","M","E","R","M","M","R","B"],"character_chosen":"DEFECT","items_purchased":["Hyperbeam","Meteor Strike","MyShadow","Frozen Eye","Melter","testmod-Charity","Good Instincts","Loop","Leap"],"campfire_rested":4,"item_purchase_floors":[3,12,17,21,21,38,38,41,41],"current_hp_per_floor":[61,54,54,54,54,34,56,46,46,26,24,24,9,9,31,31,55,48,48,48,48,37,63,63,63,63,63,55,55,55,35,10,10,50,50,50,50,50,38,39,39,15,15,16,16,37,16,17,38,0,0],"gold":88,"neow_bonus":"RANDOM_COMMON_RELIC","is_daily":false,"chose_seed":false,"campfire_upgraded":2,"win_rate":0.0,"timestamp":1608956987,"path_taken":["M","?","$","?","M","E","R","E","T","E","M","$","?","?","R","BOSS","M","?","?","$","M","E","R","E","T","R","M","R","?","E","R","BOSS","M","?","?","$","M","E","$","E","T","M","E","R","M","M","R","BOSS"],"items_purchased_type":["Card","Card","Relic","Relic","Card","Relic","Card","Card","Card"],"build_version":"2020-12-22","purchased_purges":0,"victory":false,"max_hp_per_floor":[75,75,75,75,75,75,75,75,75,75,75,75,75,75,75,75,63,63,63,63,63,63,63,63,63,63,63,63,63,63,63,63,63,63,63,63,63,63,64,65,65,66,66,67,70,70,71,72,72,72,72],"card_choices":[{"not_picked":[],"picked":"EpicFetus","floor":0.0},{"not_picked":["Stack","ReplayTheSpireMod:GoodbyeWorld","Heatsinks"],"picked":"SKIP","floor":1.0},{"not_picked":["Recycle","Crystallizer"],"picked":"Defragment","floor":5.0},{"not_picked":["Redo","Ball Lightning"],"picked":"Fission","floor":6.0},{"not_picked":["Hologram","Scrape","Streamline"],"picked":"SKIP","floor":8.0},{"not_picked":["conspire:SharedLibrary","ReplayTheSpireMod:Repulse","Heatsinks"],"picked":"SKIP","floor":10.0},{"not_picked":["Conserve Battery","Rebound"],"picked":"Stack","floor":11.0},{"not_picked":["Fission","Rainbow"],"picked":"Buffer","floor":16.0},{"not_picked":["Barrage+1","Compile Driver","Beam Cell"],"picked":"SKIP","floor":18.0},{"not_picked":["ReplayTheSpireMod:Reroute Power","Coolheaded"],"picked":"White Noise+1","floor":22},{"not_picked":["Steam","Crystallizer+1"],"picked":"Tempest+1","floor":23},{"not_picked":["Pulse","Rainbow"],"picked":"Leap","floor":25},{"not_picked":["Rip and Tear","Beam Cell","Cold Snap"],"picked":"SKIP","floor":28},{"not_picked":["Heatsinks+1","Barrage"],"picked":"Reprogram","floor":31},{"not_picked":["Core Surge","Biased Cognition"],"picked":"ReplayTheSpireMod:Fabricate Wheel","floor":33},{"not_picked":["BasicCrystalCard+1","Gash"],"picked":"ReplayTheSpireMod:Dual Polarity","floor":35},{"not_picked":["Rebound+1","Beam Cell"],"picked":"Doom and Gloom","floor":35},{"not_picked":["Gash+1","conspire:SharedLibrary+1"],"picked":"Time Bomb","floor":37},{"not_picked":["Cold Snap+1","Panic Button+1","Stack"],"picked":"SKIP","floor":37},{"not_picked":["Force Field","Steam+1"],"picked":"Tempest+1","floor":39},{"not_picked":["Streamline","Panic Button","ReplayTheSpireMod:GoodbyeWorld+1"],"picked":"SKIP","floor":39},{"not_picked":["Reboot","FTL+1"],"picked":"Conserve Battery+1","floor":40},{"not_picked":["Compile Driver+1","Skim"],"picked":"Sunder","floor":42},{"not_picked":["Ball Lightning","Streamline"],"picked":"Glacier+1","floor":44},{"not_picked":["ReplayTheSpireMod:System Scan","FTL"],"picked":"Leap","floor":44},{"not_picked":["Beam Cell","Hologram+1"],"picked":"Defragment","floor":45},{"not_picked":["Scrape","Reprogram"],"picked":"Fusion","floor":46},{"not_picked":["Streamline","Compile Driver","Sweeping Beam+1"],"picked":"SKIP","floor":47},{"not_picked":["Gash+1","Barrage+1","Compile Driver+1"],"picked":"SKIP","floor":47},{"not_picked":["Lockon+1","Barrage"],"picked":"Conserve Battery","floor":48},{"not_picked":["Hologram+1","ReplayTheSpireMod:System Scan","Gash"],"picked":"SKIP","floor":48}],"player_experience":155069,"relics_obtained":[{"floor":6.0,"key":"conspire:DecoderRing"},{"floor":8.0,"key":"DataDisk"},{"floor":9.0,"key":"Dream Catcher"},{"floor":10.0,"key":"conspire:TopHat"},{"floor":23,"key":"SharpPlug"},{"floor":25,"key":"Potion Belt"},{"floor":26,"key":"Girya"},{"floor":31,"key":"HornCleat"},{"floor":40,"key":"Replay:Rubber Ducky"},{"floor":42,"key":"conspire:Flyswatter"},{"floor":43,"key":"UnicornStump"},{"floor":45,"key":"MoneyPower"}],"event_choices":[{"damage_healed":0.0,"max_hp_gain":0.0,"max_hp_loss":0.0,"gold_gain":0.0,"event_name":"Scrap Ooze","player_choice":"Success","floor":2.0,"gold_loss":0.0,"damage_taken":7.0,"relics_obtained":["Omamori"]},{"damage_healed":0.0,"max_hp_gain":0.0,"max_hp_loss":0.0,"gold_gain":0.0,"event_name":"conspire:Investor","player_choice":"Leave","floor":4.0,"gold_loss":0.0,"damage_taken":0.0},{"damage_healed":0.0,"max_hp_gain":0.0,"max_hp_loss":0.0,"gold_gain":0.0,"event_name":"Shining Light","player_choice":"Entered Light","floor":13.0,"gold_loss":0.0,"damage_taken":15.0,"cards_upgraded":["Strike_B","EpicFetus"]},{"damage_healed":0.0,"max_hp_gain":0.0,"max_hp_loss":0.0,"gold_gain":30.0,"event_name":"Dead Adventurer","player_choice":"Searched \u00272\u0027 times","floor":14.0,"gold_loss":0.0,"damage_taken":0.0},{"damage_healed":0.0,"max_hp_gain":0.0,"max_hp_loss":0.0,"gold_gain":0.0,"event_name":"Addict","player_choice":"Stole Relic","floor":19.0,"gold_loss":0.0,"damage_taken":0.0,"relics_obtained":["Bag of Marbles"],"cards_obtained":["Shame"]},{"damage_healed":0,"gold_gain":0,"player_choice":"Simplicity","damage_taken":0,"max_hp_gain":0,"max_hp_loss":0,"event_name":"Back to Basics","floor":20,"gold_loss":0,"cards_upgraded":["Strike_B","Strike_B","Strike_B","Defend_B","Defend_B","Defend_B","Defend_B"]},{"damage_healed":0,"gold_gain":0,"player_choice":"Ignored","damage_taken":0,"max_hp_gain":0,"max_hp_loss":0,"event_name":"Vampires","floor":30,"gold_loss":0},{"damage_healed":0,"gold_gain":0,"player_choice":"Ignored","damage_taken":0,"max_hp_gain":0,"max_hp_loss":0,"event_name":"Tomb of Lord Red Mask","floor":36,"gold_loss":0}],"is_beta":false,"boss_relics":[{"not_picked":["testmod-Prudence","Ectoplasm"],"picked":"testmod-CardMagician"},{"not_picked":[]},{"not_picked":["FrozenCore","conspire:SlowCooker"],"picked":"Snecko Eye"},{"not_picked":[]}],"items_purged_floors":[],"is_endless":false,"potions_floor_spawned":[6,11,16,18,22,31,35,40,42,48],"killed_by":"Donu and Deca","ascension_level":5}}