{"host":"49c2zf0lajbcs427","time":1608967976,"event":{"mods":["AchievementEnabler","BaseMod","Colored Map","Colored Powertips","Highlight Path","Key Reminder","Minty Spire (QoL Compilation)","Relic Stats","StSLib"],"gold_per_floor":[112,112,122,136,147,147,159,177,224,224,264,264,302,369,369,473,500,491,406,425,450,375,375,375,375],"floor_reached":24,"playtime":1321,"items_purged":["Strike_R"],"score":268,"play_id":"e51ac407-e546-4316-9238-923058760d43","local_time":"20201226203256","is_ascension_mode":true,"campfire_choices":[{"data":"Evolve","floor":6,"key":"SMITH"},{"data":"Whirlwind","floor":10,"key":"SMITH"},{"data":"Bash","floor":12,"key":"SMITH"},{"floor":15,"key":"REST"},{"data":"Dual Wield","floor":23,"key":"SMITH"}],"circlet_count":0,"master_deck":["Strike_R","Strike_R","Defend_R","Defend_R","Defend_R","Bash+1","Iron Wave","Evolve+1","Whirlwind+1","Clothesline","Headbutt","Shrug It Off","Twin Strike","Reaper","Iron Wave+1","Sentinel+1","Spot Weakness+1","Wild Strike+1","Dual Wield+1"],"relics":["Mark of Pain","Sundial","CeramicFish","PreservedInsect","Shuriken","Astrolabe","HornCleat"],"acts_visited":["Exordium","TheCity"],"potions_floor_usage":[7,11,13,21],"damage_taken":[{"damage":6,"enemies":"Cultist","floor":1,"turns":4},{"damage":0,"enemies":"Small Slimes","floor":3,"turns":3},{"damage":7,"enemies":"Jaw Worm","floor":4,"turns":3},{"damage":13,"enemies":"Large Slime","floor":5,"turns":4},{"damage":1,"enemies":"Looter","floor":7,"turns":2},{"damage":6,"enemies":"3 Louse","floor":8,"turns":3},{"damage":25,"enemies":"3 Sentries","floor":11,"turns":5},{"damage":0,"enemies":"Gremlin Nob","floor":13,"turns":3},{"damage":20,"enemies":"The Guardian","floor":16,"turns":11},{"damage":29,"enemies":"2 Thieves","floor":18,"turns":4},{"damage":0,"enemies":"3 Byrds","floor":20,"turns":4},{"damage":21,"enemies":"3 Cultists","floor":21,"turns":5},{"damage":47,"enemies":"Snake Plant","floor":24,"turns":4}],"seed_played":"7979107303645658565","potions_obtained":[{"floor":3,"key":"DistilledChaos"},{"floor":4,"key":"LiquidMemories"},{"floor":7,"key":"GamblersBrew"},{"floor":11,"key":"BlessingOfTheForge"}],"is_trial":false,"path_per_floor":["M","T","M","M","M","R","M","M","T","R","E","R","E","?","R","B",null,"M","?","M","M","$","R","M"],"character_chosen":"IRONCLAD","items_purchased":[],"campfire_rested":1,"item_purchase_floors":[],"current_hp_per_floor":[74,74,74,67,54,54,53,47,47,47,22,22,22,22,46,26,80,51,51,51,45,45,45,0,0],"gold":375,"neow_bonus":"BOSS_RELIC","is_daily":false,"chose_seed":false,"campfire_upgraded":4,"win_rate":0.0,"timestamp":1608967976,"path_taken":["M","?","?","M","M","R","M","M","T","R","E","R","E","?","R","BOSS","M","?","M","M","$","R","M"],"items_purchased_type":[],"build_version":"2020-12-22","purchased_purges":1,"victory":false,"max_hp_per_floor":[80,80,80,80,80,80,80,80,80,80,80,80,80,80,80,80,80,80,80,80,80,80,80,80,80],"relic_stats":{"counters":[13,55],"Sundial":[6],"Shuriken":[8],"CeramicFish":72,"Astrolabe":["Iron Wave","Sentinel","Spot Weakness"],"PreservedInsect":22,"obtain_stats":[{"HornCleat":19,"Sundial":2,"Shuriken":13,"CeramicFish":9,"Astrolabe":17,"Mark of Pain":0,"PreservedInsect":11,"Burning Blood":0},{"HornCleat":10,"Sundial":1,"Shuriken":8,"CeramicFish":6,"Astrolabe":9,"Mark of Pain":0,"PreservedInsect":7,"Burning Blood":0},{"HornCleat":42,"Sundial":4,"Shuriken":27,"CeramicFish":19,"Astrolabe":38,"Mark of Pain":0,"PreservedInsect":24,"Burning Blood":0}]},"card_choices":[{"not_picked":["Heavy Blade","Anger"],"picked":"Iron Wave","floor":1},{"not_picked":["Battle Trance","Shrug It Off"],"picked":"Evolve","floor":3},{"not_picked":["Clothesline","Fire Breathing"],"picked":"Whirlwind","floor":4},{"not_picked":["Heavy Blade","Sword Boomerang"],"picked":"Clothesline","floor":5},{"not_picked":["Body Slam","Sword Boomerang"],"picked":"Headbutt","floor":7},{"not_picked":["Sever Soul","True Grit","Combust"],"picked":"SKIP","floor":8},{"not_picked":["Cleave","Flex"],"picked":"Shrug It Off","floor":11},{"not_picked":["Heavy Blade","Cleave"],"picked":"Twin Strike","floor":13},{"not_picked":["Demon Form","Exhume"],"picked":"Reaper","floor":16},{"not_picked":["Metallicize+1","True Grit"],"picked":"Wild Strike+1","floor":18},{"not_picked":["Hemokinesis","Combust+1","Whirlwind"],"picked":"SKIP","floor":20},{"not_picked":["Twin Strike","Anger"],"picked":"Dual Wield","floor":21}],"player_experience":2166699,"relics_obtained":[{"floor":2,"key":"Sundial"},{"floor":9,"key":"CeramicFish"},{"floor":11,"key":"PreservedInsect"},{"floor":13,"key":"Shuriken"}],"event_choices":[{"damage_healed":0,"gold_gain":67,"player_choice":"Gained Gold","damage_taken":0,"max_hp_gain":0,"max_hp_loss":0,"event_name":"Golden Wing","floor":14,"gold_loss":0},{"damage_healed":0,"gold_gain":0,"player_choice":"Obtained Relic","damage_taken":0,"relics_obtained":["HornCleat"],"max_hp_gain":0,"max_hp_loss":0,"event_name":"Addict","floor":19,"gold_loss":85}],"is_beta":false,"boss_relics":[{"not_picked":["SlaversCollar","Busted Crown"],"picked":"Astrolabe"}],"items_purged_floors":[22],"is_endless":false,"potions_floor_spawned":[3,4,7,11],"killed_by":"Snake Plant","ascension_level":3}}