{"host":"e40jm352kjzixotw","time":1608994865,"event":{"mods":["BaseMod","Better Altar","BetterRewards","Colored Map","Colored Powertips","DeckTracker","Dota2Spire","Minty Spire (QoL Compilation)","Rare Cards Sparkle","Relic Stats","StSLib","The Servant 0.9.4"],"gold_per_floor":[117,192,212,224,54,79,79,79,126,139,139,157,174,4,4,103,103,120,120,138,112,112,112,129,158,184,194,394,394,408,408,408],"floor_reached":31,"playtime":1642,"items_purged":["Strike_S","Defend_S"],"score":283,"play_id":"d76cc179-80d7-44e5-81d0-e8c3c126f65a","local_time":"20201226160105","is_ascension_mode":true,"campfire_choices":[{"floor":8,"key":"REST"},{"floor":11,"key":"REST"},{"floor":15,"key":"REST"},{"floor":23,"key":"REST"},{"floor":29,"key":"REST"}],"circlet_count":0,"master_deck":["Strike_S","Defend_S","Defend_S","KidneyShot","Exchange","TimeWarp","Potential","Rewind","Alleviate","Revamp","FastForward","RealityMarble","Replace","MurderousAura","ShiftingGears","Replace","TimeWarp"],"relics":["Uniform","Dream Catcher","Dota2Spire:UrnOfShadows","Empty Cage","Bloody Idol","Blue Candle","Blood Vial"],"acts_visited":["Exordium","TheCity"],"potions_floor_usage":[12,24,25,25,31],"damage_taken":[{"damage":3,"enemies":"2 Louse","floor":1,"turns":5},{"damage":0,"enemies":"Cultist","floor":3,"turns":4},{"damage":3,"enemies":"Small Slimes","floor":4,"turns":4},{"damage":49,"enemies":"Lagavulin","floor":6,"turns":14},{"damage":4,"enemies":"Exordium Thugs","floor":10,"turns":5},{"damage":0,"enemies":"2 Fungi Beasts","floor":12,"turns":5},{"damage":6,"enemies":"Red Slaver","floor":13,"turns":4},{"damage":43,"enemies":"Slime Boss","floor":16,"turns":13},{"damage":18,"enemies":"Spheric Guardian","floor":18,"turns":5},{"damage":0,"enemies":"Chosen","floor":20,"turns":5},{"damage":29,"enemies":"Snecko","floor":24,"turns":6},{"damage":23,"enemies":"Book of Stabbing","floor":25,"turns":7},{"damage":4,"enemies":"3 Cultists","floor":27,"turns":6},{"damage":31,"enemies":"Snake Plant","floor":30,"turns":5},{"damage":33,"enemies":"Slavers","floor":31,"turns":2}],"seed_played":"2718672796293353107","potions_obtained":[{"floor":1,"key":"Energy Potion"},{"floor":6,"key":"Weak Potion"},{"floor":10,"key":"Block Potion"},{"floor":16,"key":"PowerPotion"},{"floor":24,"key":"LiquidMemories"},{"floor":27,"key":"Dota2Spire:Clarity"}],"is_trial":false,"path_per_floor":["M","?","M","M","$","E","$","R","T","M","R","M","M","$","R","B",null,"M","?","M","$","?","R","M","E","T","M","?","R","M","E"],"character_chosen":"THE_SERVANT","items_purchased":["Potential","Rewind","RealityMarble","Replace"],"campfire_rested":5,"item_purchase_floors":[5,5,14,21],"current_hp_per_floor":[62,56,56,53,53,4,4,23,23,19,38,44,38,38,57,14,65,47,14,25,25,25,44,26,8,13,28,33,52,28,0,0],"gold":408,"neow_bonus":"REMOVE_CARD","is_daily":false,"chose_seed":false,"campfire_upgraded":0,"win_rate":0.0,"timestamp":1608994865,"path_taken":["M","?","M","?","$","E","$","R","T","M","R","M","M","?","R","BOSS","M","?","M","$","?","R","M","E","T","M","?","R","M","E"],"items_purchased_type":["Card","Card","Card","Card"],"build_version":"2020-12-22","purchased_purges":2,"victory":false,"max_hp_per_floor":[65,65,65,65,65,65,65,65,65,65,65,65,65,65,65,65,65,65,65,65,65,65,65,65,65,65,65,65,65,65,65,65],"relic_stats":{"Blood Vial":6,"Dream Catcher":5,"counters":[15,90],"Bloody Idol":35,"Blue Candle":[0],"obtain_stats":[{"Blood Vial":26,"Dream Catcher":6,"Dota2Spire:UrnOfShadows":9,"Bloody Idol":19,"Blue Candle":25,"Uniform":0,"Empty Cage":17},{"Blood Vial":12,"Dream Catcher":4,"Dota2Spire:UrnOfShadows":4,"Bloody Idol":9,"Blue Candle":12,"Uniform":0,"Empty Cage":8},{"Blood Vial":77,"Dream Catcher":27,"Dota2Spire:UrnOfShadows":27,"Bloody Idol":59,"Blue Candle":77,"Uniform":0,"Empty Cage":54}]},"card_choices":[{"not_picked":["Starlight","Replace"],"picked":"TimeWarp","floor":1},{"not_picked":["Spin","Rewind","Sabotage"],"picked":"SKIP","floor":3},{"not_picked":["Unruled","WasteNot","Reset"],"picked":"SKIP","floor":4},{"not_picked":["Starlight","Defy"],"picked":"Alleviate","floor":6},{"not_picked":["TimeWarp","PendulumOfEternity"],"picked":"Revamp","floor":8},{"not_picked":["Alleviate","Defy","DoubleEdge"],"picked":"SKIP","floor":10},{"not_picked":["Rearm","TimeWarp"],"picked":"FastForward","floor":12},{"not_picked":["ShatteredReality","Ricochet","Rearm"],"picked":"SKIP","floor":13},{"not_picked":["Revamp","Defy","Starlight"],"picked":"SKIP","floor":18},{"not_picked":["Potential","Alleviate","FanOfKnives"],"picked":"SKIP","floor":20},{"not_picked":["DoubleEdge","Read+1"],"picked":"MurderousAura","floor":23},{"not_picked":["Unruled","TimeWarp+1"],"picked":"ShiftingGears","floor":24},{"not_picked":["Sabotage","Defy+1","GearUp"],"picked":"SKIP","floor":25},{"not_picked":["ShatteredReality","BottledTime","Collapse"],"picked":"SKIP","floor":27},{"not_picked":["Ricochet","Rewind+1"],"picked":"Replace","floor":29},{"not_picked":["Embodiment","Rearm+1","TimeWarp"],"picked":"SKIP","floor":30},{"not_picked":["Embodiment","Rearm+1"],"picked":"TimeWarp","floor":30}],"player_experience":914661,"relics_obtained":[{"floor":6,"key":"Dream Catcher"},{"floor":9,"key":"Dota2Spire:UrnOfShadows"},{"floor":25,"key":"Blue Candle"},{"floor":26,"key":"Blood Vial"}],"event_choices":[{"damage_healed":0,"gold_gain":75,"player_choice":"Touch","damage_taken":6,"max_hp_gain":0,"max_hp_loss":0,"event_name":"FaceTrader","floor":2,"gold_loss":0},{"damage_healed":0,"gold_gain":0,"player_choice":" Idol ","damage_taken":33,"relics_obtained":["Bloody Idol"],"max_hp_gain":47,"max_hp_loss":14,"event_name":"betterAltar:BetterAltar","floor":19,"potions_obtained":[],"relics_lost":[],"gold_loss":0},{"damage_healed":0,"gold_gain":0,"player_choice":"Ignored","damage_taken":0,"max_hp_gain":0,"max_hp_loss":0,"event_name":"Vampires","floor":22,"gold_loss":0},{"damage_healed":0,"gold_gain":250,"player_choice":"Bet on Owner","damage_taken":0,"max_hp_gain":0,"max_hp_loss":0,"event_name":"The Joust","floor":28,"gold_loss":50}],"is_beta":false,"boss_relics":[{"not_picked":["Ectoplasm","Dota2Spire:Bloodstone"],"picked":"Empty Cage"}],"items_purged_floors":[5,14],"is_endless":false,"potions_floor_spawned":[1,6,10,16,18,24,27],"killed_by":"Slavers","ascension_level":2}}