{"host":"873t0y8ybyo38pfq","time":1608991996,"event":{"mods":["BaseMod","Bestiary","Colored Map","Colored Powertips","Highlight Path","Minty Spire (QoL Compilation)","Quick Restart","Rare Cards Sparkle","Relic Stats","StSLib"],"gold_per_floor":[361,361,374,374,392,392,421,16,16,16,50,50,50,50,50,124,124,136,152,152,152,168,168,196,215,240,31,50,63,76,103,103,180,180,191,191,191,69,82,82,109,109,109,139,2,2,16,30,30,30,30],"floor_reached":50,"playtime":2159,"items_purged":["Writhe","Regret"],"score":1321,"play_id":"3ef28a2b-4a73-4e37-b16d-02d635d0bf14","local_time":"20201226091316","is_ascension_mode":true,"campfire_choices":[{"data":"Dagger Spray","floor":6.0,"key":"SMITH"},{"data":"Neutralize","floor":10.0,"key":"SMITH"},{"floor":15.0,"key":"REST"},{"data":"1","floor":23.0,"key":"LIFT"},{"data":"Footwork","floor":32.0,"key":"SMITH"},{"data":"Burst","floor":40.0,"key":"SMITH"},{"data":"Footwork","floor":42.0,"key":"SMITH"},{"floor":49,"key":"RECALL"}],"circlet_count":0,"master_deck":["AscendersBane","Strike_G","Strike_G","Strike_G+1","Strike_G","Strike_G+1","Defend_G","Defend_G+1","Defend_G+1","Defend_G","Defend_G","Survivor","Neutralize+1","Dagger Throw","Dagger Spray+1","Deadly Poison","Deflect+1","Corpse Explosion","Blur","Tools of the Trade","Acrobatics","Setup+1","Ghostly","Ghostly+1","Ghostly","Acrobatics+1","Escape Plan+1","Adrenaline","Bouncing Flask","Panacea","Footwork+1","Catalyst+1","PiercingWail","Burst+1","PiercingWail+1","Catalyst","Blur","Outmaneuver+1","Footwork+1","Footwork","The Bomb","Finesse"],"relics":["Ring of the Snake","Gremlin Horn","Oddly Smooth Stone","Torii","Paper Crane","Ornamental Fan","Girya","TungstenRod","Philosopher\u0027s Stone","StrikeDummy","Eternal Feather","Whetstone","Matryoshka","Cursed Key","Orichalcum","War Paint","Akabeko"],"acts_visited":["TheCity","TheBeyond"],"potions_floor_usage":[50],"damage_taken":[{"damage":0.0,"enemies":"Small Slimes","floor":1.0,"turns":4.0},{"damage":0.0,"enemies":"2 Louse","floor":3.0,"turns":3.0},{"damage":0.0,"enemies":"Jaw Worm","floor":5.0,"turns":5.0},{"damage":18.0,"enemies":"Lagavulin","floor":7.0,"turns":9.0},{"damage":8.0,"enemies":"3 Sentries","floor":11.0,"turns":3.0},{"damage":1.0,"enemies":"Hexaghost","floor":16.0,"turns":13.0},{"damage":0.0,"enemies":"Chosen","floor":18.0,"turns":5.0},{"damage":10.0,"enemies":"Spheric Guardian","floor":19.0,"turns":6.0},{"damage":0.0,"enemies":"3 Cultists","floor":22.0,"turns":3.0},{"damage":0.0,"enemies":"Gremlin Leader","floor":24.0,"turns":7.0},{"damage":16.0,"enemies":"Snake Plant","floor":25.0,"turns":6.0},{"damage":0.0,"enemies":"Centurion and Healer","floor":28.0,"turns":4.0},{"damage":0.0,"enemies":"Shelled Parasite and Fungi","floor":29.0,"turns":6.0},{"damage":0.0,"enemies":"3 Cultists","floor":30.0,"turns":3.0},{"damage":7.0,"enemies":"Book of Stabbing","floor":31.0,"turns":3.0},{"damage":9.0,"enemies":"Champ","floor":33.0,"turns":11.0},{"damage":0.0,"enemies":"3 Darklings","floor":35.0,"turns":4.0},{"damage":0.0,"enemies":"Orb Walker","floor":39.0,"turns":4.0},{"damage":0.0,"enemies":"Reptomancer","floor":41.0,"turns":6.0},{"damage":0.0,"enemies":"Giant Head","floor":44.0,"turns":6.0},{"damage":0,"enemies":"Writhing Mass","floor":47,"turns":6},{"damage":0,"enemies":"Jaw Worm Horde","floor":48,"turns":4},{"damage":36,"enemies":"Donu and Deca","floor":50,"turns":8}],"seed_played":"-3623894635634657011","potions_obtained":[{"floor":1.0,"key":"Dexterity Potion"},{"floor":7.0,"key":"Ancient Potion"},{"floor":16.0,"key":"SteroidPotion"},{"floor":28.0,"key":"ColorlessPotion"},{"floor":29.0,"key":"ColorlessPotion"},{"floor":30.0,"key":"EntropicBrew"},{"floor":33.0,"key":"GamblersBrew"},{"floor":35.0,"key":"Swift Potion"},{"floor":37.0,"key":"GhostInAJar"},{"floor":48,"key":"Explosive Potion"}],"is_trial":false,"path_per_floor":["M","?","M","?","M","R","E","$","T","R","E","T","?","?","R","B",null,"M","M","?","?","M","R","E","M","T","$","M","M","M","E","R","B",null,"M","?","?","$","M","R","E","R","T","E","$","?","M","M","R","B"],"character_chosen":"THE_SILENT","items_purchased":["Corpse Explosion","Torii","Bouncing Flask","Panacea","Catalyst","Blur","Footwork"],"campfire_rested":1,"item_purchase_floors":[8,8,27,27,38,38,45],"current_hp_per_floor":[59,41,41,60,60,60,42,42,42,42,34,34,16,16,34,33,53,53,43,30,30,30,30,30,14,14,14,14,14,14,7,25,16,27,27,27,27,27,27,30,30,30,30,30,30,26,26,26,30,0,0],"gold":30,"neow_bonus":"TWO_FIFTY_GOLD","is_daily":false,"chose_seed":false,"campfire_upgraded":5,"win_rate":0.0,"timestamp":1608991996,"path_taken":["M","?","M","?","M","R","E","$","T","R","E","?","?","?","R","BOSS","M","M","?","?","M","R","E","M","T","$","M","M","M","E","R","BOSS","M","?","?","$","?","R","E","R","T","E","?","?","M","M","R","BOSS"],"items_purchased_type":["Card","Relic","Card","Card","Card","Card","Card"],"build_version":"2020-12-22","purchased_purges":2,"victory":false,"max_hp_per_floor":[60,60,60,60,60,60,60,60,60,60,60,60,60,60,60,60,60,60,60,30,30,30,30,30,30,30,30,30,30,30,30,30,30,30,30,30,30,30,30,30,30,30,30,30,30,30,30,30,30,30,30],"relic_stats":{"Gremlin Horn":[10,10],"Torii":59,"counters":[23,129],"Ornamental Fan":[68],"Eternal Feather":25,"Whetstone":["Strike_G","Strike_G"],"Orichalcum":[42],"War Paint":["Deflect","Ghostly"],"Cursed Key":1,"obtain_stats":[{"Girya":12,"Gremlin Horn":2,"Torii":8,"Oddly Smooth Stone":7,"Eternal Feather":24,"Whetstone":26,"Paper Crane":9,"Orichalcum":41,"War Paint":43,"Cursed Key":34,"Akabeko":44,"Matryoshka":31,"Ornamental Fan":11,"Philosopher\u0027s Stone":17,"StrikeDummy":21,"TungstenRod":14,"Ring of the Snake":0},{"Girya":5,"Gremlin Horn":1,"Torii":4,"Oddly Smooth Stone":4,"Eternal Feather":10,"Whetstone":11,"Paper Crane":4,"Orichalcum":19,"War Paint":19,"Cursed Key":16,"Akabeko":20,"Matryoshka":15,"Ornamental Fan":5,"Philosopher\u0027s Stone":6,"StrikeDummy":8,"TungstenRod":5,"Ring of the Snake":0},{"Girya":24,"Gremlin Horn":4,"Torii":21,"Oddly Smooth Stone":21,"Eternal Feather":58,"Whetstone":64,"Paper Crane":21,"Orichalcum":105,"War Paint":105,"Cursed Key":91,"Akabeko":111,"Matryoshka":80,"Ornamental Fan":24,"Philosopher\u0027s Stone":37,"StrikeDummy":48,"TungstenRod":24,"Ring of the Snake":0}],"TungstenRod":47,"Ring of the Snake":[46]},"card_choices":[{"not_picked":["Concentrate","Quick Slash"],"picked":"Dagger Throw","floor":1.0},{"not_picked":["Dagger Throw","Cloak And Dagger"],"picked":"Dagger Spray","floor":3.0},{"not_picked":["Backflip","Calculated Gamble"],"picked":"Deadly Poison","floor":5.0},{"not_picked":["Flying Knee","Blade Dance"],"picked":"Deflect","floor":7.0},{"not_picked":["Blade Dance","Deflect"],"picked":"Blur","floor":11.0},{"not_picked":["Night Terror","Venomology"],"picked":"Tools of the Trade","floor":16.0},{"not_picked":["All Out Attack","Quick Slash"],"picked":"Acrobatics","floor":18.0},{"not_picked":["Expertise","Deadly Poison"],"picked":"Setup+1","floor":19.0},{"not_picked":["Blade Dance+1","Predator"],"picked":"Acrobatics+1","floor":22.0},{"not_picked":["Endless Agony","Bane"],"picked":"Escape Plan+1","floor":24.0},{"not_picked":["Blade Dance","Prepared"],"picked":"Adrenaline","floor":25.0},{"not_picked":["Prepared","Blade Dance"],"picked":"Footwork","floor":28.0},{"not_picked":["Endless Agony","Heel Hook","Masterful Stab"],"picked":"SKIP","floor":29.0},{"not_picked":["Poisoned Stab","Bouncing Flask"],"picked":"Catalyst+1","floor":30.0},{"not_picked":["Outmaneuver","Quick Slash"],"picked":"PiercingWail","floor":31.0},{"not_picked":["Wraith Form v2","Malaise"],"picked":"Burst","floor":33.0},{"not_picked":["Deflect","Heel Hook+1"],"picked":"PiercingWail+1","floor":35.0},{"not_picked":["Accuracy+1","Underhanded Strike"],"picked":"Outmaneuver+1","floor":39.0},{"not_picked":["Dagger Throw+1","Flying Knee"],"picked":"Footwork","floor":41.0},{"not_picked":["Infinite Blades+1","Tactician","Dagger Throw"],"picked":"SKIP","floor":44.0},{"not_picked":["Blind","Bandage Up"],"picked":"The Bomb","floor":46.0},{"not_picked":["Trip","Good Instincts"],"picked":"Finesse","floor":46.0},{"not_picked":["Deflect+1","Underhanded Strike","Poisoned Stab"],"picked":"SKIP","floor":47},{"not_picked":["Deflect","Dagger Throw","Backstab"],"picked":"SKIP","floor":48}],"player_experience":1355512,"relics_obtained":[{"floor":7.0,"key":"Oddly Smooth Stone"},{"floor":9.0,"key":"Paper Crane"},{"floor":11.0,"key":"Ornamental Fan"},{"floor":12.0,"key":"Girya"},{"floor":24.0,"key":"Eternal Feather"},{"floor":26.0,"key":"Whetstone"},{"floor":31.0,"key":"Matryoshka"},{"floor":41.0,"key":"Orichalcum"},{"floor":43.0,"key":"War Paint"},{"floor":44.0,"key":"Akabeko"}],"event_choices":[{"damage_healed":0.0,"max_hp_gain":0.0,"max_hp_loss":0.0,"gold_gain":0.0,"event_name":"Scrap Ooze","player_choice":"Success","floor":2.0,"gold_loss":0.0,"damage_taken":18.0,"relics_obtained":["Gremlin Horn"]},{"damage_healed":20.0,"max_hp_gain":0.0,"max_hp_loss":0.0,"gold_gain":0.0,"event_name":"Big Fish","player_choice":"Banana","floor":4.0,"gold_loss":0.0,"damage_taken":0.0},{"damage_healed":0.0,"max_hp_gain":0.0,"max_hp_loss":0.0,"gold_gain":0.0,"event_name":"Shining Light","player_choice":"Entered Light","floor":13.0,"gold_loss":0.0,"damage_taken":18.0,"cards_upgraded":["Defend_G","Defend_G"]},{"damage_healed":0.0,"max_hp_gain":0.0,"max_hp_loss":0.0,"gold_gain":0.0,"event_name":"Dead Adventurer","player_choice":"Searched \u00271\u0027 times","floor":14.0,"gold_loss":0.0,"damage_taken":0.0,"relics_obtained":["TungstenRod"]},{"damage_healed":0.0,"max_hp_gain":0.0,"max_hp_loss":30.0,"gold_gain":0.0,"event_name":"Ghosts","player_choice":"Became a Ghost","floor":20.0,"gold_loss":0.0,"damage_taken":0.0,"cards_obtained":["Ghostly","Ghostly","Ghostly"]},{"damage_healed":0.0,"max_hp_gain":0.0,"max_hp_loss":0.0,"gold_gain":0.0,"event_name":"The Mausoleum","player_choice":"Opened","floor":21.0,"gold_loss":0.0,"damage_taken":0.0,"relics_obtained":["StrikeDummy"],"cards_obtained":["Writhe"]},{"damage_healed":0.0,"max_hp_gain":0.0,"max_hp_loss":0.0,"gold_gain":0.0,"event_name":"Tomb of Lord Red Mask","player_choice":"Ignored","floor":36.0,"gold_loss":0.0,"damage_taken":0.0},{"damage_healed":0.0,"max_hp_gain":0.0,"max_hp_loss":0.0,"gold_gain":0.0,"event_name":"Lab","player_choice":"Got Potions","floor":37.0,"gold_loss":0.0,"damage_taken":0.0},{"damage_healed":0.0,"max_hp_gain":0.0,"max_hp_loss":0.0,"gold_gain":0.0,"event_name":"SensoryStone","player_choice":"Memory 2","floor":46.0,"gold_loss":0.0,"damage_taken":5.0}],"is_beta":false,"boss_relics":[{"not_picked":["SlaversCollar","Velvet Choker"],"picked":"Philosopher\u0027s Stone"},{"not_picked":["Sozu","Tiny House"],"picked":"Cursed Key"}],"items_purged_floors":[27,45],"is_endless":false,"potions_floor_spawned":[1,7,16,28,29,30,33,35,48],"killed_by":"Donu and Deca","ascension_level":20}}