{"host":"3frik7bg0qlof0de","time":1608982407,"event":{"mods":["Arknights The Spire","BaseMod","Colored Powertips","DeckTracker","Minty Spire (QoL Compilation)","StSLib"],"gold_per_floor":[116,116,47,61,75,106,281,281,281,308,318,47,47,61,61,186,186,205,205,205,222,234,234,246,246,269,280,615,615,630,647,647,742,742,759,759,759,809,139,139,149,169,193,206,216,216,216,216],"floor_reached":47,"playtime":2526,"items_purged":["ats:Strike G"],"score":534,"play_id":"7b7871df-dfe1-42d8-8e3f-29b7f7fedfcf","local_time":"20201226203327","is_ascension_mode":false,"campfire_choices":[{"floor":15,"key":"REST"},{"floor":23,"key":"REST"},{"floor":25,"key":"REST"},{"floor":29,"key":"REST"},{"floor":32,"key":"REST"},{"data":"ats:Fractured Body","floor":40,"key":"SMITH"}],"circlet_count":0,"master_deck":["ats:Armor Crushing Shot","ats:Emotion Absorption","ats:Powerful Strike","ats:LN2 Cannon","ats:Revitalization","ats:Mental Burst","ats:Leaping Hammer","Doubt","Parasite","ats:Explosion Area Strengthen","ats:Hammer On","ats:Explosion Area Strengthen","Sadistic Nature","Injury","ats:Hammer On","ats:Fractured Body+1","ats:Poison Spread","ats:LN2 Cannon","ats:Closed Bolt Burst Fire","ats:Revitalization","ats:Assault Order","ats:Very Hot Blade","ats:Rapid Magazine","ats:Explosion Area Strengthen+1","RitualDagger","ats:Revitalization","ats:Apocalypse+1","ats:Assault Order+1","ats:Apocalypse+1","ats:Thermite Blade","ats:Cat Scratch","ats:Mental Burst","ats:Shadow Assault","ats:Flexible Camouflage+1","Writhe","ats:Shell Defense","ats:Overload","ats:Consecutive Shot Auto","Violence","Purity","ats:Flame Of Heaven","ats:Leaping Hammer+1","ats:Flexible Camouflage+1","ats:Leaping Hammer+1"],"relics":["ats:Sanity","ats:Originium","Du-Vu Doll","Ginger","ats:Originium","Mango","Bloody Idol","Pandora\u0027s Box","Orichalcum","ats:Originium","Old Coin","ats:Omniscience","Dead Branch","ats:Ability Aura","ats:Special","ats:Hidden Killer"],"acts_visited":["Exordium","TheCity","TheBeyond"],"potions_floor_usage":[6,16,24,24,24,24,24,33,33,38,47,47],"damage_taken":[{"damage":13,"enemies":"Jaw Worm","floor":1,"turns":3},{"damage":1,"enemies":"Cultist","floor":4,"turns":4},{"damage":7,"enemies":"2 Louse","floor":5,"turns":3},{"damage":54,"enemies":"3 Sentries","floor":6,"turns":7},{"damage":18,"enemies":"Lagavulin","floor":10,"turns":3},{"damage":5,"enemies":"Large Slime","floor":11,"turns":4},{"damage":14,"enemies":"Blue Slaver","floor":14,"turns":3},{"damage":16,"enemies":"Slime Boss","floor":16,"turns":4},{"damage":18,"enemies":"3 Byrds","floor":18,"turns":3},{"damage":20,"enemies":"Chosen","floor":21,"turns":4},{"damage":30,"enemies":"Snecko","floor":22,"turns":4},{"damage":12,"enemies":"Centurion and Healer","floor":24,"turns":3},{"damage":30,"enemies":"Snake Plant","floor":27,"turns":3},{"damage":49,"enemies":"Slavers","floor":28,"turns":4},{"damage":18,"enemies":"Snecko","floor":30,"turns":4},{"damage":31,"enemies":"Sentry and Sphere","floor":31,"turns":5},{"damage":31,"enemies":"Champ","floor":33,"turns":7},{"damage":24,"enemies":"3 Shapes","floor":35,"turns":3},{"damage":36,"enemies":"Mind Bloom Boss Battle","floor":38,"turns":6},{"damage":0,"enemies":"Orb Walker","floor":41,"turns":2},{"damage":19,"enemies":"Spire Growth","floor":42,"turns":5},{"damage":0,"enemies":"Transient","floor":44,"turns":5},{"damage":42,"enemies":"Maw","floor":45,"turns":8},{"damage":110,"enemies":"Donu and Deca","floor":47,"turns":8}],"seed_played":"-3679082297443570972","potions_obtained":[{"floor":2,"key":"DistilledChaos"},{"floor":2,"key":"EntropicBrew"},{"floor":2,"key":"SteroidPotion"},{"floor":10,"key":"GamblersBrew"},{"floor":27,"key":"BlessingOfTheForge"},{"floor":30,"key":"ColorlessPotion"},{"floor":33,"key":"FairyPotion"},{"floor":35,"key":"Strength Potion"},{"floor":41,"key":"Strength Potion"},{"floor":45,"key":"ats:Top Emergency Sanity Potion"}],"is_trial":false,"path_per_floor":["M","?","$","M","M","E","?","?","T","E","M","$","?","M","R","B",null,"M","?","?","M","M","R","M","R","T","M","E","R","M","M","R","B",null,"M","?","?","?","$","R","M","M","T","M","M","?","B"],"character_chosen":"DOCTOR_CLASS","items_purchased":["ats:LN2 Cannon","ats:Explosion Area Strengthen","Sadistic Nature","ats:Ability Aura","ats:Special","ats:Overload","ats:Consecutive Shot Auto","Violence","Purity"],"campfire_rested":5,"item_purchase_floors":[3,12,12,39,39,39,39,39,39],"current_hp_per_floor":[66,66,66,65,60,14,14,33,33,32,30,30,30,16,43,27,93,77,71,71,56,38,65,63,90,93,68,32,59,55,42,69,55,93,74,74,93,70,70,70,78,72,77,85,53,53,0,0],"gold":216,"neow_bonus":"TEN_PERCENT_HP_BONUS","is_daily":false,"chose_seed":false,"campfire_upgraded":1,"win_rate":0.0,"timestamp":1608982407,"path_taken":["M","?","$","?","M","E","?","?","T","E","M","?","?","M","R","BOSS","M","?","?","M","M","R","M","R","T","M","E","R","M","M","R","BOSS","M","?","?","?","$","R","M","M","T","M","M","?","BOSS"],"items_purchased_type":["Card","Card","Card","Relic","Relic","Card","Card","Card","Card"],"build_version":"2020-12-22","purchased_purges":1,"victory":false,"max_hp_per_floor":[79,79,79,79,79,79,79,79,79,93,93,93,93,93,93,93,93,93,93,93,93,93,93,93,93,93,93,93,93,93,93,93,93,93,93,93,93,93,93,93,93,93,93,93,93,93,93,93],"card_choices":[{"not_picked":["ats:Consecutive Shot Auto","ats:Assault Order"],"picked":"ats:Powerful Strike","floor":1},{"not_picked":["ats:Flexible Camouflage","ats:Automatic Cover"],"picked":"ats:Revitalization","floor":4},{"not_picked":["ats:Assault Order","ats:Shell Defense"],"picked":"ats:Mental Burst","floor":5},{"not_picked":["ats:Support Order","ats:Roar Of Ursus"],"picked":"ats:Leaping Hammer","floor":6},{"not_picked":["ats:Revitalization","ats:Consecutive Shot Auto"],"picked":"ats:Explosion Area Strengthen","floor":10},{"not_picked":["ats:Explosion Area Strengthen","ats:Powerful Strike"],"picked":"ats:Hammer On","floor":11},{"not_picked":["ats:Red Shift","ats:Childhood Dance"],"picked":"ats:Hammer On","floor":14},{"not_picked":["ats:Rat Pack","ats:True Silver Slash"],"picked":"ats:Fractured Body","floor":16},{"not_picked":["ats:Leaping Hammer","ats:Healing Drone"],"picked":"ats:Explosion Area Strengthen+1","floor":18},{"not_picked":["ats:Curse Doll","ats:Support Order+1"],"picked":"ats:Revitalization","floor":21},{"not_picked":["ats:Leaping Hammer","ats:Powerful Strike"],"picked":"ats:Apocalypse+1","floor":22},{"not_picked":["ats:Durian","ats:Encircling Forest"],"picked":"ats:Assault Order+1","floor":24},{"not_picked":["ats:Consecutive Shot Auto","ats:Curse Doll"],"picked":"ats:Apocalypse+1","floor":27},{"not_picked":["ats:Consecutive Shot Auto","ats:Red Shift"],"picked":"ats:Thermite Blade","floor":28},{"not_picked":["ats:Calcification","ats:Blood Oath"],"picked":"ats:Cat Scratch","floor":30},{"not_picked":["ats:Neurotoxin","ats:Shadow Raid"],"picked":"ats:Mental Burst","floor":31},{"not_picked":["ats:Soul Rend","ats:True Silver Slash"],"picked":"ats:Shadow Assault","floor":33},{"not_picked":["ats:Apocalypse+1","ats:Revitalization"],"picked":"ats:Flexible Camouflage+1","floor":35},{"not_picked":["ats:Explosion Area Strengthen+1","ats:Beaten Up"],"picked":"ats:Shell Defense","floor":38},{"not_picked":["ats:Cat Scratch","ats:Childhood Dance+1"],"picked":"ats:Flame Of Heaven","floor":41},{"not_picked":["ats:Blood Oath+1","ats:Hammer On"],"picked":"ats:Leaping Hammer+1","floor":42},{"not_picked":["ats:Apocalypse","ats:Consecutive Shot Auto+1"],"picked":"ats:Flexible Camouflage+1","floor":44},{"not_picked":["ats:Spore Proliferation","ats:Soul Rend"],"picked":"ats:Leaping Hammer+1","floor":45}],"player_experience":86150,"relics_obtained":[{"floor":6,"key":"ats:Originium"},{"floor":6,"key":"Du-Vu Doll"},{"floor":9,"key":"Ginger"},{"floor":10,"key":"ats:Originium"},{"floor":10,"key":"Mango"},{"floor":26,"key":"Orichalcum"},{"floor":28,"key":"ats:Originium"},{"floor":28,"key":"Old Coin"},{"floor":38,"key":"Dead Branch"},{"floor":43,"key":"ats:Hidden Killer"}],"event_choices":[{"damage_healed":0,"gold_gain":0,"player_choice":"Got Potions","damage_taken":0,"max_hp_gain":0,"max_hp_loss":0,"event_name":"Lab","floor":2,"gold_loss":0},{"damage_healed":0,"gold_gain":175,"player_choice":"AGREE","damage_taken":0,"max_hp_gain":0,"max_hp_loss":0,"event_name":"Liars Game","floor":7,"gold_loss":0,"cards_obtained":["Doubt"]},{"damage_healed":19,"gold_gain":0,"player_choice":"Healed and dodged fight","damage_taken":0,"max_hp_gain":0,"max_hp_loss":0,"event_name":"Mushrooms","floor":8,"gold_loss":0,"cards_obtained":["Parasite"]},{"damage_healed":0,"gold_gain":0,"player_choice":"Take Wound","damage_taken":0,"relics_obtained":["Golden Idol"],"max_hp_gain":0,"max_hp_loss":0,"event_name":"Golden Idol","floor":13,"gold_loss":0,"cards_obtained":["Injury"]},{"damage_healed":0,"gold_gain":0,"player_choice":"Joined the Cult","damage_taken":6,"max_hp_gain":0,"max_hp_loss":0,"event_name":"Nest","floor":19,"gold_loss":0,"cards_obtained":["RitualDagger"]},{"damage_healed":0,"gold_gain":0,"player_choice":"Gave Idol","damage_taken":0,"relics_obtained":["Bloody Idol"],"max_hp_gain":0,"max_hp_loss":0,"event_name":"Forgotten Altar","floor":20,"relics_lost":["Golden Idol"],"gold_loss":0},{"damage_healed":0,"gold_gain":0,"player_choice":"Ignored","damage_taken":0,"max_hp_gain":0,"max_hp_loss":0,"event_name":"Mysterious Sphere","floor":36,"gold_loss":0},{"damage_healed":23,"gold_gain":0,"player_choice":"Writhe","damage_taken":0,"max_hp_gain":0,"max_hp_loss":0,"event_name":"Winding Halls","floor":37,"gold_loss":0,"cards_obtained":["Writhe"]},{"damage_healed":0,"gold_gain":0,"player_choice":"Fight","damage_taken":0,"max_hp_gain":0,"max_hp_loss":0,"event_name":"MindBloom","floor":38,"gold_loss":0},{"damage_healed":0,"gold_gain":0,"player_choice":"Took Portal","damage_taken":0,"max_hp_gain":0,"max_hp_loss":0,"event_name":"SecretPortal","floor":46,"gold_loss":0}],"is_beta":false,"boss_relics":[{"not_picked":["Black Star","Astrolabe"],"picked":"Pandora\u0027s Box"},{"not_picked":["Busted Crown","Cursed Key"],"picked":"ats:Omniscience"}],"items_purged_floors":[12],"is_endless":false,"potions_floor_spawned":[4,10,11,27,30,33,35,41,45],"killed_by":"Donu and Deca","ascension_level":0}}