{"host":"sa7ebub27cgn5wai","time":1608966194,"event":{"mods":["BaseMod","Colored Map","Minty Spire (QoL Compilation)","SuperFastMode"],"gold_per_floor":[116,129,32,103,123,123,134,104,104,114,132,51,63,81,81,176,176,187,200,212,212,212,212,232,232,232,249,260,277,202,218,218,218,218],"floor_reached":33,"playtime":1075,"items_purged":["Strike_R"],"score":420,"play_id":"c59a50ee-e726-45fc-bbf8-79ed963fa6c3","local_time":"20201226160314","is_ascension_mode":true,"campfire_choices":[{"data":"Metallicize","floor":6,"key":"SMITH"},{"data":"Armaments","floor":15,"key":"SMITH"},{"data":"Body Slam","floor":23,"key":"SMITH"},{"data":"Metallicize","floor":25,"key":"SMITH"},{"floor":32,"key":"REST"}],"circlet_count":0,"master_deck":["AscendersBane","Strike_R","Strike_R","Strike_R","Strike_R","Defend_R","Defend_R","Defend_R","Defend_R","Bash+1","Armaments+1","Metallicize","Iron Wave","Metallicize+1","Metallicize","Ghostly Armor","Carnage","Body Slam","Whirlwind","Metallicize+1","Disarm","Immolate","Body Slam+1","Shockwave","Rupture+1","Flame Barrier+1"],"relics":["Burning Blood","Question Card","Sozu","Kunai"],"acts_visited":["Exordium","TheCity"],"potions_floor_usage":[14,16,33],"damage_taken":[{"damage":2,"enemies":"Jaw Worm","floor":1,"turns":3},{"damage":3,"enemies":"2 Louse","floor":2,"turns":3},{"damage":9,"enemies":"Small Slimes","floor":5,"turns":4},{"damage":0,"enemies":"Exordium Wildlife","floor":7,"turns":6},{"damage":6,"enemies":"Looter","floor":8,"turns":4},{"damage":0,"enemies":"Blue Slaver","floor":10,"turns":6},{"damage":8,"enemies":"3 Louse","floor":11,"turns":5},{"damage":5,"enemies":"Gremlin Gang","floor":13,"turns":6},{"damage":8,"enemies":"Lots of Slimes","floor":14,"turns":3},{"damage":31,"enemies":"Hexaghost","floor":16,"turns":15},{"damage":9,"enemies":"Spheric Guardian","floor":18,"turns":6},{"damage":9,"enemies":"3 Byrds","floor":19,"turns":8},{"damage":22,"enemies":"Snake Plant","floor":20,"turns":7},{"damage":12,"enemies":"Centurion and Healer","floor":24,"turns":10},{"damage":30,"enemies":"Shelled Parasite and Fungi","floor":27,"turns":9},{"damage":9,"enemies":"Snecko","floor":28,"turns":9},{"damage":2,"enemies":"Snake Plant","floor":29,"turns":6},{"damage":12,"enemies":"Chosen and Byrds","floor":31,"turns":8},{"damage":45,"enemies":"Automaton","floor":33,"turns":6}],"seed_played":"-5085657578885116618","potions_obtained":[{"floor":5,"key":"ColorlessPotion"},{"floor":10,"key":"Explosive Potion"},{"floor":14,"key":"DuplicationPotion"}],"is_trial":false,"path_per_floor":["M","M","$","?","M","R","M","M","T","M","M","$","M","M","R","B",null,"M","M","M","?","?","R","M","R","T","M","M","M","$","M","R","B"],"character_chosen":"IRONCLAD","items_purchased":["Iron Wave","Metallicize","Metallicize"],"campfire_rested":1,"item_purchase_floors":[3,3,12],"current_hp_per_floor":[76,79,79,79,76,76,80,80,80,80,78,78,79,77,77,52,73,70,67,51,51,51,51,45,45,45,21,18,22,22,16,40,0,0],"gold":218,"neow_bonus":"UPGRADE_CARD","is_daily":false,"chose_seed":false,"campfire_upgraded":4,"win_rate":0.0,"timestamp":1608966194,"path_taken":["M","M","$","?","M","R","M","M","T","M","M","$","M","M","R","BOSS","M","M","M","?","?","R","M","R","T","M","M","M","$","M","R","BOSS"],"items_purchased_type":["Card","Card","Card"],"build_version":"2020-12-22","purchased_purges":1,"victory":false,"max_hp_per_floor":[80,80,80,80,80,80,80,80,80,80,80,80,80,80,80,80,80,80,80,80,80,80,80,80,80,80,80,80,80,80,80,80,80,80],"card_choices":[{"not_picked":["Clothesline","Shrug It Off"],"picked":"Armaments","floor":1},{"not_picked":["Warcry","Dual Wield"],"picked":"Metallicize","floor":2},{"not_picked":["Evolve","Dual Wield"],"picked":"Metallicize","floor":5},{"not_picked":["True Grit","Heavy Blade"],"picked":"Ghostly Armor","floor":7},{"not_picked":["Searing Blow","Limit Break"],"picked":"Carnage","floor":8},{"not_picked":["Rage","Pummel","Dual Wield"],"picked":"Body Slam","floor":10},{"not_picked":["Twin Strike","Thunderclap","Anger"],"picked":"Whirlwind","floor":11},{"not_picked":["Rampage","Reckless Charge","Anger"],"picked":"Disarm","floor":13},{"not_picked":["Clash","Evolve","Anger","Cleave"],"picked":"SKIP","floor":14},{"not_picked":["Brutality","Feed","Reaper"],"picked":"Immolate","floor":16},{"not_picked":["Whirlwind","Sword Boomerang","True Grit+1","Clothesline"],"picked":"SKIP","floor":18},{"not_picked":["Thunderclap","Inflame","Flex"],"picked":"Body Slam","floor":19},{"not_picked":["Perfected Strike","Pommel Strike","Warcry"],"picked":"Shockwave","floor":20},{"not_picked":["Warcry+1","Ghostly Armor","Perfected Strike"],"picked":"Rupture+1","floor":24},{"not_picked":["Sword Boomerang","True Grit+1","Wild Strike","Flex"],"picked":"SKIP","floor":27},{"not_picked":["Heavy Blade","Fiend Fire","Havoc"],"picked":"Flame Barrier+1","floor":28},{"not_picked":["Clothesline","True Grit","Headbutt","Sever Soul"],"picked":"SKIP","floor":29},{"not_picked":["Sever Soul","Twin Strike","Headbutt","Cleave"],"picked":"SKIP","floor":31}],"player_experience":282392,"relics_obtained":[{"floor":9,"key":"Question Card"},{"floor":26,"key":"Kunai"}],"event_choices":[{"damage_healed":0,"gold_gain":71,"player_choice":"Gained Gold","damage_taken":0,"max_hp_gain":0,"max_hp_loss":0,"event_name":"Golden Wing","floor":4,"gold_loss":0},{"damage_healed":0,"gold_gain":0,"player_choice":"Ignored","damage_taken":0,"max_hp_gain":0,"max_hp_loss":0,"event_name":"Vampires","floor":21,"gold_loss":0},{"damage_healed":0,"gold_gain":0,"player_choice":"Ignored","damage_taken":0,"max_hp_gain":0,"max_hp_loss":0,"event_name":"The Mausoleum","floor":22,"gold_loss":0}],"is_beta":false,"boss_relics":[{"not_picked":["Cursed Key","Black Star"],"picked":"Sozu"}],"items_purged_floors":[30],"is_endless":false,"potions_floor_spawned":[5,10,13,14,19,20,24,29],"killed_by":"Automaton","ascension_level":12}}