{"host":"q1yq0ibtlljsjzm9","time":1608971614,"event":{"mods":["BaseMod","DeckTracker","Minty Spire (QoL Compilation)","StSLib","The Cursed"],"gold_per_floor":[110,110,31,31,106,106,117,137,162,224,224,254,271,338,338,437,437,457,475,475,112,131,131,150,150,176,176,194,211,211,0,0,98,98,113,0,999,999,292,292,303,56,56,75,85,85,97,114,114,114,114],"floor_reached":50,"playtime":2672,"items_purged":["Normality"],"score":642,"play_id":"4a8e7d1d-b78f-48f2-af5a-d3333efa9020","local_time":"20201226003334","is_ascension_mode":false,"campfire_choices":[{"data":"Noxious Fumes","floor":6.0,"key":"SMITH"},{"floor":15,"key":"REST"},{"floor":23,"key":"REST"},{"floor":27,"key":"REST"},{"floor":32,"key":"REST"},{"floor":40,"key":"REST"},{"floor":46,"key":"REST"},{"floor":49,"key":"REST"}],"circlet_count":0,"master_deck":["Strike_G","Strike_G","Strike_G","Strike_G","Defend_G","Defend_G","Defend_G","Defend_G","Defend_G+1","Survivor","Neutralize","Dash","Regret","Noxious Fumes+1","Deadly Poison+1","Dagger Spray","Adrenaline","Parasite","Deadly Poison","Bane","A Thousand Cuts+1","Underhanded Strike","Blade Dance","Calculated Gamble","Blade Dance","Bane+1","Regret","Blade Dance+1","Caltrops+1","Writhe","Corpse Explosion","Blur","Normality","Deadly Poison","Parasite","Backflip+1","Blade Dance","Infinite Blades+1"],"relics":["Ring of the Snake","NeowsBlessing","Vajra","Bag of Marbles","War Paint","Frozen Egg 2","Cursed Key","Molten Egg 2","Bag of Preparation","Happy Flower","WristBlade","Red Mask","Snake Skull","Pantograph","Medical Kit","HornCleat","Paper Crane"],"acts_visited":["Exordium","TheCity","TheBeyond"],"potions_floor_usage":[16,18,33,33,39,45,45,50],"damage_taken":[{"damage":0.0,"enemies":"Small Slimes","floor":1.0,"turns":1.0},{"damage":0.0,"enemies":"Jaw Worm","floor":7.0,"turns":1.0},{"damage":0.0,"enemies":"2 Louse","floor":8.0,"turns":1.0},{"damage":27.0,"enemies":"Lagavulin Event","floor":10.0,"turns":6.0},{"damage":15.0,"enemies":"3 Sentries","floor":12.0,"turns":4.0},{"damage":7.0,"enemies":"Large Slime","floor":13.0,"turns":5.0},{"damage":19,"enemies":"The Guardian","floor":16,"turns":7},{"damage":10,"enemies":"Shell Parasite","floor":18,"turns":4},{"damage":5,"enemies":"3 Byrds","floor":19,"turns":4},{"damage":27,"enemies":"Shelled Parasite and Fungi","floor":22,"turns":4},{"damage":40,"enemies":"Centurion and Healer","floor":24,"turns":5},{"damage":0,"enemies":"3 Cultists","floor":28,"turns":3},{"damage":34,"enemies":"Shelled Parasite and Fungi","floor":29,"turns":4},{"damage":33,"enemies":"Champ","floor":33,"turns":7},{"damage":18,"enemies":"Orb Walker","floor":35,"turns":3},{"damage":44,"enemies":"3 Shapes","floor":41,"turns":3},{"damage":22,"enemies":"Sphere and 2 Shapes","floor":44,"turns":4},{"damage":5,"enemies":"4 Shapes","floor":45,"turns":3},{"damage":14,"enemies":"Maw","floor":47,"turns":6},{"damage":11,"enemies":"Sphere and 2 Shapes","floor":48,"turns":4},{"damage":52,"enemies":"Donu and Deca","floor":50,"turns":4}],"seed_played":"-3843950830790431251","potions_obtained":[{"floor":7.0,"key":"Ancient Potion"},{"floor":10.0,"key":"LiquidMemories"},{"floor":13.0,"key":"SkillPotion"},{"floor":16,"key":"SteroidPotion"},{"floor":18,"key":"FearPotion"},{"floor":35,"key":"Block Potion"},{"floor":44,"key":"DistilledChaos"},{"floor":48,"key":"PowerPotion"}],"is_trial":false,"path_per_floor":["M","?","$","?","?","R","M","M","T","?","?","E","M","?","R","B",null,"M","M","?","$","M","R","M","?","T","R","M","M","?","?","R","B",null,"M","?","?","?","$","R","M","$","T","M","M","R","M","M","R","B"],"character_chosen":"THE_SILENT","items_purchased":["Noxious Fumes","Molten Egg 2","FairyPotion","Snake Skull","Pantograph","Medical Kit","Fruit Juice","HornCleat"],"campfire_rested":7,"item_purchase_floors":[3,21,21,39,39,39,39,42],"current_hp_per_floor":[70,70,70,70,59,59,59,59,59,32,49,34,27,27,48,29,70,60,55,55,55,28,49,9,9,9,30,30,21,21,21,42,9,70,52,52,52,52,57,75,31,31,31,9,4,26,12,1,23,0,0],"gold":114,"neow_bonus":"THREE_ENEMY_KILL","is_daily":false,"chose_seed":false,"campfire_upgraded":1,"win_rate":0.0,"timestamp":1608971614,"path_taken":["M","?","$","?","?","R","M","M","T","?","?","E","?","?","R","BOSS","M","M","?","$","M","R","?","?","T","R","M","M","?","?","R","BOSS","M","?","?","?","$","R","M","$","T","?","M","R","M","M","R","BOSS"],"items_purchased_type":["Card","Relic","Potion","Relic","Relic","Relic","Potion","Relic"],"build_version":"2020-12-22","purchased_purges":1,"victory":false,"max_hp_per_floor":[70,70,70,70,70,70,70,70,70,70,70,70,70,70,70,70,70,70,70,70,70,70,70,70,70,70,70,70,70,70,70,70,70,70,70,70,70,70,75,75,75,75,75,75,75,75,75,75,75,75,75],"card_choices":[{"not_picked":["Deflect","Distraction"],"picked":"Dash","floor":1.0},{"not_picked":["Quick Slash","Noxious Fumes"],"picked":"Deadly Poison","floor":7.0},{"not_picked":["Dagger Throw","Outmaneuver"],"picked":"Dagger Spray","floor":8.0},{"not_picked":["Deflect","Outmaneuver"],"picked":"Adrenaline","floor":10.0},{"not_picked":["Acrobatics","Malaise"],"picked":"Deadly Poison","floor":12.0},{"not_picked":["Deflect","Slice"],"picked":"Bane","floor":13.0},{"not_picked":["Venomology","Burst"],"picked":"A Thousand Cuts+1","floor":16},{"not_picked":["Deflect","Dagger Spray"],"picked":"Underhanded Strike","floor":18},{"not_picked":["Finisher","Underhanded Strike+1"],"picked":"Blade Dance","floor":19},{"not_picked":["Riddle With Holes+1","Bouncing Flask+1"],"picked":"Blade Dance","floor":22},{"not_picked":["Calculated Gamble+1","Underhanded Strike+1"],"picked":"Bane+1","floor":24},{"not_picked":["Prepared","PiercingWail"],"picked":"Blade Dance+1","floor":28},{"not_picked":["Dagger Throw+1","Outmaneuver+1"],"picked":"Caltrops+1","floor":29},{"not_picked":["Venomology","Tools of the Trade+1"],"picked":"Corpse Explosion","floor":33},{"not_picked":["Sucker Punch+1","Bane+1"],"picked":"Blur","floor":35},{"not_picked":["Flying Knee+1","Outmaneuver"],"picked":"Deadly Poison","floor":41},{"not_picked":["Acrobatics","Flying Knee+1"],"picked":"Backflip+1","floor":44},{"not_picked":["Eviscerate+1","All Out Attack+1","Reflex"],"picked":"SKIP","floor":45},{"not_picked":["Outmaneuver+1","Caltrops+1"],"picked":"Blade Dance","floor":47},{"not_picked":["Choke+1","Footwork+1"],"picked":"Infinite Blades+1","floor":48}],"player_experience":17707,"relics_obtained":[{"floor":9.0,"key":"Bag of Marbles"},{"floor":12.0,"key":"Frozen Egg 2"},{"floor":26,"key":"Bag of Preparation"},{"floor":43,"key":"Paper Crane"}],"event_choices":[{"damage_healed":0.0,"max_hp_gain":0.0,"max_hp_loss":0.0,"gold_gain":0.0,"event_name":"Big Fish","player_choice":"Box","floor":2.0,"gold_loss":0.0,"damage_taken":0.0,"relics_obtained":["Vajra"],"cards_obtained":["Regret"]},{"damage_healed":0.0,"max_hp_gain":0.0,"max_hp_loss":0.0,"gold_gain":0.0,"event_name":"Liars Game","player_choice":"Ignored","floor":4.0,"gold_loss":0.0,"damage_taken":0.0},{"damage_healed":0.0,"max_hp_gain":0.0,"max_hp_loss":0.0,"gold_gain":75.0,"event_name":"World of Goop","player_choice":"Gather Gold","floor":5.0,"gold_loss":0.0,"damage_taken":11.0},{"damage_healed":0.0,"max_hp_gain":0.0,"max_hp_loss":0.0,"gold_gain":0.0,"event_name":"Dead Adventurer","player_choice":"Searched \u00273\u0027 times","floor":10.0,"gold_loss":0.0,"damage_taken":0.0,"relics_obtained":["War Paint"]},{"damage_healed":17.0,"max_hp_gain":0.0,"max_hp_loss":0.0,"gold_gain":0.0,"event_name":"Mushrooms","player_choice":"Healed and dodged fight","floor":11.0,"gold_loss":0.0,"damage_taken":0.0,"cards_obtained":["Parasite"]},{"damage_healed":0.0,"max_hp_gain":0.0,"max_hp_loss":0.0,"gold_gain":67.0,"event_name":"Golden Wing","player_choice":"Gained Gold","floor":14.0,"gold_loss":0.0,"damage_taken":0.0},{"damage_healed":0,"gold_gain":0,"cards_transformed":["Strike_G"],"player_choice":"Transformed","damage_taken":0,"max_hp_gain":0,"max_hp_loss":0,"event_name":"Transmorgrifier","floor":20,"gold_loss":0,"cards_obtained":["Calculated Gamble"]},{"damage_healed":0,"gold_gain":0,"player_choice":"Ignored","damage_taken":0,"max_hp_gain":0,"max_hp_loss":0,"event_name":"Beggar","floor":25,"gold_loss":0},{"damage_healed":0,"gold_gain":0,"player_choice":"Opened","damage_taken":0,"relics_obtained":["Happy Flower"],"max_hp_gain":0,"max_hp_loss":0,"event_name":"The Mausoleum","floor":30,"gold_loss":0,"cards_obtained":["Writhe"]},{"damage_healed":0,"gold_gain":0,"player_choice":"Paid Fearfully","damage_taken":0,"max_hp_gain":0,"max_hp_loss":0,"event_name":"Masked Bandits","floor":31,"gold_loss":211},{"damage_healed":0,"gold_gain":0,"player_choice":"Paid","damage_taken":0,"relics_obtained":["Red Mask"],"max_hp_gain":0,"max_hp_loss":0,"event_name":"Tomb of Lord Red Mask","floor":36,"gold_loss":113},{"damage_healed":0,"gold_gain":999,"player_choice":"Gold","damage_taken":0,"max_hp_gain":0,"max_hp_loss":0,"event_name":"MindBloom","floor":37,"gold_loss":0,"cards_obtained":["Normality","Normality"]},{"damage_healed":0,"gold_gain":0,"player_choice":"Ignored","damage_taken":0,"max_hp_gain":0,"max_hp_loss":0,"event_name":"SecretPortal","floor":38,"gold_loss":0}],"is_beta":false,"boss_relics":[{"not_picked":["Ring of the Serpent","Black Star"],"picked":"Cursed Key"},{"not_picked":["Sozu","Calling Bell"],"picked":"WristBlade"}],"items_purged_floors":[39],"is_endless":false,"potions_floor_spawned":[7,10,13,16,18,28,35,44,48],"killed_by":"Donu and Deca","ascension_level":0}}