{"host":"2461dio7vetlq1z3","time":1608947149,"event":{"mods":["2.2 Compatiblity","AchievementEnabler","Aspiration","BaseMod","Better Skull","Better Third Choice","Friendly Minions","Hermit","Hubris","Minty Spire (QoL Compilation)","Relic Stats","Spicy Shops","StSLib","Waifu the Spire"],"gold_per_floor":[115,115,134,149,149,149,168,181,181,181,181,210,210,237,237,237,237],"floor_reached":16,"playtime":514,"items_purged":[],"score":220,"play_id":"b57f5e90-d5bf-445a-8e2b-f3f478cc8026","local_time":"20201226024549","is_ascension_mode":true,"campfire_choices":[{"data":"Defragment","floor":6,"key":"SMITH"},{"data":"Static Discharge","floor":11,"key":"SMITH"},{"data":"Cold Snap","floor":13,"key":"SMITH"},{"data":"Zap","floor":15,"key":"SMITH"}],"circlet_count":0,"master_deck":["AscendersBane","Strike_B","Strike_B","Defend_B","Defend_B","Defend_B","Defend_B","Zap+1","Dualcast","Cold Snap+1","Compile Driver","Defragment+1","Fission","Static Discharge+1","Injury","BootSequence","hubris:Ukulele"],"relics":["Cracked Core","Pantograph","Frozen Egg 2","aspiration:HummingbirdHeart","PreservedInsect"],"acts_visited":["Exordium"],"potions_floor_usage":[12,14],"damage_taken":[{"damage":7,"enemies":"Jaw Worm","floor":1,"turns":3},{"damage":0,"enemies":"Cultist","floor":3,"turns":4},{"damage":5,"enemies":"2 Louse","floor":4,"turns":3},{"damage":3,"enemies":"Blue Slaver","floor":7,"turns":4},{"damage":18,"enemies":"3 Louse","floor":8,"turns":5},{"damage":15,"enemies":"Lagavulin","floor":12,"turns":6},{"damage":22,"enemies":"Gremlin Nob","floor":14,"turns":4},{"damage":30,"enemies":"Slime Boss","floor":16,"turns":5}],"seed_played":"4889007033555535940","potions_obtained":[{"floor":4,"key":"PowerPotion"},{"floor":7,"key":"Ancient Potion"},{"floor":12,"key":"AttackPotion"},{"floor":14,"key":"Ancient Potion"}],"is_trial":false,"path_per_floor":["M","?","M","M","?","R","M","M","T","?","R","E","R","E","R","B"],"character_chosen":"DEFECT","items_purchased":[],"campfire_rested":0,"item_purchase_floors":[],"current_hp_per_floor":[64,64,64,59,59,59,56,38,38,38,38,23,23,1,1,0,0],"gold":237,"neow_bonus":"TEN_PERCENT_HP_BONUS","is_daily":false,"chose_seed":false,"campfire_upgraded":4,"win_rate":0.0,"timestamp":1608947149,"path_taken":["M","?","?","M","?","R","?","?","T","?","R","E","R","E","R","BOSS"],"items_purchased_type":[],"build_version":"2020-12-22","purchased_purges":0,"victory":false,"max_hp_per_floor":[78,78,78,78,78,78,78,78,78,78,78,78,78,78,78,78,78],"relic_stats":{"counters":[8,34],"Pantograph":25,"PreservedInsect":0,"obtain_stats":[{"Pantograph":9,"PreservedInsect":14,"aspiration:HummingbirdHeart":12,"Frozen Egg 2":10,"Cracked Core":0},{"Pantograph":5,"PreservedInsect":7,"aspiration:HummingbirdHeart":6,"Frozen Egg 2":5,"Cracked Core":0},{"Pantograph":19,"PreservedInsect":29,"aspiration:HummingbirdHeart":25,"Frozen Egg 2":19,"Cracked Core":0}]},"card_choices":[{"not_picked":["Coolheaded","Compile Driver"],"picked":"Cold Snap","floor":1},{"not_picked":["Beam Cell","Chaos"],"picked":"Compile Driver","floor":3},{"not_picked":["Ball Lightning","Beam Cell"],"picked":"Defragment","floor":4},{"not_picked":["Go for the Eyes","Rebound","Consume"],"picked":"SKIP","floor":7},{"not_picked":["Skim","Self Repair"],"picked":"Static Discharge","floor":8},{"not_picked":["Beam Cell","White Noise"],"picked":"BootSequence","floor":12},{"not_picked":["BootSequence","Auto Shields"],"picked":"hubris:Ukulele","floor":14}],"player_experience":920339,"relics_obtained":[{"floor":9,"key":"Pantograph"},{"floor":12,"key":"aspiration:HummingbirdHeart"},{"floor":14,"key":"PreservedInsect"}],"event_choices":[{"cards_removed":["Strike_B"],"damage_healed":0,"gold_gain":0,"player_choice":"Purged","damage_taken":0,"max_hp_gain":0,"max_hp_loss":0,"event_name":"Purifier","floor":2,"gold_loss":0},{"damage_healed":0,"gold_gain":0,"cards_transformed":["Strike_B"],"player_choice":"Transformed","damage_taken":0,"max_hp_gain":0,"max_hp_loss":0,"event_name":"Transmorgrifier","floor":5,"gold_loss":0,"cards_obtained":["Fission"]}],"is_beta":false,"boss_relics":[],"items_purged_floors":[],"is_endless":false,"potions_floor_spawned":[4,7,12,14],"killed_by":"Slime Boss","ascension_level":20}}