{"host":"k5dhp0bkccqfauyu","time":1608982588,"event":{"mods":["BaseMod","Better Note","Better Skull","Better Vampires","Colored Map","Colored Powertips","DeckTracker","Minty Spire (QoL Compilation)","Permanent Neow","StSLib","SuperFastMode"],"gold_per_floor":[117,131,142,142,67,98,98,148,148,182,182,196,221,221,221,221,221],"floor_reached":16,"playtime":608,"items_purged":[],"score":236,"play_id":"397573fb-8571-4b1e-bbd0-8a1ef4b40435","local_time":"20201226223628","is_ascension_mode":true,"campfire_choices":[{"data":"Bouncing Flask","floor":7,"key":"SMITH"},{"floor":11,"key":"DIG"},{"floor":15,"key":"REST"}],"circlet_count":0,"master_deck":["AscendersBane","Survivor","Neutralize","Slice","Escape Plan","Venomology+1","Dodge and Roll","Poisoned Stab","Bouncing Flask+1","Flying Knee","Storm of Steel","Endless Agony","Deflect+1","Deadly Poison+1","Deflect","Reflex","Masterful Stab","Dash","Backstab"],"relics":["Pandora\u0027s Box","Shovel","Torii","Strawberry","Regal Pillow","Juzu Bracelet"],"acts_visited":["Exordium"],"potions_floor_usage":[3,6,6,6,6,10,10,13,13,16],"damage_taken":[{"damage":0,"enemies":"Cultist","floor":1,"turns":3},{"damage":12,"enemies":"Small Slimes","floor":2,"turns":3},{"damage":0,"enemies":"Jaw Worm","floor":3,"turns":3},{"damage":4,"enemies":"Lagavulin","floor":6,"turns":5},{"damage":1,"enemies":"3 Sentries","floor":10,"turns":6},{"damage":13,"enemies":"Exordium Thugs","floor":12,"turns":4},{"damage":9,"enemies":"Lagavulin","floor":13,"turns":6},{"damage":43,"enemies":"Slime Boss","floor":16,"turns":6}],"seed_played":"4871872756144071825","potions_obtained":[],"is_trial":false,"path_per_floor":["M","M","M","?","?","E","R","?","T","E","R","M","E","?","R","B"],"character_chosen":"THE_SILENT","items_purchased":[],"campfire_rested":1,"item_purchase_floors":[],"current_hp_per_floor":[59,47,47,27,27,23,23,23,23,29,29,16,7,7,43,21,21],"gold":221,"neow_bonus":"BOSS_RELIC","is_daily":false,"chose_seed":false,"campfire_upgraded":1,"win_rate":0.0,"timestamp":1608982588,"path_taken":["M","M","M","?","?","E","R","?","T","E","R","?","E","?","R","BOSS"],"items_purchased_type":[],"build_version":"2020-12-22","purchased_purges":0,"victory":false,"max_hp_per_floor":[66,66,66,66,66,66,66,66,66,73,73,73,73,73,73,73,73],"card_choices":[{"not_picked":["Sucker Punch","Heel Hook"],"picked":"Deflect","floor":1},{"not_picked":["Eviscerate","Slice"],"picked":"Deadly Poison","floor":2},{"not_picked":["Finisher","Dagger Throw"],"picked":"Deflect","floor":3},{"not_picked":["Dagger Throw","Caltrops"],"picked":"Reflex","floor":6},{"not_picked":["Flying Knee","Quick Slash"],"picked":"Masterful Stab","floor":10},{"not_picked":["Dagger Throw","Heel Hook"],"picked":"Dash","floor":12},{"not_picked":["Bane","Cloak And Dagger"],"picked":"Backstab","floor":13}],"player_experience":1824581,"relics_obtained":[{"floor":6,"key":"Shovel"},{"floor":9,"key":"Torii"},{"floor":10,"key":"Strawberry"},{"floor":11,"key":"Regal Pillow"},{"floor":13,"key":"Juzu Bracelet"}],"event_choices":[{"damage_healed":0,"gold_gain":0,"player_choice":"Entered Light","damage_taken":20,"max_hp_gain":0,"max_hp_loss":0,"event_name":"Shining Light","floor":4,"gold_loss":0,"cards_upgraded":["Deadly Poison","Deflect"]},{"cards_removed":["Storm of Steel"],"damage_healed":0,"gold_gain":0,"player_choice":"Card Removal","damage_taken":0,"max_hp_gain":0,"max_hp_loss":0,"event_name":"The Cleric","floor":5,"gold_loss":75},{"damage_healed":0,"gold_gain":50,"player_choice":"Pray","damage_taken":0,"max_hp_gain":0,"max_hp_loss":0,"event_name":"Golden Shrine","floor":8,"gold_loss":0},{"damage_healed":0,"gold_gain":0,"player_choice":"Grow","damage_taken":0,"max_hp_gain":0,"max_hp_loss":0,"event_name":"Living Wall","floor":14,"gold_loss":0,"cards_upgraded":["Venomology"]}],"is_beta":false,"boss_relics":[],"items_purged_floors":[],"is_endless":false,"potions_floor_spawned":[6,12],"killed_by":"Slime Boss","ascension_level":20}}