{"host":"yvb207ks1sg3cxef","time":1608982486,"event":{"mods":["2.2 Compatiblity","BaseMod","Bestiary","Colored Powertips","Minty Spire (QoL Compilation)","Permanent Neow","Quick Restart","Relic Stats","StSLib"],"gold_per_floor":[111,131,150,150,150,150,163,163,163,195,195,120,120,155,155,227,227,201,201,212,3,23,23,23],"floor_reached":23,"playtime":1468,"items_purged":["Strike_G"],"score":393,"play_id":"f714ac7f-c565-4286-84fc-f922bf5386af","local_time":"20201226170446","is_ascension_mode":true,"campfire_choices":[{"data":"Quick Slash","floor":6.0,"key":"SMITH"},{"data":"Cloak And Dagger","floor":8.0,"key":"SMITH"},{"data":"Neutralize","floor":11.0,"key":"SMITH"},{"data":"Dodge and Roll","floor":13.0,"key":"SMITH"},{"data":"Survivor","floor":15.0,"key":"SMITH"}],"circlet_count":0,"master_deck":["AscendersBane","Strike_G","Strike_G","Strike_G","Strike_G","Defend_G","Defend_G","Defend_G","Defend_G","Survivor+1","Neutralize+1","Quick Slash+1","Footwork+1","Cloak And Dagger+1","Dodge and Roll+1","Backflip","Malaise","Blur","Dodge and Roll","Footwork","Flying Knee"],"relics":["Ring of the Snake","Oddly Smooth Stone","Mango","Calipers","Tough Bandages","Cursed Key"],"acts_visited":["Exordium","TheCity"],"potions_floor_usage":[23,23],"damage_taken":[{"damage":0.0,"enemies":"2 Louse","floor":1.0,"turns":4.0},{"damage":3.0,"enemies":"Small Slimes","floor":2.0,"turns":4.0},{"damage":1.0,"enemies":"Jaw Worm","floor":3.0,"turns":4.0},{"damage":1.0,"enemies":"Gremlin Gang","floor":7.0,"turns":7.0},{"damage":3.0,"enemies":"3 Sentries","floor":10.0,"turns":13.0},{"damage":26.0,"enemies":"Gremlin Nob","floor":14.0,"turns":6.0},{"damage":29.0,"enemies":"Slime Boss","floor":16.0,"turns":15.0},{"damage":0.0,"enemies":"2 Thieves","floor":18.0,"turns":4.0},{"damage":0.0,"enemies":"3 Byrds","floor":20.0,"turns":9.0},{"damage":7.0,"enemies":"Sentry and Sphere","floor":22.0,"turns":15.0},{"damage":79,"enemies":"Slavers","floor":23,"turns":9}],"seed_played":"-7152502307082432996","potions_obtained":[{"floor":1.0,"key":"Swift Potion"},{"floor":14.0,"key":"Fire Potion"},{"floor":16.0,"key":"Weak Potion"},{"floor":18.0,"key":"AttackPotion"}],"is_trial":false,"path_per_floor":["M","M","M","?","?","R","M","R","T","E","R","?","R","E","R","B",null,"M","?","M","$","M","E"],"character_chosen":"THE_SILENT","items_purchased":["Footwork","Flying Knee"],"campfire_rested":0,"item_purchase_floors":[21,21],"current_hp_per_floor":[59,56,55,60,60,60,59,59,73,70,70,70,70,44,44,15,68,68,68,68,68,61,0,0],"gold":23,"neow_bonus":"RANDOM_COMMON_RELIC","is_daily":false,"chose_seed":false,"campfire_upgraded":5,"win_rate":0.0,"timestamp":1608982486,"path_taken":["M","M","M","?","?","R","M","R","T","E","R","?","R","E","R","BOSS","M","?","M","$","?","E"],"items_purchased_type":["Card","Card"],"build_version":"2020-12-22","purchased_purges":1,"victory":false,"max_hp_per_floor":[66,66,66,71,71,71,71,71,85,85,85,85,85,85,85,85,85,85,85,85,85,85,85,85],"relic_stats":{"Tough Bandages":[30],"counters":[11,90],"Cursed Key":0,"obtain_stats":[{"Tough Bandages":14,"Calipers":10,"Oddly Smooth Stone":0,"Mango":9,"Cursed Key":17,"Ring of the Snake":0},{"Tough Bandages":6,"Calipers":5,"Oddly Smooth Stone":0,"Mango":4,"Cursed Key":7,"Ring of the Snake":0},{"Tough Bandages":38,"Calipers":32,"Oddly Smooth Stone":0,"Mango":19,"Cursed Key":53,"Ring of the Snake":0}],"Ring of the Snake":[22]},"card_choices":[{"not_picked":["Eviscerate","Sucker Punch"],"picked":"Quick Slash","floor":1.0},{"not_picked":["Underhanded Strike","Accuracy"],"picked":"Footwork","floor":2.0},{"not_picked":["Blade Dance","Bane"],"picked":"Cloak And Dagger","floor":3.0},{"not_picked":["Eviscerate","Tactician"],"picked":"Dodge and Roll","floor":7.0},{"not_picked":["Finisher","Bane","Deflect"],"picked":"SKIP","floor":10.0},{"not_picked":["Setup","Riddle With Holes"],"picked":"Backflip","floor":14.0},{"not_picked":["Die Die Die","Phantasmal Killer"],"picked":"Malaise","floor":16.0},{"not_picked":["Terror","All Out Attack"],"picked":"Blur","floor":18.0},{"not_picked":["Quick Slash","Finisher"],"picked":"Dodge and Roll","floor":20.0},{"not_picked":["Poisoned Stab","Cloak And Dagger","Tactician"],"picked":"SKIP","floor":22.0}],"player_experience":212048,"relics_obtained":[{"floor":9.0,"key":"Mango"},{"floor":10.0,"key":"Calipers"},{"floor":14.0,"key":"Tough Bandages"}],"event_choices":[{"damage_healed":0.0,"max_hp_gain":5.0,"max_hp_loss":0.0,"gold_gain":0.0,"event_name":"Big Fish","player_choice":"Donut","floor":4.0,"gold_loss":0.0,"damage_taken":0.0},{"damage_healed":0.0,"max_hp_gain":0.0,"max_hp_loss":0.0,"gold_gain":0.0,"event_name":"Living Wall","player_choice":"Grow","floor":5.0,"gold_loss":0.0,"damage_taken":0.0,"cards_upgraded":["Footwork"]},{"cards_removed":["Defend_G"],"damage_healed":0.0,"max_hp_gain":0.0,"max_hp_loss":0.0,"gold_gain":0.0,"event_name":"The Cleric","player_choice":"Card Removal","floor":12.0,"gold_loss":75.0,"damage_taken":0.0},{"damage_healed":0.0,"max_hp_gain":0.0,"max_hp_loss":0.0,"gold_gain":0.0,"event_name":"N\u0027loth","player_choice":"Ignored","floor":19.0,"gold_loss":0.0,"damage_taken":0.0}],"is_beta":false,"boss_relics":[{"not_picked":["WristBlade","Astrolabe"],"picked":"Cursed Key"}],"items_purged_floors":[21],"is_endless":false,"potions_floor_spawned":[1,14,16,18],"killed_by":"Slavers","ascension_level":17}}