{"host":"f6tqpspb2ou2a4h5","time":1608992340,"event":{"mods":["2.2 Compatiblity","Ascension Unlocker","BaseMod","Colored Map","DeckTracker","Hermit","Highlight Path","KOR Keyword Fix","Keyboard Shortcuts","Minty Spire (QoL Compilation)","Permanent Neow","Quick Restart","Random Character Button","StSLib","SuperFastMode","The Poker Player","everything is the same but u backflip on backflip"],"gold_per_floor":[114,133,10,26,43,77,77,14,14,24,24,24,56,75,75,178,178,198,168,151,170,170,170],"floor_reached":22,"playtime":950,"items_purged":[],"score":228,"play_id":"41f880ab-4b18-4278-be1f-9a2cf8383439","local_time":"20201226231900","is_ascension_mode":true,"campfire_choices":[{"data":"Zap","floor":7,"key":"SMITH"},{"data":"Reprogram","floor":12,"key":"SMITH"},{"data":"Beam Cell","floor":15,"key":"SMITH"}],"circlet_count":0,"master_deck":["Strike_B","Strike_B","Strike_B","Strike_B","Defend_B","Defend_B+1","Defend_B","Defend_B+1","Zap+1","Dualcast","CurseOfTheBell","Go for the Eyes","Gash","Sweeping Beam","Scrape","Coolheaded","Scrape","Chill","Reprogram+1","Hologram","Compile Driver","Beam Cell+1","Seek","BootSequence","Rip and Tear","Self Repair"],"relics":["Calling Bell","Happy Flower","The Courier","Prayer Wheel","Vajra","War Paint","Boot","Letter Opener","Black Star"],"acts_visited":["Exordium","TheCity"],"potions_floor_usage":[16],"damage_taken":[{"damage":15.0,"enemies":"Cultist","floor":1.0,"turns":5.0},{"damage":3.0,"enemies":"2 Louse","floor":2.0,"turns":2.0},{"damage":3,"enemies":"Small Slimes","floor":4,"turns":3},{"damage":2,"enemies":"3 Louse","floor":5,"turns":2},{"damage":25,"enemies":"3 Sentries","floor":6,"turns":5},{"damage":0,"enemies":"Exordium Wildlife","floor":10,"turns":3},{"damage":27,"enemies":"Gremlin Nob","floor":13,"turns":5},{"damage":12,"enemies":"Large Slime","floor":14,"turns":5},{"damage":7,"enemies":"Hexaghost","floor":16,"turns":8},{"damage":11,"enemies":"Spheric Guardian","floor":18,"turns":3},{"damage":17,"enemies":"2 Thieves","floor":20,"turns":4},{"damage":33,"enemies":"Cultist and Chosen","floor":21,"turns":7},{"damage":14,"enemies":"Sentry and Sphere","floor":22,"turns":4}],"seed_played":"-9201129584641853895","potions_obtained":[{"floor":1.0,"key":"SpeedPotion"},{"floor":13,"key":"FearPotion"},{"floor":19,"key":"EssenceOfSteel"},{"floor":19,"key":"Explosive Potion"},{"floor":21,"key":"FocusPotion"}],"is_trial":false,"path_per_floor":["M","M","$","M","M","E","R","$","T","M","?","R","E","M","R","B",null,"M","?","M","M","M"],"character_chosen":"DEFECT","items_purchased":["Vajra","Scrape"],"campfire_rested":0,"item_purchase_floors":[3,8],"current_hp_per_floor":[60,57,57,54,52,27,27,27,27,27,75,75,48,36,36,29,75,64,64,47,14,0,0],"gold":170,"neow_bonus":"BOSS_RELIC","is_daily":false,"chose_seed":false,"campfire_upgraded":3,"win_rate":0.0,"timestamp":1608992340,"path_taken":["M","M","$","?","M","E","R","$","T","M","?","R","E","M","R","BOSS","M","?","M","?","?"],"items_purchased_type":["Relic","Card"],"build_version":"2020-12-22","purchased_purges":0,"victory":false,"max_hp_per_floor":[75,75,75,75,75,75,75,75,75,75,75,75,75,75,75,75,75,75,75,75,75,75,75],"card_choices":[{"not_picked":["Steam","Leap"],"picked":"Go for the Eyes","floor":1.0},{"not_picked":["Turbo","Barrage"],"picked":"Gash","floor":1.0},{"not_picked":["Beam Cell","Conserve Battery"],"picked":"Sweeping Beam","floor":2},{"not_picked":["Cold Snap","Turbo"],"picked":"Scrape","floor":2},{"not_picked":["Leap","Hologram"],"picked":"Doom and Gloom","floor":4},{"not_picked":["Barrage","Sweeping Beam","Doom and Gloom"],"picked":"SKIP","floor":4},{"not_picked":["Barrage","Sweeping Beam","Doom and Gloom"],"picked":"SKIP","floor":4},{"not_picked":["Melter","Hello World","Core Surge"],"picked":"SKIP","floor":5},{"not_picked":["Ball Lightning","Leap","Hologram"],"picked":"SKIP","floor":5},{"not_picked":["Turbo","Beam Cell"],"picked":"Coolheaded","floor":6},{"not_picked":["Steam Power","Rebound"],"picked":"Chill","floor":10},{"not_picked":["Barrage","Streamline"],"picked":"Reprogram","floor":10},{"not_picked":["Barrage","Turbo"],"picked":"Hologram","floor":13},{"not_picked":["Electrodynamics","Gash"],"picked":"Compile Driver","floor":14},{"not_picked":["Conserve Battery","Sweeping Beam"],"picked":"Beam Cell","floor":14},{"not_picked":["Multi-Cast","Echo Form"],"picked":"Seek","floor":16},{"not_picked":["Leap","Chaos"],"picked":"BootSequence","floor":18},{"not_picked":["Gash","Streamline","Coolheaded"],"picked":"SKIP","floor":18},{"not_picked":["Rebound+1","Tempest","Coolheaded"],"picked":"SKIP","floor":20},{"not_picked":["Loop+1","Streamline+1","Beam Cell"],"picked":"SKIP","floor":20},{"not_picked":["Streamline","Rebound"],"picked":"Rip and Tear","floor":21},{"not_picked":["Melter","Double Energy"],"picked":"Self Repair","floor":21}],"player_experience":74614,"relics_obtained":[{"floor":0.0,"key":"Happy Flower"},{"floor":0.0,"key":"The Courier"},{"floor":0.0,"key":"Prayer Wheel"},{"floor":6,"key":"War Paint"},{"floor":9,"key":"Boot"},{"floor":13,"key":"Letter Opener"}],"event_choices":[{"cards_removed":["Doom and Gloom"],"damage_healed":48,"gold_gain":0,"player_choice":"Offered Uncommon","damage_taken":0,"max_hp_gain":0,"max_hp_loss":0,"event_name":"Bonfire Elementals","floor":11,"gold_loss":0},{"damage_healed":0,"gold_gain":0,"player_choice":"Bought 2 Potions","damage_taken":0,"max_hp_gain":0,"max_hp_loss":0,"event_name":"The Woman in Blue","floor":19,"gold_loss":0}],"is_beta":false,"boss_relics":[{"not_picked":["Runic Dome","Ectoplasm"],"picked":"Black Star"}],"items_purged_floors":[],"is_endless":false,"potions_floor_spawned":[1,13,21],"killed_by":"Sentry and Sphere","ascension_level":3}}