{"host":"ywt8u9kq80n9hc8s","time":1608945840,"event":{"mods":["AchievementEnabler","Alarm Clock","BaseMod","Better Altar","Better Match","Better Note","Better Sensory Stone","Better Skull","Better Third Choice","BetterRewards","Filter the Spire","Minty Spire (QoL Compilation)","Permanent Neow","Rare Cards Sparkle","StSLib"],"gold_per_floor":[114,132,57,132,132,165,197,222,272,272,272,315,344,378,378,485,485,502,518,518,468,325,358,391,417,440,466,495,530,562,20,20,118,118,131,131,183,195,195,230,258,258,283,283,134,134,160,172,172,172],"floor_reached":51,"playtime":3680,"items_purged":["Fiend Fire"],"score":1634,"play_id":"934c0cac-ceed-4b67-945d-8874a3c472c0","local_time":"20201226032400","daily_mods":["Shiny","Heirloom","Time Dilation","Flight","DeadlyEvents","Elite Swarm"],"is_ascension_mode":false,"campfire_choices":[{"data":"Offering","floor":10,"key":"SMITH"},{"data":"Berserk","floor":11,"key":"SMITH"},{"data":"Feed","floor":15,"key":"SMITH"},{"data":"Demon Form","floor":32,"key":"SMITH"},{"data":"Double Tap","floor":42,"key":"SMITH"},{"data":"Bludgeon","floor":44,"key":"SMITH"},{"data":"Impervious","floor":46,"key":"SMITH"},{"data":"Limit Break","floor":49,"key":"SMITH"}],"circlet_count":0,"master_deck":["Double Tap+1","Demon Form+1","Bludgeon+1","Feed+1","Limit Break+1","Corruption","Barricade","Berserk+1","Impervious+1","Juggernaut","Brutality","Reaper+1","Exhume","Offering+1","Immolate+1","Exhume","Exhume"],"relics":["Snecko Eye","Pocketwatch","White Beast Statue","Smiling Mask","Unceasing Top","Bag of Preparation","CeramicFish","Lantern","Potion Belt","Du-Vu Doll","Black Star","Red Skull","Bag of Marbles","HornCleat","Regal Pillow","Bottled Lightning","Incense Burner","MealTicket","Ancient Tea Set","Oddly Smooth Stone","Turnip","Anchor","Dead Branch","PreservedInsect","Dream Catcher","Strawberry","Gremlin Horn","Akabeko","Bottled Tornado","Vajra","Sling","Philosopher\u0027s Stone","Blood Vial","Centennial Puzzle","Kunai","Prayer Wheel","Meat on the Bone","Nunchaku","OrangePellets","Letter Opener","Whetstone"],"acts_visited":["Exordium","TheCity","TheBeyond"],"potions_floor_usage":[38],"damage_taken":[{"damage":0,"enemies":"Cultist","floor":1,"turns":2},{"damage":14,"enemies":"Small Slimes","floor":2,"turns":2},{"damage":8,"enemies":"Gremlin Nob","floor":6,"turns":3},{"damage":7,"enemies":"3 Sentries","floor":7,"turns":2},{"damage":12,"enemies":"Gremlin Nob","floor":8,"turns":1},{"damage":12,"enemies":"Lagavulin","floor":12,"turns":1},{"damage":12,"enemies":"Gremlin Nob","floor":13,"turns":1},{"damage":0,"enemies":"3 Sentries","floor":14,"turns":3},{"damage":12,"enemies":"Slime Boss","floor":16,"turns":1},{"damage":18,"enemies":"Chosen","floor":18,"turns":1},{"damage":24,"enemies":"Shell Parasite","floor":19,"turns":2},{"damage":6,"enemies":"Gremlin Leader","floor":23,"turns":4},{"damage":12,"enemies":"Book of Stabbing","floor":24,"turns":1},{"damage":18,"enemies":"Slavers","floor":25,"turns":2},{"damage":12,"enemies":"Book of Stabbing","floor":27,"turns":1},{"damage":6,"enemies":"Slavers","floor":28,"turns":1},{"damage":24,"enemies":"Gremlin Leader","floor":29,"turns":3},{"damage":12,"enemies":"Book of Stabbing","floor":30,"turns":1},{"damage":18,"enemies":"Champ","floor":33,"turns":1},{"damage":0,"enemies":"3 Darklings","floor":35,"turns":1},{"damage":6,"enemies":"Orb Walker","floor":38,"turns":1},{"damage":0,"enemies":"Nemesis","floor":40,"turns":1},{"damage":18,"enemies":"Giant Head","floor":41,"turns":1},{"damage":6,"enemies":"Reptomancer","floor":47,"turns":1},{"damage":24,"enemies":"Transient","floor":48,"turns":1},{"damage":21,"enemies":"Donu and Deca","floor":50,"turns":3}],"seed_played":"-1597317544653415692","potions_obtained":[{"floor":2,"key":"GamblersBrew"},{"floor":6,"key":"FearPotion"},{"floor":7,"key":"BlessingOfTheForge"},{"floor":8,"key":"Strength Potion"},{"floor":12,"key":"LiquidMemories"},{"floor":13,"key":"SmokeBomb"},{"floor":14,"key":"Explosive Potion"},{"floor":24,"key":"Ancient Potion"},{"floor":38,"key":"Fruit Juice"},{"floor":40,"key":"Weak Potion"}],"is_trial":true,"path_per_floor":["M","M","$","?","?","E","E","E","T","R","R","E","E","E","R","B",null,"M","M","?","?","$","E","E","E","T","E","E","E","E","$","R","B",null,"M","?","T","M","$","E","E","R","T","R","$","R","E","M","R","B",null],"character_chosen":"IRONCLAD","items_purchased":["Bag of Marbles","Bottled Tornado","Vajra","Sling","OrangePellets"],"campfire_rested":0,"item_purchase_floors":[22,31,31,31,45],"current_hp_per_floor":[83,72,72,61,61,61,65,53,53,53,53,41,29,51,51,43,102,88,68,44,44,44,75,63,102,102,102,108,99,91,106,106,92,141,141,134,134,137,143,143,135,135,135,135,147,147,145,151,151,136],"gold":172,"neow_bonus":"","is_daily":false,"chose_seed":false,"campfire_upgraded":8,"win_rate":0.0,"timestamp":1608945840,"path_taken":["M","?","$","?","?","E","E","E","T","R","R","E","E","E","R","BOSS","M","?","?","?","$","E","E","E","T","E","E","E","E","$","R","BOSS","M","?","?","M","$","E","E","R","T","R","$","R","E","M","R","BOSS"],"items_purchased_type":["Relic","Relic","Relic","Relic","Relic"],"build_version":"2020-12-22","purchased_purges":1,"victory":true,"max_hp_per_floor":[83,86,86,86,86,89,92,92,92,92,92,92,92,98,98,102,102,106,110,110,110,110,110,110,114,114,114,126,133,137,137,137,141,141,141,134,134,143,143,143,147,147,147,147,147,147,151,151,151,151],"card_choices":[{"not_picked":["Clothesline","Havoc","Anger"],"picked":"SKIP","floor":1},{"not_picked":["Pummel","Thunderclap","Feel No Pain"],"picked":"SKIP","floor":2},{"not_picked":["Immolate","Fiend Fire","Feed"],"picked":"SKIP","floor":6},{"not_picked":["Barricade","Reaper","Immolate"],"picked":"SKIP","floor":7},{"not_picked":["Impervious","Reaper","Demon Form"],"picked":"SKIP","floor":8},{"not_picked":["Offering","Barricade"],"picked":"Exhume","floor":12},{"not_picked":["Reaper","Berserk","Juggernaut"],"picked":"SKIP","floor":13},{"not_picked":["Impervious","Corruption","Offering"],"picked":"SKIP","floor":14},{"not_picked":["Corruption","Limit Break"],"picked":"Exhume","floor":16},{"not_picked":["True Grit","Rage+1","Inflame+1"],"picked":"SKIP","floor":18},{"not_picked":["Shrug It Off+1","Clothesline","Bloodletting"],"picked":"SKIP","floor":19},{"not_picked":["Feed","Corruption","Barricade"],"picked":"SKIP","floor":23},{"not_picked":["Exhume","Reaper","Impervious"],"picked":"SKIP","floor":24},{"not_picked":["Barricade","Reaper","Exhume"],"picked":"SKIP","floor":25},{"not_picked":["Exhume","Feed","Corruption"],"picked":"SKIP","floor":27},{"not_picked":["Exhume","Barricade","Impervious"],"picked":"SKIP","floor":28},{"not_picked":["Double Tap","Brutality","Fiend Fire"],"picked":"SKIP","floor":29},{"not_picked":["Impervious","Double Tap","Barricade"],"picked":"SKIP","floor":30},{"not_picked":["Twin Strike+1","True Grit+1","Dropkick"],"picked":"SKIP","floor":35},{"not_picked":["Warcry","Shockwave+1","Rupture"],"picked":"SKIP","floor":38},{"not_picked":["Corruption","Fiend Fire","Juggernaut"],"picked":"SKIP","floor":40},{"not_picked":["Feed","Double Tap","Fiend Fire"],"picked":"SKIP","floor":41},{"not_picked":["Immolate","Reaper","Bludgeon"],"picked":"SKIP","floor":47},{"not_picked":["Rupture+1","Armaments","Anger"],"picked":"SKIP","floor":48},{"not_picked":["Perfected Strike+1","Havoc","Sever Soul+1"],"picked":"SKIP","floor":48}],"player_experience":51431,"relics_obtained":[{"floor":6,"key":"Smiling Mask"},{"floor":7,"key":"Unceasing Top"},{"floor":8,"key":"Bag of Preparation"},{"floor":9,"key":"CeramicFish"},{"floor":12,"key":"Lantern"},{"floor":13,"key":"Potion Belt"},{"floor":14,"key":"Du-Vu Doll"},{"floor":23,"key":"HornCleat"},{"floor":23,"key":"Regal Pillow"},{"floor":24,"key":"Bottled Lightning"},{"floor":24,"key":"Incense Burner"},{"floor":25,"key":"MealTicket"},{"floor":25,"key":"Ancient Tea Set"},{"floor":26,"key":"Oddly Smooth Stone"},{"floor":27,"key":"Turnip"},{"floor":27,"key":"Anchor"},{"floor":28,"key":"Dead Branch"},{"floor":28,"key":"PreservedInsect"},{"floor":29,"key":"Dream Catcher"},{"floor":29,"key":"Strawberry"},{"floor":30,"key":"Gremlin Horn"},{"floor":30,"key":"Akabeko"},{"floor":37,"key":"Blood Vial"},{"floor":40,"key":"Centennial Puzzle"},{"floor":40,"key":"Kunai"},{"floor":41,"key":"Prayer Wheel"},{"floor":41,"key":"Meat on the Bone"},{"floor":43,"key":"Nunchaku"},{"floor":47,"key":"Letter Opener"},{"floor":47,"key":"Whetstone"}],"event_choices":[{"damage_healed":0,"gold_gain":75,"player_choice":"Gold","damage_taken":11,"max_hp_gain":0,"max_hp_loss":0,"event_name":"betterThird:BetterGoop","floor":4,"gold_loss":0},{"damage_healed":0,"gold_gain":0,"player_choice":"Gave Potion","damage_taken":0,"relics_obtained":["White Beast Statue"],"max_hp_gain":0,"max_hp_loss":0,"event_name":"WeMeetAgain","floor":5,"gold_loss":0},{"damage_healed":0,"gold_gain":0,"player_choice":"RE ","damage_taken":26,"relics_obtained":["Red Skull"],"max_hp_gain":0,"max_hp_loss":0,"event_name":"betterSkull:BetterSkull","floor":20,"gold_loss":0,"cards_upgraded":[]},{"damage_healed":0,"gold_gain":0,"player_choice":"Bet on Murderer","damage_taken":0,"max_hp_gain":0,"max_hp_loss":0,"event_name":"The Joust","floor":21,"gold_loss":50},{"damage_healed":0,"gold_gain":0,"player_choice":"Max HP","damage_taken":0,"max_hp_gain":0,"max_hp_loss":7,"event_name":"Winding Halls","floor":36,"gold_loss":0}],"is_beta":false,"boss_relics":[{"not_picked":["Calling Bell","Cursed Key"],"picked":"Black Star"},{"not_picked":["Empty Cage","Runic Cube"],"picked":"Philosopher\u0027s Stone"}],"items_purged_floors":[3],"is_endless":false,"potions_floor_spawned":[2,6,7,8,12,13,14,16,18,19,23,24,25,27,28,29,30,33,35,38,40,41,47,48],"ascension_level":0}}