{"host":"xa2omnxk3uapc4qp","time":1608956834,"event":{"mods":["BaseMod","Lobotomy","Minty Spire (QoL Compilation)","StSLib"],"gold_per_floor":[116,134,134,146,146,178,178,193,218,218,251,279,279,296,296,398,398,398,398,398,318,318,318,318,318],"floor_reached":22,"playtime":1031,"items_purged":[],"score":217,"play_id":"3846784c-ccf3-44b7-bc4b-967c9b486590","local_time":"20201226122714","is_ascension_mode":false,"campfire_choices":[{"data":"Ghostly Armor","floor":7.0,"key":"SMITH"},{"data":"Inflame","floor":10.0,"key":"SMITH"},{"floor":15.0,"key":"REST"}],"circlet_count":0,"master_deck":["Strike_R+1","Strike_R+1","Strike_R","Strike_R","Strike_R","Defend_R+1","Defend_R","Defend_R","Bash","Whirlwind","UniverseFragment","Inflame+1","Mercenary","Ghostly Armor+1","HappyTeddy","CrumblingArmor","BigBird","Murderer","Cleave","BeautyBeast","Limit Break","MeatLantern","Scorched","Metallicize","PunishingBird","Armaments","Feel No Pain"],"relics":["Burning Blood","CogitoBucket","Toy Ornithopter","War Paint","MealTicket","Odd Mushroom","ResearcherNote","Ectoplasm","Red Mask"],"acts_visited":["Exordium","TheCity"],"potions_floor_usage":[],"damage_taken":[{"damage":1.0,"enemies":"Cultist","floor":1.0,"turns":3.0},{"damage":0.0,"enemies":"Small Slimes","floor":2.0,"turns":2.0},{"damage":0.0,"enemies":"2 Louse","floor":4.0,"turns":3.0},{"damage":52.0,"enemies":"Lagavulin","floor":6.0,"turns":7.0},{"damage":10.0,"enemies":"Looter","floor":8.0,"turns":2.0},{"damage":0.0,"enemies":"Gremlin Nob","floor":11.0,"turns":2.0},{"damage":6.0,"enemies":"The Mushroom Lair","floor":12.0,"turns":2.0},{"damage":16.0,"enemies":"Exordium Thugs","floor":14.0,"turns":3.0},{"damage":43.0,"enemies":"The Guardian","floor":16.0,"turns":12.0},{"damage":9.0,"enemies":"Shell Parasite","floor":18.0,"turns":8.0},{"damage":5,"enemies":"Masked Bandits","floor":20,"turns":3},{"damage":0,"enemies":"Spheric Guardian","floor":22,"turns":1},{"damage":100,"enemies":"Spheric Guardian","floor":22,"turns":1}],"seed_played":"3391560305813033224","potions_obtained":[{"floor":1.0,"key":"LiquidBronze"},{"floor":8.0,"key":"BlessingOfTheForge"},{"floor":11.0,"key":"ColorlessPotion"},{"floor":16.0,"key":"Ancient Potion"},{"floor":20,"key":"Dexterity Potion"}],"is_trial":false,"path_per_floor":["M","M","?","M","$","E","R","M","T","R","E","?","?","M","R","B",null,"M","?","?","$","M"],"character_chosen":"IRONCLAD","items_purchased":["Feel No Pain"],"campfire_rested":1,"item_purchase_floors":[21],"current_hp_per_floor":[80,80,64,70,70,24,24,20,20,20,26,26,26,26,50,18,80,77,77,78,80,80,0,0,0],"gold":318,"neow_bonus":"","is_daily":false,"chose_seed":false,"campfire_upgraded":2,"win_rate":0.0,"timestamp":1608956834,"path_taken":["M","?","?","M","$","E","R","M","T","R","E","?","?","?","R","BOSS","M","?","?","$","M"],"items_purchased_type":["Card"],"build_version":"2020-12-22","purchased_purges":0,"victory":false,"max_hp_per_floor":[80,80,80,80,80,80,80,80,80,80,80,80,80,80,80,80,80,80,80,80,80,80,80,80,80],"card_choices":[{"not_picked":["Shockwave","Heavy Blade"],"picked":"Whirlwind","floor":1.0},{"not_picked":["DreamingCurrent","CherryBlossoms"],"picked":"UniverseFragment","floor":1.0},{"not_picked":["Sword Boomerang","Intimidate"],"picked":"Inflame","floor":2.0},{"not_picked":["SingingMachine","VoidDream"],"picked":"CherryBlossoms","floor":2.0},{"not_picked":["ShyLook","DreamingCurrent"],"picked":"Mercenary","floor":4.0},{"not_picked":["Combust","Havoc","Warcry"],"picked":"SKIP","floor":4.0},{"not_picked":["Combust","Havoc","Warcry"],"picked":"SKIP","floor":4.0},{"not_picked":["Seeing Red","Thunderclap"],"picked":"Ghostly Armor","floor":6.0},{"not_picked":["OldLady","SingingMachine"],"picked":"HappyTeddy","floor":6.0},{"not_picked":["SpiderBud","WallGazer"],"picked":"CrumblingArmor","floor":8.0},{"not_picked":["Searing Blow","Blood for Blood","Havoc"],"picked":"SKIP","floor":8.0},{"not_picked":["Murderer","ShyLook"],"picked":"BigBird","floor":11.0},{"not_picked":["Heavy Blade","Wild Strike","Havoc"],"picked":"SKIP","floor":11.0},{"not_picked":["BlackSwan","Scorched"],"picked":"Murderer","floor":12.0},{"not_picked":["Fire Breathing","Havoc"],"picked":"Cleave","floor":14.0},{"not_picked":["CherryBlossoms","HeroicMonk"],"picked":"BeautyBeast","floor":14.0},{"not_picked":["Bludgeon","Offering"],"picked":"Limit Break","floor":16.0},{"not_picked":["Wellcheers","Bloodbath"],"picked":"MeatLantern","floor":16.0},{"not_picked":["SingingMachine","NothingThere"],"picked":"Scorched","floor":18.0},{"not_picked":["Evolve","Iron Wave+1","Twin Strike"],"picked":"SKIP","floor":18.0},{"not_picked":["Evolve","Iron Wave+1","Twin Strike"],"picked":"SKIP","floor":18.0},{"not_picked":["Evolve","Iron Wave+1","Twin Strike"],"picked":"SKIP","floor":18.0},{"not_picked":["OSAHOGD","LaLuna"],"picked":"PunishingBird","floor":20},{"not_picked":["Headbutt+1","Intimidate"],"picked":"Armaments","floor":20}],"player_experience":258082,"relics_obtained":[{"floor":6.0,"key":"Toy Ornithopter"},{"floor":9.0,"key":"War Paint"},{"floor":11.0,"key":"MealTicket"},{"floor":12.0,"key":"Odd Mushroom"},{"floor":20,"key":"Red Mask"}],"event_choices":[{"damage_healed":0.0,"max_hp_gain":0.0,"max_hp_loss":0.0,"gold_gain":0.0,"event_name":"Shining Light","player_choice":"Entered Light","floor":3.0,"gold_loss":0.0,"damage_taken":16.0,"cards_upgraded":["Strike_R","Strike_R"]},{"damage_healed":0.0,"max_hp_gain":0.0,"max_hp_loss":0.0,"gold_gain":0.0,"event_name":"Mushrooms","player_choice":"Fought Mushrooms","floor":12.0,"gold_loss":0.0,"damage_taken":0.0},{"cards_removed":["CherryBlossoms"],"damage_healed":0.0,"max_hp_gain":0.0,"max_hp_loss":0.0,"gold_gain":0.0,"event_name":"Purifier","player_choice":"Purged","floor":13.0,"gold_loss":0.0,"damage_taken":0.0},{"damage_healed":0.0,"max_hp_gain":0.0,"max_hp_loss":0.0,"gold_gain":0.0,"event_name":"The Library","player_choice":"Read","floor":19.0,"gold_loss":0.0,"damage_taken":0.0,"cards_obtained":["Metallicize"]},{"damage_healed":0,"gold_gain":0,"player_choice":"Fought Bandits","damage_taken":0,"max_hp_gain":0,"max_hp_loss":0,"event_name":"Masked Bandits","floor":20,"gold_loss":0}],"is_beta":false,"boss_relics":[{"not_picked":["Coffee Dripper","Runic Dome"],"picked":"Ectoplasm"}],"items_purged_floors":[],"is_endless":false,"potions_floor_spawned":[1,8,11,16,20],"killed_by":"Spheric Guardian","ascension_level":0}}