{"host":"Ansgar","time":1608965482,"event":{"mods":["AchievementEnabler","BaseMod","Colored Map","DeckTracker","Highlight Path","Minty Spire (QoL Compilation)","Relic Stats","StSLib"],"gold_per_floor":[112,127,127,137,156,189,201,214,238,238,258,313,15,26,26,26,26],"floor_reached":16,"playtime":1588,"items_purged":["Strike_P"],"score":104,"play_id":"7bbc0570-8fec-483d-8a05-ccbe6ed6fe0b","local_time":"20201226075122","is_ascension_mode":false,"campfire_choices":[{"floor":10,"key":"REST"},{"floor":15,"key":"REST"}],"circlet_count":0,"master_deck":["Strike_P","Strike_P","Strike_P","Defend_P","Defend_P","Defend_P","Defend_P","Eruption","Vigilance","FlurryOfBlows+1","Fasting2","PathToVictory","Meditate","MasterReality","Pray","FollowUp","Study","DeceiveReality","Study","WheelKick"],"relics":["PureWater","NeowsBlessing","MealTicket","Orichalcum","Odd Mushroom","Pen Nib","Anchor"],"acts_visited":["Exordium"],"potions_floor_usage":[8,12,16],"damage_taken":[{"damage":0,"enemies":"Small Slimes","floor":1,"turns":1},{"damage":0,"enemies":"Cultist","floor":2,"turns":1},{"damage":0,"enemies":"Jaw Worm","floor":4,"turns":1},{"damage":0,"enemies":"Large Slime","floor":5,"turns":4},{"damage":32,"enemies":"Gremlin Nob","floor":6,"turns":4},{"damage":16,"enemies":"3 Louse","floor":7,"turns":4},{"damage":13,"enemies":"Lots of Slimes","floor":8,"turns":3},{"damage":10,"enemies":"The Mushroom Lair","floor":11,"turns":5},{"damage":18,"enemies":"3 Sentries","floor":12,"turns":15},{"damage":2,"enemies":"Looter","floor":14,"turns":4},{"damage":39,"enemies":"The Guardian","floor":16,"turns":9}],"seed_played":"-3116209973416742303","potions_obtained":[{"floor":6,"key":"BottledMiracle"},{"floor":7,"key":"SteroidPotion"},{"floor":12,"key":"StancePotion"},{"floor":14,"key":"Ancient Potion"}],"is_trial":false,"path_per_floor":["M","M","?","M","M","E","M","M","T","R","?","?","$","M","R","B"],"character_chosen":"WATCHER","items_purchased":["Anchor","Study"],"campfire_rested":2,"item_purchase_floors":[13,13],"current_hp_per_floor":[72,72,72,72,72,40,24,11,11,32,22,4,19,17,38,0,0],"gold":26,"neow_bonus":"THREE_ENEMY_KILL","is_daily":false,"chose_seed":false,"campfire_upgraded":0,"win_rate":0.0,"timestamp":1608965482,"path_taken":["M","M","?","?","M","E","M","M","T","R","?","?","$","M","R","BOSS"],"items_purchased_type":["Relic","Card"],"build_version":"2020-12-18","purchased_purges":1,"victory":false,"max_hp_per_floor":[72,72,72,72,72,72,72,72,72,72,72,72,72,72,72,72,72],"relic_stats":{"counters":[11,51],"MealTicket":15,"Pen Nib":[1],"Orichalcum":[66],"obtain_stats":[{"Anchor":13,"NeowsBlessing":0,"MealTicket":6,"Pen Nib":12,"PureWater":0,"Orichalcum":9,"Odd Mushroom":11},{"Anchor":9,"NeowsBlessing":0,"MealTicket":5,"Pen Nib":9,"PureWater":0,"Orichalcum":7,"Odd Mushroom":8},{"Anchor":38,"NeowsBlessing":0,"MealTicket":11,"Pen Nib":38,"PureWater":0,"Orichalcum":18,"Odd Mushroom":23}]},"card_choices":[{"not_picked":["ThirdEye","Evaluate"],"picked":"FlurryOfBlows","floor":1},{"not_picked":["FlyingSleeves","FollowUp"],"picked":"Fasting2","floor":2},{"not_picked":["JustLucky","EmptyFist"],"picked":"PathToVictory","floor":4},{"not_picked":["Protect","FollowUp"],"picked":"Meditate","floor":5},{"not_picked":["EmptyMind","Brilliance"],"picked":"MasterReality","floor":6},{"not_picked":["ThirdEye","TalkToTheHand"],"picked":"Pray","floor":7},{"not_picked":["Fasting2","Meditate"],"picked":"FollowUp","floor":8},{"not_picked":["JustLucky","Consecrate"],"picked":"Study","floor":11},{"not_picked":["FlurryOfBlows","Tantrum"],"picked":"DeceiveReality","floor":12},{"not_picked":["EmptyFist","Crescendo"],"picked":"WheelKick","floor":14}],"player_experience":1220106,"relics_obtained":[{"floor":6,"key":"MealTicket"},{"floor":9,"key":"Orichalcum"},{"floor":11,"key":"Odd Mushroom"},{"floor":12,"key":"Pen Nib"}],"event_choices":[{"damage_healed":0,"gold_gain":0,"player_choice":"Upgraded","damage_taken":0,"max_hp_gain":0,"max_hp_loss":0,"event_name":"Upgrade Shrine","floor":3,"gold_loss":0,"cards_upgraded":["FlurryOfBlows"]},{"damage_healed":0,"gold_gain":0,"player_choice":"Fought Mushrooms","damage_taken":0,"max_hp_gain":0,"max_hp_loss":0,"event_name":"Mushrooms","floor":11,"gold_loss":0},{"damage_healed":0,"gold_gain":0,"player_choice":"Searched \u00271\u0027 times","damage_taken":0,"max_hp_gain":0,"max_hp_loss":0,"event_name":"Dead Adventurer","floor":12,"gold_loss":0}],"is_beta":true,"boss_relics":[],"items_purged_floors":[13],"is_endless":false,"potions_floor_spawned":[6,7,12,14],"killed_by":"The Guardian","ascension_level":0}}