{"host":"h5acbxt0wmjo1kpm","time":1608955214,"event":{"mods":["2.2 Compatiblity","Act Like it!","AlwaysNeverKeys","Aspiration","Bartender","BaseMod","Better Third Choice","Colored Map","Elementarium","Gensokyo","GifTheSpireLib","Hallownest","Marisa????????","Minty Spire (QoL Compilation)","Permanent Neow","Potionbrewer","Relic Filter","Replay The Spire","Robot Space Explorer","RumiaBox-????????","Shade Mod","Spicy Shops","StSLib","Strawberry Spire","The Blackbeard","The Dragon Tamer","The Forsaken","The Gatherer","The Problem Sleuth","The Servant 0.9.4","Wandering Minibosses","vexMod"],"gold_per_floor":[10,29,29,40,40,66,66,18,18,18,33,68,68,68,68,68,68],"floor_reached":16,"playtime":797,"items_purged":[],"score":161,"play_id":"e55c3146-c920-4201-83af-49be03542f24","local_time":"20201225200014","is_ascension_mode":true,"campfire_choices":[{"floor":7,"key":"REST"},{"data":"Devotion","floor":10,"key":"SMITH"},{"floor":13,"key":"REST"},{"data":"Prostrate","floor":15,"key":"SMITH"}],"circlet_count":0,"master_deck":["AscendersBane","Defend_P","Defend_P","Defend_P","Eruption","Vigilance","LikeWater","PathToVictory","Prostrate+1","WheelKick","EmptyFist","Devotion+1","JustLucky","FlyingSleeves","Heel Hook","strawberrySpire:Fastroyer","ReplayTheSpireMod:The Works"],"relics":["PureWater","Pear","Ccalipers","Gremlin Horn","Happy Flower"],"acts_visited":["Gensokyo:Gensokyo"],"potions_floor_usage":[16,16],"damage_taken":[{"damage":7,"enemies":"Gensokyo:3_Fairies","floor":1,"turns":5},{"damage":10,"enemies":"Gensokyo:Gryphon","floor":2,"turns":4},{"damage":0,"enemies":"Gensokyo:Python","floor":4,"turns":2},{"damage":34,"enemies":"Gensokyo:Aya","floor":6,"turns":6},{"damage":10,"enemies":"Gensokyo:Kitsune","floor":11,"turns":4},{"damage":20,"enemies":"Gensokyo:Mamizou","floor":12,"turns":9},{"damage":32,"enemies":"Gensokyo:Reimu","floor":16,"turns":9}],"seed_played":"-4236412443548655180","potions_obtained":[{"floor":2,"key":"Doom Potion"},{"floor":6,"key":"potionbrewer:CleansingPotion"}],"is_trial":false,"path_per_floor":["M","M","?","M","$","E","R","$","T","R","M","E","R","?","R","B"],"character_chosen":"WATCHER","items_purchased":["JustLucky"],"campfire_rested":2,"item_purchase_floors":[8],"current_hp_per_floor":[58,48,43,43,43,9,33,33,33,33,23,3,27,27,27,0,0],"gold":68,"neow_bonus":"TRANSFORM_TWO_CARDS","is_daily":false,"chose_seed":false,"campfire_upgraded":2,"win_rate":0.0,"timestamp":1608955214,"path_taken":["M","M","?","M","$","E","R","$","T","R","M","E","R","?","R","BOSS"],"items_purchased_type":["Card"],"build_version":"2020-12-22","purchased_purges":0,"victory":false,"max_hp_per_floor":[72,72,82,82,82,82,82,82,82,82,82,82,82,82,82,82,82],"card_choices":[{"not_picked":["FollowUp","Halt"],"picked":"Prostrate","floor":1},{"not_picked":["Replay:AtTheReady","DeceiveReality"],"picked":"WheelKick","floor":2},{"not_picked":["Vengeance","Crescendo"],"picked":"EmptyFist","floor":4},{"not_picked":["ThirdEye","EmptyFist"],"picked":"Devotion","floor":6},{"not_picked":["MentalFortress","DeceiveReality","Replay:Anticipation"],"picked":"SKIP","floor":11},{"not_picked":["Replay:Battleflow","Evaluate"],"picked":"FlyingSleeves","floor":12}],"player_experience":1946339,"relics_obtained":[{"floor":6,"key":"Ccalipers"},{"floor":9,"key":"Gremlin Horn"},{"floor":12,"key":"Happy Flower"}],"event_choices":[],"is_beta":false,"boss_relics":[],"items_purged_floors":[],"is_endless":false,"potions_floor_spawned":[2,6],"killed_by":"Gensokyo:Reimu","ascension_level":12}}