{"host":"03a85bwj0a5skoit","time":1608987267,"event":{"mods":["BaseMod","Block Reminder","Minty Spire (QoL Compilation)","Relic Stats","StSLib"],"gold_per_floor":[117,127,26,40,55,88,88,6,30,105,105,186,186,186],"floor_reached":13,"playtime":334,"items_purged":[],"score":170,"play_id":"0bc6def2-3554-4512-83c2-a8d3b79fa4c2","local_time":"20201226232427","is_ascension_mode":true,"campfire_choices":[{"data":"TalkToTheHand","floor":11,"key":"SMITH"}],"circlet_count":0,"master_deck":["AscendersBane","Strike_P","Strike_P","Strike_P","Strike_P","Defend_P","Defend_P","Defend_P","Defend_P","Eruption","Vigilance","CurseOfTheBell","FlurryOfBlows","Adaptation","Deep Breath","TalkToTheHand+1","MentalFortress","DevaForm","FlurryOfBlows"],"relics":["Calling Bell","Potion Belt","Eternal Feather","StoneCalendar","MealTicket","Pen Nib","Molten Egg 2"],"acts_visited":["Exordium"],"potions_floor_usage":[6,7,13],"damage_taken":[{"damage":1,"enemies":"Cultist","floor":1,"turns":4},{"damage":4,"enemies":"2 Louse","floor":2,"turns":4},{"damage":0,"enemies":"Jaw Worm","floor":4,"turns":4},{"damage":17,"enemies":"Red Slaver","floor":5,"turns":5},{"damage":24,"enemies":"Lagavulin","floor":6,"turns":7},{"damage":0,"enemies":"Exordium Wildlife","floor":7,"turns":1},{"damage":49,"enemies":"Gremlin Nob","floor":13,"turns":4}],"seed_played":"-646537923681740351","potions_obtained":[{"floor":1,"key":"SmokeBomb"},{"floor":2,"key":"DuplicationPotion"}],"is_trial":false,"path_per_floor":["M","M","$","M","M","E","M","$","T","?","R","T","E"],"character_chosen":"WATCHER","items_purchased":["Deep Breath","FlurryOfBlows","PowerPotion"],"campfire_rested":0,"item_purchase_floors":[3,8,8],"current_hp_per_floor":[60,56,56,56,39,15,15,30,30,19,28,28,0,0],"gold":186,"neow_bonus":"BOSS_RELIC","is_daily":false,"chose_seed":false,"campfire_upgraded":1,"win_rate":0.0,"timestamp":1608987267,"path_taken":["M","M","$","M","?","E","M","$","T","?","R","?","E"],"items_purchased_type":["Card","Card","Potion"],"build_version":"2020-12-22","purchased_purges":0,"victory":false,"max_hp_per_floor":[68,68,68,68,68,68,68,68,68,68,68,68,68,68],"relic_stats":{"counters":[7,29],"Eternal Feather":9,"StoneCalendar":[14],"MealTicket":15,"Pen Nib":[0],"obtain_stats":[{"Calling Bell":0,"Potion Belt":0,"Eternal Feather":0,"StoneCalendar":0,"MealTicket":6,"Molten Egg 2":12,"Pen Nib":9,"PureWater":0},{"Calling Bell":0,"Potion Belt":0,"Eternal Feather":0,"StoneCalendar":0,"MealTicket":5,"Molten Egg 2":6,"Pen Nib":6,"PureWater":0},{"Calling Bell":0,"Potion Belt":0,"Eternal Feather":0,"StoneCalendar":0,"MealTicket":24,"Molten Egg 2":25,"Pen Nib":25,"PureWater":0}]},"card_choices":[{"not_picked":["JustLucky","CrushJoints"],"picked":"FlurryOfBlows","floor":1},{"not_picked":["Consecrate","Study"],"picked":"Adaptation","floor":2},{"not_picked":["EmptyBody","Pray"],"picked":"TalkToTheHand","floor":4},{"not_picked":["Conclude","FlurryOfBlows"],"picked":"MentalFortress","floor":5},{"not_picked":["ForeignInfluence","Scrawl"],"picked":"DevaForm","floor":6}],"player_experience":2321128,"relics_obtained":[{"floor":0,"key":"Potion Belt"},{"floor":0,"key":"Eternal Feather"},{"floor":0,"key":"StoneCalendar"},{"floor":6,"key":"MealTicket"},{"floor":9,"key":"Pen Nib"},{"floor":12,"key":"Molten Egg 2"}],"event_choices":[{"damage_healed":0,"gold_gain":75,"player_choice":"Gather Gold","damage_taken":11,"max_hp_gain":0,"max_hp_loss":0,"event_name":"World of Goop","floor":10,"gold_loss":0}],"is_beta":false,"boss_relics":[],"items_purged_floors":[],"is_endless":false,"potions_floor_spawned":[1,2,7],"killed_by":"Gremlin Nob","ascension_level":20}}