{"host":"l017gercouzhorma","time":1608960760,"event":{"mods":["AchievementEnabler","Aspiration","BaseMod","Challenge The Spire","Conspire","Downfall","Halation","Hermit","Hubris","Infinite Spire","Jorbs\u0027s Wanderer Trilogy","Mad Scientist","Marisa????????","Mimic Mod","Minty Spire (QoL Compilation)","Random Character Button","Rare Cards Sparkle","Relic Stats","Replay The Spire","Shade Mod","StSLib","The Cursed","The Disciple","The Hierophant","The Jungle","The Runesmith","The Servant 0.9.4"],"gold_per_floor":[119,119,119,135,147,174,23,53,53,79,354,391,412,412,412,443,443],"floor_reached":16,"playtime":2439,"items_purged":[],"score":134,"play_id":"7b393c9e-f8dd-4fdb-af25-1a553ee40dc0","local_time":"20201225223240","is_ascension_mode":true,"campfire_choices":[{"floor":15,"key":"REST"}],"circlet_count":0,"master_deck":["hermit:Strike_Hermit","hermit:Strike_Hermit","hermit:Strike_Hermit","hermit:Strike_Hermit","hermit:Defend_Hermit","hermit:Defend_Hermit","hermit:Defend_Hermit","hermit:Defend_Hermit","hermit:Snapshot","hermit:Covet","hermit:Brawl+1","hermit:Midnight","hermit:Glare","hermit:LuckOfTheDraw","hermit:HeroicBravado","hermit:Scavenge","hermit:Determination","hermit:Determination","hermit:ShadowCloak","Regret","hermit:Gestalt","hermit:Showdown"],"relics":["hermit:Momento","NeowsBlessing","Juzu Bracelet","Akabeko","halation:IllGainedPizza","Omamori"],"acts_visited":["Exordium"],"potions_floor_usage":[6,12],"damage_taken":[{"damage":0,"enemies":"Small Slimes","floor":1,"turns":1},{"damage":0,"enemies":"conspire:RoseBush","floor":4,"turns":1},{"damage":0,"enemies":"Cultist","floor":5,"turns":1},{"damage":14,"enemies":"Lagavulin","floor":6,"turns":5},{"damage":24,"enemies":"3 Sentries","floor":8,"turns":7},{"damage":3,"enemies":"Lagavulin","floor":10,"turns":7},{"damage":8,"enemies":"3 Sentries","floor":12,"turns":10},{"damage":11,"enemies":"Blue Slaver","floor":13,"turns":6},{"damage":43,"enemies":"Hexaghost","floor":16,"turns":10}],"seed_played":"-5385009939716138624","potions_obtained":[{"floor":5,"key":"hexamod:EctoCoolerPotion"},{"floor":10,"key":"Swift Potion"}],"is_trial":false,"path_per_floor":["M","?","?","M","M","E","$","E","MIM","E","?","E","M","$","R","B"],"character_chosen":"HERMIT","items_purchased":["hermit:Scavenge","hermit:Determination"],"campfire_rested":1,"item_purchase_floors":[7,7],"current_hp_per_floor":[75,75,75,75,75,61,61,37,37,34,34,26,15,15,37,0,0],"gold":443,"neow_bonus":"THREE_ENEMY_KILL","is_daily":false,"chose_seed":false,"campfire_upgraded":0,"win_rate":0.0,"timestamp":1608960760,"path_taken":["M","?","?","M","?","E","$","E","MIM","E","?","E","M","?","R","BOSS"],"items_purchased_type":["Card","Card"],"build_version":"2020-12-22","purchased_purges":0,"victory":false,"max_hp_per_floor":[75,75,75,75,75,75,75,75,75,75,75,75,75,75,75,75,75],"relic_stats":{"counters":[9,48],"Juzu Bracelet":0,"obtain_stats":[{"NeowsBlessing":0,"halation:IllGainedPizza":10,"Juzu Bracelet":6,"Omamori":12,"hermit:Momento":0,"Akabeko":8},{"NeowsBlessing":0,"halation:IllGainedPizza":6,"Juzu Bracelet":4,"Omamori":7,"hermit:Momento":0,"Akabeko":5},{"NeowsBlessing":0,"halation:IllGainedPizza":22,"Juzu Bracelet":8,"Omamori":32,"hermit:Momento":0,"Akabeko":15}]},"card_choices":[{"not_picked":["hermit:Glare","hermit:Misfire"],"picked":"hermit:Brawl","floor":1},{"not_picked":["hermit:Coalescence","hermit:SprayPray"],"picked":"hermit:Glare","floor":4},{"not_picked":["hermit:ItchyTrigger","hermit:Midnight"],"picked":"hermit:LuckOfTheDraw","floor":5},{"not_picked":["hermit:Cheat","hermit:Coalescence"],"picked":"hermit:HeroicBravado","floor":6},{"not_picked":["hermit:HighCaliber","hermit:Dive"],"picked":"hermit:Determination","floor":8},{"not_picked":["hermit:Deadeye","hermit:Spite"],"picked":"hermit:ShadowCloak","floor":10},{"not_picked":["hermit:Spite","hermit:HoleUp"],"picked":"hermit:Gestalt","floor":12},{"not_picked":["hermit:TrackingShot","hermit:BigShot"],"picked":"hermit:Showdown","floor":13}],"player_experience":757876,"relics_obtained":[{"floor":6,"key":"Juzu Bracelet"},{"floor":8,"key":"Akabeko"},{"floor":10,"key":"halation:IllGainedPizza"},{"floor":12,"key":"Omamori"}],"event_choices":[{"damage_healed":0,"gold_gain":0,"player_choice":"Forge","damage_taken":0,"max_hp_gain":0,"max_hp_loss":0,"event_name":"Accursed Blacksmith","floor":3,"gold_loss":0,"cards_upgraded":["hermit:Brawl"]},{"damage_healed":0,"gold_gain":275,"player_choice":"Desecrate","damage_taken":0,"max_hp_gain":0,"max_hp_loss":0,"event_name":"Golden Shrine","floor":11,"gold_loss":0,"cards_obtained":["Regret"]}],"is_beta":false,"boss_relics":[],"items_purged_floors":[],"is_endless":false,"potions_floor_spawned":[5,10],"killed_by":"Hexaghost","ascension_level":1}}