{"host":"z9811rt50ti81n54","time":1608990260,"event":{"mods":["BaseMod","Minty Spire (QoL Compilation)"],"gold_per_floor":[212,212,5,23,23,52,52,78,104,104,104,124,124,124,124,124,124],"floor_reached":16,"playtime":403,"items_purged":[],"score":127,"play_id":"056d4c68-b924-4126-9822-3c066a28ae7e","local_time":"20201226224420","is_ascension_mode":true,"campfire_choices":[{"floor":7,"key":"REST"},{"floor":10,"key":"REST"},{"data":"Glass Knife","floor":13,"key":"SMITH"},{"data":"Calculated Gamble","floor":15,"key":"SMITH"}],"circlet_count":0,"master_deck":["Strike_G","Strike_G","Strike_G","Strike_G","Defend_G","Defend_G","Defend_G","Defend_G","Defend_G","Survivor","Neutralize","Calculated Gamble+1","Backstab","Flying Knee","Backflip","Deadly Poison","Terror","Cloak And Dagger","Outmaneuver","Glass Knife+1"],"relics":["Ring of the Snake","FossilizedHelix","Membership Card","Gremlin Horn","Snake Skull","Regal Pillow","Dream Catcher"],"acts_visited":["Exordium"],"potions_floor_usage":[8,16],"damage_taken":[{"damage":0,"enemies":"Cultist","floor":1,"turns":5},{"damage":0,"enemies":"2 Louse","floor":4,"turns":3},{"damage":50,"enemies":"Lagavulin","floor":6,"turns":9},{"damage":20,"enemies":"Gremlin Nob","floor":8,"turns":4},{"damage":0,"enemies":"Small Slimes","floor":12,"turns":3},{"damage":55,"enemies":"Slime Boss","floor":16,"turns":9}],"seed_played":"-7621229621929119684","potions_obtained":[{"floor":4,"key":"BlessingOfTheForge"},{"floor":8,"key":"Poison Potion"}],"is_trial":false,"path_per_floor":["M","T","$","M","?","E","R","E","T","R","?","M","R","?","R","B"],"character_chosen":"THE_SILENT","items_purchased":["Membership Card","Backstab","Flying Knee"],"campfire_rested":2,"item_purchase_floors":[3,3,3],"current_hp_per_floor":[70,70,70,70,63,13,34,14,14,50,50,50,50,55,55,0,0],"gold":124,"neow_bonus":"HUNDRED_GOLD","is_daily":false,"chose_seed":false,"campfire_upgraded":2,"win_rate":0.0,"timestamp":1608990260,"path_taken":["M","?","$","M","?","E","R","E","T","R","?","M","R","?","R","BOSS"],"items_purchased_type":["Relic","Card","Card"],"build_version":"2020-12-22","purchased_purges":0,"victory":false,"max_hp_per_floor":[70,70,70,70,70,70,70,70,70,70,70,70,70,75,75,75,75],"card_choices":[{"not_picked":["Bane","Outmaneuver"],"picked":"Calculated Gamble","floor":1},{"not_picked":["Finisher","Flechettes"],"picked":"Backflip","floor":4},{"not_picked":["Expertise","Dodge and Roll"],"picked":"Deadly Poison","floor":6},{"not_picked":["Accuracy","Outmaneuver"],"picked":"Terror","floor":8},{"not_picked":["Distraction","Heel Hook"],"picked":"Cloak And Dagger","floor":10},{"not_picked":["Bane","Flying Knee"],"picked":"Glass Knife","floor":12}],"player_experience":232088,"relics_obtained":[{"floor":2,"key":"FossilizedHelix"},{"floor":6,"key":"Snake Skull"},{"floor":8,"key":"Regal Pillow"},{"floor":9,"key":"Dream Catcher"}],"event_choices":[{"damage_healed":0,"gold_gain":0,"player_choice":"Success","damage_taken":7,"relics_obtained":["Gremlin Horn"],"max_hp_gain":0,"max_hp_loss":0,"event_name":"Scrap Ooze","floor":5,"gold_loss":0},{"damage_healed":0,"gold_gain":0,"cards_transformed":["Strike_G"],"player_choice":"Change","damage_taken":0,"max_hp_gain":0,"max_hp_loss":0,"event_name":"Living Wall","floor":11,"gold_loss":0,"cards_obtained":["Outmaneuver"]},{"damage_healed":0,"gold_gain":0,"player_choice":"Donut","damage_taken":0,"max_hp_gain":5,"max_hp_loss":0,"event_name":"Big Fish","floor":14,"gold_loss":0}],"is_beta":false,"boss_relics":[],"items_purged_floors":[],"is_endless":false,"potions_floor_spawned":[4,8],"killed_by":"Slime Boss","ascension_level":4}}