{"host":"areou1to5q11ox5u","time":1608978126,"event":{"mods":["AchievementEnabler","BaseMod","Bestiary","Block Reminder","Colored Map","Colored Powertips","DeckTracker","Downfall","Highlight Path","Infinite Spire","Minty Spire (QoL Compilation)","Permanent Neow","Random Character Button","Relic Sorter","Relic Stats","StSLib","The Jungle"],"gold_per_floor":[99,118,128,128,128,39,65,165,165,184,196,207,207,207,221,221,221,221],"floor_reached":16,"playtime":1342,"items_purged":[],"score":92,"play_id":"9d8ab64f-88fb-4a23-8d85-9791f5ecfb02","local_time":"20201226112206","is_ascension_mode":false,"campfire_choices":[{"data":"champ:Taunt","floor":1.0,"key":"SMITH"},{"data":"champ:Shatter","floor":9.0,"key":"SMITH"}],"circlet_count":0,"master_deck":["champ:Strike","champ:Strike","champ:Strike","champ:Strike","champ:Defend","champ:Defend","champ:Defend","champ:Defend","champ:Execute+1","champ:Taunt+1","champ:CrookedStrike","champ:PreciseThrust","champ:Devastate","champ:Shatter+1","champ:FanOfKnives","champ:BringItOn","champ:TornadoPunch","champ:FanOfKnives","infinitespire:TheBestDefense","champ:CrookedStrike"],"relics":["champ:ChampionCrown","Eternal Feather","downfall:BrokenWingStatue","Bag of Marbles","Champion Belt"],"acts_visited":["Exordium"],"potions_floor_usage":[],"damage_taken":[{"damage":11.0,"enemies":"Cultist","floor":2.0,"turns":4.0},{"damage":8.0,"enemies":"Jaw Worm","floor":3.0,"turns":4.0},{"damage":10.0,"enemies":"downfall:FleeingMerchant","floor":6.0,"turns":4.0},{"damage":28.0,"enemies":"downfall:FleeingMerchant","floor":8.0,"turns":4.0},{"damage":5.0,"enemies":"2 Louse","floor":10.0,"turns":2.0},{"damage":9,"enemies":"Large Slime","floor":11,"turns":2},{"damage":0,"enemies":"Exordium Wildlife","floor":12,"turns":2},{"damage":1,"enemies":"2 Fungi Beasts","floor":15,"turns":3},{"damage":42,"enemies":"downfall:Silent","floor":16,"turns":7}],"seed_played":"8469268796959593286","potions_obtained":[{"floor":3.0,"key":"FearPotion"},{"floor":8.0,"key":"AttackPotion"},{"floor":10,"key":"LiquidBronze"}],"is_trial":false,"path_per_floor":["R","M","M","?","?","$","T","?","R","M","M","M","?","?","M","B"],"character_chosen":"THE_CHAMP","items_purchased":["champ:Shatter"],"campfire_rested":0,"item_purchase_floors":[6],"current_hp_per_floor":[90,84,81,74,74,74,74,51,60,60,56,56,35,40,39,0,0,0],"gold":221,"neow_bonus":"UPGRADE_CARD","is_daily":false,"chose_seed":false,"campfire_upgraded":2,"win_rate":0.0,"timestamp":1608978126,"path_taken":["R","M","M","?","?","$","T","?","R","M","M","M","?","?","M","BOSS"],"items_purchased_type":["Card"],"build_version":"2020-12-22","purchased_purges":0,"victory":false,"max_hp_per_floor":[90,90,90,90,90,90,90,90,90,90,90,90,90,95,95,95,95,95],"relic_stats":{"counters":[9,32],"Eternal Feather":9,"Champion Belt":[8],"obtain_stats":[{"downfall:BrokenWingStatue":5,"champ:ChampionCrown":0,"Eternal Feather":4,"Bag of Marbles":7,"Champion Belt":8},{"downfall:BrokenWingStatue":2,"champ:ChampionCrown":0,"Eternal Feather":2,"Bag of Marbles":3,"Champion Belt":4},{"downfall:BrokenWingStatue":8,"champ:ChampionCrown":0,"Eternal Feather":8,"Bag of Marbles":12,"Champion Belt":16}]},"card_choices":[{"not_picked":["champ:AdrenalArmor","champ:DefensiveStyle"],"picked":"champ:CrookedStrike","floor":2.0},{"not_picked":["champ:BladeFlurry","champ:HeartStrike"],"picked":"champ:PreciseThrust","floor":3.0},{"not_picked":["champ:CrookedStrike","champ:BringItOn"],"picked":"champ:Devastate","floor":6.0},{"not_picked":["champ:FocusedGladiator","champ:GladiatorsShout"],"picked":"champ:FanOfKnives","floor":8.0},{"not_picked":["champ:FaceSlap","champ:EnragedBash"],"picked":"champ:BringItOn","floor":10},{"not_picked":["champ:Haymaker","champ:DefensiveStyle"],"picked":"champ:TornadoPunch","floor":11},{"not_picked":["champ:FocusedBerserking","champ:FalseCounter"],"picked":"champ:FanOfKnives","floor":12},{"not_picked":["infinitespire:Oblivion","infinitespire:Execution"],"picked":"infinitespire:TheBestDefense","floor":13},{"not_picked":["champ:BladeFlurry","champ:DefensiveShout"],"picked":"champ:CrookedStrike","floor":15}],"player_experience":8282,"relics_obtained":[{"floor":7.0,"key":"Bag of Marbles"},{"floor":8.0,"key":"Champion Belt"}],"event_choices":[{"damage_healed":0.0,"max_hp_gain":0.0,"max_hp_loss":0.0,"gold_gain":0.0,"event_name":"Scrap Ooze","player_choice":"Success","floor":4.0,"gold_loss":0.0,"damage_taken":7.0,"relics_obtained":["Eternal Feather"]},{"damage_healed":0,"gold_gain":0,"player_choice":"Donut","damage_taken":0,"max_hp_gain":5,"max_hp_loss":0,"event_name":"Big Fish","floor":14,"gold_loss":0}],"is_beta":false,"boss_relics":[],"items_purged_floors":[],"is_endless":false,"potions_floor_spawned":[3,8,10],"killed_by":"downfall:Silent","ascension_level":0}}