{"host":"mjau5a91be6b66g4","time":1608960096,"event":{"mods":["BaseMod","Minty Spire (QoL Compilation)","StSLib","The Bug Knight","The Jungle"],"gold_per_floor":[218,238,254,8,19,19,36,52,52,52,52,52,30,45,45,141,191,202,178,190,201,213,213,245,245,245,257,268,302,302,317,317,422,422,436,436,436,436,190,190,190,210,210,221,238,255,255,92,92,92,92],"floor_reached":50,"playtime":2692,"items_purged":["Strike_B","Defend_B","Defend_B"],"score":583,"play_id":"c664b8b6-63c8-451a-9fc9-0d12c985680e","local_time":"20201226132136","is_ascension_mode":true,"campfire_choices":[{"data":"Dualcast","floor":6,"key":"SMITH"},{"data":"Zap","floor":11,"key":"SMITH"},{"floor":15,"key":"REST"},{"floor":23,"key":"REST"},{"data":"Leap","floor":25,"key":"SMITH"},{"floor":30,"key":"REST"},{"data":"Hologram","floor":32,"key":"SMITH"},{"data":"Hologram","floor":41,"key":"SMITH"},{"data":"Redo","floor":47,"key":"SMITH"},{"floor":49,"key":"REST"}],"circlet_count":0,"master_deck":["Strike_B","Strike_B","Defend_B","Defend_B","Zap+1","Dualcast+1","Tempest","Hologram+1","Redo+1","Apotheosis+1","Gash","Ball Lightning","Lockon","Hologram+1","Capacitor","Seek","Leap","Sunder","Conserve Battery","Leap+1","Turbo+1","Self Repair","Thunder Strike","Stack+1","Go for the Eyes+1","Electrodynamics","Steam","Writhe","Rebound+1","Parasite","Barrage+1","Conserve Battery+1","Barrage","Aggregate","Defragment"],"relics":["Cracked Core","Pear","Tiny House","HornCleat","Du-Vu Doll","Mercury Hourglass","SlaversCollar","Thread and Needle","ClockworkSouvenir","Prayer Wheel"],"acts_visited":["Exordium","TheCity","TheBeyond"],"potions_floor_usage":[16,16,16,21,21,24,29,31,40,45,46],"damage_taken":[{"damage":1,"enemies":"Cultist","floor":1,"turns":3},{"damage":1,"enemies":"Jaw Worm","floor":2,"turns":3},{"damage":10,"enemies":"2 Louse","floor":3,"turns":3},{"damage":8,"enemies":"Exordium Wildlife","floor":5,"turns":3},{"damage":2,"enemies":"Lots of Slimes","floor":7,"turns":4},{"damage":8,"enemies":"Gremlin Gang","floor":8,"turns":5},{"damage":6,"enemies":"Exordium Thugs","floor":14,"turns":3},{"damage":37,"enemies":"Hexaghost","floor":16,"turns":6},{"damage":2,"enemies":"Shell Parasite","floor":18,"turns":6},{"damage":8,"enemies":"Spheric Guardian","floor":20,"turns":4},{"damage":8,"enemies":"Centurion and Healer","floor":21,"turns":5},{"damage":12,"enemies":"Snake Plant","floor":22,"turns":4},{"damage":27,"enemies":"Gremlin Leader","floor":24,"turns":7},{"damage":0,"enemies":"Snecko","floor":27,"turns":5},{"damage":15,"enemies":"Centurion and Healer","floor":28,"turns":7},{"damage":26,"enemies":"Slavers","floor":29,"turns":5},{"damage":3,"enemies":"Snake Plant","floor":31,"turns":5},{"damage":64,"enemies":"Champ","floor":33,"turns":11},{"damage":24,"enemies":"3 Shapes","floor":35,"turns":4},{"damage":0,"enemies":"Nemesis","floor":40,"turns":1},{"damage":0,"enemies":"Orb Walker","floor":42,"turns":5},{"damage":41,"enemies":"Writhing Mass","floor":44,"turns":6},{"damage":7,"enemies":"Jaw Worm Horde","floor":45,"turns":3},{"damage":0,"enemies":"Spire Growth","floor":46,"turns":5},{"damage":106,"enemies":"Time Eater","floor":50,"turns":14}],"seed_played":"-5541450316139149355","potions_obtained":[{"floor":1,"key":"Swift Potion"},{"floor":7,"key":"CultistPotion"},{"floor":8,"key":"Fire Potion"},{"floor":14,"key":"AttackPotion"},{"floor":17,"key":"PotionOfCapacity"},{"floor":20,"key":"EssenceOfDarkness"},{"floor":21,"key":"CultistPotion"},{"floor":28,"key":"FocusPotion"},{"floor":29,"key":"Dexterity Potion"},{"floor":33,"key":"BlessingOfTheForge"},{"floor":35,"key":"SmokeBomb"},{"floor":44,"key":"EssenceOfSteel"}],"is_trial":false,"path_per_floor":["M","M","M","$","M","R","M","M","T","?","R","?","$","M","R","B",null,"M","$","M","M","M","R","E","R","T","M","M","E","R","M","R","B",null,"M","?","T","?","$","E","R","M","T","M","M","M","R","$","R","B"],"character_chosen":"DEFECT","items_purchased":["Apotheosis","Hologram","Conserve Battery","ClockworkSouvenir","Defragment"],"campfire_rested":4,"item_purchase_floors":[4,13,19,39,48],"current_hp_per_floor":[74,73,63,63,55,55,53,45,55,55,55,55,55,49,74,37,90,88,88,80,72,60,87,70,70,70,70,65,49,76,83,83,19,90,73,90,90,90,90,90,90,90,90,56,49,56,56,56,83,0,0],"gold":92,"neow_bonus":"HUNDRED_GOLD","is_daily":false,"chose_seed":false,"campfire_upgraded":6,"win_rate":0.0,"timestamp":1608960096,"path_taken":["M","M","M","$","?","R","?","M","T","?","R","?","?","M","R","BOSS","M","$","M","M","M","R","E","R","T","M","M","E","R","M","R","BOSS","M","?","?","?","$","E","R","?","T","M","M","?","R","?","R","BOSS"],"items_purchased_type":["Card","Card","Card","Relic","Card"],"build_version":"2020-12-22","purchased_purges":3,"victory":false,"max_hp_per_floor":[75,75,75,75,75,75,75,75,85,85,85,85,85,85,85,85,90,90,90,90,90,90,90,90,90,90,90,90,90,90,90,90,90,90,90,90,90,90,90,90,90,90,90,90,90,90,90,90,90,90,90],"card_choices":[{"not_picked":["Gash","Sweeping Beam"],"picked":"Tempest","floor":1},{"not_picked":["Redo","Barrage"],"picked":"Hologram","floor":2},{"not_picked":["Streamline","Barrage"],"picked":"Redo","floor":3},{"not_picked":["Compile Driver","Redo"],"picked":"Gash","floor":5},{"not_picked":["Hologram","Rebound"],"picked":"Ball Lightning","floor":7},{"not_picked":["Gash","Static Discharge"],"picked":"Lockon","floor":8},{"not_picked":["Hologram","Darkness"],"picked":"Capacitor","floor":14},{"not_picked":["Rainbow","Meteor Strike"],"picked":"Seek","floor":16},{"not_picked":["Compile Driver","Steam Power"],"picked":"Leap","floor":17},{"not_picked":["Aggregate","Coolheaded"],"picked":"Sunder","floor":18},{"not_picked":["Turbo+1","Gash"],"picked":"Leap","floor":20},{"not_picked":["Aggregate","Steam"],"picked":"Turbo+1","floor":21},{"not_picked":["Gash","Double Energy"],"picked":"Self Repair","floor":22},{"not_picked":["Compile Driver","Rainbow"],"picked":"Thunder Strike","floor":24},{"not_picked":["Self Repair","Barrage+1"],"picked":"Stack+1","floor":27},{"not_picked":["Coolheaded","Force Field"],"picked":"Go for the Eyes+1","floor":28},{"not_picked":["Chill","Steam","Machine Learning"],"picked":"SKIP","floor":29},{"not_picked":["Cold Snap+1","Sunder","Stack+1"],"picked":"SKIP","floor":31},{"not_picked":["Seek","Fission"],"picked":"Electrodynamics","floor":33},{"not_picked":["Aggregate","Hologram+1"],"picked":"Steam","floor":35},{"not_picked":["Steam+1","Leap"],"picked":"Rebound+1","floor":42},{"not_picked":["Compile Driver+1","Streamline"],"picked":"Barrage+1","floor":44},{"not_picked":["Beam Cell+1","Cold Snap"],"picked":"Conserve Battery+1","floor":44},{"not_picked":["Streamline","Sweeping Beam+1"],"picked":"Barrage","floor":45},{"not_picked":["Reprogram+1","Go for the Eyes","Hologram"],"picked":"SKIP","floor":45},{"not_picked":["Hologram+1","Glacier"],"picked":"Aggregate","floor":46},{"not_picked":["Hologram","Conserve Battery+1","Buffer"],"picked":"SKIP","floor":46}],"player_experience":228106,"relics_obtained":[{"floor":9,"key":"Pear"},{"floor":24,"key":"HornCleat"},{"floor":26,"key":"Du-Vu Doll"},{"floor":29,"key":"Mercury Hourglass"},{"floor":37,"key":"Thread and Needle"},{"floor":43,"key":"Prayer Wheel"}],"event_choices":[{"cards_removed":["Strike_B"],"damage_healed":0,"gold_gain":0,"player_choice":"Forget","damage_taken":0,"max_hp_gain":0,"max_hp_loss":0,"event_name":"Living Wall","floor":10,"gold_loss":0},{"damage_healed":0,"gold_gain":0,"player_choice":"Ignored","damage_taken":0,"max_hp_gain":0,"max_hp_loss":0,"event_name":"Golden Idol","floor":12,"gold_loss":0},{"damage_healed":23,"gold_gain":0,"player_choice":"Writhe","damage_taken":0,"max_hp_gain":0,"max_hp_loss":0,"event_name":"Winding Halls","floor":36,"gold_loss":0,"cards_obtained":["Writhe"]},{"damage_healed":0,"gold_gain":0,"player_choice":"Ignored","damage_taken":0,"max_hp_gain":0,"max_hp_loss":0,"event_name":"Mysterious Sphere","floor":38,"gold_loss":0}],"is_beta":false,"boss_relics":[{"not_picked":["Philosopher\u0027s Stone","Coffee Dripper"],"picked":"Tiny House"},{"not_picked":["Runic Dome","Black Star"],"picked":"SlaversCollar"}],"items_purged_floors":[4,39,48],"is_endless":false,"potions_floor_spawned":[1,7,8,14,20,21,28,29,33,35,44],"killed_by":"Time Eater","ascension_level":1}}