{"host":"3jpwrwmmgyabjceh","time":1608981915,"event":{"mods":["AchievementEnabler","BaseMod","Colored Map","Colored Powertips","Highlight Path","Minty Spire (QoL Compilation)","Quick Restart","StSLib"],"gold_per_floor":[11,22,40,40,40,74,74,74,74],"floor_reached":8,"playtime":654,"items_purged":[],"score":70,"play_id":"68c39aa0-1eb4-45d9-a98f-1f32adbf6f35","local_time":"20201226142515","is_ascension_mode":true,"campfire_choices":[{"data":"Neutralize","floor":7,"key":"SMITH"}],"circlet_count":0,"master_deck":["Strike_G","Strike_G","Strike_G","Defend_G","Defend_G","Defend_G","Defend_G","Defend_G","Survivor","Neutralize+1","Slice","Outmaneuver","Deflect","Reflex","Deflect"],"relics":["Ring of the Snake","Vajra","Nunchaku"],"acts_visited":["Exordium"],"potions_floor_usage":[6,6,8],"damage_taken":[{"damage":0.0,"enemies":"2 Louse","floor":1.0,"turns":4.0},{"damage":1.0,"enemies":"Jaw Worm","floor":2.0,"turns":5.0},{"damage":0.0,"enemies":"Cultist","floor":3.0,"turns":5.0},{"damage":8,"enemies":"3 Sentries","floor":6,"turns":11},{"damage":60,"enemies":"Lagavulin","floor":8,"turns":17}],"seed_played":"788518718691505109","potions_obtained":[{"floor":1.0,"key":"BlessingOfTheForge"},{"floor":3.0,"key":"Strength Potion"},{"floor":6,"key":"Dexterity Potion"}],"is_trial":false,"path_per_floor":["M","M","M","?","$","E","R","E"],"character_chosen":"THE_SILENT","items_purchased":[],"campfire_rested":0,"item_purchase_floors":[],"current_hp_per_floor":[70,69,69,66,66,58,58,0,0],"gold":74,"neow_bonus":"TRANSFORM_TWO_CARDS","is_daily":false,"chose_seed":false,"campfire_upgraded":1,"win_rate":0.0,"timestamp":1608981915,"path_taken":["M","M","M","?","$","E","R","E"],"items_purchased_type":[],"build_version":"2020-12-22","purchased_purges":0,"victory":false,"max_hp_per_floor":[70,70,70,70,70,70,70,70,70],"card_choices":[{"not_picked":["Backstab","Flying Knee","Dagger Throw"],"picked":"SKIP","floor":1.0},{"not_picked":["Bouncing Flask","Quick Slash"],"picked":"Deflect","floor":2.0},{"not_picked":["Dagger Spray","Dodge and Roll"],"picked":"Reflex","floor":3.0},{"not_picked":["Eviscerate","Leg Sweep"],"picked":"Deflect","floor":6}],"player_experience":285420,"relics_obtained":[{"floor":6,"key":"Nunchaku"}],"event_choices":[{"damage_healed":0.0,"max_hp_gain":0.0,"max_hp_loss":0.0,"gold_gain":0.0,"event_name":"Scrap Ooze","player_choice":"Success","floor":4.0,"gold_loss":0.0,"damage_taken":3.0,"relics_obtained":["Vajra"]}],"is_beta":false,"boss_relics":[],"items_purged_floors":[],"is_endless":false,"potions_floor_spawned":[1,3,6],"killed_by":"Lagavulin","ascension_level":5}}