{"host":"u0f5uy314yz7olfc","time":1608975915,"event":{"mods":["AchievementEnabler","Aspiration","BaseMod","Better Altar","Better Match","Better Note","Better Sensory Stone","Better Skull","Better Third Choice","BetterRewards","Block Reminder","Colored Map","Colored Powertips","DeckTracker","Dota2Spire","Emptier Cage","Gold Saver","Highlight Path","Hubris","Infinite Spire","Marked Mod","Mimic Mod","Minty Spire (QoL Compilation)","Permanent Neow","Quick Restart","Rare Cards Sparkle","Relic Sorter","Shop Mod","StSLib","The Bladedancer","The Blue Laboratory","Watcher Patcher"],"gold_per_floor":[110,110,11,21,21,21,21,21,56,71,99,99,124,124,124,224,224,246,82,101,101,129,129,129],"floor_reached":23,"playtime":1496,"items_purged":[],"score":297,"play_id":"eac595c3-4d19-4bc8-9e3c-c7c5ed50e52a","local_time":"20201226164515","is_ascension_mode":false,"campfire_choices":[{"floor":6.0,"key":"RECALL"},{"data":"Static Discharge","floor":12.0,"key":"SMITH"},{"data":"Defragment","floor":15.0,"key":"SMITH"}],"circlet_count":0,"master_deck":["Strike_B","Strike_B","Strike_B","Strike_B","Defend_B","Defend_B","Defend_B","Defend_B","Zap","Dualcast","Static Discharge+1","Steam","Leap","Self Repair+1","Gash","Conserve Battery","Capacitor","Defragment+1","Conserve Battery","Cold Snap","Doom and Gloom","Coolheaded","Sweeping Beam","Capacitor","Amplify","CurseOfTheBell","Evaluate+1","Discovery","Sweeping Beam","Redo","White Noise"],"relics":["Cracked Core","Dota2Spire:BladeMail","Dota2Spire:Dagon","Eternal Feather","hubris:Towel","hubris:SoftwareUpdate","aspiration:Nostalgia","Ring of the Snake","Sundial","CeramicFish","MerchantsRug","Strange Spoon","hubris:DisguiseKit"],"acts_visited":["Exordium","TheCity"],"potions_floor_usage":[23],"damage_taken":[{"damage":0.0,"enemies":"Cultist","floor":1.0,"turns":3.0},{"damage":0.0,"enemies":"Jaw Worm","floor":4.0,"turns":4.0},{"damage":8.0,"enemies":"Small Slimes","floor":9.0,"turns":10.0},{"damage":0.0,"enemies":"Small Slimes","floor":10.0,"turns":3.0},{"damage":16.0,"enemies":"Lagavulin","floor":11.0,"turns":6.0},{"damage":26.0,"enemies":"3 Sentries","floor":13.0,"turns":5.0},{"damage":46.0,"enemies":"Slime Boss","floor":16.0,"turns":9.0},{"damage":25.0,"enemies":"Shell Parasite","floor":18.0,"turns":6.0},{"damage":4.0,"enemies":"Spheric Guardian","floor":20.0,"turns":4.0},{"damage":35.0,"enemies":"3 Cultists","floor":22.0,"turns":6.0},{"damage":49,"enemies":"Nightmare","floor":23,"turns":3}],"seed_played":"-7994094658364969921","potions_obtained":[{"floor":1.0,"key":"blueLaboratory:HeartbeatPotion"},{"floor":11.0,"key":"blueLaboratory:EnragingPotion"},{"floor":13.0,"key":"blueLaboratory:BubblePotion"},{"floor":16.0,"key":"blueLaboratory:StoneskinPotion"},{"floor":20.0,"key":"BlessingOfTheForge"},{"floor":22.0,"key":"blueLaboratory:AbyssPotion"}],"is_trial":false,"path_per_floor":["M","?","$","M","$","R","T","?","MIM","M","E","R","E","$","R","B",null,"M","$","M","T","M","NM"],"character_chosen":"DEFECT","items_purchased":["Dota2Spire:Dagon","Eternal Feather","Static Discharge","Steam","Leap","Self Repair","Gash","Conserve Battery","Defragment","Conserve Battery","MerchantsRug","Strange Spoon","Discovery","Sweeping Beam"],"campfire_rested":0,"item_purchase_floors":[0,0,0,0,0,0,0,0,3,3,19,19,19,19],"current_hp_per_floor":[41,41,41,51,51,63,63,63,65,75,69,75,59,59,71,35,75,60,60,66,66,41,0,0],"gold":129,"neow_bonus":"","is_daily":false,"chose_seed":false,"campfire_upgraded":2,"win_rate":0.0,"timestamp":1608975915,"path_taken":["M","?","$","M","$","R","?","?","MIM","M","E","R","E","$","R","BOSS","M","$","M","?","?","NM"],"items_purchased_type":["Relic","Relic","Card","Card","Card","Card","Card","Card","Card","Card","Relic","Relic","Card","Card"],"build_version":"2020-12-22","purchased_purges":0,"victory":false,"max_hp_per_floor":[75,75,75,75,75,75,75,75,75,75,75,75,75,75,75,75,75,75,75,75,75,75,75,75],"card_choices":[{"not_picked":["Tempest","Ball Lightning"],"picked":"Capacitor","floor":1.0},{"not_picked":["Redo","Evaluate"],"picked":"Cold Snap","floor":4.0},{"not_picked":["Coolheaded","Undo"],"picked":"Doom and Gloom","floor":9.0},{"not_picked":["Evaluate","Cold Snap"],"picked":"Coolheaded","floor":10.0},{"not_picked":["Undo","Darkness"],"picked":"Sweeping Beam","floor":11.0},{"not_picked":["aspiration:Polymerization","Sanctity"],"picked":"Capacitor","floor":13.0},{"not_picked":["hubris:DoWhile","SpiritShield"],"picked":"Amplify","floor":16.0},{"not_picked":["Melter+1","FTL"],"picked":"Evaluate+1","floor":18.0},{"not_picked":["Protect","CrushJoints"],"picked":"Redo","floor":20.0},{"not_picked":["Leap","Streamline","Heavy Blade"],"picked":"White Noise","floor":22.0}],"player_experience":315437,"relics_obtained":[{"floor":9.0,"key":"hubris:SoftwareUpdate"},{"floor":9.0,"key":"aspiration:SeaSaltIceCream"},{"floor":11.0,"key":"Dota2Spire:BladeMail"},{"floor":13.0,"key":"hubris:RGBLights"},{"floor":17.0,"key":"Sundial"},{"floor":17.0,"key":"CeramicFish"},{"floor":17.0,"key":"Gambling Chip"},{"floor":21.0,"key":"hubris:DisguiseKit"}],"event_choices":[],"is_beta":false,"boss_relics":[{"not_picked":["FrozenCore","Sozu"],"picked":"Calling Bell"}],"items_purged_floors":[],"is_endless":false,"potions_floor_spawned":[1,11,13,16,20,22],"killed_by":"Nightmare","ascension_level":0}}