{"host":"k5dhp0bkccqfauyu","time":1608991683,"event":{"mods":["BaseMod","Better Note","Better Skull","Better Vampires","Colored Map","Colored Powertips","DeckTracker","Minty Spire (QoL Compilation)","Permanent Neow","StSLib","SuperFastMode"],"gold_per_floor":[360,374,449,39,39,72,72,99,99,131,143,155,167,189,201,317,329,358,387,399,411,463,475,586,648,707,719,731,772,784,852,864,971,983,1038,1050,962,1002,731,760,786,818,818,847,877,877,904,953,953,978,978,978,157,199,199],"floor_reached":56,"playtime":1951,"items_purged":["Strike_R","Strike_R+1","Strike_R+1","Strike_R+1"],"score":1544,"play_id":"198967a1-b293-426d-8588-7da3981ec185","local_time":"20201227010803","is_ascension_mode":true,"campfire_choices":[{"floor":7,"key":"REST"},{"data":"1","floor":12,"key":"LIFT"},{"data":"2","floor":15,"key":"LIFT"},{"data":"3","floor":23,"key":"LIFT"},{"data":"Double Tap","floor":27,"key":"SMITH"},{"data":"Immolate","floor":30,"key":"SMITH"},{"floor":32,"key":"RECALL"},{"data":"Barricade","floor":46,"key":"SMITH"},{"data":"Demon Form","floor":49,"key":"SMITH"},{"data":"Mayhem","floor":52,"key":"SMITH"}],"circlet_count":0,"master_deck":["Defend_R+1","Defend_R+1","Defend_R+1","Defend_R+1","Bash","Sword Boomerang+1","Blood for Blood","Apotheosis+1","Shrug It Off+1","Cleave","Double Tap+1","Feed","Iron Wave","Immolate+1","Heavy Blade+1","Warcry+1","HandOfGreed+1","Dual Wield+1","Demon Form+1","True Grit+1","Flame Barrier","Barricade+1","Magnetism","Discovery","Mayhem+1","Sword Boomerang+1","Shockwave","True Grit","Finesse","Warcry+1"],"relics":["Burning Blood","TheAbacus","Girya","Bag of Preparation","Turnip","MawBank","Runic Pyramid","InkBottle","Omamori","Bottled Lightning","WingedGreaves","Philosopher\u0027s Stone","Akabeko","War Paint","Meat on the Bone","Orichalcum","HornCleat","CeramicFish","Lantern","Oddly Smooth Stone","Lee\u0027s Waffle","Dead Branch"],"acts_visited":["Exordium","TheCity","TheBeyond","TheEnding"],"potions_floor_usage":[8,25,29,29,33,41,41,41,45,50,54,55],"damage_taken":[{"damage":0,"enemies":"Small Slimes","floor":1,"turns":3},{"damage":9,"enemies":"Jaw Worm","floor":2,"turns":5},{"damage":14,"enemies":"3 Sentries","floor":6,"turns":10},{"damage":0,"enemies":"Lagavulin","floor":8,"turns":7},{"damage":21,"enemies":"3 Sentries","floor":10,"turns":5},{"damage":0,"enemies":"Cultist","floor":14,"turns":2},{"damage":22,"enemies":"The Guardian","floor":16,"turns":12},{"damage":0,"enemies":"Spheric Guardian","floor":18,"turns":5},{"damage":10,"enemies":"3 Byrds","floor":19,"turns":4},{"damage":9,"enemies":"Centurion and Healer","floor":22,"turns":7},{"damage":6,"enemies":"Slavers","floor":25,"turns":4},{"damage":4,"enemies":"Book of Stabbing","floor":29,"turns":3},{"damage":38,"enemies":"Slavers","floor":31,"turns":4},{"damage":44,"enemies":"Champ","floor":33,"turns":11},{"damage":8,"enemies":"Orb Walker","floor":35,"turns":2},{"damage":6,"enemies":"3 Shapes","floor":38,"turns":2},{"damage":36,"enemies":"Reptomancer","floor":40,"turns":6},{"damage":45,"enemies":"Nemesis","floor":41,"turns":5},{"damage":22,"enemies":"Giant Head","floor":42,"turns":6},{"damage":22,"enemies":"Reptomancer","floor":44,"turns":5},{"damage":0,"enemies":"Giant Head","floor":45,"turns":6},{"damage":0,"enemies":"Sphere and 2 Shapes","floor":48,"turns":5},{"damage":84,"enemies":"Donu and Deca","floor":50,"turns":10},{"damage":12,"enemies":"Shield and Spear","floor":54,"turns":5},{"damage":103,"enemies":"The Heart","floor":55,"turns":8}],"seed_played":"-5455008517728511260","potions_obtained":[{"floor":2,"key":"DuplicationPotion"},{"floor":6,"key":"FearPotion"},{"floor":16,"key":"Regen Potion"},{"floor":18,"key":"AttackPotion"},{"floor":31,"key":"AttackPotion"},{"floor":33,"key":"EntropicBrew"},{"floor":35,"key":"BloodPotion"},{"floor":42,"key":"FearPotion"},{"floor":44,"key":"ColorlessPotion"},{"floor":48,"key":"SkillPotion"}],"is_trial":false,"path_per_floor":["M","M","?","$","?","E","R","E","T","E","?","R","?","M","R","B",null,"M","M","?","?","M","R","?","E","T","R","?","E","R","E","R","B",null,"M","?","$","M","$","E","E","E","T","E","E","R","?","M","R","B",null,"R","$","E","B",null],"character_chosen":"IRONCLAD","items_purchased":["TheAbacus","Apotheosis","Akabeko","Lantern","Oddly Smooth Stone","Shockwave","True Grit","ColorlessPotion","Lee\u0027s Waffle","Finesse"],"campfire_rested":1,"item_purchase_floors":[4,4,39,53,53,53,53,53,53,53],"current_hp_per_floor":[62,59,48,48,32,24,48,54,54,39,39,39,39,49,49,37,88,92,92,92,92,93,93,93,97,97,97,76,87,87,59,59,25,121,119,119,119,123,123,97,87,83,83,83,89,89,79,85,85,19,137,137,144,138,53],"gold":199,"neow_bonus":"TWO_FIFTY_GOLD","is_daily":false,"chose_seed":false,"campfire_upgraded":5,"win_rate":0.0,"timestamp":1608991683,"path_taken":["M","M","?","$","?","E","R","E","T","E","?","R","?","M","R","BOSS","M","M","?","?","M","R","?","E","T","R","?","E","R","E","R","BOSS","M","?","$","M","$","E","E","E","T","E","E","R","?","M","R","BOSS","R","$","E","BOSS"],"items_purchased_type":["Relic","Card","Relic","Relic","Relic","Card","Card","Potion","Relic","Card"],"build_version":"2020-12-22","purchased_purges":4,"victory":true,"max_hp_per_floor":[80,80,80,80,80,80,80,80,80,80,80,80,80,84,84,88,88,92,96,96,96,100,100,100,104,104,104,109,113,113,117,117,121,121,121,121,121,125,125,129,133,133,133,137,137,137,137,137,137,137,137,137,144,144,144],"card_choices":[{"not_picked":["Flex","Clothesline"],"picked":"Sword Boomerang","floor":1},{"not_picked":["Pommel Strike","Rampage"],"picked":"Blood for Blood","floor":2},{"not_picked":["Havoc","Body Slam"],"picked":"Shrug It Off","floor":6},{"not_picked":["Clothesline","Metallicize"],"picked":"Cleave","floor":8},{"not_picked":["Blood for Blood","Armaments"],"picked":"Double Tap","floor":10},{"not_picked":["Dark Embrace","Rage"],"picked":"Iron Wave","floor":14},{"not_picked":["Brutality","Fiend Fire"],"picked":"Immolate","floor":16},{"not_picked":["Rupture","Perfected Strike"],"picked":"Heavy Blade+1","floor":18},{"not_picked":["Wild Strike","Armaments"],"picked":"Warcry","floor":19},{"not_picked":["Sword Boomerang","Shrug It Off"],"picked":"Ghostly Armor","floor":22},{"not_picked":["Heavy Blade","Hemokinesis","Blood for Blood+1"],"picked":"SKIP","floor":25},{"not_picked":["Perfected Strike","Heavy Blade"],"picked":"Dual Wield+1","floor":29},{"not_picked":["Rampage","Heavy Blade+1","Twin Strike"],"picked":"SKIP","floor":31},{"not_picked":["Impervious","Immolate"],"picked":"Demon Form","floor":33},{"not_picked":["Rampage","Iron Wave+1","Searing Blow+1"],"picked":"SKIP","floor":35},{"not_picked":["Headbutt+1","Entrench+1"],"picked":"True Grit+1","floor":38},{"not_picked":["Power Through","Infernal Blade","Cleave+1"],"picked":"SKIP","floor":40},{"not_picked":["Power Through","Infernal Blade","Cleave+1"],"picked":"SKIP","floor":40},{"not_picked":["Second Wind+1","Fire Breathing+1"],"picked":"Flame Barrier","floor":41},{"not_picked":["Dark Embrace+1","Perfected Strike+1"],"picked":"Barricade","floor":42},{"not_picked":["Thunderclap","Combust","Clash+1"],"picked":"SKIP","floor":44},{"not_picked":["Wild Strike+1","Uppercut","Armaments+1"],"picked":"SKIP","floor":45},{"not_picked":["Violence","Deep Breath"],"picked":"Magnetism","floor":47},{"not_picked":["Dramatic Entrance","Panacea"],"picked":"Discovery","floor":47},{"not_picked":["Jack Of All Trades","Trip"],"picked":"Mayhem","floor":47},{"not_picked":["Sword Boomerang+1","Pommel Strike","Warcry"],"picked":"SKIP","floor":48},{"not_picked":["Pommel Strike","Warcry"],"picked":"Sword Boomerang+1","floor":48},{"not_picked":["Thunderclap","Spot Weakness"],"picked":"Warcry+1","floor":54}],"player_experience":1827152,"relics_obtained":[{"floor":6,"key":"Girya"},{"floor":8,"key":"Bag of Preparation"},{"floor":9,"key":"Turnip"},{"floor":10,"key":"MawBank"},{"floor":25,"key":"InkBottle"},{"floor":26,"key":"Omamori"},{"floor":29,"key":"Bottled Lightning"},{"floor":31,"key":"WingedGreaves"},{"floor":40,"key":"War Paint"},{"floor":41,"key":"Meat on the Bone"},{"floor":42,"key":"Orichalcum"},{"floor":44,"key":"HornCleat"},{"floor":45,"key":"CeramicFish"},{"floor":54,"key":"Dead Branch"}],"event_choices":[{"damage_healed":0,"gold_gain":75,"player_choice":"Gather Gold","damage_taken":11,"max_hp_gain":0,"max_hp_loss":0,"event_name":"World of Goop","floor":3,"gold_loss":0},{"damage_healed":0,"gold_gain":0,"player_choice":"Entered Light","damage_taken":16,"max_hp_gain":0,"max_hp_loss":0,"event_name":"Shining Light","floor":5,"gold_loss":0,"cards_upgraded":["Apotheosis","Sword Boomerang"]},{"cards_removed":["Strike_R"],"damage_healed":0,"gold_gain":0,"player_choice":"Forget","damage_taken":0,"max_hp_gain":0,"max_hp_loss":0,"event_name":"Living Wall","floor":11,"gold_loss":0},{"damage_healed":0,"gold_gain":0,"player_choice":"1 cards matched","damage_taken":0,"max_hp_gain":0,"max_hp_loss":0,"event_name":"Match and Keep!","floor":13,"gold_loss":0,"cards_obtained":["Feed"]},{"cards_removed":["Apotheosis"],"damage_healed":0,"gold_gain":0,"player_choice":"Take \u0026 Give","damage_taken":0,"max_hp_gain":0,"max_hp_loss":0,"event_name":"betterNote:BetterNote","floor":20,"gold_loss":0,"cards_obtained":["HandOfGreed"]},{"damage_healed":0,"gold_gain":0,"player_choice":"Simplicity","damage_taken":0,"max_hp_gain":0,"max_hp_loss":0,"event_name":"Back to Basics","floor":21,"gold_loss":0,"cards_upgraded":["Strike_R","Strike_R","Strike_R","Defend_R","Defend_R","Defend_R","Defend_R"]},{"damage_healed":0,"gold_gain":99,"player_choice":"Stole From Cult","damage_taken":0,"max_hp_gain":0,"max_hp_loss":0,"event_name":"Nest","floor":24,"gold_loss":0},{"damage_healed":0,"gold_gain":0,"player_choice":"Shed Blood","damage_taken":26,"max_hp_gain":5,"max_hp_loss":0,"event_name":"Forgotten Altar","floor":28,"gold_loss":0},{"cards_removed":["Ghostly Armor"],"damage_healed":0,"gold_gain":0,"player_choice":"Removed Skill","damage_taken":0,"max_hp_gain":0,"max_hp_loss":0,"event_name":"Falling","floor":36,"gold_loss":0},{"damage_healed":0,"gold_gain":0,"player_choice":"Memory 3","damage_taken":10,"max_hp_gain":0,"max_hp_loss":0,"event_name":"SensoryStone","floor":47,"gold_loss":0}],"is_beta":false,"boss_relics":[{"not_picked":["Cursed Key","Empty Cage"],"picked":"Runic Pyramid"},{"not_picked":["Pandora\u0027s Box","SacredBark"],"picked":"Philosopher\u0027s Stone"}],"items_purged_floors":[4,37,39,53],"is_endless":false,"potions_floor_spawned":[2,6,16,18,22,31,33,35,42,44,48],"ascension_level":1}}