{"host":"709gjpjg43u3i5a8","time":1608970790,"event":{"mods":["BaseMod","Colored Map","Colored Powertips","Downfall","Hermit","Hubris","Infinite Spire","Marisa????????","Minty Spire (QoL Compilation)","Remilia??????","StSLib","Td1madao Mod","The Animator","The Bug Knight","The Cursed","The Disciple","The Hierophant","The Jungle","The Servant 0.9.4"],"gold_per_floor":[111,125,125,125,47,80,105,123,168,69,90,121,121,186,186,186,186],"floor_reached":16,"playtime":1170,"items_purged":["HollowMod:QuickDashStart"],"score":135,"play_id":"4c48c701-4151-4925-9623-237e3cd9a615","local_time":"20201226011950","is_ascension_mode":false,"campfire_choices":[{"data":"HollowMod:MothsMistake","floor":13,"key":"SMITH"},{"floor":15,"key":"REST"}],"circlet_count":0,"master_deck":["HollowMod:NailStrikeStart","HollowMod:NailStrikeStart","HollowMod:NailStrikeStart","HollowMod:QuickDashStart","HollowMod:QuickDashStart","HollowMod:QuickDashStart","HollowMod:FocusHealStart+1","HollowMod:PogoStrike","HollowMod:DashSlash","HollowMod:DungDefenderAura","HollowMod:MothsMistake+1","HollowMod:SoulVessel","HollowMod:LifebloodCocoon","HollowMod:HuntersJournal","HollowMod:DashSlash","HollowMod:CloakDash","HollowMod:MothsMistake","HollowMod:DungDefenderAura"],"relics":["HollowMod:VesselMask","Golden Idol","Du-Vu Doll","Oddly Smooth Stone","Art of War","infinitespire:Golems Mask"],"acts_visited":["Exordium"],"potions_floor_usage":[11,14,16],"damage_taken":[{"damage":0,"enemies":"Small Slimes","floor":1,"turns":3},{"damage":2,"enemies":"2 Louse","floor":2,"turns":3},{"damage":23,"enemies":"Lagavulin","floor":6,"turns":8},{"damage":1,"enemies":"Cultist","floor":7,"turns":5},{"damage":8,"enemies":"Looter","floor":8,"turns":5},{"damage":2,"enemies":"3 Louse","floor":11,"turns":2},{"damage":0,"enemies":"HollowMod:MossKnight","floor":12,"turns":10},{"damage":72,"enemies":"Gremlin Nob","floor":14,"turns":6},{"damage":38,"enemies":"HollowMod:FalseKnight","floor":16,"turns":6}],"seed_played":"2708273356723557873","potions_obtained":[{"floor":2,"key":"FearPotion"},{"floor":6,"key":"Explosive Potion"},{"floor":7,"key":"SkillPotion"},{"floor":14,"key":"SpeedPotion"}],"is_trial":false,"path_per_floor":["M","M","?","?","$","E","M","M","T","$","M","E","R","?","R","B"],"character_chosen":"THE_BUGKNIGHT","items_purchased":["HollowMod:MothsMistake","HollowMod:DashSlash"],"campfire_rested":1,"item_purchase_floors":[5,10],"current_hp_per_floor":[75,75,57,57,57,44,49,51,51,51,55,67,67,1,23,0,0],"gold":186,"neow_bonus":"UPGRADE_CARD","is_daily":false,"chose_seed":false,"campfire_upgraded":1,"win_rate":0.0,"timestamp":1608970790,"path_taken":["M","M","?","?","$","E","M","?","T","$","M","E","R","?","R","BOSS"],"items_purchased_type":["Card","Card"],"build_version":"2020-12-22","purchased_purges":1,"victory":false,"max_hp_per_floor":[75,75,75,75,75,75,75,75,75,75,75,75,75,75,75,75,75],"card_choices":[{"not_picked":["HollowMod:SharpenedShadows","HollowMod:GrimmsGift"],"picked":"HollowMod:DashSlash","floor":1},{"not_picked":["HollowMod:SoulVessel","HollowMod:ChannelNail"],"picked":"HollowMod:DungDefenderAura","floor":2},{"not_picked":["HollowMod:GrimmsGift","HollowMod:CrystalDash"],"picked":"HollowMod:SoulVessel","floor":6},{"not_picked":["HollowMod:SharpenedNail","HollowMod:CrystalDash"],"picked":"HollowMod:LifebloodCocoon","floor":7},{"not_picked":["HollowMod:HeavyBlow","HollowMod:SoulEater"],"picked":"HollowMod:HuntersJournal","floor":8},{"not_picked":["HollowMod:VengefulVoid","HollowMod:PureNailStrike"],"picked":"HollowMod:CloakDash","floor":11},{"not_picked":["HollowMod:GoodIntentions","HollowMod:TaintedHusks"],"picked":"HollowMod:MothsMistake","floor":12},{"not_picked":["HollowMod:CycloneSlash","HollowMod:ChannelNail"],"picked":"HollowMod:DungDefenderAura","floor":14}],"player_experience":389047,"relics_obtained":[{"floor":6,"key":"Du-Vu Doll"},{"floor":9,"key":"Oddly Smooth Stone"},{"floor":12,"key":"Art of War"},{"floor":14,"key":"infinitespire:Golems Mask"}],"event_choices":[{"damage_healed":0,"gold_gain":0,"player_choice":"Take Damage","damage_taken":18,"relics_obtained":["Golden Idol"],"max_hp_gain":0,"max_hp_loss":0,"event_name":"Golden Idol","floor":3,"gold_loss":0},{"cards_removed":["HollowMod:NailStrikeStart"],"damage_healed":0,"gold_gain":0,"player_choice":"Offered Basic","damage_taken":0,"max_hp_gain":0,"max_hp_loss":0,"event_name":"Bonfire Elementals","floor":4,"gold_loss":0},{"damage_healed":0,"gold_gain":30,"player_choice":"Searched \u00272\u0027 times","damage_taken":0,"max_hp_gain":0,"max_hp_loss":0,"event_name":"Dead Adventurer","floor":14,"gold_loss":0}],"is_beta":false,"boss_relics":[],"items_purged_floors":[10],"is_endless":false,"potions_floor_spawned":[2,6,7,14],"killed_by":"HollowMod:FalseKnight","ascension_level":0}}