{"host":"4evnc443c98ww2zl","time":1608946897,"event":{"mods":["BaseMod","Better Third Choice","Hermit","Koishi","Luminous","Minty Spire (QoL Compilation)","Remilia??????","Robot Space Explorer","StSLib","The Administrix","The Animator","The Bug Knight","The Cursed"],"gold_per_floor":[110,0,20,38,57,88,102,102,128,139,152,178,278,294,294,398,398,409,428,428,195,208,235,252,252,332,357,369,381,393,320,332,448,460,491,204,204,204,204,204,218,238,238,254,5,5,36,48,48,48,48,48,48,77,77],"floor_reached":56,"playtime":4484,"items_purged":[],"score":1336,"play_id":"0c709562-ccb5-447f-bde7-d28d593990ef","local_time":"20201225194137","is_ascension_mode":false,"campfire_choices":[{"floor":8,"key":"DIG"},{"floor":15,"key":"REST"},{"floor":25,"key":"DIG"},{"floor":28,"key":"DIG"},{"floor":30,"key":"DIG"},{"floor":32,"key":"RECALL"},{"floor":40,"key":"DIG"},{"floor":46,"key":"DIG"},{"floor":49,"key":"DIG"},{"floor":52,"key":"DIG"}],"circlet_count":0,"master_deck":["Luminous:Light_Flash_Shower","Luminous:Light_Flash_Shower","Luminous:Light_Flash_Shower","Luminous:Dark_Abyssal_Drop","Luminous:Dark_Abyssal_Drop","Luminous:Dark_Abyssal_Drop","Luminous:Defend_Luminous","Luminous:Defend_Luminous","Luminous:Defend_Luminous","Luminous:Switch_Luminous","Luminous:Light_Wash_Luminous","Enlightenment","Luminous:Light_Glare","Luminous:Light_Glare","Luminous:Light_Glare","Luminous:Light_Ray_of_Redemption","Luminous:Dark_Arcane_Pitch","Luminous:Light_Wash_Luminous","Luminous:Dark_Arcane_Pitch","Luminous:Dusk_Guard_Luminous","Luminous:Balance_Ender","Luminous:Erosion_Luminous","Luminous:Fast_Spell_Luminous","Flash of Steel","Luminous:Light_Glare","Luminous:Photic_Meditation_Luminous+1","Luminous:Dark_Raid","Luminous:Light_Ray_of_Redemption","Luminous:Balance_Baptism","Luminous:Dark_Arcane_Pitch","Sadistic Nature","Luminous:Dark_Raid","Luminous:Light_Track","Luminous:Light_Gather+1","Luminous:Light_Wash_Luminous+1","Luminous:Balance_Baptism"],"relics":["Luminous:MirrorRelic","NeowsBlessing","Shovel","Vajra","MealTicket","PreservedInsect","SlaversCollar","FaceOfCleric","Omamori","Smiling Mask","MawBank","Pantograph","Bag of Preparation","CaptainsWheel","Nunchaku","Cursed Key","Lee\u0027s Waffle","Bag of Marbles","White Beast Statue","Bottled Tornado","Torii","Oddly Smooth Stone","Pear","Pocketwatch"],"acts_visited":["Exordium","TheCity","TheBeyond","TheEnding"],"potions_floor_usage":[19,24,33,41,42,55,55,55],"damage_taken":[{"damage":0,"enemies":"2 Louse","floor":1,"turns":1},{"damage":0,"enemies":"Small Slimes","floor":3,"turns":2},{"damage":0,"enemies":"Cultist","floor":4,"turns":1},{"damage":4,"enemies":"2 Fungi Beasts","floor":5,"turns":4},{"damage":0,"enemies":"Lagavulin","floor":6,"turns":8},{"damage":18,"enemies":"Lots of Slimes","floor":7,"turns":5},{"damage":12,"enemies":"Blue Slaver","floor":10,"turns":2},{"damage":5,"enemies":"Looter","floor":11,"turns":3},{"damage":0,"enemies":"Gremlin Nob","floor":12,"turns":4},{"damage":7,"enemies":"3 Louse","floor":14,"turns":3},{"damage":16,"enemies":"Hexaghost","floor":16,"turns":11},{"damage":36,"enemies":"2 Thieves","floor":18,"turns":5},{"damage":2,"enemies":"Chosen and Byrds","floor":19,"turns":7},{"damage":22,"enemies":"Snake Plant","floor":22,"turns":5},{"damage":15,"enemies":"HollowMod:Nosk","floor":23,"turns":6},{"damage":5,"enemies":"Centurion and Healer","floor":24,"turns":6},{"damage":11,"enemies":"Snecko","floor":27,"turns":5},{"damage":27,"enemies":"Collector","floor":33,"turns":7},{"damage":0,"enemies":"Orb Walker","floor":35,"turns":3},{"damage":17,"enemies":"3 Darklings","floor":41,"turns":5},{"damage":24,"enemies":"Writhing Mass","floor":42,"turns":5},{"damage":0,"enemies":"Transient","floor":44,"turns":5},{"damage":0,"enemies":"Giant Head","floor":47,"turns":6},{"damage":16,"enemies":"Spire Growth","floor":48,"turns":6},{"damage":45,"enemies":"Time Eater","floor":50,"turns":11},{"damage":7,"enemies":"Shield and Spear","floor":54,"turns":8},{"damage":24,"enemies":"The Heart","floor":55,"turns":10}],"seed_played":"-1650076407756335241","potions_obtained":[{"floor":1,"key":"EssenceOfSteel"},{"floor":6,"key":"BlessingOfTheForge"},{"floor":7,"key":"Dexterity Potion"},{"floor":23,"key":"SkillPotion"},{"floor":24,"key":"Ancient Potion"},{"floor":35,"key":"DistilledChaos"},{"floor":41,"key":"SkillPotion"},{"floor":42,"key":"EssenceOfSteel"},{"floor":44,"key":"Block Potion"}],"is_trial":false,"path_per_floor":["M","?","M","M","M","E","M","R","T","M","M","E","?","M","R","B",null,"M","M","?","$","M","E","M","R","T","M","R","$","R","?","R","B",null,"M","$","?","?","?","R","M","M","T","M","$","R","E","M","R","B",null,"R","$","E","B",null],"character_chosen":"LuminousClass","items_purchased":["Flash of Steel","Omamori","Lee\u0027s Waffle","Bag of Marbles","Bottled Tornado"],"campfire_rested":1,"item_purchase_floors":[21,21,36,36,45],"current_hp_per_floor":[75,81,81,81,77,77,61,61,61,52,50,50,50,44,68,55,81,50,53,53,68,50,39,41,41,41,38,38,53,53,53,53,67,86,87,94,94,94,94,94,86,68,68,84,97,97,98,83,83,65,100,110,110,106,110],"gold":77,"neow_bonus":"THREE_ENEMY_KILL","is_daily":false,"chose_seed":false,"campfire_upgraded":0,"win_rate":0.0,"timestamp":1608946897,"path_taken":["M","?","M","M","M","E","M","R","T","M","M","E","?","?","R","BOSS","M","M","?","$","M","E","?","R","T","M","R","?","R","?","R","BOSS","M","$","?","?","?","R","M","?","T","M","$","R","E","M","R","BOSS","R","$","E","BOSS"],"items_purchased_type":["Card","Relic","Relic","Relic","Relic"],"build_version":"2020-12-22","purchased_purges":0,"victory":true,"max_hp_per_floor":[75,81,81,81,81,81,81,81,81,81,81,81,81,81,81,81,81,81,81,81,81,82,83,84,84,84,85,85,85,85,85,85,86,86,87,94,94,94,94,94,95,96,96,97,97,97,98,99,99,100,100,110,110,111,112],"card_choices":[{"not_picked":["Luminous:Light_Track","Luminous:Concentrate_Luminous"],"picked":"Luminous:Light_Wash_Luminous","floor":1},{"not_picked":["Luminous:Reverse_Spell_Luminous","Luminous:Concentrate_Luminous"],"picked":"Luminous:Light_Glare","floor":3},{"not_picked":["Luminous:Balance_Death_Scythe","Luminous:Darks_Surge_Luminous"],"picked":"Luminous:Light_Glare","floor":4},{"not_picked":["Luminous:Shadow_Shell_Luminous","Luminous:Darkness_Mastery_Luminous"],"picked":"Luminous:Light_Glare","floor":5},{"not_picked":["Luminous:Hero_Will_Luminous","Luminous:Light_Sylvan_Lance"],"picked":"Luminous:Light_Ray_of_Redemption","floor":6},{"not_picked":["Luminous:Mana_Overload_Luminous","Luminous:Light_Sylvan_Lance"],"picked":"Luminous:Dark_Arcane_Pitch","floor":7},{"not_picked":["Luminous:Concentrate_Luminous","Luminous:Light_Sylvan_Lance"],"picked":"Luminous:Light_Wash_Luminous","floor":10},{"not_picked":["Luminous:Date_of_Light_Luminous","Luminous:Mana_Well_Luminous"],"picked":"Luminous:Dark_Arcane_Pitch","floor":11},{"not_picked":["Luminous:Concentrate_Luminous","Luminous:Light_Wash_Luminous"],"picked":"Luminous:Dusk_Guard_Luminous","floor":12},{"not_picked":["Luminous:Light_Wash_Luminous","Luminous:Dark_Apocalypse"],"picked":"Luminous:Balance_Ender","floor":14},{"not_picked":["Luminous:Balance_Aether_Conduit","Luminous:Arcane_Rage_Luminous"],"picked":"Luminous:Erosion_Luminous","floor":16},{"not_picked":["Luminous:Blinding_Pillar_Luminous+1","Luminous:Light_Sylvan_Lance+1"],"picked":"Luminous:Fast_Spell_Luminous","floor":18},{"not_picked":["Luminous:Flash_Blink_Luminous","Luminous:Sympathy_Luminous","Luminous:Darkness_Mastery_Luminous"],"picked":"SKIP","floor":19},{"not_picked":["Luminous:Accumulation_Luminous","Luminous:Light_Spectral_Light"],"picked":"Luminous:Light_Glare","floor":22},{"not_picked":["Luminous:Concentrate_Luminous+1","Luminous:Dark_Raid"],"picked":"Luminous:Photic_Meditation_Luminous+1","floor":23},{"not_picked":["Luminous:Dark_Dim_Erosion+1","Luminous:Light_Glare+1"],"picked":"Luminous:Dark_Raid","floor":24},{"not_picked":["Luminous:Blinding_Pillar_Luminous+1","Luminous:Light_Wash_Luminous"],"picked":"Luminous:Light_Ray_of_Redemption","floor":27},{"not_picked":["Luminous:Ethereal_Form_Luminous","Luminous:Equalize_Luminous"],"picked":"Luminous:Balance_Baptism","floor":33},{"not_picked":["Luminous:Phantom_Treasure_Luminous+1","Luminous:Dark_Extract"],"picked":"Luminous:Dark_Arcane_Pitch","floor":35},{"not_picked":["Blind","Deep Breath"],"picked":"Sadistic Nature","floor":38},{"not_picked":["Luminous:Concentrate_Luminous+1","Luminous:Accumulation_Luminous+1"],"picked":"Luminous:Dark_Raid","floor":41},{"not_picked":["Luminous:Light_Sylvan_Lance+1","Luminous:Dark_Moonlight_Spear","Luminous:Concentrate_Luminous+1"],"picked":"SKIP","floor":42},{"not_picked":["Luminous:Dark_Pressure_Void","Luminous:Light_Disperse"],"picked":"Luminous:Light_Track","floor":44},{"not_picked":["Luminous:Accumulation_Luminous","Luminous:Darks_Surge_Luminous+1"],"picked":"Luminous:Light_Gather+1","floor":47},{"not_picked":["Luminous:Light_Sylvan_Lance+1","Luminous:Dark_Morning_Star"],"picked":"Luminous:Light_Wash_Luminous+1","floor":48},{"not_picked":["Luminous:Balance_Ender+1","Luminous:Dark_Pressure_Void+1"],"picked":"Luminous:Balance_Baptism","floor":54}],"player_experience":1063425,"relics_obtained":[{"floor":6,"key":"Shovel"},{"floor":8,"key":"Vajra"},{"floor":9,"key":"MealTicket"},{"floor":12,"key":"PreservedInsect"},{"floor":23,"key":"Smiling Mask"},{"floor":25,"key":"MawBank"},{"floor":26,"key":"Pantograph"},{"floor":28,"key":"Bag of Preparation"},{"floor":30,"key":"CaptainsWheel"},{"floor":40,"key":"White Beast Statue"},{"floor":46,"key":"Torii"},{"floor":49,"key":"Oddly Smooth Stone"},{"floor":52,"key":"Pear"},{"floor":54,"key":"Pocketwatch"}],"event_choices":[{"damage_healed":0,"gold_gain":0,"player_choice":"RENOUNCE","damage_taken":110,"max_hp_gain":0,"max_hp_loss":0,"event_name":"betterThird:BetterSerpent","floor":2,"gold_loss":110,"cards_obtained":["Enlightenment"]},{"damage_healed":0,"gold_gain":100,"player_choice":"Gold","damage_taken":0,"max_hp_gain":0,"max_hp_loss":0,"event_name":"Wheel of Change","floor":13,"gold_loss":0},{"damage_healed":0,"gold_gain":0,"player_choice":"Trade","damage_taken":0,"relics_obtained":["FaceOfCleric"],"max_hp_gain":0,"max_hp_loss":0,"event_name":"FaceTrader","floor":20,"gold_loss":0},{"damage_healed":0,"gold_gain":0,"player_choice":"Obtained Relic","damage_taken":0,"relics_obtained":["Nunchaku"],"max_hp_gain":0,"max_hp_loss":0,"event_name":"Addict","floor":31,"gold_loss":85},{"cards_removed":["Luminous:Defend_Luminous"],"damage_healed":0,"gold_gain":0,"player_choice":"Removed Skill","damage_taken":0,"max_hp_gain":0,"max_hp_loss":0,"event_name":"Falling","floor":37,"gold_loss":0},{"damage_healed":0,"gold_gain":0,"player_choice":"Memory 1","damage_taken":0,"max_hp_gain":0,"max_hp_loss":0,"event_name":"SensoryStone","floor":38,"gold_loss":0},{"damage_healed":0,"gold_gain":0,"player_choice":"Ignored","damage_taken":0,"max_hp_gain":0,"max_hp_loss":0,"event_name":"NoteForYourself","floor":39,"gold_loss":0}],"is_beta":false,"boss_relics":[{"not_picked":["Sozu","Astrolabe"],"picked":"SlaversCollar"},{"not_picked":["Runic Pyramid","Velvet Choker"],"picked":"Cursed Key"}],"items_purged_floors":[],"is_endless":false,"potions_floor_spawned":[1,6,7,14,16,23,24,27,35,41,42,44,47,48,54],"ascension_level":0}}