{"host":"uflv0e3ja7hvnij7","time":1608996798,"event":{"mods":["Aspiration","BaseMod","Better Altar","Better Match","Better Note","Better Sensory Stone","Better Skull","Better Third Choice","Hubris","Infinite Spire","Minty Spire (QoL Compilation)","Permanent Neow","Replay The Spire","Shop Mod","StSLib"],"gold_per_floor":[112,112,112,112,112,112,155,155,181,181,197,216,36,51,51,180,180,180],"floor_reached":17,"playtime":630,"items_purged":[],"score":233,"play_id":"a5f0016c-e348-4123-bb1a-f5fa8f0b8c0c","local_time":"20201226103318","is_ascension_mode":true,"campfire_choices":[{"data":"Eruption","floor":6,"key":"SMITH"},{"floor":8,"key":"REST"},{"floor":10,"key":"REST"},{"data":"ClearTheMind","floor":15,"key":"SMITH"}],"circlet_count":0,"master_deck":["Strike_P","Strike_P","Strike_P","Strike_P","Eruption+1","Vigilance+1","ClearTheMind+1","PiercingWail","Survivor","Setup+1","Tantrum","Halt","Vault"],"relics":["PureWater","Golden Idol","hubris:Towel","Tiny Chest","War Paint","Pen Nib","SacredBark"],"acts_visited":["Exordium","TheCity"],"potions_floor_usage":[],"damage_taken":[{"damage":9,"enemies":"2 Louse","floor":1,"turns":3},{"damage":24,"enemies":"Lagavulin","floor":7,"turns":7},{"damage":0,"enemies":"Small Slimes","floor":11,"turns":3},{"damage":0,"enemies":"Cultist","floor":12,"turns":2},{"damage":0,"enemies":"Red Slaver","floor":14,"turns":1},{"damage":0,"enemies":"Slime Boss","floor":16,"turns":6}],"seed_played":"-8142363927149281816","potions_obtained":[{"floor":1,"key":"Dexterity Potion"},{"floor":11,"key":"Strength Potion"},{"floor":16,"key":"Toxic Potion"}],"is_trial":false,"path_per_floor":["M","?","?","$","?","R","E","R","T","R","M","M","$","M","R","B",null],"character_chosen":"WATCHER","items_purchased":["Tantrum","Pen Nib"],"campfire_rested":2,"item_purchase_floors":[13,13],"current_hp_per_floor":[63,45,45,45,45,45,21,42,42,63,63,63,63,63,63,63,72,72],"gold":180,"neow_bonus":"RANDOM_EVENT","is_daily":false,"chose_seed":false,"campfire_upgraded":2,"win_rate":0.0,"timestamp":1608996798,"path_taken":["M","?","?","$","?","R","E","R","T","R","M","M","?","M","R","BOSS"],"items_purchased_type":["Card","Relic"],"build_version":"2020-12-22","purchased_purges":0,"victory":false,"max_hp_per_floor":[72,72,72,72,72,72,72,72,72,72,72,72,72,72,72,72,72,72],"card_choices":[{"not_picked":["Replay:DivineShield","LikeWater"],"picked":"ClearTheMind","floor":1},{"not_picked":["Replay:Vibes","CrushJoints","Nirvana"],"picked":"SKIP","floor":7},{"not_picked":["JustLucky","PathToVictory","Replay:BluntJabs"],"picked":"SKIP","floor":11},{"not_picked":["Study","SandsOfTime","Replay:ManipulateFuture"],"picked":"SKIP","floor":12},{"not_picked":["JustLucky","WaveOfTheHand"],"picked":"Halt","floor":14},{"not_picked":["Replay:AllIn","MasterReality"],"picked":"Vault","floor":16}],"player_experience":409107,"relics_obtained":[{"floor":7,"key":"Tiny Chest"},{"floor":9,"key":"War Paint"}],"event_choices":[{"damage_healed":0,"gold_gain":0,"player_choice":"Take Damage","damage_taken":18,"relics_obtained":["Golden Idol"],"max_hp_gain":0,"max_hp_loss":0,"event_name":"Golden Idol","floor":2,"gold_loss":0}],"is_beta":false,"boss_relics":[{"not_picked":["aspiration:RitualDagger","Runic Dome"],"picked":"SacredBark"}],"items_purged_floors":[],"is_endless":false,"potions_floor_spawned":[1,7,11,16],"ascension_level":3}}