{"host":"ormi09wwzv7sq47a","time":1608965908,"event":{"mods":["2.2 Compatiblity","AchievementEnabler","Act Like it!","BaseMod","Bestiary","Better Altar","Better Note","Better Sensory Stone","Better Skull","Better Third Choice","Better Vampires","BetterRewards","Block Reminder","Colored Map","Colored Powertips","Curses Come First","DeckTracker","Downfall","Highlight Path","Minty Spire (QoL Compilation)","Permanent Neow","Quick Restart","Rare Cards Sparkle","Relic Stats","Shop Mod","StSLib","The Jungle","The Servant 0.9.4"],"gold_per_floor":[111,111,124,24,37,71,71,100,124,124,151,8,19,32,32,108,108,119,135,149,165,90,90,125,125,125,153,169,169,195,195,195,266,266,278,153,172,172,192,192,210,210,210,227,227,227,260,277,277,277,277,277,22,51,51,51,51],"floor_reached":55,"playtime":2927,"items_purged":["Slimebound:Tackle","Slimebound:Strike_Slimebound","Slimebound:Defend_Slimebound"],"score":1596,"play_id":"8d0bd815-05a1-4642-a8b5-007a709fd3da","local_time":"20201226035828","is_ascension_mode":true,"campfire_choices":[{"data":"Slimebound:Split","floor":7.0,"key":"SMITH"},{"data":"Slimebound:RainOfGoop","floor":10.0,"key":"SMITH"},{"data":"Slimebound:HauntingLick","floor":15.0,"key":"SMITH"},{"data":"Slimebound:MegaLick","floor":23.0,"key":"SMITH"},{"data":"Slimebound:CorrosiveSpit","floor":25.0,"key":"SMITH"},{"data":"Slimebound:Defend_Slimebound","floor":29.0,"key":"SMITH"},{"data":"Slimebound:SpikyOuterGoop","floor":32.0,"key":"SMITH"},{"data":"Slimebound:OozeBath","floor":40.0,"key":"SMITH"},{"data":"Slimebound:SlimeSpikes","floor":42.0,"key":"SMITH"},{"floor":45.0,"key":"RECALL"},{"data":"Slimebound:Gluttony","floor":49.0,"key":"SMITH"},{"data":"Slimebound:Recycling","floor":52,"key":"SMITH"}],"circlet_count":0,"master_deck":["AscendersBane","Slimebound:Strike_Slimebound+1","Slimebound:Defend_Slimebound+1","Slimebound:Split+1","Slimebound:CorrosiveSpit+1","expansioncontent:DashGenerateEvil+1","Slimebound:RainOfGoop+1","Slimebound:SlimeBarrage+1","Slimebound:Gluttony+1","Slimebound:GrowthPunch+1","Slimebound:DisruptingSlam+1","Slimebound:LeechingTouch+1","Slimebound:HauntingLick+1","Slimebound:Recycling+1","Slimebound:SamplingLick+1","Slimebound:MegaLick+1","Slimebound:SpikyOuterGoop+1","Slimebound:LeechingTouch+1","Slimebound:SpikyOuterGoop+1","Slimebound:OozeBath+1","Slimebound:Equalize+1","Slimebound:SlimeSpikes+1","Slimebound:RallyTheTroops+1","Slimebound:Nibble+1","Slimebound:SlimeSpikes+1"],"relics":["Slimebound:AbsorbEndCombatUpgraded","Molten Egg 2","Sundial","Sling","Calipers","Anchor","Whetstone","Bronze Scales","StoneCalendar","Slimebound:AggressiveSlimeRelic","Black Star","Oddly Smooth Stone","StrikeDummy","Akabeko","Pear","TungstenRod","Blood Vial","Mercury Hourglass","HornCleat","Smiling Mask","Bottled Lightning","Shuriken","Boot","Mummified Hand"],"acts_visited":["Exordium","TheCity","TheBeyond","TheEnding"],"potions_floor_usage":[50,50],"damage_taken":[{"damage":1.0,"enemies":"2 Louse","floor":1.0,"turns":2.0},{"damage":4.0,"enemies":"Cultist","floor":3.0,"turns":2.0},{"damage":7.0,"enemies":"Jaw Worm","floor":5.0,"turns":4.0},{"damage":14.0,"enemies":"3 Sentries","floor":6.0,"turns":3.0},{"damage":11.0,"enemies":"Lagavulin","floor":8.0,"turns":4.0},{"damage":7.0,"enemies":"Gremlin Nob","floor":11.0,"turns":3.0},{"damage":4.0,"enemies":"Exordium Wildlife","floor":13.0,"turns":2.0},{"damage":4.0,"enemies":"Gremlin Gang","floor":14.0,"turns":2.0},{"damage":29.0,"enemies":"Slime Boss","floor":16.0,"turns":7.0},{"damage":17.0,"enemies":"Shell Parasite","floor":18.0,"turns":4.0},{"damage":17.0,"enemies":"Spheric Guardian","floor":19.0,"turns":4.0},{"damage":12.0,"enemies":"Centurion and Healer","floor":20.0,"turns":5.0},{"damage":29.0,"enemies":"Cultist and Chosen","floor":21.0,"turns":5.0},{"damage":14.0,"enemies":"Gremlin Leader","floor":24.0,"turns":4.0},{"damage":18.0,"enemies":"Book of Stabbing","floor":27.0,"turns":3.0},{"damage":9.0,"enemies":"Shelled Parasite and Fungi","floor":28.0,"turns":3.0},{"damage":9.0,"enemies":"Gremlin Leader","floor":30.0,"turns":4.0},{"damage":25.0,"enemies":"Champ","floor":33.0,"turns":8.0},{"damage":12.0,"enemies":"Orb Walker","floor":35.0,"turns":3.0},{"damage":10.0,"enemies":"3 Darklings","floor":37.0,"turns":3.0},{"damage":9.0,"enemies":"Transient","floor":39.0,"turns":5.0},{"damage":9.0,"enemies":"Jaw Worm Horde","floor":41.0,"turns":4.0},{"damage":17.0,"enemies":"4 Shapes","floor":44.0,"turns":3.0},{"damage":28.0,"enemies":"Reptomancer","floor":47.0,"turns":5.0},{"damage":9.0,"enemies":"Maw","floor":48.0,"turns":6.0},{"damage":40,"enemies":"Awakened One","floor":50,"turns":12},{"damage":49,"enemies":"Shield and Spear","floor":54,"turns":6},{"damage":105,"enemies":"The Heart","floor":55,"turns":6}],"seed_played":"5045648802132068923","potions_obtained":[{"floor":3.0,"key":"Slimebound:ThreeZeroPotion"},{"floor":5.0,"key":"FearPotion"},{"floor":11.0,"key":"CultistPotion"},{"floor":13.0,"key":"LiquidBronze"},{"floor":21.0,"key":"PowerPotion"},{"floor":28.0,"key":"DuplicationPotion"},{"floor":39.0,"key":"Fruit Juice"},{"floor":41.0,"key":"hexamod:EctoCoolerPotion"}],"is_trial":false,"path_per_floor":["M","?","M","$","M","E","R","E","T","R","E","$","M","M","R","B",null,"M","M","M","M","?","R","E","R","T","E","M","R","E","?","R","B",null,"M","$","M","?","M","R","M","R","T","M","R","T","E","M","R","B",null,"R","$","E","B"],"character_chosen":"SLIMEBOUND","items_purchased":["Molten Egg 2","Sundial","Sling","expansioncontent:DashGenerateEvil+1","Slimebound:RainOfGoop","Slimebound:SlimeBarrage+1","Slimebound:AggressiveSlimeRelic","Shuriken"],"campfire_rested":0,"item_purchase_floors":[0,0,0,0,0,0,12,53],"current_hp_per_floor":[51,51,51,51,54,52,52,53,53,53,48,48,48,50,50,47,57,59,55,60,51,51,51,58,58,58,68,70,70,70,70,70,70,70,70,70,70,70,75,75,69,69,69,75,75,75,75,75,75,75,75,75,75,75,0,0,0],"gold":51,"neow_bonus":"","is_daily":false,"chose_seed":false,"campfire_upgraded":11,"win_rate":0.0,"timestamp":1608965908,"path_taken":["M","?","M","?","M","E","R","E","T","R","E","?","?","M","R","BOSS","M","M","M","?","?","R","E","R","T","E","M","R","E","?","R","BOSS","M","$","M","?","M","R","M","R","T","?","R","?","E","M","R","BOSS","R","$","E","BOSS"],"items_purchased_type":["Relic","Relic","Relic","Card","Card","Card","Relic","Relic"],"build_version":"2020-12-22","purchased_purges":3,"victory":false,"max_hp_per_floor":[60,60,60,60,60,60,60,60,60,60,60,60,60,60,60,60,60,60,60,60,60,60,60,60,60,60,70,70,70,70,70,70,70,70,70,70,70,70,75,75,75,75,75,75,75,75,75,75,75,75,75,75,75,75,75,75,75],"relic_stats":{"counters":[111,516],"StoneCalendar":[68],"Whetstone":["Slimebound:Strike_Slimebound"],"Smiling Mask":0,"Boot":[0],"Mercury Hourglass":[240],"Blood Vial":2,"Sundial":[14],"Shuriken":[3],"Mummified Hand":[9],"Bronze Scales":[628],"Black Star":5,"obtain_stats":[{"Calipers":0,"Gremlin Horn":9,"Spirit Poop":29,"Whetstone":26,"Bottled Tornado":8,"Sling":0,"Boot":54,"Old Coin":48,"Blood Vial":30,"HornCleat":0,"Sundial":0,"Philosopher\u0027s Stone":34,"MealTicket":24,"Toxic Egg 2":0,"Slimebound:AggressiveSlimeRelic":12,"Pear":29,"Happy Flower":54,"Blue Candle":9,"Oddly Smooth Stone":43,"Eternal Feather":45,"Guardian:PocketSentry":23,"War Paint":37,"Question Card":26,"Akabeko":26,"SlaversCollar":34,"Shuriken":53,"Bronze Scales":41,"Bird Faced Urn":0,"Molten Egg 2":7,"Black Star":17,"StrikeDummy":26,"Slimebound:SlimedTailRelic":47,"StoneCalendar":11,"Bag of Preparation":20,"Smiling Mask":42,"Empty Cage":17,"Ancient Tea Set":20,"Nunchaku":54,"Slimebound:MaxSlimesRelic":53,"Matryoshka":25,"Mummified Hand":53,"Gambling Chip":21,"Potion Belt":31,"Golden Idol":4,"PreservedInsect":7,"The Courier":43,"Omamori":21,"Slimebound:PotencyRelic":0,"Mercury Hourglass":30,"Slimebound:GreedOozeRelic":10,"Anchor":24,"Turnip":30,"Slimebound:AbsorbEndCombat":0,"Bag of Marbles":25,"Coffee Dripper":17,"Art of War":29,"Membership Card":37,"Bottled Lightning":47,"hexamod:BolsterEngine":0,"Slimebound:AbsorbEndCombatUpgraded":17,"Toy Ornithopter":40,"TungstenRod":27},{"Calipers":83,"Gremlin Horn":31,"Spirit Poop":13,"Whetstone":38,"Bottled Tornado":59,"Sling":83,"Boot":110,"Old Coin":80,"Blood Vial":100,"HornCleat":54,"Sundial":83,"Philosopher\u0027s Stone":16,"MealTicket":37,"Toxic Egg 2":54,"Slimebound:AggressiveSlimeRelic":89,"Pear":70,"Happy Flower":26,"Blue Candle":4,"Oddly Smooth Stone":47,"Eternal Feather":24,"Guardian:PocketSentry":67,"War Paint":44,"Question Card":12,"Akabeko":97,"SlaversCollar":73,"Shuriken":109,"Bronze Scales":47,"Bird Faced Urn":54,"Molten Egg 2":3,"Black Star":92,"StrikeDummy":68,"Slimebound:SlimedTailRelic":80,"StoneCalendar":89,"Bag of Preparation":9,"Smiling Mask":23,"Empty Cage":63,"Ancient Tea Set":65,"Nunchaku":53,"Slimebound:MaxSlimesRelic":52,"Matryoshka":68,"Mummified Hand":81,"Gambling Chip":65,"Potion Belt":41,"Golden Idol":1,"PreservedInsect":31,"The Courier":77,"Omamori":9,"Slimebound:PotencyRelic":27,"Mercury Hourglass":100,"Slimebound:GreedOozeRelic":4,"Anchor":37,"Turnip":14,"Slimebound:AbsorbEndCombat":0,"Bag of Marbles":12,"Coffee Dripper":35,"Art of War":40,"Membership Card":44,"Bottled Lightning":107,"hexamod:BolsterEngine":27,"Slimebound:AbsorbEndCombatUpgraded":7,"Toy Ornithopter":22,"TungstenRod":98},{"Calipers":399,"Gremlin Horn":195,"Spirit Poop":74,"Whetstone":221,"Bottled Tornado":317,"Sling":399,"Boot":510,"Old Coin":384,"Blood Vial":456,"HornCleat":297,"Sundial":399,"Philosopher\u0027s Stone":99,"MealTicket":217,"Toxic Egg 2":297,"Slimebound:AggressiveSlimeRelic":416,"Pear":352,"Happy Flower":173,"Blue Candle":22,"Oddly Smooth Stone":261,"Eternal Feather":153,"Guardian:PocketSentry":344,"War Paint":248,"Question Card":71,"Akabeko":446,"SlaversCollar":362,"Shuriken":504,"Bronze Scales":261,"Bird Faced Urn":297,"Molten Egg 2":17,"Black Star":425,"StrikeDummy":346,"Slimebound:SlimedTailRelic":384,"StoneCalendar":416,"Bag of Preparation":51,"Smiling Mask":145,"Empty Cage":330,"Ancient Tea Set":337,"Nunchaku":295,"Slimebound:MaxSlimesRelic":289,"Matryoshka":346,"Mummified Hand":389,"Gambling Chip":337,"Potion Belt":232,"Golden Idol":5,"PreservedInsect":195,"The Courier":376,"Omamori":51,"Slimebound:PotencyRelic":184,"Mercury Hourglass":456,"Slimebound:GreedOozeRelic":22,"Anchor":217,"Turnip":81,"Slimebound:AbsorbEndCombat":0,"Bag of Marbles":71,"Coffee Dripper":211,"Art of War":229,"Membership Card":248,"Bottled Lightning":486,"hexamod:BolsterEngine":184,"Slimebound:AbsorbEndCombatUpgraded":39,"Toy Ornithopter":137,"TungstenRod":449}],"TungstenRod":74},"card_choices":[{"not_picked":["Slimebound:Grow","Slimebound:SlimeTap"],"picked":"Slimebound:Gluttony","floor":1.0},{"not_picked":["Slimebound:SlimeBrawl","Slimebound:Schlurp","Slimebound:SplitBruiser"],"picked":"SKIP","floor":3.0},{"not_picked":["Slimebound:BestDefense","Slimebound:LeechingTouch+1"],"picked":"Slimebound:DisruptingSlam+1","floor":5.0},{"not_picked":["Slimebound:SlimeSpikes","Slimebound:SplitLeeching"],"picked":"Slimebound:LeechingTouch+1","floor":6.0},{"not_picked":["Slimebound:FlameTackle+1","Slimebound:Replication","Slimebound:Teamwork"],"picked":"SKIP","floor":8.0},{"not_picked":["Slimebound:Schlurp","Slimebound:ComboTackle+1"],"picked":"Slimebound:HauntingLick","floor":11.0},{"not_picked":["Slimebound:SplitBruiser","Slimebound:Repurpose","Slimebound:LeechingTouch+1"],"picked":"SKIP","floor":13.0},{"not_picked":["Slimebound:Schlurp","Slimebound:DisruptingSlam+1","Slimebound:Chomp+1"],"picked":"SKIP","floor":14.0},{"not_picked":["Slimebound:WasteNot","Slimebound:Teamwork"],"picked":"Slimebound:Recycling","floor":16.0},{"not_picked":["Slimebound:SlimeBarrage+1","Slimebound:AcidTongue","Slimebound:PressTheAttack+1"],"picked":"SKIP","floor":18.0},{"not_picked":["Slimebound:ViciousTackle+1","Slimebound:SplitAcid"],"picked":"Slimebound:SamplingLick+1","floor":19.0},{"not_picked":["Slimebound:SamplingLick","Slimebound:BestDefense+1","Slimebound:ViciousTackle+1"],"picked":"SKIP","floor":20.0},{"not_picked":["Slimebound:SplitBruiser","Slimebound:HauntingLick"],"picked":"Slimebound:MegaLick","floor":21.0},{"not_picked":["Slimebound:PressTheAttack+1","Slimebound:ViciousTackle+1","Slimebound:Chomp+1"],"picked":"SKIP","floor":24.0},{"not_picked":["Slimebound:ForwardTackle+1","Slimebound:SamplingLick"],"picked":"Slimebound:SpikyOuterGoop+1","floor":27.0},{"not_picked":["Slimebound:RainOfGoop","Slimebound:FinishingTackle+1"],"picked":"Slimebound:LeechingTouch+1","floor":28.0},{"not_picked":["Slimebound:FirmFortitude","Slimebound:Schlurp"],"picked":"Slimebound:SpikyOuterGoop","floor":30.0},{"not_picked":["Slimebound:SelfFormingGoo","Slimebound:MassRepurpose"],"picked":"Slimebound:OozeBath","floor":33.0},{"not_picked":["Slimebound:GoopSpray","Slimebound:Schlurp+1"],"picked":"Slimebound:Equalize+1","floor":35.0},{"not_picked":["Slimebound:GoopTackle+1","Slimebound:ComboTackle+1"],"picked":"Slimebound:SlimeSpikes","floor":37.0},{"not_picked":["Slimebound:Gluttony","Slimebound:GoopSpray","Slimebound:SlimeSpikes"],"picked":"SKIP","floor":39.0},{"not_picked":["Slimebound:PressTheAttack+1","Slimebound:SplitBruiser"],"picked":"Slimebound:Nibble+1","floor":41.0},{"not_picked":["Slimebound:DisruptingSlam+1","Slimebound:RollThrough+1","Slimebound:PressTheAttack+1"],"picked":"SKIP","floor":44.0},{"not_picked":["Slimebound:CheckThePlaybook","Slimebound:LivingWall"],"picked":"Slimebound:SlimeSpikes+1","floor":47.0},{"not_picked":["Slimebound:SplitMire","Slimebound:Replication","Slimebound:SamplingLick"],"picked":"SKIP","floor":48.0},{"not_picked":["Slimebound:SplitLeeching","Slimebound:WasteNot","Slimebound:GoopSpray"],"picked":"SKIP","floor":54}],"player_experience":776888,"relics_obtained":[{"floor":6.0,"key":"Anchor"},{"floor":8.0,"key":"Whetstone"},{"floor":9.0,"key":"Bronze Scales"},{"floor":11.0,"key":"StoneCalendar"},{"floor":24.0,"key":"Oddly Smooth Stone"},{"floor":24.0,"key":"StrikeDummy"},{"floor":26.0,"key":"Akabeko"},{"floor":27.0,"key":"Pear"},{"floor":27.0,"key":"TungstenRod"},{"floor":30.0,"key":"Blood Vial"},{"floor":30.0,"key":"Mercury Hourglass"},{"floor":46.0,"key":"HornCleat"},{"floor":47.0,"key":"Smiling Mask"},{"floor":47.0,"key":"Bottled Lightning"},{"floor":54,"key":"Boot"},{"floor":54,"key":"Mummified Hand"}],"event_choices":[{"damage_healed":0.0,"max_hp_gain":0.0,"max_hp_loss":0.0,"gold_gain":0.0,"cards_transformed":["Slimebound:Strike_Slimebound"],"event_name":"Transmorgrifier","player_choice":"Transformed","floor":2.0,"gold_loss":0.0,"damage_taken":0.0,"cards_obtained":["Slimebound:GrowthPunch"]},{"cards_removed":["Slimebound:Defend_Slimebound"],"damage_healed":0.0,"max_hp_gain":0.0,"max_hp_loss":0.0,"gold_gain":0.0,"event_name":"Beggar","player_choice":"Gave Gold","floor":22.0,"gold_loss":75.0,"damage_taken":0.0},{"cards_removed":["Slimebound:Defend_Slimebound"],"damage_healed":0.0,"max_hp_gain":0.0,"max_hp_loss":0.0,"gold_gain":0.0,"event_name":"Purifier","player_choice":"Purged","floor":31.0,"gold_loss":0.0,"damage_taken":0.0},{"damage_healed":0.0,"max_hp_gain":0.0,"max_hp_loss":0.0,"gold_gain":0.0,"event_name":"Match and Keep!","player_choice":"1 cards matched","floor":38.0,"gold_loss":0.0,"damage_taken":0.0,"cards_obtained":["Slimebound:RallyTheTroops"]}],"is_beta":false,"boss_relics":[{"not_picked":["Snecko Eye","Calling Bell"],"picked":"Black Star"},{"not_picked":["Astrolabe","Pandora\u0027s Box"],"picked":"Slimebound:AbsorbEndCombatUpgraded"}],"items_purged_floors":[0,4,36],"is_endless":false,"potions_floor_spawned":[3,5,11,13,16,21,24,28,30,39,41,48],"killed_by":"The Heart","ascension_level":13}}