{"host":"ixtszv54kd1m8623","time":1608994830,"event":{"mods":["Act Like it!","Aspiration","BaseMod","Beaked The Cultist","ChefMod","Colored Map","Colored Powertips","Conspire","Downfall","Gensokyo","Halation","Hermit","Hubris","Infinite Spire","Jorbs\u0027s Wanderer Trilogy","Minty Spire (QoL Compilation)","Replay The Spire","Robot Space Explorer","Shade Mod","Shop Mod","StSLib","The Blackbeard","The Bug Knight","The Cursed","The Dragon Tamer","The Marked","The Runesmith"],"gold_per_floor":[112,132,132,148,164,190,205,237,262,295,312,15,15,27,27,132,132,152,152,162,175,175,175,75,75,75,75,128,128,165,194,194,309,309,327,360,360,360],"floor_reached":37,"playtime":2239,"items_purged":[],"score":488,"play_id":"183af757-554f-4f4f-aaea-5619a5ffd54b","local_time":"20201226070030","is_ascension_mode":false,"campfire_choices":[{"floor":15,"key":"REST"},{"data":"Runesmith:UnlimitedPower","floor":23,"key":"SMITH"},{"data":"Runesmith:MetallurgicalResearch","floor":25,"key":"SMITH"},{"floor":27,"key":"REST"},{"floor":29,"key":"REST"},{"floor":32,"key":"REST"}],"circlet_count":0,"master_deck":["Runesmith:Strike_RS+1","Runesmith:Strike_RS+1","Runesmith:Strike_RS+1","Runesmith:Strike_RS","Runesmith:Defend_RS","Runesmith:Defend_RS","Runesmith:Defend_RS+1","Runesmith:Defend_RS","Runesmith:CraftFirestone+1","Runesmith:Fortify","Runesmith:PerfectChisel","Runesmith:ChiselStab","Runesmith:EarthShield+1","Runesmith:CraftProtectio+1","Runesmith:CraftMagma","Runesmith:HeatExchange","Runesmith:PoweredAnvil+1","Runesmith:CraftMagma+1","Runesmith:UnlimitedPower+1","Runesmith:GoWithTheFlow+1","Runesmith:LithiumIon","Runesmith:CraftIndustria","Runesmith:Grindstone","Runesmith:MetallurgicalResearch+1","Runesmith:EarthShield","Runesmith:Malloc+1","Runesmith:Superposition","conspire:SpireCoStock","conspire:SpireCoStock","Runesmith:EnergizedChisel+1","Runesmith:ShiftingStrike","Runesmith:Firestorm+1","Runesmith:GrandSlam","Runesmith:StaticCage+1","Runesmith:CraftReservo+1"],"relics":["Runesmith:CoreCrystal","NeowsBlessing","hubris:TenFootPole","Potion Belt","conspire:TopHat","War Paint","Membership Card","Runesmith:AutoHammer","halation:HeavySnake","hubris:Icosahedron","infinitespire:CheckeredPen","infinitespire:Beetle Shell"],"acts_visited":["Exordium","TheCity","TheBeyond"],"potions_floor_usage":[6,8,16,16,28,28,28,33,33],"damage_taken":[{"damage":0,"enemies":"conspire:RoseBush","floor":1,"turns":1},{"damage":0,"enemies":"Small Slimes","floor":2,"turns":1},{"damage":0,"enemies":"Jaw Worm","floor":4,"turns":1},{"damage":0,"enemies":"Looter","floor":5,"turns":4},{"damage":5,"enemies":"Replay:BlueRogue","floor":6,"turns":5},{"damage":1,"enemies":"Red Slaver","floor":7,"turns":4},{"damage":0,"enemies":"HollowMod:MossKnight","floor":8,"turns":10},{"damage":5,"enemies":"Replay:BlueRogue","floor":10,"turns":6},{"damage":13,"enemies":"conspire:2 RoseBushes","floor":11,"turns":4},{"damage":12,"enemies":"Gremlin Gang","floor":14,"turns":5},{"damage":3,"enemies":"Hexaghost","floor":16,"turns":7},{"damage":22,"enemies":"3 Byrds","floor":18,"turns":4},{"damage":4,"enemies":"Chosen","floor":20,"turns":6},{"damage":36,"enemies":"Snake Plant","floor":21,"turns":7},{"damage":11,"enemies":"Book of Stabbing","floor":28,"turns":4},{"damage":6,"enemies":"Centurion and Healer","floor":30,"turns":8},{"damage":21,"enemies":"Cultist and Chosen","floor":31,"turns":7},{"damage":31,"enemies":"Automaton","floor":33,"turns":8},{"damage":14,"enemies":"Orb Walker","floor":35,"turns":5},{"damage":50,"enemies":"3 Shapes","floor":36,"turns":7},{"damage":10,"enemies":"Maw","floor":37,"turns":4}],"seed_played":"-892348703803064321","potions_obtained":[{"floor":2,"key":"Reflective Coating"},{"floor":4,"key":"FearPotion"},{"floor":5,"key":"Dexterity Potion"},{"floor":10,"key":"hexamod:EctoCoolerPotion"},{"floor":11,"key":"Slimebound:ThreeZeroPotion"},{"floor":14,"key":"GamblersBrew"},{"floor":16,"key":"Milkshake"},{"floor":21,"key":"ColorlessPotion"},{"floor":28,"key":"Strength Potion"},{"floor":36,"key":"GamblersBrew"}],"is_trial":false,"path_per_floor":["M","M","?","M","M","E","M","E","T","E","M","$","?","M","R","B",null,"M","?","M","M","?","R","?","R","T","R","E","R","M","M","R","B",null,"M","M","M"],"character_chosen":"RUNESMITH_CLASS","items_purchased":["Membership Card","Runesmith:GoWithTheFlow+1","Runesmith:LithiumIon","Runesmith:CraftIndustria"],"campfire_rested":4,"item_purchase_floors":[12,12,12,12],"current_hp_per_floor":[70,70,70,70,70,65,64,64,64,59,46,46,46,34,55,52,70,48,48,44,8,8,8,8,8,8,29,18,39,33,12,33,2,70,56,6,0,0],"gold":360,"neow_bonus":"THREE_ENEMY_KILL","is_daily":false,"chose_seed":false,"campfire_upgraded":2,"win_rate":0.0,"timestamp":1608994830,"path_taken":["M","M","?","M","M","E","M","E","T","E","M","$","?","M","R","BOSS","M","?","M","M","?","R","?","R","T","R","E","R","M","M","R","BOSS","M","M","M"],"items_purchased_type":["Relic","Card","Card","Card"],"build_version":"2020-12-22","purchased_purges":0,"victory":false,"max_hp_per_floor":[70,70,70,70,70,70,70,70,70,70,70,70,70,70,70,70,70,70,70,70,70,70,70,70,70,70,70,70,70,70,70,70,70,70,70,70,70,70],"card_choices":[{"not_picked":["Runesmith:Empowerment","Runesmith:ShiftingStrike"],"picked":"Runesmith:PerfectChisel","floor":1},{"not_picked":["Runesmith:EnergizedChisel","Runesmith:Attraction"],"picked":"Runesmith:ChiselStab","floor":2},{"not_picked":["Runesmith:Overpower","Runesmith:Grindstone"],"picked":"Runesmith:EarthShield","floor":4},{"not_picked":["Runesmith:UnstableHammer","Runesmith:StaticCage"],"picked":"Runesmith:CraftProtectio","floor":5},{"not_picked":["Runesmith:HammerAndChisel","Runesmith:CraftObretio"],"picked":"Runesmith:CraftMagma","floor":6},{"not_picked":["Runesmith:BackupBattery","Runesmith:ChiselStab"],"picked":"Runesmith:HeatExchange","floor":7},{"not_picked":["Runesmith:UnstableHammer","Runesmith:MakeshiftArmor"],"picked":"Runesmith:PoweredAnvil","floor":8},{"not_picked":["Runesmith:Overpower","Runesmith:OneForEveryone"],"picked":"Runesmith:CraftMagma","floor":10},{"not_picked":["Runesmith:Refine","Runesmith:RunicBlueprint"],"picked":"Runesmith:UnlimitedPower","floor":11},{"not_picked":["Runesmith:HeatedChisel","Runesmith:ChiselStab"],"picked":"Runesmith:Grindstone","floor":14},{"not_picked":["Runesmith:DuctTape","Runesmith:Supernova"],"picked":"Runesmith:MetallurgicalResearch","floor":16},{"not_picked":["Runesmith:ChargedHammer+1","Runesmith:RunicBlueprint"],"picked":"Runesmith:EarthShield","floor":18},{"not_picked":["Runesmith:Grindstone","Runesmith:Accelerate"],"picked":"Runesmith:Malloc+1","floor":20},{"not_picked":["Runesmith:Firestorm","Runesmith:Malloc"],"picked":"Runesmith:Superposition","floor":21},{"not_picked":["Runesmith:CraftProtectio","Runesmith:WhiteBalance"],"picked":"Runesmith:EnergizedChisel+1","floor":28},{"not_picked":["Runesmith:MakeshiftArmor","Runesmith:StaticCage"],"picked":"Runesmith:ShiftingStrike","floor":30},{"not_picked":["Runesmith:Overpower+1","Runesmith:HammerTime+1"],"picked":"Runesmith:Firestorm+1","floor":31},{"not_picked":["Runesmith:DuctTape","Runesmith:LastStand"],"picked":"Runesmith:GrandSlam","floor":33},{"not_picked":["Runesmith:Repurpose","Runesmith:EarthShield"],"picked":"Runesmith:StaticCage+1","floor":35},{"not_picked":["Runesmith:Overpower","Runesmith:EarthShield+1"],"picked":"Runesmith:CraftReservo+1","floor":36}],"player_experience":134425,"relics_obtained":[{"floor":6,"key":"hubris:TenFootPole"},{"floor":8,"key":"Potion Belt"},{"floor":9,"key":"conspire:TopHat"},{"floor":10,"key":"War Paint"},{"floor":13,"key":"Runesmith:AutoHammer"},{"floor":26,"key":"infinitespire:CheckeredPen"},{"floor":28,"key":"infinitespire:Beetle Shell"}],"event_choices":[{"damage_healed":0,"gold_gain":0,"player_choice":"Grow","damage_taken":0,"max_hp_gain":0,"max_hp_loss":0,"event_name":"Living Wall","floor":3,"gold_loss":0,"cards_upgraded":["Runesmith:CraftFirestone"]},{"damage_healed":0,"gold_gain":0,"player_choice":"Ignored","damage_taken":0,"max_hp_gain":0,"max_hp_loss":0,"event_name":"Ghosts","floor":22,"gold_loss":0},{"damage_healed":0,"gold_gain":0,"player_choice":"Invest 2","damage_taken":0,"max_hp_gain":0,"max_hp_loss":0,"event_name":"conspire:Investor","floor":24,"gold_loss":0}],"is_beta":false,"boss_relics":[{"not_picked":["conspire:RoyalGoblet","halation:LoveArrow"],"picked":"halation:HeavySnake"},{"not_picked":["Runesmith:PocketReactor","aspiration:SecretTechniqueScroll"],"picked":"Runesmith:CoreCrystal"}],"items_purged_floors":[],"is_endless":false,"potions_floor_spawned":[2,4,5,10,11,14,16,21,28,36],"killed_by":"Maw","ascension_level":0}}