{"host":"u96tfl1odv2nlyvi","time":1608953597,"event":{"mods":["AchievementEnabler","BaseMod","Colored Map","Colored Powertips","Minty Spire (QoL Compilation)","Permanent Neow","Quick Restart","Random Character Button","StSLib"],"gold_per_floor":[111,111,127,127,138,138,10,35,59,59,59,77,102,114,114,114,114],"floor_reached":16,"playtime":1043,"items_purged":[],"score":193,"play_id":"d07d556b-e2ad-47b7-838d-ae906561ae0a","local_time":"20201225223317","is_ascension_mode":true,"campfire_choices":[{"data":"Bash","floor":6.0,"key":"SMITH"},{"floor":11.0,"key":"REST"},{"data":"Flame Barrier","floor":15,"key":"SMITH"}],"circlet_count":0,"master_deck":["AscendersBane","Strike_R","Strike_R","Strike_R","Strike_R","Strike_R","Defend_R","Defend_R","Defend_R","Defend_R","Bash+1","Headbutt","Flame Barrier+1","Cleave","Hemokinesis+1","Corruption","Shrug It Off"],"relics":["Burning Blood","StoneCalendar","Toy Ornithopter","Anchor","Potion Belt","Matryoshka"],"acts_visited":["Exordium"],"potions_floor_usage":[13,16,16],"damage_taken":[{"damage":0.0,"enemies":"Small Slimes","floor":1.0,"turns":3.0},{"damage":6.0,"enemies":"Cultist","floor":3.0,"turns":4.0},{"damage":7.0,"enemies":"Jaw Worm","floor":5.0,"turns":3.0},{"damage":32.0,"enemies":"Gremlin Nob","floor":8.0,"turns":4.0},{"damage":0.0,"enemies":"2 Fungi Beasts","floor":12.0,"turns":4.0},{"damage":12,"enemies":"3 Sentries","floor":13,"turns":7},{"damage":9,"enemies":"Exordium Thugs","floor":14,"turns":6},{"damage":59,"enemies":"The Guardian","floor":16,"turns":6}],"seed_played":"-2659109035434516552","potions_obtained":[{"floor":8.0,"key":"SkillPotion"},{"floor":13,"key":"Dexterity Potion"},{"floor":14,"key":"Ancient Potion"}],"is_trial":false,"path_per_floor":["M","?","M","?","M","R","$","E","T","?","R","M","E","M","R","B"],"character_chosen":"IRONCLAD","items_purchased":["Cleave","DuplicationPotion"],"campfire_rested":1,"item_purchase_floors":[7,7],"current_hp_per_floor":[56,56,56,45,44,44,44,23,23,23,45,51,50,47,47,0,0],"gold":114,"neow_bonus":"ONE_RARE_RELIC","is_daily":false,"chose_seed":false,"campfire_upgraded":2,"win_rate":0.0,"timestamp":1608953597,"path_taken":["M","?","M","?","M","R","$","E","T","?","R","M","E","M","R","BOSS"],"items_purchased_type":["Card","Potion"],"build_version":"2020-12-22","purchased_purges":0,"victory":false,"max_hp_per_floor":[75,75,75,75,75,75,75,75,75,75,75,75,75,75,75,75,75],"card_choices":[{"not_picked":["Heavy Blade","Warcry","Power Through"],"picked":"SKIP","floor":1.0},{"not_picked":["Warcry","Armaments"],"picked":"Headbutt","floor":3.0},{"not_picked":["Havoc","Evolve"],"picked":"Flame Barrier","floor":5.0},{"not_picked":["Infernal Blade","Bloodletting"],"picked":"Hemokinesis","floor":8.0},{"not_picked":["Anger","Limit Break","Pommel Strike"],"picked":"SKIP","floor":12.0},{"not_picked":["Clothesline","Headbutt"],"picked":"Corruption","floor":13},{"not_picked":["Thunderclap","Flame Barrier"],"picked":"Shrug It Off","floor":14}],"player_experience":577978,"relics_obtained":[{"floor":8.0,"key":"Anchor"},{"floor":9.0,"key":"Potion Belt"},{"floor":13,"key":"Matryoshka"}],"event_choices":[{"damage_healed":0.0,"max_hp_gain":0.0,"max_hp_loss":0.0,"gold_gain":0.0,"event_name":"Liars Game","player_choice":"Ignored","floor":2.0,"gold_loss":0.0,"damage_taken":0.0},{"damage_healed":0.0,"max_hp_gain":0.0,"max_hp_loss":0.0,"gold_gain":0.0,"event_name":"Scrap Ooze","player_choice":"Success","floor":4.0,"gold_loss":0.0,"damage_taken":11.0,"relics_obtained":["Toy Ornithopter"]},{"damage_healed":0.0,"max_hp_gain":0.0,"max_hp_loss":0.0,"gold_gain":0.0,"event_name":"Upgrade Shrine","player_choice":"Upgraded","floor":10.0,"gold_loss":0.0,"damage_taken":0.0,"cards_upgraded":["Hemokinesis"]}],"is_beta":false,"boss_relics":[],"items_purged_floors":[],"is_endless":false,"potions_floor_spawned":[8,13,14],"killed_by":"The Guardian","ascension_level":15}}