{"host":"rcanb95qz4o6v6pp","time":1608943755,"event":{"mods":["AchievementEnabler","BaseMod","Better Third Choice","Colored Map","Downfall","Minty Spire (QoL Compilation)","Replay The Spire","Spicy Shops","StSLib","The Blue Laboratory"],"gold_per_floor":[99,114,129,129,144,174,174,189,189,189,204,219,219,394,409,509,509,509,524,539,539,539,639,689,689,689],"floor_reached":25,"playtime":49851,"items_purged":[],"score":228,"play_id":"f7376e19-9402-4114-8ff8-e72a14fa1ef8","local_time":"20201225194915","daily_mods":["downfall:Improvised","Red Cards","Night Terrors"],"is_ascension_mode":false,"campfire_choices":[{"data":"sneckomod:UnknownUncommonPower","floor":1.0,"key":"SMITH"},{"floor":9.0,"key":"REST"},{"data":"sneckomod:Unknown","floor":18,"key":"SMITH"}],"circlet_count":0,"master_deck":["Strike_G","Strike_G","Strike_G","Defend_G","Defend_G","Defend_G","Defend_G","Survivor","Neutralize","sneckomod:UnknownCommonAttack+1","sneckomod:UnknownCommonAttack","sneckomod:UnknownCommonAttack","sneckomod:UnknownCommonSkill","sneckomod:UnknownCommonSkill","sneckomod:UnknownCommonSkill","sneckomod:UnknownUncommonAttack","sneckomod:UnknownUncommonSkill","sneckomod:UnknownUncommonPower+1","sneckomod:Unknown+1","Noxious Fumes","Feed","Doubt","Envenom","Poisoned Stab","Deflect+1","Shame","Blade Dance"],"relics":["Ring of the Snake","Replay:Mystery Machine","Replay:Ringing Soul","Empty Cage","StrikeDummy","Torii","Golden Egg","Strawberry"],"acts_visited":["Exordium","TheCity"],"potions_floor_usage":[15,15,16,23,23],"damage_taken":[{"damage":0.0,"enemies":"Small Slimes","floor":2.0,"turns":3.0},{"damage":0.0,"enemies":"Cultist","floor":3.0,"turns":3.0},{"damage":2.0,"enemies":"2 Louse","floor":5.0,"turns":2.0},{"damage":43.0,"enemies":"3 Sentries","floor":6.0,"turns":9.0},{"damage":5.0,"enemies":"Large Slime","floor":8.0,"turns":6.0},{"damage":2.0,"enemies":"Exordium Wildlife","floor":11.0,"turns":4.0},{"damage":0,"enemies":"Blue Slaver","floor":12,"turns":5},{"damage":25,"enemies":"Exordium Thugs","floor":15,"turns":5},{"damage":15,"enemies":"The Guardian","floor":16,"turns":12},{"damage":27,"enemies":"Spheric Guardian","floor":19,"turns":8},{"damage":24,"enemies":"Chosen","floor":20,"turns":7},{"damage":40,"enemies":"downfall:Silent","floor":23,"turns":13},{"damage":24,"enemies":"Gremlin Leader","floor":25,"turns":2}],"seed_played":"-567031674859551473","potions_obtained":[{"floor":4.0,"key":"GamblersBrew"},{"floor":4.0,"key":"blueLaboratory:SavagePotion"},{"floor":4.0,"key":"Regen Potion"},{"floor":5.0,"key":"Poison Potion"},{"floor":16,"key":"blueLaboratory:SavagePotion"},{"floor":20,"key":"Weak Potion"}],"is_trial":false,"path_per_floor":["R","M","M","?","M","E","T","M","R","?","M","M","?","?","M","B",null,"R","M","M","?","?","?","T","E"],"character_chosen":"THE_SILENT","items_purchased":[],"campfire_rested":1,"item_purchase_floors":[],"current_hp_per_floor":[70,70,70,70,68,25,25,20,65,58,59,59,59,62,53,41,74,74,50,29,32,32,16,23,0,0],"gold":689,"neow_bonus":"","is_daily":true,"chose_seed":false,"campfire_upgraded":2,"win_rate":0.0,"timestamp":1608943755,"path_taken":["R","M","M","?","M","E","T","?","R","?","M","M","?","?","M","BOSS","R","M","M","?","?","?","T","E"],"items_purchased_type":[],"build_version":"2020-12-22","purchased_purges":0,"victory":false,"max_hp_per_floor":[70,70,70,70,70,70,70,70,65,65,68,68,68,71,71,74,74,74,77,80,83,83,86,93,93,93],"card_choices":[{"not_picked":["Sucker Punch","Dash","Run Through"],"picked":"SKIP","floor":2.0},{"not_picked":["PiercingWail","Evolve","Havoc"],"picked":"SKIP","floor":3.0},{"not_picked":["Rampage","Blade Dance"],"picked":"Noxious Fumes","floor":5.0},{"not_picked":["Shrug It Off","Run Through","Twin Strike"],"picked":"SKIP","floor":6.0},{"not_picked":["Ghostly Armor","Uppercut","Combust"],"picked":"SKIP","floor":8.0},{"not_picked":["Catalyst","Pummel"],"picked":"Feed","floor":11},{"not_picked":["Body Slam","Hidden Blade","Shockwave"],"picked":"SKIP","floor":12},{"not_picked":["Hidden Blade","Entrench","ReplayTheSpireMod:The Works"],"picked":"SKIP","floor":15},{"not_picked":["Exhume","Corruption"],"picked":"Envenom","floor":16},{"not_picked":["Blur+1","Terror+1"],"picked":"Poisoned Stab","floor":19},{"not_picked":["Quick Slash+1","Flying Knee"],"picked":"Deflect+1","floor":20},{"not_picked":["Flying Knee","Juggernaut"],"picked":"Blade Dance","floor":23}],"player_experience":1568271,"relics_obtained":[{"floor":6.0,"key":"Replay:Mystery Machine"},{"floor":7.0,"key":"Replay:Ringing Soul"},{"floor":23,"key":"Torii"},{"floor":23,"key":"Golden Egg"},{"floor":24,"key":"Strawberry"}],"event_choices":[{"damage_healed":0.0,"max_hp_gain":0.0,"max_hp_loss":0.0,"gold_gain":0.0,"event_name":"Lab","player_choice":"Got Potions","floor":4.0,"gold_loss":0.0,"damage_taken":0.0},{"cards_removed":["Strike_G"],"damage_healed":0.0,"max_hp_gain":0.0,"max_hp_loss":0.0,"gold_gain":0.0,"event_name":"Golden Wing","player_choice":"Card Removal","floor":10.0,"gold_loss":0.0,"damage_taken":7.0},{"damage_healed":0,"gold_gain":175,"player_choice":"AGREE","damage_taken":219,"max_hp_gain":0,"max_hp_loss":0,"event_name":"betterThird:BetterSerpent","floor":14,"gold_loss":0},{"damage_healed":0,"gold_gain":0,"player_choice":"Stole Relic","damage_taken":0,"relics_obtained":["StrikeDummy"],"max_hp_gain":0,"max_hp_loss":0,"event_name":"Addict","floor":21,"gold_loss":0,"cards_obtained":["Shame"]},{"damage_healed":0,"gold_gain":0,"player_choice":"Ignored","damage_taken":0,"max_hp_gain":0,"max_hp_loss":0,"event_name":"Ghosts","floor":22,"gold_loss":0}],"is_beta":false,"boss_relics":[{"not_picked":["Snecko Scales","ChewingGum"],"picked":"Empty Cage"}],"items_purged_floors":[],"is_endless":false,"potions_floor_spawned":[5,6,11,16,20],"killed_by":"Gremlin Leader","ascension_level":0}}