{"host":"wg33yb1rgt3nbe17","time":1608974095,"event":{"mods":["AchievementEnabler","BaseMod","Colored Map","Minty Spire (QoL Compilation)","Permanent Neow","Relic Stats","StSLib"],"gold_per_floor":[117,136,136,136,155,155,155],"floor_reached":6,"playtime":161,"items_purged":[],"score":68,"play_id":"9b3bdebf-56f9-44d3-b785-41ae5dcc4c8b","local_time":"20201226041455","is_ascension_mode":true,"campfire_choices":[],"circlet_count":0,"master_deck":["AscendersBane","Strike_R","Strike_R","Strike_R","Strike_R","Strike_R","Defend_R","Defend_R","Defend_R","Defend_R","Bash","Cleave","Shockwave","Twin Strike"],"relics":["Burning Blood","Oddly Smooth Stone"],"acts_visited":["Exordium"],"potions_floor_usage":[],"damage_taken":[{"damage":11,"enemies":"Cultist","floor":1,"turns":4},{"damage":7,"enemies":"2 Louse","floor":2,"turns":3},{"damage":11,"enemies":"Jaw Worm","floor":5,"turns":4},{"damage":61,"enemies":"Lagavulin","floor":6,"turns":8}],"seed_played":"-9080180673060336235","potions_obtained":[{"floor":2,"key":"SmokeBomb"}],"is_trial":false,"path_per_floor":["M","M","?","?","M","E"],"character_chosen":"IRONCLAD","items_purchased":[],"campfire_rested":0,"item_purchase_floors":[],"current_hp_per_floor":[63,62,67,55,50,0,0],"gold":155,"neow_bonus":"RANDOM_COMMON_RELIC","is_daily":false,"chose_seed":false,"campfire_upgraded":0,"win_rate":0.0,"timestamp":1608974095,"path_taken":["M","?","?","?","?","E"],"items_purchased_type":[],"build_version":"2020-12-22","purchased_purges":0,"victory":false,"max_hp_per_floor":[75,75,80,80,80,80,80],"relic_stats":{"counters":[4,19],"obtain_stats":[{"Oddly Smooth Stone":0,"Burning Blood":0},{"Oddly Smooth Stone":0,"Burning Blood":0},{"Oddly Smooth Stone":0,"Burning Blood":0}],"Burning Blood":18},"card_choices":[{"not_picked":["Twin Strike","Bloodletting"],"picked":"Cleave","floor":1},{"not_picked":["Havoc","Armaments"],"picked":"Shockwave","floor":2},{"not_picked":["Thunderclap","Anger"],"picked":"Twin Strike","floor":5}],"player_experience":543808,"relics_obtained":[],"event_choices":[{"damage_healed":0,"gold_gain":0,"player_choice":"Donut","damage_taken":0,"max_hp_gain":5,"max_hp_loss":0,"event_name":"Big Fish","floor":3,"gold_loss":0},{"damage_healed":0,"gold_gain":0,"player_choice":"Damaged","damage_taken":12,"max_hp_gain":0,"max_hp_loss":0,"event_name":"Wheel of Change","floor":4,"gold_loss":0}],"is_beta":false,"boss_relics":[],"items_purged_floors":[],"is_endless":false,"potions_floor_spawned":[2],"killed_by":"Lagavulin","ascension_level":18}}