{"host":"867cnhxguf2bzj4x","time":1608976881,"event":{"mods":["BaseMod","Downfall","GifTheSpireLib","Minty Spire (QoL Compilation)","StSLib"],"gold_per_floor":[99,99,99,99,199,199,226,257,268,268,286,286,298,66,84,84,84,84],"floor_reached":16,"playtime":923,"items_purged":[],"score":98,"play_id":"8932dba3-db61-4b09-87e3-3c34caf5d833","local_time":"20201226110121","is_ascension_mode":false,"campfire_choices":[{"data":"champ:Execute","floor":1,"key":"SMITH"},{"data":"champ:BringItOn","floor":10,"key":"SMITH"}],"circlet_count":0,"master_deck":["champ:Strike","champ:Strike","champ:Strike+1","champ:Defend","champ:Defend+1","champ:Execute+1","champ:Taunt+1","champ:BringItOn+1","champ:HeartStrike","champ:GladiatorsShout+1","champ:TornadoPunch","Regret","champ:Circumvent+1","champ:FocusedDefense+1","champ:Backstep+1","champ:RisingSlash","champ:IronFortress","champ:Duel"],"relics":["champ:ChampionCrown","downfall:HeartsMalice","Boot","Toxic Egg 2","Toolbox"],"acts_visited":["Exordium"],"potions_floor_usage":[],"damage_taken":[{"damage":0,"enemies":"Jaw Worm","floor":2,"turns":1},{"damage":0,"enemies":"Small Slimes","floor":4,"turns":1},{"damage":0,"enemies":"downfall:Heads","floor":5,"turns":1},{"damage":42,"enemies":"Lagavulin","floor":8,"turns":7},{"damage":0,"enemies":"2 Louse","floor":9,"turns":2},{"damage":35,"enemies":"Exordium Thugs","floor":11,"turns":5},{"damage":3,"enemies":"2 Fungi Beasts","floor":13,"turns":3},{"damage":8,"enemies":"downfall:FleeingMerchant","floor":14,"turns":4},{"damage":15,"enemies":"Red Slaver","floor":15,"turns":4},{"damage":11,"enemies":"downfall:Watcher","floor":16,"turns":5}],"seed_played":"-5306831125481214367","potions_obtained":[{"floor":9,"key":"SkillPotion"},{"floor":15,"key":"FearPotion"}],"is_trial":false,"path_per_floor":["R","M","?","M","?","?","T","E","M","R","M","?","M","$","M","B"],"character_chosen":"THE_CHAMP","items_purchased":["Toolbox","champ:Duel"],"campfire_rested":0,"item_purchase_floors":[14,14],"current_hp_per_floor":[90,90,90,90,90,90,90,58,58,58,33,33,30,22,9,0,0,0],"gold":84,"neow_bonus":"THREE_ENEMY_KILL","is_daily":false,"chose_seed":false,"campfire_upgraded":2,"win_rate":0.0,"timestamp":1608976881,"path_taken":["R","M","?","M","?","?","T","E","M","R","M","?","?","$","M","BOSS"],"items_purchased_type":["Relic","Card"],"build_version":"2020-12-22","purchased_purges":0,"victory":false,"max_hp_per_floor":[90,90,90,90,90,90,90,90,90,90,90,90,90,90,90,90,90,90],"card_choices":[{"not_picked":["champ:Duel","champ:CrookedStrike"],"picked":"champ:BringItOn","floor":2},{"not_picked":["champ:RisingSlash","champ:FalseCounter"],"picked":"champ:HeartStrike","floor":4},{"not_picked":["champ:Haymaker","champ:Riposte"],"picked":"champ:TornadoPunch","floor":5},{"not_picked":["champ:RecklessLeap","champ:HeavySlash"],"picked":"champ:Circumvent+1","floor":8},{"not_picked":["champ:GladiatorStyle","champ:BringItOn+1"],"picked":"champ:FocusedDefense+1","floor":9},{"not_picked":["champ:EnragedBash","champ:FanOfKnives"],"picked":"champ:Backstep+1","floor":11},{"not_picked":["champ:PerfectedStrike","champ:Haymaker"],"picked":"champ:RisingSlash","floor":13},{"not_picked":["champ:AdrenalArmor+1","champ:BladeFlurry"],"picked":"champ:IronFortress","floor":14},{"not_picked":["champ:BladeFlurry","champ:Encircle","champ:TornadoPunch"],"picked":"SKIP","floor":15}],"player_experience":56281,"relics_obtained":[{"floor":7,"key":"Boot"},{"floor":8,"key":"Toxic Egg 2"}],"event_choices":[],"is_beta":false,"boss_relics":[],"items_purged_floors":[],"is_endless":false,"potions_floor_spawned":[9,15],"killed_by":"downfall:Watcher","ascension_level":0}}