{"host":"szp1d6dso4pv7ddl","time":1608954290,"event":{"mods":["AchievementEnabler","Alarm Clock","BaseMod","Bestiary","Block Reminder","Colored Map","Colored Powertips","Curses Come First","Displayed Cursed Tome","Highlight Path","Minty Spire (QoL Compilation)","Permanent Neow","Quick Restart","Relic Sorter","Relic Stats","StSLib","Synergy Search"],"gold_per_floor":[114,114,127,141,66,98,98,130,130,130,141,173,173,19,19,118,118,132,142,142,67,67,67,67],"floor_reached":23,"playtime":1134,"items_purged":["Defend_G"],"score":371,"play_id":"08431b50-a2dd-46fc-9610-ed10656106f2","local_time":"20201225194450","is_ascension_mode":true,"campfire_choices":[{"data":"Neutralize","floor":7,"key":"SMITH"},{"floor":10,"key":"REST"},{"floor":15,"key":"REST"}],"circlet_count":0,"master_deck":["AscendersBane","Strike_G+1","Strike_G+1","Defend_G","Defend_G","Defend_G","Survivor","Neutralize+1","Die Die Die","Dagger Throw","Dagger Throw","Eviscerate","Escape Plan","A Thousand Cuts","Noxious Fumes","Adrenaline","Dodge and Roll"],"relics":["Ring of the Snake","Omamori","Blue Candle","Whetstone","Orichalcum","HandDrill","Calling Bell","Happy Flower","Darkstone Periapt","Tingsha"],"acts_visited":["Exordium","TheCity"],"potions_floor_usage":[6,6,11,23],"damage_taken":[{"damage":7.0,"enemies":"Jaw Worm","floor":1.0,"turns":6.0},{"damage":0.0,"enemies":"Cultist","floor":3.0,"turns":3.0},{"damage":0.0,"enemies":"Small Slimes","floor":4.0,"turns":2.0},{"damage":0,"enemies":"Gremlin Nob","floor":6,"turns":2},{"damage":27,"enemies":"3 Sentries","floor":8,"turns":6},{"damage":0,"enemies":"3 Louse","floor":11,"turns":1},{"damage":15,"enemies":"Gremlin Nob","floor":12,"turns":4},{"damage":44,"enemies":"Slime Boss","floor":16,"turns":8},{"damage":10,"enemies":"3 Byrds","floor":18,"turns":4},{"damage":30,"enemies":"2 Thieves","floor":19,"turns":4},{"damage":18,"enemies":"Shelled Parasite and Fungi","floor":23,"turns":3}],"seed_played":"-2140861105368192468","potions_obtained":[{"floor":3.0,"key":"BlessingOfTheForge"},{"floor":4.0,"key":"Fire Potion"},{"floor":8,"key":"SteroidPotion"},{"floor":11,"key":"SpeedPotion"},{"floor":19,"key":"EssenceOfSteel"}],"is_trial":false,"path_per_floor":["M","?","M","M","$","E","R","E","T","R","M","E","?","$","R","B",null,"M","M","?","?","?","M"],"character_chosen":"THE_SILENT","items_purchased":["HandDrill"],"campfire_rested":2,"item_purchase_floors":[14],"current_hp_per_floor":[56,56,56,56,56,56,56,29,29,50,50,35,35,35,56,12,56,46,16,16,16,16,0,0],"gold":67,"neow_bonus":"ONE_RANDOM_RARE_CARD","is_daily":false,"chose_seed":false,"campfire_upgraded":1,"win_rate":0.0,"timestamp":1608954290,"path_taken":["M","?","M","?","$","E","R","E","T","R","M","E","?","$","R","BOSS","M","M","?","?","?","?"],"items_purchased_type":["Relic"],"build_version":"2020-12-22","purchased_purges":1,"victory":false,"max_hp_per_floor":[70,70,70,70,70,70,70,70,70,70,70,70,70,70,70,70,70,70,70,70,70,70,70,70],"relic_stats":{"Darkstone Periapt":0,"Happy Flower":[3],"counters":[11,43],"Blue Candle":[0],"Tingsha":[29],"HandDrill":[2],"Whetstone":["Strike_G","Strike_G"],"Orichalcum":[54],"obtain_stats":[{"Calling Bell":17,"Darkstone Periapt":17,"Happy Flower":17,"Blue Candle":8,"Tingsha":17,"Omamori":6,"HandDrill":14,"Whetstone":9,"Orichalcum":12,"Ring of the Snake":0},{"Calling Bell":8,"Darkstone Periapt":8,"Happy Flower":8,"Blue Candle":5,"Tingsha":8,"Omamori":4,"HandDrill":7,"Whetstone":5,"Orichalcum":7,"Ring of the Snake":0},{"Calling Bell":32,"Darkstone Periapt":32,"Happy Flower":32,"Blue Candle":19,"Tingsha":32,"Omamori":13,"HandDrill":24,"Whetstone":19,"Orichalcum":24,"Ring of the Snake":0}],"Ring of the Snake":[22]},"card_choices":[{"not_picked":["Outmaneuver","PiercingWail"],"picked":"Dagger Throw","floor":1.0},{"not_picked":["Deadly Poison","Calculated Gamble"],"picked":"Dagger Throw","floor":3.0},{"not_picked":["Sucker Punch","Bouncing Flask"],"picked":"Eviscerate","floor":4.0},{"not_picked":["Outmaneuver","PiercingWail","Masterful Stab"],"picked":"SKIP","floor":6},{"not_picked":["Cloak And Dagger","Bane"],"picked":"Escape Plan","floor":8},{"not_picked":["Blur","Leg Sweep","Predator"],"picked":"SKIP","floor":11},{"not_picked":["Burst","Flechettes"],"picked":"A Thousand Cuts","floor":12},{"not_picked":["Bullet Time","Night Terror"],"picked":"Adrenaline","floor":16},{"not_picked":["Caltrops","Accuracy"],"picked":"Dodge and Roll","floor":18},{"not_picked":["Dodge and Roll","Footwork","Quick Slash"],"picked":"SKIP","floor":19}],"player_experience":1016159,"relics_obtained":[{"floor":6,"key":"Omamori"},{"floor":8,"key":"Blue Candle"},{"floor":9,"key":"Whetstone"},{"floor":12,"key":"Orichalcum"},{"floor":17,"key":"Happy Flower"},{"floor":17,"key":"Darkstone Periapt"},{"floor":17,"key":"Tingsha"}],"event_choices":[{"cards_removed":["Defend_G"],"damage_healed":0.0,"max_hp_gain":0.0,"max_hp_loss":0.0,"gold_gain":0.0,"event_name":"Purifier","player_choice":"Purged","floor":2.0,"gold_loss":0.0,"damage_taken":0.0},{"damage_healed":0,"gold_gain":0,"cards_transformed":["Strike_G"],"player_choice":"Change","damage_taken":0,"max_hp_gain":0,"max_hp_loss":0,"event_name":"Living Wall","floor":13,"gold_loss":0,"cards_obtained":["Noxious Fumes"]},{"damage_healed":0,"gold_gain":0,"player_choice":"Ignored","damage_taken":0,"max_hp_gain":0,"max_hp_loss":0,"event_name":"Cursed Tome","floor":20,"gold_loss":0},{"cards_removed":["Strike_G"],"damage_healed":0,"gold_gain":0,"player_choice":"Gave Gold","damage_taken":0,"max_hp_gain":0,"max_hp_loss":0,"event_name":"Beggar","floor":21,"gold_loss":75},{"cards_removed":["Strike_G"],"damage_healed":0,"gold_gain":0,"player_choice":"Elegance","damage_taken":0,"max_hp_gain":0,"max_hp_loss":0,"event_name":"Back to Basics","floor":22,"gold_loss":0}],"is_beta":false,"boss_relics":[{"not_picked":["Runic Pyramid","Velvet Choker"],"picked":"Calling Bell"}],"items_purged_floors":[5],"is_endless":false,"potions_floor_spawned":[3,4,8,11,19],"killed_by":"Shelled Parasite and Fungi","ascension_level":12}}