{"host":"bbcqjedmotowk2e9","time":1608989781,"event":{"mods":["A Magickal Journey","AchievementEnabler","Aspiration","BaseMod","BetterRewards","Colored Powertips","Conspire","Energized Spire","GifTheSpireLib","Halation","Hubris","Hyrulean Relics","Minty Spire (QoL Compilation)","Permanent Neow","Quick Restart","Relic Stats","Replay The Spire","Spires And Sneckos","StSLib","Stuff the Spire","Synergy Search","The Disciple","vexMod"],"gold_per_floor":[117,292,74,74,88,119,119,129,129,129,29,29,29,29],"floor_reached":13,"playtime":281,"items_purged":["Doubt","Defend_G"],"score":143,"play_id":"1d6b19da-1022-43cb-8a2d-a99ccc363034","local_time":"20201226163621","is_ascension_mode":true,"campfire_choices":[{"data":"Tactician","floor":7,"key":"SMITH"},{"data":"Neutralize","floor":10,"key":"SMITH"}],"circlet_count":0,"master_deck":["Strike_G","Strike_G","Strike_G","Strike_G","Defend_G","Defend_G","Defend_G","Defend_G","Survivor","Neutralize+1","Tactician+1","Replay:Parry"],"relics":["Ring of the Snake","NeowsBlessing","StuffTheSpire:BottledEssence","halation:OrihimeAndHikoboshiSamaAndTears","Tiny Chest"],"acts_visited":["Exordium"],"potions_floor_usage":[],"damage_taken":[{"damage":0,"enemies":"Small Slimes","floor":1,"turns":1},{"damage":0,"enemies":"Jaw Worm","floor":5,"turns":1},{"damage":0,"enemies":"Gremlin Nob","floor":6,"turns":1},{"damage":7,"enemies":"2 Louse","floor":8,"turns":3},{"damage":52,"enemies":"Lagavulin","floor":13,"turns":7}],"seed_played":"496790630095314318","potions_obtained":[{"floor":1,"key":"EntropicBrew"},{"floor":8,"key":"SneckoOil"}],"is_trial":false,"path_per_floor":["M","?","$","?","M","E","R","M","T","R","$","?","E"],"character_chosen":"THE_SILENT","items_purchased":["StuffTheSpire:BottledEssence"],"campfire_rested":0,"item_purchase_floors":[3],"current_hp_per_floor":[63,63,63,56,56,56,56,49,49,49,49,49,0,0],"gold":29,"neow_bonus":"THREE_ENEMY_KILL","is_daily":false,"chose_seed":false,"campfire_upgraded":2,"win_rate":0.0,"timestamp":1608989781,"path_taken":["M","?","$","?","M","E","R","M","T","R","?","?","E"],"items_purchased_type":["Relic"],"build_version":"2020-12-22","purchased_purges":2,"victory":false,"max_hp_per_floor":[70,70,70,70,70,70,70,70,70,70,70,70,70,70],"relic_stats":{"counters":[5,13],"Tiny Chest":0,"obtain_stats":[{"halation:OrihimeAndHikoboshiSamaAndTears":6,"NeowsBlessing":0,"Tiny Chest":9,"StuffTheSpire:BottledEssence":3,"Ring of the Snake":0},{"halation:OrihimeAndHikoboshiSamaAndTears":3,"NeowsBlessing":0,"Tiny Chest":4,"StuffTheSpire:BottledEssence":1,"Ring of the Snake":0},{"halation:OrihimeAndHikoboshiSamaAndTears":3,"NeowsBlessing":0,"Tiny Chest":6,"StuffTheSpire:BottledEssence":1,"Ring of the Snake":0}],"Ring of the Snake":[10]},"card_choices":[{"not_picked":["Fluid Movement","hubris:SlightOfHand"],"picked":"Tactician","floor":1},{"not_picked":["Backflip","Dodge and Roll","Underhanded Strike"],"picked":"SKIP","floor":5},{"not_picked":["hubris:SlightOfHand","hubris:TrickCloak","StuffTheSpire:Fury"],"picked":"SKIP","floor":6},{"not_picked":["Expertise","Acrobatics","Sucker Punch"],"picked":"SKIP","floor":8}],"player_experience":544046,"relics_obtained":[{"floor":6,"key":"halation:OrihimeAndHikoboshiSamaAndTears"},{"floor":9,"key":"Tiny Chest"}],"event_choices":[{"damage_healed":0,"gold_gain":175,"player_choice":"AGREE","damage_taken":0,"max_hp_gain":0,"max_hp_loss":0,"event_name":"Liars Game","floor":2,"gold_loss":0,"cards_obtained":["Doubt"]},{"cards_removed":["Strike_G"],"damage_healed":0,"gold_gain":0,"player_choice":"Card Removal","damage_taken":7,"max_hp_gain":0,"max_hp_loss":0,"event_name":"Golden Wing","floor":4,"gold_loss":0},{"damage_healed":0,"gold_gain":0,"player_choice":"1 cards matched","damage_taken":0,"max_hp_gain":0,"max_hp_loss":0,"event_name":"Match and Keep!","floor":12,"gold_loss":0,"cards_obtained":["Replay:Parry"]}],"is_beta":false,"boss_relics":[],"items_purged_floors":[3,11],"is_endless":false,"potions_floor_spawned":[1,8],"killed_by":"Lagavulin","ascension_level":7}}