{"host":"sav7uxregyirlf69","time":1608948523,"event":{"mods":["AchievementEnabler","BaseMod","Colored Map","DeckTracker","Keyboard Shortcuts","Minty Spire (QoL Compilation)","READ ME - Guardian Mod","StSLib","SuperFastMode"],"gold_per_floor":[118,118,134,134,59,59,6,41,115,131,131,147,181,181,181,181,181],"floor_reached":16,"playtime":240,"items_purged":["Defend_B"],"score":266,"play_id":"c2f2a678-6aed-4b31-8bee-4883e33963b6","local_time":"20201226110843","is_ascension_mode":true,"campfire_choices":[{"data":"Fusion","floor":6,"key":"SMITH"},{"data":"Turbo","floor":11,"key":"SMITH"},{"floor":15,"key":"REST"}],"circlet_count":0,"master_deck":["AscendersBane","Strike_B","Strike_B","Strike_B","Defend_B","Defend_B","Defend_B","Zap","Dualcast","Genetic Algorithm","Meteor Strike","Fusion+1","Turbo+1","Skim","Chill"],"relics":["Cracked Core","NeowsBlessing","Omamori","Pantograph","Blood Vial"],"acts_visited":["Exordium"],"potions_floor_usage":[16,16],"damage_taken":[{"damage":0,"enemies":"Jaw Worm","floor":1,"turns":1},{"damage":0,"enemies":"2 Louse","floor":3,"turns":1},{"damage":0,"enemies":"Lagavulin","floor":8,"turns":1},{"damage":12,"enemies":"Small Slimes","floor":10,"turns":4},{"damage":5,"enemies":"Blue Slaver","floor":12,"turns":3},{"damage":45,"enemies":"3 Sentries","floor":13,"turns":9},{"damage":51,"enemies":"The Guardian","floor":16,"turns":9}],"seed_played":"-1968123527954255268","potions_obtained":[{"floor":1,"key":"LiquidBronze"},{"floor":8,"key":"FocusPotion"},{"floor":10,"key":"SkillPotion"}],"is_trial":false,"path_per_floor":["M","?","M","?","$","R","$","E","T","M","R","M","E","?","R","B"],"character_chosen":"DEFECT","items_purchased":["Turbo"],"campfire_rested":1,"item_purchase_floors":[7],"current_hp_per_floor":[64,64,64,64,64,64,64,64,64,52,52,47,2,2,23,0,0],"gold":181,"neow_bonus":"THREE_ENEMY_KILL","is_daily":false,"chose_seed":false,"campfire_upgraded":2,"win_rate":0.0,"timestamp":1608948523,"path_taken":["M","?","M","?","$","R","?","E","T","M","R","M","E","?","R","BOSS"],"items_purchased_type":["Card"],"build_version":"2020-12-22","purchased_purges":1,"victory":false,"max_hp_per_floor":[71,71,71,71,71,71,71,71,71,71,71,71,71,71,71,71,71],"card_choices":[{"not_picked":["Capacitor","Scrape"],"picked":"Genetic Algorithm","floor":1},{"not_picked":["Sunder","Glacier"],"picked":"Fusion","floor":3},{"not_picked":["Chaos","Barrage","Consume"],"picked":"SKIP","floor":8},{"not_picked":["Compile Driver","Beam Cell"],"picked":"Skim","floor":10},{"not_picked":["Sweeping Beam","Rebound","Ball Lightning"],"picked":"SKIP","floor":12},{"not_picked":["Fusion","Static Discharge"],"picked":"Chill","floor":13}],"player_experience":1015285,"relics_obtained":[{"floor":8,"key":"Omamori"},{"floor":9,"key":"Pantograph"},{"floor":13,"key":"Blood Vial"}],"event_choices":[{"damage_healed":0,"gold_gain":0,"cards_transformed":["Strike_B"],"player_choice":"Change","damage_taken":0,"max_hp_gain":0,"max_hp_loss":0,"event_name":"Living Wall","floor":2,"gold_loss":0,"cards_obtained":["Meteor Strike"]},{"damage_healed":0,"gold_gain":0,"player_choice":"Ignored","damage_taken":0,"max_hp_gain":0,"max_hp_loss":0,"event_name":"Liars Game","floor":4,"gold_loss":0},{"damage_healed":0,"gold_gain":0,"player_choice":"Searched \u00270\u0027 times","damage_taken":0,"max_hp_gain":0,"max_hp_loss":0,"event_name":"Dead Adventurer","floor":14,"gold_loss":0}],"is_beta":false,"boss_relics":[],"items_purged_floors":[5],"is_endless":false,"potions_floor_spawned":[1,8,10,13],"killed_by":"The Guardian","ascension_level":20}}