{"host":"kev6uqotw4tlyx8l","time":1608998764,"event":{"mods":["Act Like it!","Aspiration","BaseMod","Colored Powertips","Dota2Spire","Downfall","Hallownest","Infinite Spire","Marisa????????","Minty Spire (QoL Compilation)","Quick Restart","Remilia??????","Replay The Spire","StSLib","The Cursed","The Jungle","The Marked","The Mystic","The Servant 0.9.4"],"gold_per_floor":[117,117,131,131,154,183,199,199,199,199,213,10,10,24,24,127,127,138,150,50,50,66,66,66,93,93,93,93,93,165,165,165],"floor_reached":31,"playtime":1528,"items_purged":[],"score":276,"play_id":"c900b57b-249f-467b-a2e8-fa652f337b17","local_time":"20201226230604","is_ascension_mode":false,"campfire_choices":[{"data":"KidneyShot","floor":8,"key":"SMITH"},{"data":"BestPractice","floor":13,"key":"SMITH"},{"floor":15,"key":"REST"},{"data":"BottledTime","floor":15,"key":"SMITH"},{"floor":23,"key":"REST"},{"data":"Alleviate","floor":23,"key":"SMITH"},{"floor":28,"key":"REST"},{"data":"infinitespire:Collect","floor":28,"key":"SMITH"}],"circlet_count":0,"master_deck":["Strike_S","Strike_S","Strike_S","Strike_S","Defend_S","Defend_S","Defend_S","Defend_S","KidneyShot+1","Exchange","BottledTime+1","TimeWarp","Misdirection","BestPractice+1","Revamp","Starlight","Initiator","Revamp","TimeWarp+1","Potential","Potential","Alleviate+1","Defy+1","WasteNot+1","BestPractice","infinitespire:Collect+1","infinitespire:Execution"],"relics":["SplendidAttire","NeowsBlessing","ReplayFunnel","Peace Pipe","infinitespire:FocusingShard","infinitespire:Magic Flask","Blue Doll","Ninja Scroll","WingedGreaves","Replay:Wax Seal","infinitespire:Bottled Soul","infinitespire:Eraser"],"acts_visited":["Exordium","Exordium"],"potions_floor_usage":[14,16,18,21,21,25],"damage_taken":[{"damage":0,"enemies":"2 Louse","floor":1,"turns":1},{"damage":0,"enemies":"Cultist","floor":3,"turns":1},{"damage":0,"enemies":"Lagavulin","floor":6,"turns":1},{"damage":5,"enemies":"Small Slimes","floor":7,"turns":4},{"damage":0,"enemies":"Exordium Wildlife","floor":11,"turns":4},{"damage":14,"enemies":"Lots of Slimes","floor":14,"turns":4},{"damage":49,"enemies":"Hexaghost","floor":16,"turns":12},{"damage":17,"enemies":"theJungle:MUSHROOMGANG","floor":18,"turns":4},{"damage":6,"enemies":"theJungle:GiantWrat","floor":19,"turns":4},{"damage":37,"enemies":"JungleHuntersEvent","floor":21,"turns":5},{"damage":2,"enemies":"theJungle:2_Snecko_Cultists","floor":22,"turns":4},{"damage":16,"enemies":"Nightmare","floor":25,"turns":6},{"damage":27,"enemies":"theJungle:2_Flameangoes","floor":31,"turns":3}],"seed_played":"7838342956849423804","potions_obtained":[{"floor":2,"key":"Reflective Coating"},{"floor":2,"key":"infinitespire:BlackPotion"},{"floor":2,"key":"Swift Potion"},{"floor":14,"key":"Strength Potion"},{"floor":16,"key":"Fire Potion"},{"floor":18,"key":"FearPotion"},{"floor":22,"key":"Slimebound:ThreeZeroPotion"}],"is_trial":false,"path_per_floor":["M","?","M","?","T","E","M","R","T","T","M","$","R","M","R","B",null,"M","M","$","?","M","R","$","NM","T","?","R","AVR","T","M"],"character_chosen":"THE_SERVANT","items_purchased":["Blue Doll","Starlight","TimeWarp+1","Potential","Alleviate"],"campfire_rested":3,"item_purchase_floors":[12,12,20,20,20],"current_hp_per_floor":[65,65,65,65,65,65,60,60,60,60,60,60,60,46,65,16,65,48,42,42,5,3,22,22,6,6,6,25,25,25,0,0],"gold":165,"neow_bonus":"THREE_ENEMY_KILL","is_daily":false,"chose_seed":false,"campfire_upgraded":5,"win_rate":0.0,"timestamp":1608998764,"path_taken":["M","?","?","?","?","E","?","R","T","?","M","$","R","M","R","BOSS","M","?","$","?","M","R","$","NM","T","?","R","AVR","?","M"],"items_purchased_type":["Relic","Card","Card","Card","Card"],"build_version":"2020-12-22","purchased_purges":0,"victory":false,"max_hp_per_floor":[65,65,65,65,65,65,65,65,65,65,65,65,65,65,65,65,65,65,65,65,65,65,65,65,65,65,65,65,65,65,65,65],"card_choices":[{"not_picked":["Rearm","ShatteredReality"],"picked":"BottledTime","floor":1},{"not_picked":["ShatteredReality","Foresight"],"picked":"TimeWarp","floor":3},{"not_picked":["Read","TimeWarp"],"picked":"Misdirection","floor":6},{"not_picked":["Defy","SurpressingFire"],"picked":"BestPractice","floor":7},{"not_picked":["Spin","FastForward"],"picked":"Revamp","floor":11},{"not_picked":["Spin","DualDimension","Advance"],"picked":"SKIP","floor":14},{"not_picked":["Duplication","LightFlow"],"picked":"Initiator","floor":16},{"not_picked":["DoubleEdge","Barrier","ShiftingGears"],"picked":"SKIP","floor":18},{"not_picked":["FastForward","Replace"],"picked":"Revamp","floor":19},{"not_picked":["Replace","Revamp"],"picked":"Defy+1","floor":21},{"not_picked":["StarChef","Shuttle"],"picked":"WasteNot+1","floor":22},{"not_picked":["RealityMarble","WasteNot+1"],"picked":"BestPractice","floor":25},{"not_picked":["infinitespire:UltimateForm","ReplayTheSpireMod:Haul"],"picked":"infinitespire:Collect","floor":25}],"player_experience":4672,"relics_obtained":[{"floor":5,"key":"ReplayFunnel"},{"floor":6,"key":"Peace Pipe"},{"floor":9,"key":"infinitespire:FocusingShard"},{"floor":10,"key":"infinitespire:Magic Flask"},{"floor":21,"key":"Ninja Scroll"},{"floor":25,"key":"WingedGreaves"},{"floor":26,"key":"Replay:Wax Seal"},{"floor":30,"key":"infinitespire:Eraser"}],"event_choices":[{"damage_healed":0,"gold_gain":0,"player_choice":"Got Potions","damage_taken":0,"max_hp_gain":0,"max_hp_loss":0,"event_name":"Lab","floor":2,"gold_loss":0},{"damage_healed":0,"gold_gain":0,"player_choice":"Leave","damage_taken":0,"max_hp_gain":0,"max_hp_loss":0,"event_name":"The Cleric","floor":4,"gold_loss":0}],"is_beta":false,"boss_relics":[{"not_picked":["aspiration:PoetsPen_weak","Replay:Drink Me"],"picked":"SplendidAttire"}],"items_purged_floors":[],"is_endless":true,"potions_floor_spawned":[3,14,16,18,22],"killed_by":"theJungle:2_Flameangoes","ascension_level":0}}