{"host":"7cp3z5w0tcrrm8ys","time":1608954053,"event":{"mods":["AchievementEnabler","BaseMod","DeckTracker","Minty Spire (QoL Compilation)","StSLib","SuperFastMode"],"gold_per_floor":[15,26,39,58,68,68,93,93,93,107,382,401,419,437,437,510,510,526,183,200,229,229,229,255,255,255,255,255,70,87,87,87],"floor_reached":31,"playtime":798,"items_purged":["Strike_R"],"score":643,"play_id":"d9fe8137-a9da-4cad-b8f4-9db1d6e7d0fb","local_time":"20201226124053","is_ascension_mode":true,"campfire_choices":[{"data":"Armaments","floor":6.0,"key":"SMITH"},{"floor":15.0,"key":"REST"},{"floor":23.0,"key":"REST"},{"floor":25.0,"key":"REST"},{"data":"Evolve","floor":27,"key":"SMITH"}],"circlet_count":0,"master_deck":["AscendersBane","Strike_R","Strike_R","Defend_R","Defend_R","Defend_R","Defend_R","Bash","Carnage","Armaments+1","Thunderclap","Flame Barrier","Feed","Regret","Reaper","Burning Pact","Writhe","Evolve+1","Clumsy","Shame","Panacea","Fire Breathing","Whirlwind"],"relics":["Burning Blood","Letter Opener","Du-Vu Doll","Cursed Key","ClockworkSouvenir","Red Mask","Ice Cream","Bird Faced Urn","Meat on the Bone"],"acts_visited":["Exordium","TheCity"],"potions_floor_usage":[31],"damage_taken":[{"damage":2.0,"enemies":"Cultist","floor":1.0,"turns":4.0},{"damage":5.0,"enemies":"2 Louse","floor":2.0,"turns":3.0},{"damage":7.0,"enemies":"Small Slimes","floor":3.0,"turns":4.0},{"damage":8.0,"enemies":"Blue Slaver","floor":4.0,"turns":8.0},{"damage":21.0,"enemies":"Exordium Thugs","floor":5.0,"turns":5.0},{"damage":30.0,"enemies":"3 Sentries","floor":7.0,"turns":9.0},{"damage":4.0,"enemies":"Looter","floor":10.0,"turns":5.0},{"damage":3.0,"enemies":"2 Fungi Beasts","floor":12.0,"turns":3.0},{"damage":20.0,"enemies":"Lots of Slimes","floor":13.0,"turns":5.0},{"damage":0.0,"enemies":"Looter","floor":14.0,"turns":3.0},{"damage":55.0,"enemies":"The Guardian","floor":16.0,"turns":11.0},{"damage":24.0,"enemies":"3 Byrds","floor":18.0,"turns":4.0},{"damage":0.0,"enemies":"Chosen","floor":20.0,"turns":3.0},{"damage":44.0,"enemies":"Masked Bandits","floor":21.0,"turns":4.0},{"damage":58.0,"enemies":"Gremlin Leader","floor":24.0,"turns":6.0},{"damage":60,"enemies":"3 Cultists","floor":30,"turns":6},{"damage":102,"enemies":"Book of Stabbing","floor":31,"turns":5}],"seed_played":"-6282024003017892972","potions_obtained":[{"floor":1.0,"key":"SmokeBomb"},{"floor":2.0,"key":"Ancient Potion"},{"floor":4.0,"key":"BlessingOfTheForge"},{"floor":16.0,"key":"DuplicationPotion"},{"floor":18.0,"key":"GamblersBrew"},{"floor":20.0,"key":"Regen Potion"},{"floor":24.0,"key":"LiquidMemories"}],"is_trial":false,"path_per_floor":["M","M","M","M","M","R","E","?","T","M","?","M","M","M","R","B",null,"M","$","M","?","?","R","E","R","T","R","?","$","M","E"],"character_chosen":"IRONCLAD","items_purchased":["ClockworkSouvenir","FairyPotion","Panacea","Fire Breathing"],"campfire_rested":3,"item_purchase_floors":[19,19,29,29],"current_hp_per_floor":[72,73,72,70,55,55,31,31,31,33,33,39,28,34,58,13,67,61,61,67,62,62,89,37,64,64,64,64,64,52,0,0],"gold":87,"neow_bonus":"REMOVE_TWO","is_daily":false,"chose_seed":false,"campfire_upgraded":2,"win_rate":0.0,"timestamp":1608954053,"path_taken":["M","M","M","M","?","R","E","?","T","M","?","M","M","?","R","BOSS","M","$","M","?","?","R","E","R","T","R","?","$","?","E"],"items_purchased_type":["Relic","Potion","Card","Card"],"build_version":"2020-12-22","purchased_purges":1,"victory":false,"max_hp_per_floor":[75,75,75,75,75,75,75,75,75,75,75,78,81,81,81,85,85,88,88,88,91,91,91,91,91,91,91,91,91,95,95,95],"card_choices":[{"not_picked":["Rage","Headbutt"],"picked":"Carnage","floor":1.0},{"not_picked":["Spot Weakness","Rage"],"picked":"Armaments","floor":2.0},{"not_picked":["Clash","Rampage","Flex"],"picked":"SKIP","floor":3.0},{"not_picked":["Havoc","Inflame"],"picked":"Thunderclap","floor":4.0},{"not_picked":["Spot Weakness","Armaments"],"picked":"Flame Barrier","floor":5.0},{"not_picked":["Rage","Headbutt"],"picked":"Feed","floor":7.0},{"not_picked":["Flex","Heavy Blade","Clothesline"],"picked":"SKIP","floor":10.0},{"not_picked":["Combust","Hemokinesis","Cleave"],"picked":"SKIP","floor":12.0},{"not_picked":["Rage","Armaments","Intimidate"],"picked":"SKIP","floor":13.0},{"not_picked":["Flame Barrier","Rage","Wild Strike"],"picked":"SKIP","floor":14.0},{"not_picked":["Bludgeon","Feed"],"picked":"Reaper","floor":16.0},{"not_picked":["Rampage","Entrench","Armaments"],"picked":"SKIP","floor":18.0},{"not_picked":["Flame Barrier","Heavy Blade","Battle Trance"],"picked":"SKIP","floor":20.0},{"not_picked":["Havoc","Rampage+1"],"picked":"Burning Pact","floor":21.0},{"not_picked":["Battle Trance","Flex"],"picked":"Evolve","floor":24.0},{"not_picked":["Heavy Blade","Double Tap"],"picked":"Whirlwind","floor":30}],"player_experience":791493,"relics_obtained":[{"floor":7.0,"key":"Letter Opener"},{"floor":9.0,"key":"Du-Vu Doll"},{"floor":21.0,"key":"Red Mask"},{"floor":24.0,"key":"Bird Faced Urn"},{"floor":26,"key":"Meat on the Bone"}],"event_choices":[{"damage_healed":0.0,"max_hp_gain":0.0,"max_hp_loss":0.0,"gold_gain":0.0,"event_name":"Scrap Ooze","player_choice":"Fled","floor":8.0,"gold_loss":0.0,"damage_taken":0.0},{"damage_healed":0.0,"max_hp_gain":0.0,"max_hp_loss":0.0,"gold_gain":275.0,"event_name":"Golden Shrine","player_choice":"Desecrate","floor":11.0,"gold_loss":0.0,"damage_taken":0.0,"cards_obtained":["Regret"]},{"damage_healed":0.0,"max_hp_gain":0.0,"max_hp_loss":0.0,"gold_gain":0.0,"event_name":"Masked Bandits","player_choice":"Fought Bandits","floor":21.0,"gold_loss":0.0,"damage_taken":0.0},{"damage_healed":0.0,"max_hp_gain":0.0,"max_hp_loss":0.0,"gold_gain":0.0,"event_name":"The Mausoleum","player_choice":"Opened","floor":22.0,"gold_loss":0.0,"damage_taken":0.0,"relics_obtained":["Ice Cream"],"cards_obtained":["Writhe"]},{"damage_healed":0,"gold_gain":0,"player_choice":"1 cards matched","damage_taken":0,"max_hp_gain":0,"max_hp_loss":0,"event_name":"Match and Keep!","floor":28,"gold_loss":0,"cards_obtained":["Shame"]}],"is_beta":false,"boss_relics":[{"not_picked":["Empty Cage","Runic Cube"],"picked":"Cursed Key"}],"items_purged_floors":[19],"is_endless":false,"potions_floor_spawned":[1,2,4,16,18,20,24,30],"killed_by":"Book of Stabbing","ascension_level":20}}