{"host":"zivz6e0vf73jivdq","time":1608961354,"event":{"mods":["ATMod(°¢èªMod)","Act Like it!","BaseMod","Friendly Minions","Gensokyo","HololiveMod","Koishi","Marisa£¨ìFÓê¡¡Ä§ÀíÉ³£©","Minty Spire (QoL Compilation)","MostiFishMod","Pale of the Ancients","Prisma Mod","Reimu£¨²©ÀöÁéÃÎ£©","Remilia£¨ÀÙÃ×ÀòÑÇ£©","Replay The Spire","RumiaBox-Â¶Ã×æ«µÄÉñÃØºÐ×Ó","StSLib","The Jungle","The Servant 0.9.4","Yakumo Yukari mod","Youmu£¨»êÆÇÑýÃÎ£©","¡¾ÒÅÎï¿¨ÅÆ¡¿REMEMod"],"gold_per_floor":[110,128,140,128,128,128,160,176,226,259,273,273,273,80,80,180,180,193,211,0,11,11,42,67,67,93,93,32,32,80,20,20,119,119,139,39,75,155,170,197,197,228,228,228,46,46,73,86,86,116,116,116,116,143,143],"floor_reached":56,"playtime":4751,"items_purged":["Strike_B","Strike_B","MostiFishMod:IceShield+1","Defend_B"],"score":1936,"play_id":"8d403582-735f-4d9c-9a88-ed04e5c7ab13","local_time":"20201226134234","is_ascension_mode":true,"campfire_choices":[{"data":"MostiFishMod:GatherIntelligence","floor":6.0,"key":"SMITH"},{"data":"Zap","floor":12.0,"key":"SMITH"},{"data":"Apotheosis","floor":15.0,"key":"SMITH"},{"floor":25.0,"key":"RECALL"},{"data":"Seek","floor":27.0,"key":"SMITH"},{"data":"MostiFishMod:Prepare","floor":29.0,"key":"SMITH"},{"data":"Coolheaded","floor":32.0,"key":"SMITH"},{"data":"AT_ThunderBolt","floor":41.0,"key":"SMITH"},{"data":"Reboot","floor":49.0,"key":"SMITH"},{"data":"MostiFishMod:InterfaceCompatibility","floor":52.0,"key":"SMITH"}],"circlet_count":0,"master_deck":["Defend_B","Zap+1","Dualcast","Dilation","AT_ThunderBolt+1","Coolheaded+1","MostiFishMod:GatherIntelligence+1","FIFO Queue","Reboot+1","Hologram","Doom and Gloom","Apotheosis+1","MostiFishMod:Prepare+1","Chill","Seek+1","MostiFishMod:GatherIntelligence","Recycle","MostiFishMod:InterfaceCompatibility+1","MostiFishMod:IntelligentEquipment+1","MostiFishMod:IceShield+1","Undo","AT_StudyProgram+1","FIFO Queue+1","Self Repair","AT_ThreeBodyProblem+1","MostiFishMod:Exploitation","Madness","Madness","Panic Button+1"],"relics":["DaveBox","REME_ComplimentaryCards","AT_ATBox","Coffee Dripper","The Courier","SynthV:TestCard","Emotion Chip","White Beast Statue","PreservedInsect","ReplayFunnel","Hololive_Finger","Red Mask","Blood Vial","Lantern","Astrolabe","Juzu Bracelet","SecretRecord","Onion Ring","Regal Pillow","Happy Flower","Geode"],"acts_visited":["Exordium","TheCity","TheBeyond","TheEnding"],"potions_floor_usage":[55,55,55],"damage_taken":[{"damage":0.0,"enemies":"Cultist","floor":1.0,"turns":4.0},{"damage":1.0,"enemies":"Small Slimes","floor":2.0,"turns":5.0},{"damage":0.0,"enemies":"2 Louse","floor":3.0,"turns":3.0},{"damage":20.0,"enemies":"Exordium Thugs","floor":4.0,"turns":4.0},{"damage":5.0,"enemies":"3 Sentries","floor":7.0,"turns":10.0},{"damage":3.0,"enemies":"Exordium Wildlife","floor":8.0,"turns":3.0},{"damage":8.0,"enemies":"Gremlin Nob","floor":10.0,"turns":5.0},{"damage":5.0,"enemies":"Large Slime","floor":11.0,"turns":6.0},{"damage":0.0,"enemies":"Slime Boss","floor":16.0,"turns":8.0},{"damage":9.0,"enemies":"3 Byrds","floor":18.0,"turns":4.0},{"damage":7.0,"enemies":"2 Thieves","floor":19.0,"turns":3.0},{"damage":3.0,"enemies":"Shelled Parasite and Fungi","floor":21.0,"turns":3.0},{"damage":10.0,"enemies":"Slavers","floor":23.0,"turns":6.0},{"damage":2.0,"enemies":"Masked Bandits","floor":24.0,"turns":3.0},{"damage":0.0,"enemies":"Gremlin Leader","floor":30.0,"turns":5.0},{"damage":0.0,"enemies":"Champ","floor":33.0,"turns":9.0},{"damage":8.0,"enemies":"3 Darklings","floor":35.0,"turns":4.0},{"damage":13.0,"enemies":"Mind Bloom Boss Battle","floor":38.0,"turns":3.0},{"damage":0.0,"enemies":"Orb Walker","floor":39.0,"turns":3.0},{"damage":0.0,"enemies":"R_Hoarder","floor":40.0,"turns":4.0},{"damage":0.0,"enemies":"Giant Head","floor":42.0,"turns":2.0},{"damage":0.0,"enemies":"Nemesis","floor":47.0,"turns":5.0},{"damage":0.0,"enemies":"Spire Growth","floor":48.0,"turns":2.0},{"damage":43.0,"enemies":"Awakened One","floor":50.0,"turns":5.0},{"damage":41,"enemies":"Shield and Spear","floor":54,"turns":4},{"damage":18,"enemies":"The Heart","floor":55,"turns":5}],"seed_played":"4857515618450764614","potions_obtained":[{"floor":2.0,"key":"BlessingOfTheForge"},{"floor":7.0,"key":"Block Potion"},{"floor":8.0,"key":"SkillPotion"},{"floor":10.0,"key":"Explosive Potion"},{"floor":11.0,"key":"PowerPotion"},{"floor":16.0,"key":"Regen Potion"},{"floor":18.0,"key":"Explosive Potion"},{"floor":23.0,"key":"Fire Potion"},{"floor":24.0,"key":"REME_GoldPotion"},{"floor":30.0,"key":"Adrenaline Potion"},{"floor":33.0,"key":"FearPotion"},{"floor":35.0,"key":"REME_GoldPotion"},{"floor":38.0,"key":"Swift Potion"},{"floor":39.0,"key":"AttackPotion"},{"floor":47.0,"key":"Swift Potion"},{"floor":48.0,"key":"REME_GoldPotion"},{"floor":54,"key":"PowerPotion"}],"is_trial":false,"path_per_floor":["M","M","M","M","?","R","E","M","T","E","M","R","?","$","R","B",null,"M","M","$","M","$","E","?","R","T","R","$","R","E","?","R","B",null,"M","$","?","?","M","E","R","E","T","?","$","?","E","M","R","B",null,"R","$","E","B",null],"character_chosen":"DEFECT","items_purchased":["Apotheosis","Seek","Recycle","MostiFishMod:Exploitation"],"campfire_rested":0,"item_purchase_floors":[14,20,28,45],"current_hp_per_floor":[68,67,67,47,40,40,35,32,32,24,19,19,19,19,19,19,61,52,45,45,42,42,47,45,45,45,45,45,45,47,47,47,49,69,63,63,45,34,36,49,49,62,62,62,62,53,66,75,75,43,67,67,67,36,31],"gold":143,"neow_bonus":"BOSS_RELIC","is_daily":false,"chose_seed":false,"campfire_upgraded":9,"win_rate":0.0,"timestamp":1608961354,"path_taken":["M","M","?","M","?","R","E","M","T","E","M","R","?","?","R","BOSS","M","M","$","M","$","E","?","R","T","R","$","R","E","?","R","BOSS","M","?","?","?","M","E","R","E","T","?","$","?","E","M","R","BOSS","R","$","E","BOSS"],"items_purchased_type":["Card","Card","Card","Card"],"build_version":"2020-12-22","purchased_purges":4,"victory":true,"max_hp_per_floor":[75,75,75,75,75,75,75,75,75,75,75,75,75,75,75,75,75,75,75,75,75,75,75,75,75,75,75,75,75,75,75,75,75,75,75,75,75,75,75,75,75,75,75,75,75,75,75,75,75,75,75,75,75,75,75],"card_choices":[{"not_picked":["Rebound","AT_RobotInSpace"],"picked":"Coolheaded","floor":1.0},{"not_picked":["Cold Snap","Time Bomb","Beam Cell","Darkness"],"picked":"Streamline","floor":2.0},{"not_picked":["ReplayGash","AT_ThunderBolt","REME_DataAnalysis","Go for the Eyes","Compile Driver"],"picked":"SKIP","floor":3.0},{"not_picked":["Compile Driver","Coolheaded","ReplayTheSpireMod:Calculation Training","Barrage"],"picked":"MostiFishMod:GatherIntelligence","floor":4.0},{"not_picked":["Scrape","Streamline","Leap","Gash"],"picked":"FIFO Queue","floor":7.0},{"not_picked":["Barrage","Gash","Coolheaded","Heatsinks"],"picked":"Reboot","floor":8.0},{"not_picked":["Streamline","REME_DataAnalysis","ReplayTheSpireMod:System Scan","MostiFishMod:PushDownKick","Storm"],"picked":"SKIP","floor":10.0},{"not_picked":["Streamline","REME_DataAnalysis","ReplayTheSpireMod:System Scan","MostiFishMod:PushDownKick","Storm"],"picked":"SKIP","floor":10.0},{"not_picked":["MostiFishMod:PushDownKick","Go for the Eyes","Leap","Compile Driver"],"picked":"Hologram","floor":11.0},{"not_picked":["MostiFishMod:GoodWordForIt","Buffer","Reboot","Amplify"],"picked":"MostiFishMod:Prepare","floor":16.0},{"not_picked":["Cold Snap","AT_HeatAcrobatics","Stack","REME_Whirling+1"],"picked":"Chill","floor":18.0},{"not_picked":["Fusion","Compile Driver","Conserve Battery","AT_EMC2","Beam Cell+1"],"picked":"SKIP","floor":19.0},{"not_picked":["Storm+1","Sweeping Beam","Heatsinks","Rip and Tear","Go for the Eyes"],"picked":"SKIP","floor":21.0},{"not_picked":["REME_Shoggoth","Skim","Electrodynamics","BasicCrystalCard"],"picked":"MostiFishMod:GatherIntelligence","floor":23.0},{"not_picked":["Go for the Eyes","Stack","Ball Lightning","Hyperbeam","Gash+1"],"picked":"SKIP","floor":30.0},{"not_picked":["MostiFishMod:DawningShadow","MostiFishMod:IntelligentEquipment","MostiFishMod:Prepare","MostiFishMod:Culaccino"],"picked":"MostiFishMod:InterfaceCompatibility","floor":33.0},{"not_picked":["Beam Cell","Hologram+1","Leap","Self Repair+1"],"picked":"Undo","floor":35.0},{"not_picked":["Chill+1","Conserve Battery","Leap+1","Steam"],"picked":"AT_StudyProgram+1","floor":37.0},{"not_picked":["Reboot","Static Discharge+1","BasicCrystalCard+1","Beam Cell"],"picked":"FIFO Queue+1","floor":38.0},{"not_picked":["Hologram+1","Auto Shields","Panic Button","Rip and Tear+1"],"picked":"Self Repair","floor":39.0},{"not_picked":["Streamline+1","Gash+1","Leap","Stack+1","Compile Driver"],"picked":"SKIP","floor":40.0},{"not_picked":["Storm","MostiFishMod:ReprogramOld+1","Capacitor","Force Field"],"picked":"AT_ThreeBodyProblem+1","floor":42.0},{"not_picked":["MostiFishMod:PushDownKick+1","Go for the Eyes+1","Barrage","AT_ThreeBodyProblem","MostiFishMod:IceShield"],"picked":"SKIP","floor":47.0},{"not_picked":["Conserve Battery","Gash+1","REME_Whirling","Go for the Eyes+1","Panic Button+1"],"picked":"SKIP","floor":48.0},{"not_picked":["AT_WarpDrive","ReplayTheSpireMod:GoodbyeWorld","Cold Snap","Hello World"],"picked":"Panic Button+1","floor":54}],"player_experience":746885,"relics_obtained":[{"floor":1.0,"key":"SynthV:TestCard"},{"floor":7.0,"key":"White Beast Statue"},{"floor":9.0,"key":"PreservedInsect"},{"floor":10.0,"key":"ReplayFunnel"},{"floor":24.0,"key":"Red Mask"},{"floor":26.0,"key":"Blood Vial"},{"floor":30.0,"key":"Lantern"},{"floor":37.0,"key":"Juzu Bracelet"},{"floor":38.0,"key":"SecretRecord"},{"floor":40.0,"key":"Onion Ring"},{"floor":42.0,"key":"Regal Pillow"},{"floor":47.0,"key":"Happy Flower"},{"floor":54,"key":"Geode"}],"event_choices":[{"damage_healed":0.0,"max_hp_gain":0.0,"max_hp_loss":0.0,"gold_gain":0.0,"event_name":"Scrap Ooze","player_choice":"Success","floor":5.0,"gold_loss":0.0,"damage_taken":7.0,"relics_obtained":["Emotion Chip"]},{"damage_healed":0.0,"max_hp_gain":0.0,"max_hp_loss":0.0,"gold_gain":0.0,"cards_transformed":["Strike_B"],"event_name":"Transmorgrifier","player_choice":"Transformed","floor":13.0,"gold_loss":0.0,"damage_taken":0.0,"cards_obtained":["Doom and Gloom"]},{"damage_healed":0.0,"max_hp_gain":0.0,"max_hp_loss":0.0,"gold_gain":0.0,"event_name":"Masked Bandits","player_choice":"Fought Bandits","floor":24.0,"gold_loss":0.0,"damage_taken":0.0},{"cards_removed":["Strike_B"],"damage_healed":0.0,"max_hp_gain":0.0,"max_hp_loss":0.0,"gold_gain":0.0,"event_name":"Designer","player_choice":"Single Remove","floor":31.0,"gold_loss":60.0,"damage_taken":0.0},{"damage_healed":0.0,"max_hp_gain":0.0,"max_hp_loss":0.0,"gold_gain":0.0,"event_name":"MindBloom","player_choice":"Fight","floor":38.0,"gold_loss":0.0,"damage_taken":0.0},{"damage_healed":0.0,"max_hp_gain":0.0,"max_hp_loss":0.0,"gold_gain":0.0,"event_name":"The Woman in Blue","player_choice":"Bought 0 Potions","floor":44.0,"gold_loss":0.0,"damage_taken":0.0},{"damage_healed":0.0,"max_hp_gain":0.0,"max_hp_loss":0.0,"gold_gain":0.0,"event_name":"Winding Halls","player_choice":"Embrace Madness","floor":46.0,"gold_loss":0.0,"damage_taken":9.0,"cards_obtained":["Madness","Madness"]}],"is_beta":false,"boss_relics":[{"not_picked":["TimeKeys","BloodWine"],"picked":"Hololive_Finger"},{"not_picked":["Hololive_ChaosS","Snecko Heart"],"picked":"Astrolabe"}],"items_purged_floors":[14,20,36,45],"is_endless":false,"potions_floor_spawned":[2,7,8,10,11,16,18,19,21,23,24,30,33,35,38,39,40,42,47,48,54],"ascension_level":8}}