{"host":"po0gzr6h085cygwo","time":1608995790,"event":{"mods":["AchievementEnabler","BaseMod","Colored Map","DeckTracker","KOR Keyword Fix","Minty Spire (QoL Compilation)","Rare Cards Sparkle","Replay The Spire","StSLib","SuperFastMode"],"gold_per_floor":[116,135,135,147,160,160,192,211,283,51,51,126,126,126,154,171,171,289,289,310,320,320],"floor_reached":21,"playtime":972,"items_purged":["Strike_R"],"score":199,"play_id":"f412793c-20db-463d-8547-c532315d6409","local_time":"20201227001630","is_ascension_mode":true,"campfire_choices":[{"data":"Hemogenesis","floor":6,"key":"SMITH"},{"data":"Uppercut","floor":11,"key":"SMITH"},{"data":"ReplayTheSpireMod:Limb From Limb","floor":17,"key":"SMITH"}],"circlet_count":0,"master_deck":["Strike_R","Strike_R","Strike_R","Strike_R","Defend_R","Defend_R","Defend_R","Defend_R","Bash","Hemogenesis+1","Perfected Strike","Evolve","Hemogenesis","Uppercut+1","ReplayTheSpireMod:Stacked","ReplayTheSpireMod:Limb From Limb+1","Demonic Infusion"],"relics":["Black Blood","ReplayTheSpireMod:Lightbulb","StoneCalendar","Letter Opener","Replay:Bandana"],"acts_visited":["Exordium","TheCity"],"potions_floor_usage":[18,18,18],"damage_taken":[{"damage":20,"enemies":"Small Slimes","floor":1,"turns":5},{"damage":0,"enemies":"Cultist","floor":2,"turns":4},{"damage":6,"enemies":"2 Louse","floor":4,"turns":5},{"damage":11,"enemies":"Blue Slaver","floor":5,"turns":3},{"damage":32,"enemies":"3 Sentries","floor":7,"turns":11},{"damage":21,"enemies":"Large Slime","floor":8,"turns":7},{"damage":23,"enemies":"3 Louse","floor":15,"turns":4},{"damage":4,"enemies":"Blue Slaver","floor":16,"turns":4},{"damage":7,"enemies":"Hexaghost","floor":18,"turns":7},{"damage":48,"enemies":"Spheric Guardian","floor":20,"turns":7},{"damage":30,"enemies":"Masked Bandits","floor":21,"turns":3}],"seed_played":"-2595281475350825873","potions_obtained":[{"floor":2,"key":"Adrenaline Potion"},{"floor":7,"key":"FearPotion"},{"floor":15,"key":"Block Potion"},{"floor":16,"key":"DistilledChaos"}],"is_trial":false,"path_per_floor":["M","M","?","M","M","R","E","M","T","$","R","?","PTL","PTL","M","M","R","B",null,"M","?"],"character_chosen":"IRONCLAD","items_purchased":["Replay:Bandana"],"campfire_rested":0,"item_purchase_floors":[10],"current_hp_per_floor":[66,72,72,77,72,72,54,52,52,52,52,41,41,41,37,47,47,51,80,61,31,31],"gold":320,"neow_bonus":"ONE_RANDOM_RARE_CARD","is_daily":false,"chose_seed":false,"campfire_upgraded":3,"win_rate":0.0,"timestamp":1608995790,"path_taken":["M","M","?","M","?","R","E","M","T","$","R","?","PTL","PTL","M","M","R","BOSS","M","?"],"items_purchased_type":["Relic"],"build_version":"2020-12-22","purchased_purges":1,"victory":false,"max_hp_per_floor":[80,80,80,80,80,80,80,80,80,80,80,80,80,80,80,80,80,80,80,80,80,80],"card_choices":[{"not_picked":["Replay:Undeath\u0027s Touch","ReplayTheSpireMod:Corrosion Curse","Twin Strike"],"picked":"SKIP","floor":1},{"not_picked":["Sever Soul","Anger","Pommel Strike"],"picked":"SKIP","floor":2},{"not_picked":["Iron Wave","Body Slam"],"picked":"Perfected Strike","floor":4},{"not_picked":["Power Through","Pommel Strike"],"picked":"Evolve","floor":5},{"not_picked":["Exhume","Heavy Blade"],"picked":"Hemogenesis","floor":7},{"not_picked":["Searing Blow","Whirlwind"],"picked":"Uppercut","floor":8},{"not_picked":["Havoc","Replay:Undeath\u0027s Touch"],"picked":"ReplayTheSpireMod:Stacked","floor":15},{"not_picked":["Anger","Replay:Undeath\u0027s Touch"],"picked":"ReplayTheSpireMod:Limb From Limb","floor":16},{"not_picked":["Eclipse","Berserk"],"picked":"Demonic Infusion","floor":18},{"not_picked":["Shrug It Off","Power Through","ReplayTheSpireMod:Stacked"],"picked":"SKIP","floor":20}],"player_experience":44985,"relics_obtained":[{"floor":7,"key":"StoneCalendar"},{"floor":9,"key":"Letter Opener"}],"event_choices":[{"damage_healed":0,"gold_gain":0,"player_choice":"Gave Potion","damage_taken":0,"relics_obtained":["ReplayTheSpireMod:Lightbulb"],"max_hp_gain":0,"max_hp_loss":0,"event_name":"WeMeetAgain","floor":3,"gold_loss":0},{"damage_healed":0,"gold_gain":75,"player_choice":"Gather Gold","damage_taken":11,"max_hp_gain":0,"max_hp_loss":0,"event_name":"World of Goop","floor":12,"gold_loss":0},{"damage_healed":0,"gold_gain":0,"player_choice":"Fought Bandits","damage_taken":0,"max_hp_gain":0,"max_hp_loss":0,"event_name":"Masked Bandits","floor":21,"gold_loss":0}],"is_beta":false,"boss_relics":[{"not_picked":["Velvet Choker","Replay:Drink Me"],"picked":"Black Blood"}],"items_purged_floors":[10],"is_endless":false,"potions_floor_spawned":[2,7,15,16],"killed_by":"Masked Bandits","ascension_level":2}}