{"host":"7ttbe3gzet1mthv0","time":1608987607,"event":{"mods":["AchievementEnabler","BaseMod","Bestiary","Better Match","Better Note","Better Sensory Stone","Better Third Choice","BetterRewards","CapriCore","Colored Map","Colored Powertips","Custom Start","Downfall","Hermit","Highlight Path","Infinite Spire","Jorbs\u0027s Wanderer Trilogy","Luminous","Marisa????????","Minty Spire (QoL Compilation)","Rare Cards Sparkle","Relic Stats","Spicy Shops","StSLib","The Alterego","The Bug Knight","The Hierophant","The Marked","Wandering Minibosses"],"gold_per_floor":[99,114,21,38,213,226,251,101,117,117,42,70,89,106,124,225,225,150,160,160,160,173,186,213,228,245,274,284,295,630,644,658,757,757,757,757,774,794,794,381,381,416,416,416,416,153,153,171,185,286,286,286,302,320,332,332,357,381,394,423,452,452,452,452,452,465,565,565,565,565],"floor_reached":68,"playtime":5302,"items_purged":["Guardian:Strike_Guardian","Guardian:FloatingOrbs"],"score":1054,"play_id":"6716cb6f-30bb-4da5-973d-efa484220d0e","local_time":"20201226140007","is_ascension_mode":false,"campfire_choices":[{"floor":1,"key":"RECALL"},{"data":"Guardian:StasisStrike","floor":8,"key":"SMITH"},{"data":"Guardian:GuardianWhirl","floor":10,"key":"SMITH"},{"data":"Guardian:PrismaticBeam","floor":18,"key":"SMITH"},{"data":"Guardian:PrismaticBeam","floor":35,"key":"SMITH"},{"data":"Guardian:Clone","floor":44,"key":"SMITH"},{"data":"infinitespire:Starlight","floor":45,"key":"SMITH"},{"data":"Guardian:EvasiveProtocol","floor":47,"key":"SMITH"},{"data":"Apotheosis","floor":52,"key":"SMITH"},{"floor":62,"key":"DIG"},{"floor":63,"key":"DIG"},{"floor":64,"key":"DIG"}],"circlet_count":0,"master_deck":["Guardian:Strike_Guardian+1","Guardian:Strike_Guardian+1","Guardian:Strike_Guardian","Guardian:Defend_Guardian","Guardian:Defend_Guardian","Guardian:Defend_Guardian","Guardian:Defend_Guardian","Guardian:CurlUp+1","Guardian:TwinSlam","Guardian:ShieldCharger","Guardian:StasisStrike+1","Guardian:Recover","Guardian:GuardianWhirl+1","Guardian:EvasiveProtocol+1","Guardian:Clone+1","Guardian:PrismaticBeam+1","Guardian:DecasProtection","Guardian:PiercingHide+1","Guardian:TimeCapacitor+1","Guardian:ArmoredProtocol","Guardian:EvasiveProtocol+1","Guardian:DecasProtection+1","Guardian:HyperBeam_Guardian","Guardian:StasisField","Guardian:PrismaticBeam+1","Guardian:PrismaticBeam","Guardian:Preprogram","Guardian:VentSteam","Guardian:SphericShield+1","Guardian:RefractedBeam+1","infinitespire:SealOfDarkness+","Guardian:CrystalBeam+1","infinitespire:Starlight+1","Guardian:BronzeArmor","Guardian:TimeCapacitor","Guardian:Harden","Guardian:TimeCapacitor+1","Apotheosis+1","Guardian:ChargeUp","infinitespire:TheBestDefense","infinitespire:Punishment","Guardian:Suspension","Guardian:SpikerProtocol","Guardian:Gem_Orange","Guardian:Gem_Red","Guardian:Gem_Green","Guardian:Gem_Blue","Guardian:Gem_Green","Guardian:Gem_Orange","Guardian:Gem_Crimson","Guardian:Gem_Synthetic","Guardian:Gem_Synthetic","Guardian:Gem_Synthetic","Guardian:Gem_Blue","Guardian:Gem_Red","Guardian:Gem_Fragmented","Guardian:Gem_White","Guardian:Gem_Crimson","Guardian:Gem_Cyan","Guardian:Gem_Blue","Guardian:Gem_Purple","Guardian:Gem_Green","Guardian:Gem_Blue","Guardian:Gem_Cyan","Guardian:Gem_Fragmented","Guardian:Gem_White","Guardian:Gem_Red","Guardian:FastForward"],"relics":["Guardian:ModeShifterPlus","PreservedInsect","Lantern","SlaversCollar","Cauldron","downfall:HeartBlessingRed","downfall:HeartBlessingBlue","Vajra","Runic Pyramid","downfall:HeartBlessingGreen","Whetstone","infinitespire:Satchel","Happy Flower","TungstenRod","Orrery","Spirit Poop","Old Coin","SacredBark","WarpedTongs","Toy Ornithopter","Guardian:StasisSlotReductionRelic","Bag of Marbles","Lizard Tail","Membership Card","Incense Burner","Bottled Tornado","Meat on the Bone","Sundial","Chemical X","Shovel","Bottled Lightning","Bottled Lightning","TheAbacus","Blood Vial","Shuriken","War Paint","WingedGreaves","Girya","Guardian:PickAxe","Coffee Dripper"],"acts_visited":["Exordium","TheCity","TheBeyond","Exordium","TheCity"],"potions_floor_usage":[13,13,16,16,16,23,33,33,37,61,61],"damage_taken":[{"damage":2,"enemies":"Jaw Worm","floor":2,"turns":4},{"damage":0,"enemies":"downfall:FleeingMerchant","floor":3,"turns":4},{"damage":6,"enemies":"2 Louse","floor":4,"turns":3},{"damage":4,"enemies":"Cultist","floor":6,"turns":5},{"damage":7,"enemies":"Blue Slaver","floor":9,"turns":3},{"damage":0,"enemies":"Lagavulin","floor":12,"turns":8},{"damage":0,"enemies":"Exordium Wildlife","floor":13,"turns":4},{"damage":3,"enemies":"Red Slaver","floor":14,"turns":6},{"damage":13,"enemies":"3 Louse","floor":15,"turns":4},{"damage":23,"enemies":"downfall:Silent","floor":16,"turns":6},{"damage":0,"enemies":"Shell Parasite","floor":19,"turns":3},{"damage":8,"enemies":"3 Cultists","floor":22,"turns":3},{"damage":12,"enemies":"Snecko","floor":23,"turns":4},{"damage":20,"enemies":"Shelled Parasite and Fungi","floor":25,"turns":4},{"damage":35,"enemies":"Snake Plant","floor":26,"turns":5},{"damage":0,"enemies":"downfall:FleeingMerchant","floor":27,"turns":4},{"damage":0,"enemies":"Cultist and Chosen","floor":28,"turns":5},{"damage":0,"enemies":"Centurion and Healer","floor":29,"turns":5},{"damage":6,"enemies":"Nightmare","floor":30,"turns":8},{"damage":10,"enemies":"Shelled Parasite and Fungi","floor":31,"turns":4},{"damage":12,"enemies":"Cultist and Chosen","floor":32,"turns":4},{"damage":0,"enemies":"downfall:Ironclad","floor":33,"turns":9},{"damage":0,"enemies":"Orb Walker","floor":37,"turns":3},{"damage":8,"enemies":"3 Shapes","floor":38,"turns":9},{"damage":7,"enemies":"downfall:FleeingMerchant","floor":40,"turns":4},{"damage":0,"enemies":"Nightmare","floor":42,"turns":7},{"damage":6,"enemies":"Writhing Mass","floor":48,"turns":3},{"damage":2,"enemies":"3 Darklings","floor":49,"turns":5},{"damage":0,"enemies":"downfall:Watcher","floor":50,"turns":3},{"damage":12,"enemies":"Jaw Worm","floor":53,"turns":3},{"damage":0,"enemies":"Cultist","floor":54,"turns":4},{"damage":0,"enemies":"2 Louse","floor":55,"turns":1},{"damage":0,"enemies":"Gremlin Nob","floor":57,"turns":1},{"damage":0,"enemies":"2 Fungi Beasts","floor":59,"turns":1},{"damage":0,"enemies":"Lagavulin","floor":60,"turns":1},{"damage":0,"enemies":"Nightmare","floor":61,"turns":4},{"damage":0,"enemies":"Large Slime","floor":66,"turns":1},{"damage":0,"enemies":"Hexaghost","floor":67,"turns":1}],"seed_played":"-5040872598545979488","potions_obtained":[{"floor":2,"key":"AttackPotion"},{"floor":3,"key":"infinitespire:BlackPotion"},{"floor":3,"key":"Block Potion"},{"floor":14,"key":"Weak Potion"},{"floor":15,"key":"hexamod:EctoCoolerPotion"},{"floor":16,"key":"AttackPotion"},{"floor":21,"key":"downfall:CursedFountainPotion"},{"floor":25,"key":"Block Potion"},{"floor":26,"key":"PowerPotion"},{"floor":30,"key":"Energy Potion"},{"floor":33,"key":"Slimebound:ThreeZeroPotion"},{"floor":38,"key":"Energy Potion"},{"floor":48,"key":"infinitespire:BlackPotion"},{"floor":61,"key":"Dexterity Potion"}],"is_trial":false,"path_per_floor":["R","M","$","M","?","M","T","R","M","R","?","E","M","M","M","B",null,"R","M","?","?","M","M","T","M","M","$","M","M","NM","M","M","B",null,"R","?","M","M","AVR","$","T","NM","?","R","R","$","R","M","M","B",null,"R","M","M","M","AVR","E","T","M","E","NM","R","R","R","?","M","B",null],"character_chosen":"GUARDIAN","items_purchased":["Cauldron","infinitespire:Satchel","Happy Flower","TungstenRod","Guardian:Gem_Cyan","Guardian:EvasiveProtocol","Orrery","Bag of Marbles","Lizard Tail","Membership Card","Incense Burner","Sundial","Chemical X","Guardian:BronzeArmor","Guardian:TimeCapacitor"],"campfire_rested":0,"item_purchase_floors":[3,27,27,27,27,27,27,40,40,40,40,46,46,46,46],"current_hp_per_floor":[88,86,86,80,80,76,76,86,79,79,79,79,79,76,63,40,98,98,98,98,98,90,78,78,58,125,125,125,125,119,109,97,97,200,200,200,200,192,192,185,185,185,135,135,135,135,135,144,157,157,200,200,188,200,200,200,200,200,200,200,200,200,200,200,100,102,104,200,200,200],"gold":565,"neow_bonus":"TEN_PERCENT_HP_BONUS","is_daily":false,"chose_seed":false,"campfire_upgraded":8,"win_rate":0.0,"timestamp":1608987607,"path_taken":["R","M","$","M","?","M","T","R","M","R","?","E","M","M","M","BOSS","R","M","?","?","M","M","T","M","?","$","M","M","NM","M","M","BOSS","R","?","?","M","AVR","$","T","NM","?","R","R","$","R","M","M","BOSS","R","M","M","M","AVR","E","T","M","E","NM","R","R","R","?","M","BOSS"],"items_purchased_type":["Relic","Relic","Relic","Relic","Card","Card","Relic","Relic","Relic","Relic","Relic","Relic","Relic","Card","Card"],"build_version":"2020-12-22","purchased_purges":2,"victory":false,"max_hp_per_floor":[88,88,88,88,88,88,88,98,98,98,98,98,98,98,98,98,98,98,98,98,98,98,98,98,98,200,200,200,200,200,200,200,200,200,200,200,200,200,200,200,200,200,200,200,200,200,200,200,200,200,200,200,200,200,200,200,200,200,200,200,200,200,200,200,200,200,200,200,200,200],"relic_stats":{"Happy Flower":[28],"counters":[38,156],"PreservedInsect":485,"Whetstone":["Guardian:Strike_Guardian","Guardian:Strike_Guardian"],"War Paint":["Guardian:SphericShield","Guardian:CurlUp"],"WarpedTongs":[44],"Blood Vial":4,"Lizard Tail":0,"Shovel":3,"TheAbacus":[0],"Sundial":[0],"Shuriken":[0],"Chemical X":[1],"obtain_stats":[{"Lantern":0,"Guardian:StasisSlotReductionRelic":39,"Guardian:ModeShifterPlus":51,"SacredBark":34,"Vajra":12,"Spirit Poop":27,"downfall:HeartBlessingGreen":18,"Incense Burner":40,"Whetstone":24,"Bottled Tornado":41,"Old Coin":30,"Blood Vial":58,"Guardian:PickAxe":65,"Lizard Tail":40,"Shovel":51,"TheAbacus":56,"downfall:HeartBlessingBlue":8,"Sundial":46,"WingedGreaves":34,"Chemical X":46,"Runic Pyramid":17,"Girya":64,"downfall:HeartBlessingRed":8,"Happy Flower":27,"Guardian:ModeShifter":0,"Circlet":34,"PreservedInsect":0,"War Paint":63,"WarpedTongs":36,"SlaversCollar":0,"Cauldron":3,"Shuriken":62,"infinitespire:Satchel":27,"Orrery":27,"Bag of Marbles":40,"Coffee Dripper":68,"Membership Card":40,"Bottled Lightning":51,"TungstenRod":27,"Toy Ornithopter":39,"Meat on the Bone":42},{"Lantern":0,"Guardian:StasisSlotReductionRelic":24,"Guardian:ModeShifterPlus":29,"SacredBark":22,"Vajra":6,"Spirit Poop":16,"downfall:HeartBlessingGreen":10,"Incense Burner":25,"Whetstone":13,"Bottled Tornado":25,"Old Coin":19,"Blood Vial":33,"Guardian:PickAxe":36,"Lizard Tail":25,"Shovel":29,"TheAbacus":32,"downfall:HeartBlessingBlue":4,"Sundial":26,"WingedGreaves":22,"Chemical X":26,"Runic Pyramid":10,"Girya":36,"downfall:HeartBlessingRed":4,"Happy Flower":16,"Guardian:ModeShifter":0,"Circlet":22,"PreservedInsect":0,"War Paint":36,"WarpedTongs":22,"SlaversCollar":0,"Cauldron":2,"Shuriken":36,"infinitespire:Satchel":16,"Orrery":16,"Bag of Marbles":25,"Coffee Dripper":38,"Membership Card":25,"Bottled Lightning":29,"TungstenRod":16,"Toy Ornithopter":24,"Meat on the Bone":26},{"Lantern":0,"Guardian:StasisSlotReductionRelic":117,"Guardian:ModeShifterPlus":139,"SacredBark":105,"Vajra":27,"Spirit Poop":70,"downfall:HeartBlessingGreen":47,"Incense Burner":121,"Whetstone":57,"Bottled Tornado":121,"Old Coin":88,"Blood Vial":148,"Guardian:PickAxe":154,"Lizard Tail":121,"Shovel":139,"TheAbacus":147,"downfall:HeartBlessingBlue":16,"Sundial":128,"WingedGreaves":105,"Chemical X":128,"Runic Pyramid":47,"Girya":154,"downfall:HeartBlessingRed":16,"Happy Flower":70,"Guardian:ModeShifter":0,"Circlet":105,"PreservedInsect":0,"War Paint":154,"WarpedTongs":105,"SlaversCollar":0,"Cauldron":8,"Shuriken":154,"infinitespire:Satchel":70,"Orrery":70,"Bag of Marbles":121,"Coffee Dripper":156,"Membership Card":121,"Bottled Lightning":139,"TungstenRod":70,"Toy Ornithopter":117,"Meat on the Bone":128}],"TungstenRod":37,"Toy Ornithopter":0,"Meat on the Bone":0},"card_choices":[{"not_picked":["Guardian:GuardianWhirl","Guardian:ChargeCore"],"picked":"Guardian:ShieldCharger","floor":2},{"not_picked":["Guardian:DecasProtection","Guardian:Gem_Crimson"],"picked":"Guardian:StasisStrike","floor":3},{"not_picked":["Guardian:PrimingBeam","Guardian:PiercingHide"],"picked":"Guardian:Recover","floor":4},{"not_picked":["Guardian:RollAttack","Guardian:SpikerProtocol"],"picked":"Guardian:Gem_Lightblue","floor":6},{"not_picked":["Guardian:Incinerate","Guardian:WalkerClaw"],"picked":"Guardian:GuardianWhirl","floor":9},{"not_picked":["Guardian:BronzeArmor+1","Guardian:RefractedBeam+1"],"picked":"Guardian:EvasiveProtocol+1","floor":11},{"not_picked":["Guardian:DonusPower","Guardian:BronzeOrb"],"picked":"Guardian:Clone","floor":12},{"not_picked":["Guardian:Gem_Cyan","Guardian:TemporalStrike"],"picked":"Guardian:Gem_Crimson","floor":13},{"not_picked":["Guardian:Emergency","Guardian:ChargeUp"],"picked":"Guardian:PrismaticBeam","floor":14},{"not_picked":["Guardian:PiercingHide","Guardian:ShieldSpikes"],"picked":"Guardian:Gem_White","floor":15},{"not_picked":["Guardian:AncientConstruct","Guardian:HyperBeam_Guardian"],"picked":"Guardian:Gem_Synthetic","floor":16},{"not_picked":["Guardian:CrystalBeam","Guardian:ChargeCore"],"picked":"Guardian:DecasProtection","floor":19},{"not_picked":["Guardian:ShieldCharger","Guardian:Incinerate"],"picked":"Guardian:PiercingHide+1","floor":22},{"not_picked":["Guardian:Gem_Cyan","Guardian:ChargeCore"],"picked":"Guardian:TimeCapacitor+1","floor":23},{"not_picked":["Guardian:Gem_Green","Guardian:TemporalStrike"],"picked":"Guardian:FloatingOrbs","floor":25},{"not_picked":["Guardian:SentryBeam+1","Guardian:Gem_Cyan"],"picked":"Guardian:Gem_White","floor":26},{"not_picked":["Guardian:Gem_Fragmented","Guardian:PiercingHide"],"picked":"Guardian:ArmoredProtocol","floor":27},{"not_picked":["Guardian:CrystalBeam","Guardian:SentryBeam+1"],"picked":"Guardian:DecasProtection+1","floor":27},{"not_picked":["Guardian:WalkerClaw","Guardian:RollAttack"],"picked":"Guardian:Gem_Fragmented","floor":27},{"not_picked":["Guardian:RefractedBeam","Guardian:ShieldCharger+1"],"picked":"Guardian:Gem_Purple","floor":27},{"not_picked":["Guardian:ChargeCore","Guardian:PrimingBeam"],"picked":"Guardian:Gem_Green","floor":27},{"not_picked":["Guardian:TemporalStrike+1","Guardian:PrimingBeam"],"picked":"Guardian:HyperBeam_Guardian","floor":27},{"not_picked":["Guardian:VentSteam+1","Guardian:Gem_Lightblue"],"picked":"Guardian:StasisField","floor":28},{"not_picked":["Guardian:ShieldCharger","Guardian:Emergency"],"picked":"Guardian:PrismaticBeam","floor":29},{"not_picked":["Guardian:TemporalShield","Guardian:Suspension"],"picked":"Guardian:PrismaticBeam","floor":30},{"not_picked":["Guardian:Incinerate+1","Guardian:WalkerClaw"],"picked":"Guardian:Preprogram","floor":31},{"not_picked":["Guardian:ChargeCore","Guardian:WalkerClaw"],"picked":"Guardian:VentSteam","floor":32},{"not_picked":["Guardian:HyperBeam_Guardian","Guardian:RevengeProtocol"],"picked":"Guardian:SphericShield","floor":33},{"not_picked":["Guardian:FloatingOrbs","Guardian:Suspension+1"],"picked":"Guardian:Gem_Lightblue","floor":37},{"not_picked":["Guardian:SentryBeam","Guardian:TemporalStrike+1"],"picked":"Guardian:RefractedBeam+1","floor":38},{"not_picked":["Guardian:RollAttack","Guardian:CrystalBeam"],"picked":"Guardian:Gem_Blue","floor":40},{"not_picked":["Guardian:Reroute+1","Guardian:GuardianWhirl+1"],"picked":"Guardian:CrystalBeam+1","floor":42},{"not_picked":["infinitespire:SevenWalls","infinitespire:Punishment"],"picked":"infinitespire:Starlight","floor":43},{"not_picked":["Guardian:ShieldCharger","Guardian:WalkerClaw"],"picked":"Guardian:Harden","floor":48},{"not_picked":["Guardian:Incinerate+1","Guardian:Harden"],"picked":"Guardian:TimeCapacitor+1","floor":49},{"not_picked":["Guardian:AncientConstruct","Guardian:BaubleBeam"],"picked":"Guardian:Gem_Synthetic","floor":50},{"not_picked":["Guardian:ChargeCore","Guardian:PrimingBeam"],"picked":"Guardian:ChargeUp","floor":53},{"not_picked":["Guardian:ShieldCharger","Guardian:Incinerate","Guardian:CrystalBeam"],"picked":"SKIP","floor":54},{"not_picked":["Guardian:ShieldCharger","Guardian:Incinerate","Guardian:CrystalBeam"],"picked":"SKIP","floor":54},{"not_picked":["Guardian:Incinerate","Guardian:VentSteam","Guardian:Recover"],"picked":"SKIP","floor":55},{"not_picked":["Guardian:RollAttack","Guardian:WalkerClaw"],"picked":"Guardian:Suspension","floor":57},{"not_picked":["Guardian:Gem_Cyan","Guardian:GuardianWhirl"],"picked":"Guardian:Gem_Blue","floor":59},{"not_picked":["Guardian:SphericShield","Guardian:ShieldCharger","Guardian:VentSteam"],"picked":"SKIP","floor":60},{"not_picked":["Guardian:Gem_Green","Guardian:TemporalShield"],"picked":"Guardian:SpikerProtocol","floor":61},{"not_picked":["Guardian:StasisField","Guardian:Planning"],"picked":"Guardian:Gem_Red","floor":66},{"not_picked":["Guardian:StasisField","Guardian:StasisStrike"],"picked":"Guardian:FastForward","floor":67}],"player_experience":35406,"relics_obtained":[{"floor":12,"key":"Vajra"},{"floor":24,"key":"Whetstone"},{"floor":30,"key":"Old Coin"},{"floor":41,"key":"Bottled Tornado"},{"floor":42,"key":"Meat on the Bone"},{"floor":58,"key":"Blood Vial"},{"floor":62,"key":"Shuriken"},{"floor":63,"key":"War Paint"},{"floor":64,"key":"Girya"}],"event_choices":[{"damage_healed":0,"gold_gain":0,"player_choice":"2","damage_taken":0,"max_hp_gain":0,"max_hp_loss":0,"event_name":"betterMatch:BetterMatch","floor":11,"gold_loss":0,"cards_obtained":["betterMatch:UncommonCard"]},{"cards_removed":["Doubt"],"damage_healed":0,"gold_gain":0,"player_choice":"Give","damage_taken":0,"max_hp_gain":0,"max_hp_loss":0,"event_name":"betterNote:BetterNote","floor":20,"gold_loss":0,"cards_obtained":["None"]},{"cards_removed":["Doubt"],"damage_healed":0,"gold_gain":0,"player_choice":"Offered Curse","damage_taken":0,"relics_obtained":["Spirit Poop"],"max_hp_gain":0,"max_hp_loss":0,"event_name":"Bonfire Elementals","floor":27,"gold_loss":0}],"is_beta":false,"boss_relics":[{"not_picked":["Cursed Key","Tiny House"],"picked":"Runic Pyramid"},{"not_picked":["Sozu","Astrolabe"],"picked":"SacredBark"},{"not_picked":["Snecko Eye","Coffee Dripper"],"picked":"Guardian:ModeShifterPlus"},{"not_picked":["infinitespire:Cupcake","Calling Bell"],"picked":"Coffee Dripper"}],"items_purged_floors":[27,39],"is_endless":true,"potions_floor_spawned":[2,4,14,15,16,25,26,30,32,33,38,48,49,50,57,59,60,61],"ascension_level":0}}