{"host":"74rphcgmhz43g39u","time":1608966169,"event":{"mods":["BaseMod","Colored Powertips","Library of Ruina","Library of Ruina Extra","Minty Spire (QoL Compilation)","Quick Restart","StSLib","UnlockEverythingMod"],"gold_per_floor":[148,218,63,103,177,177,272,272,295,295,360,413,624,683,683,822,822,879,1017,1017,673,673,748,748,844,912,977,995,1106,749,823,823,972,972,1148,689,704,726,744,435,517,517,517,557,571,650,661,689,689,729,729,729,729,416,498,498],"floor_reached":57,"playtime":5618,"items_purged":["FocusedStrikes","LightAttack","CutIn","Madness","Dodge"],"score":2108,"play_id":"2c2001aa-6367-408f-a8c7-1087309d38ea","local_time":"20201226150249","is_ascension_mode":true,"campfire_choices":[{"data":"GutHarvesting","floor":6.0,"key":"SMITH"},{"data":"TheRedNotes","floor":8.0,"key":"SMITH"},{"data":"Guardian_lor","floor":10.0,"key":"SMITH"},{"data":"Observe","floor":15.0,"key":"SMITH"},{"data":"TrashDisposal","floor":24.0,"key":"SMITH"},{"data":"Enlightenment","floor":32.0,"key":"SMITH"},{"floor":49,"key":"RECALL"},{"data":"Deep Breath","floor":53,"key":"SMITH"}],"circlet_count":0,"master_deck":["LightDefense","LightDefense","LightDefense","LightDefense","ChargeAndCover+1","GutHarvesting+1","Castigation+1","TheRedNotes+1","Guardian_lor+1","Unlock1","TrashDisposal+1","Observe+1","Reload+1","WaitUp+1","SomberProcuration","FrontalAssault","Enlightenment+1","Eradication","Apotheosis","Deep Breath+1","FlamingDragonFist+1","Madness","Decapitation+1","ChargeUp","GoinFirst+1","EnergyCycle+1","SharpNails+1"],"relics":["PageOfLibrarian","PageOfBloodbath","Vajra","Runic Pyramid","Enchiridion","Membership Card","Anchor","CeramicFish","Regal Pillow","PageOfTheQueenOfHatred","PageOfTheKnightOfDespair","Nunchaku","PageOfGreed","Chemical X","PageOfWrath","PageOfBlackSwan","PageOfNihil","Toolbox","Oddly Smooth Stone","Molten Egg 2","Strange Spoon","Thread and Needle","InkBottle","Bag of Preparation","Omamori","PageOfSnowWhitesApple","PageOfPorccubus","Whetstone","Sling","Bag of Marbles"],"acts_visited":["Exordium","TheCity","TheBeyond","TheEnding"],"potions_floor_usage":[41,56,56,56],"damage_taken":[{"damage":0.0,"enemies":"Cultist","floor":1.0,"turns":4.0},{"damage":6.0,"enemies":"Small Slimes","floor":2.0,"turns":7.0},{"damage":12.0,"enemies":"Jaw Worm","floor":4.0,"turns":2.0},{"damage":15.0,"enemies":"Large Slime","floor":5.0,"turns":7.0},{"damage":8.0,"enemies":"Exordium Thugs","floor":7.0,"turns":7.0},{"damage":4.0,"enemies":"Gremlin Nob","floor":11.0,"turns":3.0},{"damage":0.0,"enemies":"Blue Slaver","floor":12.0,"turns":2.0},{"damage":13.0,"enemies":"Lots of Slimes","floor":13.0,"turns":13.0},{"damage":1.0,"enemies":"2 Fungi Beasts","floor":14.0,"turns":5.0},{"damage":0.0,"enemies":"The Guardian","floor":16.0,"turns":10.0},{"damage":1.0,"enemies":"2 Thieves","floor":18.0,"turns":3.0},{"damage":11.0,"enemies":"3 Byrds","floor":19.0,"turns":8.0},{"damage":0.0,"enemies":"Book of Stabbing","floor":23.0,"turns":3.0},{"damage":8.0,"enemies":"Sentry and Sphere","floor":25.0,"turns":6.0},{"damage":0.0,"enemies":"Snake Plant","floor":27.0,"turns":4.0},{"damage":15.0,"enemies":"Slavers","floor":29.0,"turns":8.0},{"damage":0.0,"enemies":"Book of Stabbing","floor":31.0,"turns":3.0},{"damage":0.0,"enemies":"KingOfGreed","floor":33.0,"turns":5.0},{"damage":91.0,"enemies":"Orb Walker","floor":35.0,"turns":12.0},{"damage":1.0,"enemies":"3 Darklings","floor":37.0,"turns":9.0},{"damage":0.0,"enemies":"Transient","floor":38.0,"turns":5.0},{"damage":0,"enemies":"Reptomancer","floor":41,"turns":9},{"damage":0,"enemies":"Nemesis","floor":44,"turns":5},{"damage":0,"enemies":"Writhing Mass","floor":45,"turns":4},{"damage":57,"enemies":"Reptomancer","floor":46,"turns":6},{"damage":0,"enemies":"3 Darklings","floor":47,"turns":2},{"damage":0,"enemies":"Maw","floor":48,"turns":5},{"damage":0,"enemies":"Awakened One","floor":50,"turns":7},{"damage":2,"enemies":"Shield and Spear","floor":55,"turns":4},{"damage":34,"enemies":"The Heart","floor":56,"turns":5}],"seed_played":"-3071697606841583948","potions_obtained":[{"floor":1.0,"key":"AttackPotion"},{"floor":5.0,"key":"SpeedPotion"},{"floor":11.0,"key":"Fruit Juice"},{"floor":12.0,"key":"FearPotion"},{"floor":19.0,"key":"SneckoOil"},{"floor":29.0,"key":"GamblersBrew"},{"floor":31.0,"key":"PowerPotion"},{"floor":33.0,"key":"PowerPotion"},{"floor":41,"key":"PowerPotion"}],"is_trial":false,"path_per_floor":["M","M","$","M","M","R","M","R","T","R","E","M","M","M","R","B",null,"M","M","?","$","?","E","R","M","T","M","?","E","$","E","R","B",null,"M","$","M","M","?","$","E","?","T","E","M","E","M","M","R","B",null,null,"R","$","E","B",null],"character_chosen":"Librarian","items_purchased":["PageOfBloodbath","Membership Card","Anchor","CeramicFish","Nunchaku","PageOfGreed","Chemical X","Enlightenment","Toolbox","Oddly Smooth Stone","Molten Egg 2","Apotheosis","Deep Breath","Strange Spoon","Thread and Needle","PageOfPorccubus","Whetstone","Sling"],"campfire_rested":0,"item_purchase_floors":[3,21,21,21,30,30,30,30,36,36,36,36,36,40,40,54,54,54],"current_hp_per_floor":[54,48,48,36,21,21,13,13,13,13,9,14,1,4,4,14,70,73,72,56,56,56,60,60,62,62,71,71,69,69,77,77,88,88,35,35,88,88,77,77,88,88,88,88,88,45,65,88,88,88,53,79,79,79,88,72],"gold":498,"neow_bonus":"THREE_RARE_CARDS","is_daily":false,"chose_seed":false,"campfire_upgraded":7,"win_rate":0.0,"timestamp":1608966169,"path_taken":["M","M","?","M","M","R","M","R","T","R","E","M","M","M","R","BOSS","M","M","?","$","?","E","R","M","T","M","?","E","$","E","R","BOSS","M","$","M","M","?","$","E","?","T","E","M","E","M","M","R","BOSS","R","$","E","BOSS"],"items_purchased_type":["Relic","Relic","Relic","Relic","Relic","Relic","Relic","Card","Relic","Relic","Relic","Card","Card","Relic","Relic","Relic","Relic","Relic"],"build_version":"2020-12-22","purchased_purges":5,"victory":true,"max_hp_per_floor":[54,61,61,65,65,83,83,83,83,83,83,88,88,88,88,88,88,88,88,88,88,88,88,88,88,88,88,88,88,88,88,88,88,88,88,88,88,88,88,88,88,88,88,88,88,88,88,88,88,88,88,88,88,88,88,88],"card_choices":[{"not_picked":["FleshFillet","FormingStorm"],"picked":"GutHarvesting","floor":0.0},{"not_picked":["UpbeatPerformance","DarkCloud","SinglePointStab","SpearedSweep","EnergyCycle","PreemptiveStrike","Thrust","BackAttack","Rewind"],"picked":"SKIP","floor":1.0},{"not_picked":["DirtyBlow","AlloutWar","SmokingPipe","Outburst","Feast","BackAttack","DevastatingThrash","StructuralAnalysis"],"picked":"Castigation","floor":2.0},{"not_picked":["GuardingStance","LoosenUp","SmokingPipe","FlyingSword","HiddenBlade","StayCalm","Faith","EnergyCycle"],"picked":"TheRedNotes","floor":4.0},{"not_picked":["Outburst","StructuralAnalysis","CookingPrep","Faith","LoosenUp","DirtyBlow","SuppressingShot","Standoff"],"picked":"Guardian_lor","floor":5.0},{"not_picked":["WillOfThePrescript","DarkCloud","FlashOfSunup","NightInTheBackstreets","SomberProcuration","TendonChords","Rewind","EnergyShield","HandleRequest"],"picked":"SKIP","floor":7.0},{"not_picked":["ProselytesBlade","FeatherShield","BackAttack","StrongStrike","TraceOfFumes","SpearedSweep","AsThePrescriptOrders","StartinOutLightly"],"picked":"Unlock1","floor":11.0},{"not_picked":["EndlessBattle","StrongStrike","HighKick","FervidEmotions","MultiHit","Leap_lor","Faith","HandleRequest","ScatteringSlash"],"picked":"SKIP","floor":12.0},{"not_picked":["UpbeatPerformance","RatsGuideToSurvival","SweepTheBackstreets","DarkCloud","StayCalm","NonstopAssault","UndertakePrescript","HighKick"],"picked":"TrashDisposal","floor":13.0},{"not_picked":["KeepItFresh","DefenseOrder","BackAttack","Parry","WaitUp","Leap_lor","Endure","BiteOff"],"picked":"Observe","floor":14.0},{"not_picked":["MultiHit","DefenseOrder","ViolentFlame","ScratchThat","FervidEmotions+1","FierceCharge","MultiBlock","BizarreAttack","Riposte"],"picked":"SKIP","floor":18.0},{"not_picked":["SummaryJudgment+1","ScatteringSlash","UnforgettableMelody","FervidEmotions","DefenseOrder","Quickness","FierceOnslaught+1","ShockingBlow+1"],"picked":"Reload+1","floor":19.0},{"not_picked":["LawAndOrder","UpbeatPerformance+1","TraceOfFumes","FlashingStrike","CutIn","ScratchThat","EnergyShield","HiddenBlade+1"],"picked":"WaitUp+1","floor":23.0},{"not_picked":["PreemptiveStrike","SunsetBlade","Rewind","MultiBlock+1","Diversion","FrontalAssault","Struggle","Standoff","SharpenedBlade"],"picked":"SKIP","floor":25.0},{"not_picked":["Faith","DarkCloud","SetFire","FrontalAssault+1","Gigigig","Pound+1","FierceCharge+1","IngredientHunt"],"picked":"SomberProcuration","floor":27.0},{"not_picked":["Quickness","HiddenBlade+1","FeatherShield","QuickAttack","SetFire","Guardian_lor+1","WaitUp","ForcefulGesture+1","WillOfThePrescript"],"picked":"SKIP","floor":29.0},{"not_picked":["HighKick","SkyClearingCut+1","OpportunitySpotted","Tailoring","FlashOfSunup","ForTheFamily","Diversion","InkOver+1","Unlock1"],"picked":"SKIP","floor":31.0},{"not_picked":["GutHarvesting","FormingStorm"],"picked":"Eradication","floor":33.0},{"not_picked":["HandleRequest","SuppressingShot","Multislash","MultiBlock+1","WrathOfTorment","StrongStrike","QuickAttack","StartinOutLightly","FendThisOffIfYouCan+1"],"picked":"SKIP","floor":35.0},{"not_picked":["WrathOfTorment+1","SharpNails+1","Pound+1","SunsetBlade","Overpower+1","ButterflySlash+1","Unlock1+1","Parry+1","ChopItOff+1"],"picked":"SKIP","floor":37.0},{"not_picked":["WrathOfTorment+1","SharpNails+1","Pound+1","SunsetBlade","Overpower+1","ButterflySlash+1","Unlock1+1","Parry+1","ChopItOff+1"],"picked":"SKIP","floor":37.0},{"not_picked":["NightInTheBackstreets+1","EnergyCycle+1","FierceCharge+1","SunsetBlade","ICanCookAnything+1","QuickAttack+1","MultiHit+1","BladeWhirl+1"],"picked":"FlamingDragonFist+1","floor":38.0},{"not_picked":["Struggle","Rampage_lor+1","PreemptiveStrike+1","GaleKick+1","Fence+1","Pound+1","EnergyBeam+1","Tailoring+1"],"picked":"Decapitation+1","floor":41},{"not_picked":["KeepItFresh+1","Fence","EndlessBattle+1","PuppetBlockade","SilentMist","ToWhereThePrescriptPoints","Observe","DesperateStruggle+1"],"picked":"ChargeUp","floor":44},{"not_picked":["Standoff+1","TendonChords+1","Parry+1","BizarreAttack+1","WaitUp","HandlingWork+1","SmokingPipe+1","AssaultOrder+1","GatherIntel+1"],"picked":"SKIP","floor":45},{"not_picked":["Diversion+1","PreemptiveStrike+1","Standoff+1","FleetEdge+1","Outburst+1","ShrineToMusic+1","ProselytesBlade+1","StayCalm"],"picked":"GoinFirst+1","floor":46},{"not_picked":["YouOnlyLiveOnce+1","FendThisOffIfYouCan+1","ClassAndRespect+1","Decapitation+1","Unlock1+1","Creak","DimensionalRift+1","SilentMist","NightInTheBackstreets+1"],"picked":"SKIP","floor":47},{"not_picked":["Leap_lor+1","Retaliate+1","SpearedSweep+1","BackAttack","FaintMemories+1","TendonChords+1","CutIn+1","Standoff+1"],"picked":"EnergyCycle+1","floor":48},{"not_picked":["ViolentFlame+1","MultiBlock","SunsetBlade","RushDown+1","DarkCloud","IngredientHunt+1","UnavoidableGaze","Faith"],"picked":"SharpNails+1","floor":55}],"player_experience":552544,"relics_obtained":[{"floor":11.0,"key":"Vajra"},{"floor":20.0,"key":"Enchiridion"},{"floor":23.0,"key":"Regal Pillow"},{"floor":26.0,"key":"PageOfTheQueenOfHatred"},{"floor":29.0,"key":"PageOfTheKnightOfDespair"},{"floor":31.0,"key":"PageOfWrath"},{"floor":35.0,"key":"PageOfNihil"},{"floor":41,"key":"InkBottle"},{"floor":43,"key":"Bag of Preparation"},{"floor":44,"key":"Omamori"},{"floor":46,"key":"PageOfSnowWhitesApple"},{"floor":55,"key":"Bag of Marbles"}],"event_choices":[{"damage_healed":0.0,"max_hp_gain":0.0,"max_hp_loss":0.0,"gold_gain":0.0,"event_name":"Cursed Tome","player_choice":"Obtained Book","floor":20.0,"gold_loss":0.0,"damage_taken":16.0},{"damage_healed":0.0,"max_hp_gain":0.0,"max_hp_loss":0.0,"gold_gain":0.0,"event_name":"Ghosts","player_choice":"Ignored","floor":22.0,"gold_loss":0.0,"damage_taken":0.0},{"damage_healed":0.0,"max_hp_gain":0.0,"max_hp_loss":0.0,"gold_gain":0.0,"cards_transformed":["LightAttack","LightAttack"],"event_name":"Drug Dealer","player_choice":"Became Test Subject","floor":28.0,"gold_loss":0.0,"damage_taken":0.0,"cards_obtained":["CutIn","FrontalAssault"]},{"damage_healed":0.0,"max_hp_gain":0.0,"max_hp_loss":0.0,"gold_gain":0.0,"event_name":"Winding Halls","player_choice":"Embrace Madness","floor":39.0,"gold_loss":0.0,"damage_taken":11.0,"cards_obtained":["Madness","Madness"]},{"damage_healed":0,"gold_gain":0,"player_choice":"Ignored","damage_taken":0,"max_hp_gain":0,"max_hp_loss":0,"event_name":"SecretPortal","floor":42,"gold_loss":0}],"is_beta":false,"boss_relics":[{"not_picked":["Fusion Hammer","Sozu"],"picked":"Runic Pyramid"},{"not_picked":["Runic Dome","Philosopher\u0027s Stone"],"picked":"PageOfBlackSwan"}],"items_purged_floors":[21,30,36,40,54],"is_endless":false,"potions_floor_spawned":[1,5,11,12,19,29,31,33,38,41,44,46,47],"ascension_level":5}}