{"host":"Alvar","time":1608983932,"event":{"mods":["AchievementEnabler","Aspiration","BaseMod","Hubris","Infinite Spire","Minty Spire (QoL Compilation)","StSLib"],"gold_per_floor":[118,63,63,77,95,120,120,135,158,172,202,35,53,69,69,140,140,153,153,153,153],"floor_reached":20,"playtime":782,"items_purged":[],"score":472,"play_id":"670cc756-0bd1-4144-88c7-7e5058fa5c4e","local_time":"20201226185852","is_ascension_mode":true,"campfire_choices":[{"data":"Immolate","floor":15,"key":"SMITH"}],"circlet_count":0,"master_deck":["AscendersBane","Strike_R","Strike_R","Strike_R","Strike_R","Defend_R","Defend_R","Defend_R","Defend_R","Bash","Twin Strike","infinitespire:Menacing","Spot Weakness","Rampage","Fire Breathing","Immolate+1","Fiend Fire"],"relics":["Burning Blood","Potion Belt","aspiration:Lifesprig","Regal Pillow","infinitespire:Satchel","SacredBark","hubris:Towel"],"acts_visited":["Exordium","TheCity"],"potions_floor_usage":[6,14,18],"damage_taken":[{"damage":7,"enemies":"Cultist","floor":1,"turns":4},{"damage":1,"enemies":"Small Slimes","floor":4,"turns":4},{"damage":2,"enemies":"Jaw Worm","floor":5,"turns":3},{"damage":8,"enemies":"Gremlin Nob","floor":6,"turns":4},{"damage":9,"enemies":"2 Fungi Beasts","floor":8,"turns":5},{"damage":11,"enemies":"Exordium Wildlife","floor":10,"turns":3},{"damage":20,"enemies":"3 Sentries","floor":11,"turns":4},{"damage":1,"enemies":"Looter","floor":13,"turns":3},{"damage":24,"enemies":"Lots of Slimes","floor":14,"turns":3},{"damage":0,"enemies":"Slime Boss","floor":16,"turns":7},{"damage":27,"enemies":"Shell Parasite","floor":18,"turns":4},{"damage":47,"enemies":"3 Byrds","floor":20,"turns":4}],"seed_played":"-9107626879713704623","potions_obtained":[{"floor":4,"key":"EntropicBrew"},{"floor":8,"key":"Energy Potion"},{"floor":10,"key":"BlessingOfTheForge"},{"floor":11,"key":"BlessingOfTheForge"},{"floor":18,"key":"PowerPotion"}],"is_trial":false,"path_per_floor":["M","$","?","M","M","E","?","M","T","M","E","$","M","M","R","B",null,"M","?","M"],"character_chosen":"IRONCLAD","items_purchased":["BlessingOfTheForge","infinitespire:Satchel"],"campfire_rested":0,"item_purchase_floors":[2,12],"current_hp_per_floor":[74,74,55,60,64,62,55,52,52,47,33,33,38,20,20,26,68,47,47,0,0],"gold":153,"neow_bonus":"TEN_PERCENT_HP_BONUS","is_daily":false,"chose_seed":false,"campfire_upgraded":1,"win_rate":0.0,"timestamp":1608983932,"path_taken":["M","$","?","M","M","E","?","M","T","M","E","?","M","M","R","BOSS","M","?","M"],"items_purchased_type":["Potion","Relic"],"build_version":"2020-12-18","purchased_purges":0,"victory":false,"max_hp_per_floor":[82,82,82,82,82,82,82,82,82,82,82,82,82,82,82,82,82,82,82,82,82],"card_choices":[{"not_picked":["hubris:ReadiedAction","Entrench"],"picked":"Twin Strike","floor":1},{"not_picked":["infinitespire:FinalStrike","infinitespire:SevenWalls"],"picked":"infinitespire:Menacing","floor":3},{"not_picked":["Seeing Red","Rage"],"picked":"Spot Weakness","floor":4},{"not_picked":["Armaments","Rupture"],"picked":"Rampage","floor":5},{"not_picked":["hubris:ReadiedAction","Clothesline"],"picked":"Fire Breathing","floor":6},{"not_picked":["Bloodletting","Ghostly Armor"],"picked":"Immolate","floor":8},{"not_picked":["Rampage","Havoc","Warcry"],"picked":"SKIP","floor":10},{"not_picked":["Headbutt","Seeing Red","Iron Wave"],"picked":"SKIP","floor":11},{"not_picked":["Rage","Rupture","Power Through"],"picked":"SKIP","floor":13},{"not_picked":["Reckless Charge","Havoc","Clash"],"picked":"SKIP","floor":14},{"not_picked":["Double Tap","Limit Break"],"picked":"Fiend Fire","floor":16},{"not_picked":["Second Wind","Perfected Strike+1","Pommel Strike"],"picked":"SKIP","floor":18}],"player_experience":739127,"relics_obtained":[{"floor":6,"key":"Potion Belt"},{"floor":9,"key":"aspiration:Lifesprig"},{"floor":11,"key":"Regal Pillow"}],"event_choices":[{"cards_removed":["Strike_R"],"damage_healed":0,"gold_gain":0,"player_choice":"Card Removal","damage_taken":7,"max_hp_gain":0,"max_hp_loss":0,"event_name":"Golden Wing","floor":7,"gold_loss":0}],"is_beta":true,"boss_relics":[{"not_picked":["hubris:HollowSoul","aspiration:RunicSpoon"],"picked":"SacredBark"}],"items_purged_floors":[],"is_endless":false,"potions_floor_spawned":[4,8,10,11,18],"killed_by":"3 Byrds","ascension_level":20}}