{"host":"qwttrqaysb380yri","time":1608980242,"event":{"mods":["BaseMod","Custom Start","Minty Spire (QoL Compilation)","Permanent Neow","Puzzle Mod","Relic Stats","StSLib","The Cursed","The Hierophant"],"gold_per_floor":[110,110,148,71,118,118,182,242,322,432,432,462,462,576,576,528,528],"floor_reached":16,"playtime":419,"items_purged":[],"score":179,"play_id":"becd4931-189b-4c10-979b-8d44c8cff8ef","local_time":"20201226115722","is_ascension_mode":true,"campfire_choices":[{"data":"hierophant:SecretStash","floor":6,"key":"SMITH"},{"floor":11,"key":"REST"},{"data":"hierophant:Purify","floor":13,"key":"SMITH"},{"data":"hierophant:CoinFling","floor":15,"key":"SMITH"}],"circlet_count":0,"master_deck":["AscendersBane","hierophant:Strike_Hierophant","hierophant:Strike_Hierophant","hierophant:Strike_Hierophant+1","hierophant:Strike_Hierophant","hierophant:Punish","hierophant:Defend_Hierophant","hierophant:Defend_Hierophant+1","hierophant:Defend_Hierophant","hierophant:Defend_Hierophant","hierophant:ChurchCoffers+1","hierophant:SecretStash+1","hierophant:Upheaval","hierophant:CoinFling","hierophant:Doubloon","hierophant:Doubloon","hierophant:CoinFling+1","hierophant:OrnateBuckler","hierophant:BulkyChest","hierophant:Purify+1","hierophant:ThreeLashes"],"relics":["hierophant:PropheticMaskRelic","Peace Pipe","Mercury Hourglass"],"acts_visited":["Exordium"],"potions_floor_usage":[7,10,16],"damage_taken":[{"damage":0,"enemies":"2 Louse","floor":1,"turns":1},{"damage":0,"enemies":"Small Slimes","floor":3,"turns":3},{"damage":6,"enemies":"Cultist","floor":5,"turns":4},{"damage":28,"enemies":"Gremlin Nob","floor":7,"turns":5},{"damage":0,"enemies":"2 Fungi Beasts","floor":8,"turns":2},{"damage":0,"enemies":"3 Louse","floor":10,"turns":2},{"damage":3,"enemies":"Blue Slaver","floor":14,"turns":3},{"damage":29,"enemies":"Hexaghost","floor":16,"turns":9}],"seed_played":"-5262865775922630488","potions_obtained":[{"floor":1,"key":"Energy Potion"},{"floor":3,"key":"Block Potion"},{"floor":8,"key":"Weak Potion"}],"is_trial":false,"path_per_floor":["M","?","M","$","M","R","E","M","T","M","R","?","R","M","R","B"],"character_chosen":"HIEROPHANT","items_purchased":["hierophant:CoinFling"],"campfire_rested":1,"item_purchase_floors":[4],"current_hp_per_floor":[68,45,45,45,39,39,11,11,11,11,33,33,33,30,30,1,1],"gold":528,"neow_bonus":"UPGRADE_CARD","is_daily":false,"chose_seed":false,"campfire_upgraded":3,"win_rate":0.0,"timestamp":1608980242,"path_taken":["M","?","M","$","M","R","E","M","T","M","R","?","R","M","R","BOSS"],"items_purchased_type":["Card"],"build_version":"2020-12-22","purchased_purges":0,"victory":false,"max_hp_per_floor":[75,75,75,75,75,75,75,75,75,75,75,75,75,75,75,75,75],"relic_stats":{"Peace Pipe":0,"counters":[8,29],"obtain_stats":[{"Peace Pipe":7,"hierophant:PropheticMaskRelic":0,"Mercury Hourglass":9},{"Peace Pipe":4,"hierophant:PropheticMaskRelic":0,"Mercury Hourglass":5},{"Peace Pipe":13,"hierophant:PropheticMaskRelic":0,"Mercury Hourglass":15}],"Mercury Hourglass":[48]},"card_choices":[{"not_picked":["hierophant:Chorus","hierophant:Bribe"],"picked":"hierophant:SecretStash","floor":1},{"not_picked":["hierophant:Sermon","hierophant:Doubloon"],"picked":"hierophant:Upheaval","floor":3},{"not_picked":["hierophant:EyeForCoin","hierophant:RustyCrate"],"picked":"hierophant:CoinFling","floor":5},{"not_picked":["hierophant:PassingBell","hierophant:Flagellation"],"picked":"hierophant:OrnateBuckler","floor":7},{"not_picked":["hierophant:Smite","hierophant:ThreeLashes"],"picked":"hierophant:BulkyChest","floor":8},{"not_picked":["hierophant:FieryStrike","hierophant:Sermon"],"picked":"hierophant:Purify","floor":10},{"not_picked":["hierophant:PassingBell","hierophant:RecallFunds"],"picked":"hierophant:ThreeLashes","floor":14}],"player_experience":1947158,"relics_obtained":[{"floor":7,"key":"Peace Pipe"},{"floor":9,"key":"Mercury Hourglass"}],"event_choices":[{"damage_healed":0,"gold_gain":0,"player_choice":"Entered Light","damage_taken":23,"max_hp_gain":0,"max_hp_loss":0,"event_name":"Shining Light","floor":2,"gold_loss":0,"cards_upgraded":["hierophant:Defend_Hierophant","hierophant:Strike_Hierophant"]},{"damage_healed":0,"gold_gain":30,"player_choice":"Searched \u00271\u0027 times","damage_taken":0,"max_hp_gain":0,"max_hp_loss":0,"event_name":"Dead Adventurer","floor":12,"gold_loss":0}],"is_beta":false,"boss_relics":[],"items_purged_floors":[],"is_endless":false,"potions_floor_spawned":[1,3,8],"killed_by":"Hexaghost","ascension_level":15}}