{"host":"laykapv5pfbbz1sn","time":1608990758,"event":{"mods":["AchievementEnabler","BaseMod","Colored Map","Colored Powertips","DeckTracker","Minty Spire (QoL Compilation)","Relic Sorter"],"gold_per_floor":[215,16,32,32,32,60,76,116,141,141,166,166,166,166,166,275,302,318,233,273,294,244,283,303,303,375,26,43,43,65,65,65],"floor_reached":31,"playtime":1880,"items_purged":["Strike_R","Strike_R"],"score":313,"play_id":"acd88fa1-9d54-4e4e-91bb-8b163bca3f5c","local_time":"20201226145238","is_ascension_mode":false,"campfire_choices":[{"data":"Shockwave","floor":13,"key":"SMITH"},{"floor":15,"key":"REST"},{"data":"Double Tap","floor":25,"key":"SMITH"}],"circlet_count":0,"master_deck":["Strike_R+1","Defend_R+1","Defend_R+1","Bash","Clash","Inflame+1","Carnage","Shrug It Off","Pommel Strike","Uppercut+1","Cleave","Shockwave+1","Double Tap+1","Second Wind+1","Juggernaut+1","Uppercut+1","Cleave","Hemokinesis","Sever Soul+1","Cleave+1","Metallicize"],"relics":["Burning Blood","Akabeko","CeramicFish","Smiling Mask","War Paint","Astrolabe","Self Forming Clay","Red Mask","Bag of Preparation","Bottled Flame","Gambling Chip"],"acts_visited":["Exordium","TheCity"],"potions_floor_usage":[8,8,20,23,30,31],"damage_taken":[{"damage":2,"enemies":"2 Louse","floor":1,"turns":2},{"damage":13,"enemies":"Jaw Worm","floor":3,"turns":3},{"damage":30,"enemies":"Gremlin Nob","floor":6,"turns":5},{"damage":0,"enemies":"Cultist","floor":7,"turns":2},{"damage":18,"enemies":"3 Sentries","floor":8,"turns":4},{"damage":0,"enemies":"Exordium Wildlife","floor":11,"turns":1},{"damage":0,"enemies":"Slime Boss","floor":16,"turns":6},{"damage":3,"enemies":"Spheric Guardian","floor":18,"turns":3},{"damage":16,"enemies":"Masked Bandits","floor":20,"turns":4},{"damage":6,"enemies":"Chosen","floor":21,"turns":3},{"damage":46,"enemies":"Gremlin Leader","floor":23,"turns":6},{"damage":11,"enemies":"3 Cultists","floor":24,"turns":5},{"damage":2,"enemies":"Snecko","floor":28,"turns":3},{"damage":18,"enemies":"Centurion and Healer","floor":30,"turns":3},{"damage":21,"enemies":"Slavers","floor":31,"turns":2}],"seed_played":"2427910813287191865","potions_obtained":[{"floor":3,"key":"SteroidPotion"},{"floor":5,"key":"BlessingOfTheForge"},{"floor":5,"key":"ElixirPotion"},{"floor":8,"key":"SpeedPotion"},{"floor":21,"key":"DistilledChaos"},{"floor":23,"key":"LiquidBronze"},{"floor":28,"key":"SmokeBomb"}],"is_trial":false,"path_per_floor":["M","$","M","?","?","E","M","E","T","?","M","?","R","?","R","B",null,"M","?","?","M","$","E","M","R","T","$","M","$","M","E"],"character_chosen":"IRONCLAD","items_purchased":["Inflame","Carnage","Shrug It Off","Gambling Chip"],"campfire_rested":1,"item_purchase_floors":[2,2,2,27],"current_hp_per_floor":[80,80,73,66,66,42,48,36,36,29,35,19,19,19,43,49,80,80,80,70,70,70,30,25,25,25,25,29,29,17,0,0],"gold":65,"neow_bonus":"HUNDRED_GOLD","is_daily":false,"chose_seed":false,"campfire_upgraded":2,"win_rate":0.0,"timestamp":1608990758,"path_taken":["M","$","M","?","?","E","?","E","T","?","M","?","R","?","R","BOSS","M","?","?","M","?","E","?","R","T","$","M","?","M","E"],"items_purchased_type":["Card","Card","Card","Relic"],"build_version":"2020-12-22","purchased_purges":2,"victory":false,"max_hp_per_floor":[80,80,80,80,80,80,80,80,80,80,80,80,80,80,80,80,80,80,80,80,80,80,80,80,80,80,80,80,80,80,80,80],"card_choices":[{"not_picked":["Iron Wave","Heavy Blade"],"picked":"Clash","floor":1},{"not_picked":["Havoc","Entrench"],"picked":"Pommel Strike","floor":3},{"not_picked":["Seeing Red","Thunderclap"],"picked":"Uppercut","floor":6},{"not_picked":["Pummel","Wild Strike","True Grit"],"picked":"SKIP","floor":7},{"not_picked":["Armaments","Burning Pact"],"picked":"Cleave","floor":8},{"not_picked":["Infernal Blade","Combust"],"picked":"Shockwave","floor":11},{"not_picked":["Barricade","Impervious"],"picked":"Double Tap","floor":16},{"not_picked":["Body Slam","Headbutt","Anger+1"],"picked":"SKIP","floor":18},{"not_picked":["Pommel Strike","Wild Strike"],"picked":"Cleave","floor":20},{"not_picked":["Twin Strike+1","Pommel Strike+1"],"picked":"Hemokinesis","floor":21},{"not_picked":["Battle Trance","Wild Strike"],"picked":"Sever Soul+1","floor":23},{"not_picked":["Anger","Battle Trance"],"picked":"Cleave+1","floor":24},{"not_picked":["Wild Strike+1","Sword Boomerang","Carnage"],"picked":"SKIP","floor":28},{"not_picked":["Clothesline","Immolate"],"picked":"Metallicize","floor":30}],"player_experience":352119,"relics_obtained":[{"floor":6,"key":"Akabeko"},{"floor":8,"key":"CeramicFish"},{"floor":9,"key":"Smiling Mask"},{"floor":20,"key":"Red Mask"},{"floor":23,"key":"Bag of Preparation"},{"floor":26,"key":"Bottled Flame"}],"event_choices":[{"cards_removed":["Defend_R"],"damage_healed":0,"gold_gain":0,"player_choice":"Card Removal","damage_taken":7,"max_hp_gain":0,"max_hp_loss":0,"event_name":"Golden Wing","floor":4,"gold_loss":0},{"damage_healed":0,"gold_gain":0,"player_choice":"Got Potions","damage_taken":0,"max_hp_gain":0,"max_hp_loss":0,"event_name":"Lab","floor":5,"gold_loss":0},{"damage_healed":0,"gold_gain":0,"player_choice":"Success","damage_taken":7,"relics_obtained":["War Paint"],"max_hp_gain":0,"max_hp_loss":0,"event_name":"Scrap Ooze","floor":10,"gold_loss":0},{"damage_healed":0,"gold_gain":0,"player_choice":"Entered Light","damage_taken":16,"max_hp_gain":0,"max_hp_loss":0,"event_name":"Shining Light","floor":12,"gold_loss":0,"cards_upgraded":["Strike_R","Uppercut"]},{"damage_healed":0,"gold_gain":0,"player_choice":"Grow","damage_taken":0,"max_hp_gain":0,"max_hp_loss":0,"event_name":"Living Wall","floor":14,"gold_loss":0,"cards_upgraded":["Inflame"]},{"damage_healed":0,"gold_gain":0,"player_choice":"Obtained Relic","damage_taken":0,"relics_obtained":["Self Forming Clay"],"max_hp_gain":0,"max_hp_loss":0,"event_name":"Addict","floor":19,"gold_loss":85},{"damage_healed":0,"gold_gain":0,"player_choice":"Fought Bandits","damage_taken":0,"max_hp_gain":0,"max_hp_loss":0,"event_name":"Masked Bandits","floor":20,"gold_loss":0}],"is_beta":false,"boss_relics":[{"not_picked":["Pandora\u0027s Box","Velvet Choker"],"picked":"Astrolabe"}],"items_purged_floors":[22,27],"is_endless":false,"potions_floor_spawned":[3,6,8,21,23,28],"killed_by":"Slavers","ascension_level":0}}