{"host":"63rwe7p34ct1i0qu","time":1608987028,"event":{"mods":["BaseMod","Colored Map","DeckTracker","Minty Spire (QoL Compilation)","Permanent Neow","Quick Restart","StSLib"],"gold_per_floor":[112,287,302,302,227,227,261,261,261,272,272,286,386,198,198,295,295,308,323,323,338,338,338,349,365,365,378,378,378],"floor_reached":28,"playtime":1165,"items_purged":["Doubt"],"score":352,"play_id":"ae64e3dd-4ff5-405d-875b-70fae4e1f69e","local_time":"20201226215028","is_ascension_mode":true,"campfire_choices":[{"data":"Bash","floor":6,"key":"SMITH"},{"data":"Offering","floor":8,"key":"SMITH"},{"data":"Exhume","floor":11,"key":"SMITH"},{"floor":15,"key":"REST"},{"data":"Dual Wield","floor":23,"key":"SMITH"}],"circlet_count":0,"master_deck":["AscendersBane","Strike_R","Strike_R","Strike_R","Strike_R+1","Defend_R","Defend_R","Defend_R","Defend_R","Bash+1","Offering+1","Body Slam+1","Exhume+1","Shrug It Off","Purity","Cleave","Anger","Exhume","Entrench","Dual Wield+1","Shrug It Off","Headbutt"],"relics":["Burning Blood","Bag of Preparation","HornCleat","Coffee Dripper","Art of War"],"acts_visited":["Exordium","TheCity"],"potions_floor_usage":[16,16,27],"damage_taken":[{"damage":8,"enemies":"2 Louse","floor":1,"turns":4},{"damage":7,"enemies":"Small Slimes","floor":3,"turns":5},{"damage":29,"enemies":"Gremlin Nob","floor":7,"turns":4},{"damage":0,"enemies":"Cultist","floor":10,"turns":3},{"damage":7,"enemies":"2 Fungi Beasts","floor":12,"turns":3},{"damage":20,"enemies":"Hexaghost","floor":16,"turns":7},{"damage":12,"enemies":"Spheric Guardian","floor":18,"turns":3},{"damage":16,"enemies":"2 Thieves","floor":19,"turns":2},{"damage":21,"enemies":"Snecko","floor":21,"turns":4},{"damage":30,"enemies":"Shelled Parasite and Fungi","floor":24,"turns":2},{"damage":12,"enemies":"Chosen and Byrds","floor":25,"turns":3},{"damage":6,"enemies":"3 Cultists","floor":27,"turns":4},{"damage":31,"enemies":"Snake Plant","floor":28,"turns":2}],"seed_played":"-989899769833362276","potions_obtained":[{"floor":7,"key":"AttackPotion"},{"floor":12,"key":"Dexterity Potion"},{"floor":21,"key":"FairyPotion"},{"floor":25,"key":"PowerPotion"},{"floor":27,"key":"DuplicationPotion"}],"is_trial":false,"path_per_floor":["M","?","M","?","$","R","E","R","T","M","R","M","?","$","R","B",null,"M","M","?","M","?","R","M","M","T","M","M"],"character_chosen":"IRONCLAD","items_purchased":["Purity","Cleave","Anger"],"campfire_rested":1,"item_purchase_floors":[14,14,14],"current_hp_per_floor":[70,70,69,53,53,53,30,30,30,36,36,35,35,35,59,45,71,65,55,55,40,40,40,16,10,10,10,4,4],"gold":378,"neow_bonus":"ONE_RANDOM_RARE_CARD","is_daily":false,"chose_seed":false,"campfire_upgraded":4,"win_rate":0.0,"timestamp":1608987028,"path_taken":["M","?","M","?","$","R","E","R","T","M","R","M","?","$","R","BOSS","M","?","?","M","?","R","M","M","T","?","M"],"items_purchased_type":["Card","Card","Card"],"build_version":"2020-12-22","purchased_purges":1,"victory":false,"max_hp_per_floor":[80,80,80,80,80,80,80,80,80,80,80,80,80,80,80,80,80,80,80,80,80,80,80,80,80,80,80,80,80],"card_choices":[{"not_picked":["Cleave","Headbutt"],"picked":"Body Slam","floor":1},{"not_picked":["Sword Boomerang","Iron Wave","Twin Strike"],"picked":"SKIP","floor":3},{"not_picked":["Havoc","Flex","Warcry"],"picked":"SKIP","floor":7},{"not_picked":["Perfected Strike","Armaments"],"picked":"Exhume","floor":10},{"not_picked":["Clash","Whirlwind"],"picked":"Shrug It Off","floor":12},{"not_picked":["Bludgeon","Reaper"],"picked":"Exhume","floor":16},{"not_picked":["Cleave","Disarm"],"picked":"Entrench","floor":18},{"not_picked":["Entrench","Disarm"],"picked":"Dual Wield","floor":19},{"not_picked":["Heavy Blade","Havoc"],"picked":"Shrug It Off","floor":21},{"not_picked":["Clothesline","Feel No Pain","Heavy Blade"],"picked":"SKIP","floor":24},{"not_picked":["Inflame","Cleave"],"picked":"Headbutt","floor":25},{"not_picked":["Sever Soul","Clash+1","Headbutt"],"picked":"SKIP","floor":27}],"player_experience":819560,"relics_obtained":[{"floor":7,"key":"Bag of Preparation"},{"floor":9,"key":"HornCleat"},{"floor":26,"key":"Art of War"}],"event_choices":[{"damage_healed":0,"gold_gain":175,"player_choice":"AGREE","damage_taken":0,"max_hp_gain":0,"max_hp_loss":0,"event_name":"Liars Game","floor":2,"gold_loss":0,"cards_obtained":["Doubt"]},{"damage_healed":0,"gold_gain":0,"player_choice":"Entered Light","damage_taken":16,"max_hp_gain":0,"max_hp_loss":0,"event_name":"Shining Light","floor":4,"gold_loss":0,"cards_upgraded":["Body Slam","Strike_R"]},{"damage_healed":0,"gold_gain":100,"player_choice":"Pray","damage_taken":0,"max_hp_gain":0,"max_hp_loss":0,"event_name":"Golden Shrine","floor":13,"gold_loss":0},{"damage_healed":0,"gold_gain":0,"player_choice":"Ignored","damage_taken":0,"max_hp_gain":0,"max_hp_loss":0,"event_name":"Vampires","floor":20,"gold_loss":0},{"cards_removed":["Strike_R"],"damage_healed":0,"gold_gain":0,"player_choice":"Purged","damage_taken":0,"max_hp_gain":0,"max_hp_loss":0,"event_name":"Purifier","floor":22,"gold_loss":0}],"is_beta":false,"boss_relics":[{"not_picked":["Runic Dome","Philosopher\u0027s Stone"],"picked":"Coffee Dripper"}],"items_purged_floors":[5],"is_endless":false,"potions_floor_spawned":[7,12,21,25,27],"killed_by":"Snake Plant","ascension_level":12}}