{"host":"7k2a2omxz3voj5ax","time":1608986906,"event":{"mods":["BaseMod","Marisa£¨ìFÓê¡¡Ä§ÀíÉ³£©","Minty Spire (QoL Compilation)","Quick Restart","Spicy Shops","StSLib","Starting Relic: Pandora\u0027s Box","óô»ðÖ¸ÄÏ"],"gold_per_floor":[15,15,15,39,64,103,103,144,199,199,552,595,595,635,267,366,366,382,302,227,620,641,684,684,684,684],"floor_reached":25,"playtime":1421,"items_purged":["True Grit","Bash","Clash"],"score":540,"play_id":"37b3b63b-ffa3-497e-b384-dd9f3ea56ee3","local_time":"20201226214826","is_ascension_mode":true,"campfire_choices":[{"data":"Body Slam","floor":7.0,"key":"SMITH"},{"data":"Armaments","floor":10.0,"key":"SMITH"}],"circlet_count":0,"master_deck":["AscendersBane","Warcry","True Grit","True Grit","Armaments+1","Shrug It Off","Juggernaut","Power Through","Impervious","Ghostly Armor","Body Slam+1","Whirlwind","Seeing Red+1","Reaper","Limit Break","Evolve","Dark Embrace","Offering"],"relics":["Pandora\u0027s Box","Golden Idol","Dream Catcher","Medical Kit","Paper Frog","FossilizedHelix","Bottled Lightning","Mark of Pain","Chemical X","Oddly Smooth Stone"],"acts_visited":["Exordium","TheCity"],"potions_floor_usage":[],"damage_taken":[{"damage":7.0,"enemies":"Jaw Worm","floor":1.0,"turns":3.0},{"damage":19.0,"enemies":"Small Slimes","floor":4.0,"turns":5.0},{"damage":0.0,"enemies":"2 Louse","floor":5.0,"turns":4.0},{"damage":0.0,"enemies":"Gremlin Nob","floor":6.0,"turns":3.0},{"damage":20.0,"enemies":"3 Sentries","floor":8.0,"turns":10.0},{"damage":10.0,"enemies":"Lagavulin","floor":12.0,"turns":8.0},{"damage":12.0,"enemies":"3 Sentries","floor":14.0,"turns":7.0},{"damage":11.0,"enemies":"The Guardian","floor":16.0,"turns":10.0},{"damage":16,"enemies":"3 Byrds","floor":18,"turns":6},{"damage":11,"enemies":"2 Thieves","floor":19,"turns":4},{"damage":0,"enemies":"Chosen and Byrds","floor":22,"turns":5},{"damage":27,"enemies":"Slavers","floor":23,"turns":4},{"damage":9,"enemies":"Gremlin Leader","floor":25,"turns":4}],"seed_played":"4835251119597610535","potions_obtained":[{"floor":6.0,"key":"Ancient Potion"},{"floor":8.0,"key":"Fire Potion"},{"floor":14.0,"key":"Swift Potion"}],"is_trial":false,"path_per_floor":["M","?","?","M","M","E","R","E","T","R","$","E","?","E","R","B",null,"M","M","?","$","M","E","?","E"],"character_chosen":"IRONCLAD","items_purchased":["Medical Kit","Seeing Red","Reaper","Bottled Lightning","Chemical X","FearPotion","Dark Embrace","Offering"],"campfire_rested":0,"item_purchase_floors":[11,11,11,15,21,21,21,21],"current_hp_per_floor":[61,61,61,42,42,42,42,22,22,22,22,14,14,14,14,7,53,37,26,26,26,32,5,5,0,0],"gold":684,"neow_bonus":"THREE_RARE_CARDS","is_daily":false,"chose_seed":false,"campfire_upgraded":2,"win_rate":0.0,"timestamp":1608986906,"path_taken":["M","?","?","M","M","E","R","E","T","R","$","E","?","E","R","BOSS","M","?","?","?","M","E","?","E"],"items_purchased_type":["Relic","Card","Card","Relic","Relic","Potion","Card","Card"],"build_version":"2020-12-22","purchased_purges":3,"victory":false,"max_hp_per_floor":[75,75,68,68,68,68,68,68,68,68,68,68,68,68,68,68,68,68,68,68,68,68,68,68,68,68],"card_choices":[{"not_picked":["Demon Form","Feed"],"picked":"Juggernaut","floor":0.0},{"not_picked":["Uppercut","Shrug It Off"],"picked":"Power Through","floor":1.0},{"not_picked":["Iron Wave","Sword Boomerang","Shrug It Off"],"picked":"SKIP","floor":4.0},{"not_picked":["Flex","Spot Weakness"],"picked":"Ghostly Armor","floor":5.0},{"not_picked":["Wild Strike","Entrench"],"picked":"Body Slam","floor":6.0},{"not_picked":["Whirlwind","Infernal Blade","Pommel Strike"],"picked":"SKIP","floor":8.0},{"not_picked":["Infernal Blade","Pommel Strike"],"picked":"Whirlwind","floor":8.0},{"not_picked":["Iron Wave","Perfected Strike","Shockwave"],"picked":"SKIP","floor":12.0},{"not_picked":["Metallicize","Perfected Strike","Juggernaut"],"picked":"SKIP","floor":14.0},{"not_picked":["Fiend Fire","Impervious"],"picked":"Limit Break","floor":16.0},{"not_picked":["Anger","Cleave","Headbutt"],"picked":"SKIP","floor":18},{"not_picked":["Pommel Strike+1","Heavy Blade"],"picked":"Evolve","floor":19},{"not_picked":["Cleave","Bludgeon","Havoc"],"picked":"SKIP","floor":22},{"not_picked":["Armaments","Perfected Strike","Sword Boomerang"],"picked":"SKIP","floor":23}],"player_experience":363044,"relics_obtained":[{"floor":8.0,"key":"Dream Catcher"},{"floor":12.0,"key":"Paper Frog"},{"floor":14.0,"key":"FossilizedHelix"},{"floor":23,"key":"Oddly Smooth Stone"}],"event_choices":[{"damage_healed":0.0,"max_hp_gain":0.0,"max_hp_loss":0.0,"gold_gain":0.0,"cards_transformed":["Blood for Blood"],"event_name":"Living Wall","player_choice":"Change","floor":2.0,"gold_loss":0.0,"damage_taken":0.0,"cards_obtained":["Impervious"]},{"damage_healed":0.0,"max_hp_gain":0.0,"max_hp_loss":7.0,"gold_gain":0.0,"event_name":"Golden Idol","player_choice":"Lose Max HP","floor":3.0,"gold_loss":0.0,"damage_taken":0.0,"relics_obtained":["Golden Idol"]},{"damage_healed":0.0,"max_hp_gain":0.0,"max_hp_loss":0.0,"gold_gain":0.0,"event_name":"Accursed Blacksmith","player_choice":"Forge","floor":13.0,"gold_loss":0.0,"damage_taken":0.0,"cards_upgraded":["Seeing Red"]},{"cards_removed":["Headbutt"],"damage_healed":0,"gold_gain":0,"player_choice":"Gave Gold","damage_taken":0,"max_hp_gain":0,"max_hp_loss":0,"event_name":"Beggar","floor":20,"gold_loss":75},{"damage_healed":0,"gold_gain":0,"player_choice":"Ignored","damage_taken":0,"max_hp_gain":0,"max_hp_loss":0,"event_name":"The Mausoleum","floor":24,"gold_loss":0}],"is_beta":false,"boss_relics":[{"not_picked":["Runic Pyramid","Runic Cube"],"picked":"Mark of Pain"}],"items_purged_floors":[11,15,21],"is_endless":false,"potions_floor_spawned":[6,8,12,14,22],"killed_by":"Gremlin Leader","ascension_level":20}}