{"host":"rpu0b34yn88n8zeb","time":1608979900,"event":{"mods":["Act Like it!","BaseMod","CapriCore","Colored Powertips","Defuse TimeMaze Blight","Gensokyo","Marisa£®ÏF”Í°°ƒß¿Ì…≥£©","Minty Spire (QoL Compilation)","Quick Restart","Reimu£®≤©¿ˆ¡È√Œ£©","Shop Mod","Spicy Shops","StSLib","The Immortal","The Servant 0.9.4","Yakumo Yukari mod","Youmu£®ªÍ∆«—˝√Œ£©"],"gold_per_floor":[112,187,199,199,0,0,41,41,41,75,118,143,166,200,200,331,331,356,391,391,391,405,443,443,443,469,512,66,66,106,125,125,248,248,287,247,107,207,3,41,74,86,98,110,160,208,100,126,126,126,126],"floor_reached":50,"playtime":2032,"items_purged":["Injury"],"score":889,"play_id":"bc2ea50f-c473-45e4-a0f7-2c5e4b5c6942","local_time":"20201226035140","is_ascension_mode":true,"campfire_choices":[{"data":"Eruption","floor":6.0,"key":"SMITH"},{"data":"Vigilance","floor":8.0,"key":"SMITH"},{"data":"BattleHymn","floor":15.0,"key":"SMITH"},{"floor":24.0,"key":"REST"},{"floor":32.0,"key":"REST"},{"data":"Judgement","floor":44.0,"key":"SMITH"},{"floor":49.0,"key":"RECALL"}],"circlet_count":0,"master_deck":["Strike_P","Strike_P","Strike_P","Strike_P","Defend_P","Defend_P","Defend_P","Defend_P","Eruption+1","Vigilance+1","Halt","SignatureMove","JustLucky","FlurryOfBlows","Pray","CutThroughFate","BattleHymn+1","Consecrate","Establishment+1","CrushJoints+1","FollowUp","Crescendo","Judgement+1","BowlingBash","FlurryOfBlows","Devotion+1","FearNoEvil","FlyingSleeves"],"relics":["PureWater","NeowsBlessing","Golden Idol","Toolbox","WingedGreaves","StrikeDummy","Odd Mushroom","Singing Bowl","Darkstone Periapt","VioletLotus","Red Mask","Bottled Flame","White Beast Statue","Art of War","Frozen Egg 2","Bag of Preparation","Black Star","Lee\u0027s Waffle","Unceasing Top","Kunai","Omamori","Ornamental Fan","MawBank","Shuriken","Vajra","Boot","Pear","Lantern","Bag of Marbles"],"acts_visited":["Exordium","TheCity","TheBeyond"],"potions_floor_usage":[50,50,50],"damage_taken":[{"damage":0.0,"enemies":"2 Louse","floor":1.0,"turns":1.0},{"damage":0.0,"enemies":"Jaw Worm","floor":3.0,"turns":1.0},{"damage":0.0,"enemies":"Gremlin Nob","floor":7.0,"turns":1.0},{"damage":5.0,"enemies":"The Mushroom Lair","floor":10.0,"turns":3.0},{"damage":16.0,"enemies":"3 Sentries","floor":11.0,"turns":7.0},{"damage":0.0,"enemies":"Small Slimes","floor":12.0,"turns":2.0},{"damage":0.0,"enemies":"Looter","floor":13.0,"turns":2.0},{"damage":0.0,"enemies":"Lagavulin","floor":14.0,"turns":2.0},{"damage":0.0,"enemies":"Slime Boss","floor":16.0,"turns":4.0},{"damage":0.0,"enemies":"Spheric Guardian","floor":18.0,"turns":3.0},{"damage":33.0,"enemies":"Masked Bandits","floor":19.0,"turns":4.0},{"damage":15.0,"enemies":"Shell Parasite","floor":22.0,"turns":3.0},{"damage":24.0,"enemies":"Book of Stabbing","floor":23.0,"turns":3.0},{"damage":18.0,"enemies":"Slavers","floor":27.0,"turns":2.0},{"damage":6.0,"enemies":"Gremlin Leader","floor":30.0,"turns":7.0},{"damage":16.0,"enemies":"Snake Plant","floor":31.0,"turns":5.0},{"damage":11.0,"enemies":"Automaton","floor":33.0,"turns":4.0},{"damage":0.0,"enemies":"Orb Walker","floor":35.0,"turns":1.0},{"damage":21.0,"enemies":"Reptomancer","floor":40.0,"turns":5.0},{"damage":10.0,"enemies":"Nemesis","floor":41.0,"turns":5.0},{"damage":0.0,"enemies":"3 Darklings","floor":42.0,"turns":1.0},{"damage":31.0,"enemies":"Reptomancer","floor":45.0,"turns":4.0},{"damage":15.0,"enemies":"Giant Head","floor":46.0,"turns":4.0},{"damage":49,"enemies":"Awakened One","floor":50,"turns":6}],"seed_played":"-3921195618884201729","potions_obtained":[{"floor":7.0,"key":"PowerPotion"},{"floor":10.0,"key":"Strength Potion"},{"floor":11.0,"key":"Fruit Juice"},{"floor":12.0,"key":"SteroidPotion"},{"floor":19.0,"key":"DistilledChaos"},{"floor":23.0,"key":"LiquidMemories"},{"floor":27.0,"key":"SkillPotion"},{"floor":30.0,"key":"EssenceOfSteel"},{"floor":31.0,"key":"StancePotion"},{"floor":33.0,"key":"Explosive Potion"},{"floor":35.0,"key":"SkillPotion"},{"floor":40.0,"key":"BlessingOfTheForge"},{"floor":41.0,"key":"Strength Potion"},{"floor":45.0,"key":"Weak Potion"}],"is_trial":false,"path_per_floor":["M","?","M","?","$","R","E","R","T","?","E","M","M","E","R","B",null,"M","?","T","?","M","E","R","?","T","E","$","?","E","M","R","B",null,"M","?","$","?","$","E","E","M","T","R","E","E","$","T","R","B"],"character_chosen":"WATCHER","items_purchased":["Toolbox","JustLucky","Frozen Egg 2","Fruit Juice","SmokeBomb","Lee\u0027s Waffle","BowlingBash","Unceasing Top","FlurryOfBlows","FearNoEvil","FlyingSleeves"],"campfire_rested":2,"item_purchase_floors":[5,5,28,28,28,37,37,39,39,47,47],"current_hp_per_floor":[72,61,61,61,61,61,61,61,61,56,45,45,47,47,47,47,79,79,46,46,46,33,11,35,35,35,19,24,24,20,4,31,20,92,94,94,101,101,101,80,72,72,72,72,43,40,40,40,40,0,0],"gold":126,"neow_bonus":"THREE_ENEMY_KILL","is_daily":false,"chose_seed":false,"campfire_upgraded":4,"win_rate":0.0,"timestamp":1608979900,"path_taken":["M","?","M","?","$","R","E","R","T","?","E","M","M","E","R","BOSS","M","?","?","?","?","E","R","?","T","E","$","?","E","M","R","BOSS","M","?","?","?","$","E","E","?","T","R","E","E","$","?","R","BOSS"],"items_purchased_type":["Relic","Card","Relic","Potion","Potion","Relic","Card","Relic","Card","Card","Card"],"build_version":"2020-12-22","purchased_purges":1,"victory":false,"max_hp_per_floor":[72,72,72,72,72,72,72,72,72,72,77,77,79,79,79,79,79,79,79,79,79,81,83,83,83,83,85,90,90,92,92,92,92,92,94,94,101,101,101,101,103,103,103,103,105,117,117,117,117,117,117],"card_choices":[{"not_picked":["Prostrate","JustLucky"],"picked":"Halt","floor":1.0},{"not_picked":["Evaluate","LikeWater"],"picked":"SignatureMove","floor":3.0},{"not_picked":["Collect","ClearTheMind"],"picked":"FlurryOfBlows","floor":7.0},{"not_picked":["Evaluate","Collect"],"picked":"Pray","floor":10.0},{"not_picked":["Swivel","Ragnarok"],"picked":"CutThroughFate","floor":11.0},{"not_picked":["ReachHeaven","ThirdEye"],"picked":"BattleHymn","floor":12.0},{"not_picked":["Crescendo","Wallop","Weave"],"picked":"Singing Bowl","floor":13.0},{"not_picked":["Evaluate","CrushJoints"],"picked":"Consecrate","floor":14.0},{"not_picked":["SpiritShield","Wish"],"picked":"Establishment","floor":16.0},{"not_picked":["PathToVictory","JustLucky"],"picked":"CrushJoints+1","floor":18.0},{"not_picked":["Prostrate","WaveOfTheHand"],"picked":"FollowUp","floor":19.0},{"not_picked":["SignatureMove","Sanctity","FollowUp"],"picked":"Singing Bowl","floor":22.0},{"not_picked":["FollowUp","ForeignInfluence","TalkToTheHand"],"picked":"Singing Bowl","floor":23.0},{"not_picked":["Prostrate","FollowUp","WheelKick"],"picked":"Singing Bowl","floor":27.0},{"not_picked":["Halt","SashWhip","Establishment+1"],"picked":"Singing Bowl","floor":30.0},{"not_picked":["FearNoEvil","Wallop"],"picked":"Crescendo","floor":31.0},{"not_picked":["Ragnarok","Wish"],"picked":"Judgement","floor":33.0},{"not_picked":["Collect+1","CrushJoints","Halt"],"picked":"Singing Bowl","floor":35.0},{"not_picked":["ClearTheMind+1","Consecrate"],"picked":"Devotion+1","floor":40.0},{"not_picked":["Halt","MasterReality+1","ClearTheMind+1"],"picked":"Singing Bowl","floor":41.0},{"not_picked":["LikeWater+1","CutThroughFate","Evaluate"],"picked":"Singing Bowl","floor":45.0},{"not_picked":["CrushJoints+1","BattleHymn+1","EmptyBody"],"picked":"Singing Bowl","floor":46.0}],"player_experience":538856,"relics_obtained":[{"floor":7.0,"key":"WingedGreaves"},{"floor":9.0,"key":"StrikeDummy"},{"floor":10.0,"key":"Odd Mushroom"},{"floor":11.0,"key":"Singing Bowl"},{"floor":14.0,"key":"Darkstone Periapt"},{"floor":19.0,"key":"Red Mask"},{"floor":20.0,"key":"Bottled Flame"},{"floor":23.0,"key":"White Beast Statue"},{"floor":27.0,"key":"Art of War"},{"floor":30.0,"key":"Bag of Preparation"},{"floor":40.0,"key":"Kunai"},{"floor":40.0,"key":"Omamori"},{"floor":41.0,"key":"Ornamental Fan"},{"floor":41.0,"key":"MawBank"},{"floor":43.0,"key":"Shuriken"},{"floor":45.0,"key":"Vajra"},{"floor":45.0,"key":"Boot"},{"floor":46.0,"key":"Pear"},{"floor":46.0,"key":"Lantern"},{"floor":48.0,"key":"Bag of Marbles"}],"event_choices":[{"damage_healed":0.0,"max_hp_gain":0.0,"max_hp_loss":0.0,"gold_gain":75.0,"event_name":"World of Goop","player_choice":"Gather Gold","floor":2.0,"gold_loss":0.0,"damage_taken":11.0},{"damage_healed":0.0,"max_hp_gain":0.0,"max_hp_loss":0.0,"gold_gain":0.0,"event_name":"Golden Idol","player_choice":"Take Wound","floor":4.0,"gold_loss":0.0,"damage_taken":0.0,"relics_obtained":["Golden Idol"],"cards_obtained":["Injury"]},{"damage_healed":0.0,"max_hp_gain":0.0,"max_hp_loss":0.0,"gold_gain":0.0,"event_name":"Mushrooms","player_choice":"Fought Mushrooms","floor":10.0,"gold_loss":0.0,"damage_taken":0.0},{"damage_healed":0.0,"max_hp_gain":0.0,"max_hp_loss":0.0,"gold_gain":0.0,"event_name":"Masked Bandits","player_choice":"Fought Bandits","floor":19.0,"gold_loss":0.0,"damage_taken":0.0},{"damage_healed":0.0,"max_hp_gain":0.0,"max_hp_loss":0.0,"gold_gain":0.0,"event_name":"The Woman in Blue","player_choice":"Bought 0 Potions","floor":21.0,"gold_loss":0.0,"damage_taken":0.0},{"damage_healed":0.0,"max_hp_gain":0.0,"max_hp_loss":0.0,"gold_gain":0.0,"event_name":"Ghosts","player_choice":"Ignored","floor":25.0,"gold_loss":0.0,"damage_taken":0.0},{"damage_healed":0.0,"max_hp_gain":0.0,"max_hp_loss":0.0,"gold_gain":0.0,"event_name":"Cursed Tome","player_choice":"Ignored","floor":29.0,"gold_loss":0.0,"damage_taken":0.0},{"damage_healed":0.0,"max_hp_gain":0.0,"max_hp_loss":0.0,"gold_gain":0.0,"event_name":"Designer","player_choice":"Upgrade","floor":36.0,"gold_loss":40.0,"damage_taken":0.0,"cards_upgraded":["Establishment"]},{"damage_healed":0.0,"max_hp_gain":0.0,"max_hp_loss":0.0,"gold_gain":100.0,"event_name":"Golden Shrine","player_choice":"Pray","floor":38.0,"gold_loss":0.0,"damage_taken":0.0}],"is_beta":false,"boss_relics":[{"not_picked":["Busted Crown","Sozu"],"picked":"VioletLotus"},{"not_picked":["Runic Dome","SacredBark"],"picked":"Black Star"}],"items_purged_floors":[5],"is_endless":false,"potions_floor_spawned":[7,10,11,12,19,23,27,30,31,33,35,40,41,42,45,46],"killed_by":"Awakened One","ascension_level":1}}