{"host":"7tkrmasug91pv8cz","time":1608995991,"event":{"mods":["2.2 Compatiblity","Ascension Reborn","BaseMod","CapriCore","DeckTracker","Koishi","Marisa£¨Ùöéë¡¡Øª×âÞÞ£©","Minty Spire (QoL Compilation)","Permanent Neow","StSLib","SuperFastMode","The Alterego","The Immortal"],"gold_per_floor":[124,136,150,150,169,169,204,218,218,218,231,250,287,309,309,430,430,453,466,498,517,517,517,237,299,299,321,344,344,367,398,398,518,518,530,530,343,360,384,384,418,442,470,504,504,504,527,546,546,546,546,546,16,53,53],"floor_reached":56,"playtime":3787,"items_purged":["alterego_mod:BoobPocket","alterego_mod:Jiggle","alterego_mod:BustOut"],"score":1395,"play_id":"c93f3bab-f7cd-42c4-9e60-f00638cdca19","local_time":"20201227001951","is_ascension_mode":true,"campfire_choices":[{"data":"alterego_mod:Punishment","floor":6,"key":"SMITH"},{"data":"1","floor":10,"key":"LIFT"},{"data":"2","floor":15,"key":"LIFT"},{"data":"3","floor":23,"key":"LIFT"},{"data":"alterego_mod:Palingenesis","floor":29,"key":"SMITH"},{"data":"alterego_mod:Palingenesis+1","floor":32,"key":"SMITH"},{"floor":40,"key":"RECALL"},{"data":"alterego_mod:Tantrum","floor":45,"key":"SMITH"},{"data":"alterego_mod:Palingenesis+2","floor":49,"key":"SMITH"},{"data":"alterego_mod:Palingenesis+3","floor":52,"key":"SMITH"}],"circlet_count":0,"master_deck":["alterego_mod:Impale+1","alterego_mod:BigMeatyClaws+1","alterego_mod:BrynhildrsRune+1","alterego_mod:Vow","alterego_mod:DeftHands+1","alterego_mod:Lingerie+1","alterego_mod:MagicResistance","alterego_mod:Bounce","alterego_mod:Clones","alterego_mod:Punishment+1","alterego_mod:Undulate","alterego_mod:Cooking+1","alterego_mod:BreastValley","alterego_mod:MagicResistance","alterego_mod:Swimsuit","alterego_mod:BeGentle","alterego_mod:Swimsuit+1","alterego_mod:Tantrum+1","alterego_mod:Palingenesis+4","alterego_mod:Rip","alterego_mod:Stockings+1","alterego_mod:BustOut+1","alterego_mod:BiFurious+1","alterego_mod:Venus","alterego_mod:MagicResistance+1","alterego_mod:SakuraFive+1","alterego_mod:Rake","alterego_mod:Bloomers","alterego_mod:SakuraFive","alterego_mod:Jiggle","alterego_mod:Jiggle","alterego_mod:Exercise+1","alterego_mod:Stockings+1","alterego_mod:Mirror+1","alterego_mod:TrashNCrash+1","Bandage Up"],"relics":["alterego_mod:MasochisticConstitution","Bronze Scales","Meat on the Bone","Dead Branch","Happy Flower","Girya","Lantern","Calipers","SlaversCollar","Red Mask","alterego_mod:SomeoneToFightFor","Nunchaku","Pen Nib","Vajra","Bottled Tornado","White Beast Statue","Mercury Hourglass","Orichalcum","Turnip","Pandora\u0027s Box","Blood Vial","Torii","Blue Candle","Centennial Puzzle","Whetstone","Smiling Mask","Mango","Sundial","Boot","OrangePellets","Pantograph","Anchor"],"acts_visited":["Exordium","TheCity","TheBeyond","TheEnding"],"potions_floor_usage":[55,55,55,55,55],"damage_taken":[{"damage":0,"enemies":"Cultist","floor":1,"turns":3},{"damage":0,"enemies":"Small Slimes","floor":2,"turns":1},{"damage":16,"enemies":"Jaw Worm","floor":3,"turns":2},{"damage":0,"enemies":"Looter","floor":5,"turns":3},{"damage":14,"enemies":"Gremlin Nob","floor":7,"turns":3},{"damage":11,"enemies":"Exordium Thugs","floor":8,"turns":5},{"damage":4,"enemies":"Blue Slaver","floor":11,"turns":1},{"damage":1,"enemies":"Exordium Wildlife","floor":12,"turns":2},{"damage":26,"enemies":"Lagavulin","floor":13,"turns":5},{"damage":0,"enemies":"2 Fungi Beasts","floor":14,"turns":2},{"damage":9,"enemies":"The Guardian","floor":16,"turns":5},{"damage":13,"enemies":"Shell Parasite","floor":18,"turns":3},{"damage":1,"enemies":"3 Byrds","floor":19,"turns":3},{"damage":6,"enemies":"Masked Bandits","floor":20,"turns":3},{"damage":4,"enemies":"Centurion and Healer","floor":21,"turns":2},{"damage":8,"enemies":"Sentry and Sphere","floor":27,"turns":3},{"damage":0,"enemies":"3 Cultists","floor":28,"turns":2},{"damage":0,"enemies":"Shelled Parasite and Fungi","floor":30,"turns":3},{"damage":11,"enemies":"Gremlin Leader","floor":31,"turns":3},{"damage":4,"enemies":"Collector","floor":33,"turns":2},{"damage":14,"enemies":"Orb Walker","floor":35,"turns":3},{"damage":13,"enemies":"3 Shapes","floor":38,"turns":2},{"damage":11,"enemies":"Jaw Worm Horde","floor":39,"turns":2},{"damage":5,"enemies":"Giant Head","floor":41,"turns":3},{"damage":4,"enemies":"Maw","floor":42,"turns":3},{"damage":4,"enemies":"Reptomancer","floor":44,"turns":1},{"damage":5,"enemies":"Writhing Mass","floor":47,"turns":2},{"damage":4,"enemies":"Transient","floor":48,"turns":4},{"damage":6,"enemies":"Awakened One","floor":50,"turns":4},{"damage":5,"enemies":"Shield and Spear","floor":54,"turns":3},{"damage":41,"enemies":"The Heart","floor":55,"turns":5}],"seed_played":"-5815846898592683679","potions_obtained":[{"floor":1,"key":"AttackPotion"},{"floor":1,"key":"SneckoOil"},{"floor":2,"key":"AttackPotion"},{"floor":3,"key":"Ancient Potion"},{"floor":3,"key":"CultistPotion"},{"floor":19,"key":"EntropicBrew"},{"floor":30,"key":"CultistPotion"}],"is_trial":false,"path_per_floor":["M","M","M","?","M","R","E","M","T","R","M","M","E","M","R","B",null,"M","M","?","M","?","R","$","T","T","M","M","R","M","E","R","B",null,"M","?","$","M","M","R","E","M","T","E","R","?","M","M","R","B",null,"R","$","E","B",null],"character_chosen":"The_Alterego","items_purchased":["Nunchaku","Pen Nib","Blood Vial","Boot","OrangePellets","Pantograph","Bandage Up"],"campfire_rested":0,"item_purchase_floors":[24,24,37,53,53,53,53],"current_hp_per_floor":[75,75,60,60,70,70,63,59,59,59,56,66,51,57,57,62,87,75,81,76,73,73,73,73,73,73,72,78,78,84,80,80,99,99,100,95,95,83,82,82,81,91,91,91,91,91,110,116,116,122,122,122,122,122,96],"gold":53,"neow_bonus":"ONE_RANDOM_RARE_CARD","is_daily":false,"chose_seed":false,"campfire_upgraded":6,"win_rate":0.0,"timestamp":1608995991,"path_taken":["M","M","M","?","M","R","E","M","T","R","M","M","E","M","R","BOSS","M","M","?","M","?","R","$","?","T","M","M","R","M","E","R","BOSS","M","?","$","M","M","R","E","M","T","E","R","?","M","M","R","BOSS","R","$","E","BOSS"],"items_purchased_type":["Relic","Relic","Relic","Relic","Relic","Relic","Card"],"build_version":"2020-12-22","purchased_purges":3,"victory":true,"max_hp_per_floor":[75,75,76,76,76,76,77,78,78,78,79,80,81,81,81,87,87,88,89,90,91,91,91,91,91,91,92,92,92,92,93,93,99,99,100,95,95,96,97,97,98,99,99,100,100,100,115,116,116,122,122,122,122,123,129],"card_choices":[{"not_picked":["alterego_mod:Cooking","alterego_mod:Complex"],"picked":"alterego_mod:DeftHands+1","floor":1},{"not_picked":["alterego_mod:Jiggle","alterego_mod:Clones"],"picked":"alterego_mod:Lingerie+1","floor":2},{"not_picked":["alterego_mod:Cycle+1","alterego_mod:Bloomers"],"picked":"alterego_mod:MagicResistance","floor":3},{"not_picked":["alterego_mod:Maid","alterego_mod:Bounce"],"picked":"alterego_mod:Cooking+1","floor":5},{"not_picked":["alterego_mod:PerceptionDisorder","alterego_mod:GIGAMILK"],"picked":"alterego_mod:BreastValley","floor":7},{"not_picked":["alterego_mod:Maid+1","alterego_mod:PerceptionDisorder"],"picked":"alterego_mod:MagicResistance","floor":7},{"not_picked":["alterego_mod:Punishment","alterego_mod:Bounce"],"picked":"alterego_mod:Swimsuit","floor":8},{"not_picked":["alterego_mod:Cycle","alterego_mod:PerceptionDisorder"],"picked":"alterego_mod:BeGentle","floor":11},{"not_picked":["alterego_mod:Bounce","alterego_mod:Maid+1"],"picked":"alterego_mod:Swimsuit+1","floor":12},{"not_picked":["alterego_mod:BeGentle+1","alterego_mod:Mirror"],"picked":"alterego_mod:Tantrum","floor":13},{"not_picked":["alterego_mod:Clones","alterego_mod:Jiggle+1","alterego_mod:BreastValley+1"],"picked":"SKIP","floor":13},{"not_picked":["alterego_mod:Jiggle","alterego_mod:Collar","alterego_mod:Cooking"],"picked":"SKIP","floor":14},{"not_picked":["alterego_mod:RingBreak","alterego_mod:GIGAMILK"],"picked":"alterego_mod:Palingenesis","floor":16},{"not_picked":["alterego_mod:1TonWallop","alterego_mod:PerceptionDisorder+1","alterego_mod:Undulate"],"picked":"SKIP","floor":18},{"not_picked":["alterego_mod:RidiculouslyBig","alterego_mod:1TonWallop"],"picked":"alterego_mod:Rip","floor":19},{"not_picked":["alterego_mod:Smother+1","alterego_mod:Bloomers"],"picked":"alterego_mod:Stockings+1","floor":20},{"not_picked":["alterego_mod:Collar+1","alterego_mod:Smother+1"],"picked":"alterego_mod:BustOut+1","floor":21},{"not_picked":["alterego_mod:Bunnysuit","alterego_mod:BeGentle"],"picked":"alterego_mod:BiFurious+1","floor":27},{"not_picked":["alterego_mod:SuperDuperMasochism+1","alterego_mod:Complex"],"picked":"alterego_mod:Venus","floor":28},{"not_picked":["alterego_mod:Stockings+1","alterego_mod:Jiggle+1"],"picked":"alterego_mod:MagicResistance+1","floor":30},{"not_picked":["alterego_mod:Weigh","alterego_mod:Undulate"],"picked":"alterego_mod:SakuraFive+1","floor":31},{"not_picked":["alterego_mod:Tantrum","alterego_mod:BrynhildrRomantia"],"picked":"alterego_mod:Rake","floor":33},{"not_picked":["alterego_mod:Complex+1","alterego_mod:BiFurious+1","alterego_mod:Rip+1"],"picked":"SKIP","floor":35},{"not_picked":["alterego_mod:Swimsuit","alterego_mod:Bounce+1","alterego_mod:GachaTicket+1"],"picked":"SKIP","floor":38},{"not_picked":["alterego_mod:Birthday","alterego_mod:Undulate+1"],"picked":"alterego_mod:Mirror+1","floor":39},{"not_picked":["alterego_mod:Table+1","alterego_mod:Rip+1","alterego_mod:Mirror+1"],"picked":"SKIP","floor":41},{"not_picked":["alterego_mod:Jiggle+1","alterego_mod:Alter","alterego_mod:RocketPunch"],"picked":"SKIP","floor":42},{"not_picked":["alterego_mod:Complex+1","alterego_mod:Schoolgirl+1","alterego_mod:PresenceConcealment+1"],"picked":"SKIP","floor":44},{"not_picked":["alterego_mod:SakuraFive+1","alterego_mod:DiscoLights+1"],"picked":"alterego_mod:TrashNCrash+1","floor":47},{"not_picked":["alterego_mod:Maid+1","alterego_mod:DustData","alterego_mod:BiFurious+1"],"picked":"SKIP","floor":48},{"not_picked":["alterego_mod:Santa","alterego_mod:GoddessCore+1","alterego_mod:Rip"],"picked":"SKIP","floor":54}],"player_experience":105809,"relics_obtained":[{"floor":5,"key":"Bronze Scales"},{"floor":7,"key":"Meat on the Bone"},{"floor":8,"key":"Dead Branch"},{"floor":9,"key":"Happy Flower"},{"floor":9,"key":"Girya"},{"floor":13,"key":"Lantern"},{"floor":16,"key":"Calipers"},{"floor":20,"key":"Red Mask"},{"floor":25,"key":"Vajra"},{"floor":26,"key":"Bottled Tornado"},{"floor":26,"key":"White Beast Statue"},{"floor":30,"key":"Mercury Hourglass"},{"floor":31,"key":"Orichalcum"},{"floor":33,"key":"Turnip"},{"floor":39,"key":"Torii"},{"floor":41,"key":"Blue Candle"},{"floor":43,"key":"Centennial Puzzle"},{"floor":43,"key":"Whetstone"},{"floor":44,"key":"Smiling Mask"},{"floor":47,"key":"Mango"},{"floor":48,"key":"Sundial"},{"floor":54,"key":"Anchor"}],"event_choices":[{"damage_healed":0,"gold_gain":0,"player_choice":"Fought Bandits","damage_taken":0,"max_hp_gain":0,"max_hp_loss":0,"event_name":"Masked Bandits","floor":20,"gold_loss":0},{"damage_healed":0,"gold_gain":0,"player_choice":"Choice 2","damage_taken":0,"relics_obtained":["alterego_mod:SomeoneToFightFor"],"max_hp_gain":0,"max_hp_loss":0,"event_name":"Secret Garden","floor":22,"gold_loss":0},{"damage_healed":0,"gold_gain":0,"player_choice":"Max HP","damage_taken":0,"max_hp_gain":0,"max_hp_loss":5,"event_name":"Winding Halls","floor":36,"gold_loss":0},{"damage_healed":0,"gold_gain":0,"player_choice":"Ignored","damage_taken":0,"max_hp_gain":0,"max_hp_loss":0,"event_name":"NoteForYourself","floor":46,"gold_loss":0}],"is_beta":false,"boss_relics":[{"not_picked":["Fusion Hammer","Empty Cage"],"picked":"SlaversCollar"},{"not_picked":["Runic Pyramid","Snecko Eye"],"picked":"Pandora\u0027s Box"}],"items_purged_floors":[24,37,53],"is_endless":false,"potions_floor_spawned":[1,3,12,16,19,21,27,28,30,31,33,35,38,39,41,42,44,47,48,54],"ascension_level":0}}