{"host":"yvb207ks1sg3cxef","time":1608980771,"event":{"mods":["2.2 Compatiblity","BaseMod","Bestiary","Colored Powertips","Minty Spire (QoL Compilation)","Permanent Neow","Quick Restart","Relic Stats","StSLib"],"gold_per_floor":[116,127,127,141,35,35,63,63,63,63,80,114,132,144,144,144,144],"floor_reached":16,"playtime":586,"items_purged":[],"score":207,"play_id":"f841e6e4-c8cf-4c79-9eb1-796ca4144392","local_time":"20201226163611","is_ascension_mode":true,"campfire_choices":[{"floor":6,"key":"REST"},{"floor":10,"key":"REST"},{"floor":15,"key":"REST"}],"circlet_count":0,"master_deck":["AscendersBane","Strike_G","Strike_G","Strike_G","Strike_G+1","Strike_G","Defend_G","Defend_G","Defend_G+1","Defend_G","Defend_G","Survivor","Neutralize","Calculated Gamble","Dagger Throw","Underhanded Strike","Dagger Throw","Caltrops","Bouncing Flask","Backstab","Quick Slash","Noxious Fumes"],"relics":["HoveringKite","StrikeDummy","Kunai","Mercury Hourglass"],"acts_visited":["Exordium"],"potions_floor_usage":[7,12],"damage_taken":[{"damage":16,"enemies":"Jaw Worm","floor":1,"turns":8},{"damage":5,"enemies":"2 Louse","floor":2,"turns":5},{"damage":2,"enemies":"Small Slimes","floor":4,"turns":4},{"damage":12,"enemies":"Lagavulin","floor":7,"turns":6},{"damage":0,"enemies":"Exordium Wildlife","floor":11,"turns":4},{"damage":26,"enemies":"3 Sentries","floor":12,"turns":7},{"damage":0,"enemies":"Gremlin Gang","floor":13,"turns":3},{"damage":2,"enemies":"Large Slime","floor":14,"turns":5},{"damage":24,"enemies":"Slime Boss","floor":16,"turns":3}],"seed_played":"152473328306270650","potions_obtained":[{"floor":1,"key":"PowerPotion"},{"floor":7,"key":"SteroidPotion"},{"floor":13,"key":"Energy Potion"}],"is_trial":false,"path_per_floor":["M","M","?","M","$","R","E","?","T","R","M","E","M","M","R","B"],"character_chosen":"THE_SILENT","items_purchased":["Dagger Throw","Poison Potion"],"campfire_rested":3,"item_purchase_floors":[5,5],"current_hp_per_floor":[43,38,18,16,16,35,23,12,12,31,31,5,5,3,22,0,0],"gold":144,"neow_bonus":"BOSS_RELIC","is_daily":false,"chose_seed":false,"campfire_upgraded":0,"win_rate":0.0,"timestamp":1608980771,"path_taken":["M","M","?","M","$","R","E","?","T","R","M","E","M","M","R","BOSS"],"items_purchased_type":["Card","Potion"],"build_version":"2020-12-22","purchased_purges":0,"victory":false,"max_hp_per_floor":[66,66,66,66,66,66,66,66,66,66,66,66,66,66,66,66,66],"relic_stats":{"counters":[9,45],"HoveringKite":[23],"Kunai":[6],"obtain_stats":[{"HoveringKite":0,"Kunai":8,"StrikeDummy":7,"Ring of the Snake":0,"Mercury Hourglass":12},{"HoveringKite":0,"Kunai":4,"StrikeDummy":4,"Ring of the Snake":0,"Mercury Hourglass":6},{"HoveringKite":0,"Kunai":23,"StrikeDummy":23,"Ring of the Snake":0,"Mercury Hourglass":34}],"Mercury Hourglass":[44]},"card_choices":[{"not_picked":["Finisher","Cloak And Dagger"],"picked":"Calculated Gamble","floor":1},{"not_picked":["Blur","Backstab"],"picked":"Dagger Throw","floor":2},{"not_picked":["Flechettes","Accuracy"],"picked":"Underhanded Strike","floor":4},{"not_picked":["Underhanded Strike","Deflect"],"picked":"Caltrops","floor":7},{"not_picked":["Flying Knee","Dagger Spray"],"picked":"Bouncing Flask","floor":11},{"not_picked":["Poisoned Stab","Setup"],"picked":"Backstab","floor":12},{"not_picked":["Outmaneuver","Blade Dance"],"picked":"Quick Slash","floor":13},{"not_picked":["Wraith Form v2","Acrobatics"],"picked":"Noxious Fumes","floor":14}],"player_experience":211462,"relics_obtained":[{"floor":7,"key":"StrikeDummy"},{"floor":12,"key":"Mercury Hourglass"}],"event_choices":[{"damage_healed":0,"gold_gain":0,"player_choice":"Entered Light","damage_taken":20,"max_hp_gain":0,"max_hp_loss":0,"event_name":"Shining Light","floor":3,"gold_loss":0,"cards_upgraded":["Strike_G","Defend_G"]},{"damage_healed":0,"gold_gain":0,"player_choice":"Success","damage_taken":11,"relics_obtained":["Kunai"],"max_hp_gain":0,"max_hp_loss":0,"event_name":"Scrap Ooze","floor":8,"gold_loss":0}],"is_beta":false,"boss_relics":[],"items_purged_floors":[],"is_endless":false,"potions_floor_spawned":[1,7,11,13],"killed_by":"Slime Boss","ascension_level":17}}