{"host":"od099uxc49ip1k8b","time":1608989550,"event":{"mods":["AchievementEnabler","Act Like it!","BaseMod","Downfall","Friendly Minions","Gensokyo","Hermit","Highlight Path","Koishi","KomeijiMod","Marisa????????","Minty Spire (QoL Compilation)","Quick Restart","Rare Cards Sparkle","Reimu??????","Remilia??????","StSLib","Td1madao Mod","The Administrix","The Alterego","The Animator","The Cursed","The Gatherer","The Servant 0.9.4","The Wild Card","Waifu the Spire","WarShipGirlsR/????R mod","Yohane!","Yuyuko"],"gold_per_floor":[114,129,140,157,176,176,209,209,236,253,268,286,129,205,205,305,305,305,47,7,0,0,0,0,0],"floor_reached":24,"playtime":2909,"items_purged":[],"score":202,"play_id":"3676e8d9-4276-4e2a-b92b-5abbe4b03f16","local_time":"20201226083230","is_ascension_mode":false,"campfire_choices":[{"data":"SenseofElegance","floor":6,"key":"SMITH"},{"floor":8,"key":"REST"},{"floor":15,"key":"REST"},{"data":"SenseofElegance+1","floor":23,"key":"SMITH"}],"circlet_count":0,"master_deck":["Strike_Komeiji+1","Strike_Komeiji","Strike_Komeiji+1","Strike_Komeiji","Defend_Komeiji","Defend_Komeiji","Defend_Komeiji","Defend_Komeiji","Dash_Komeiji","KimairaNoYoku","SenseofElegance+2","NingyouFukuhei+1","KinbakuJin+1","VampireKiss","KinbakuJin+1","DochyakuKami+1","FreezeTouchMe","AbyssNova","YoukiSo+1","SuitokuNoKyoryu","NarrowSpark","NingyouKisou+1","DochyakuKami+1"],"relics":["KomeijisEye","SpellCardsRule","MusicBox","Whetstone","Oddly Smooth Stone","Vajra","Ectoplasm","Membership Card","ZunR:ReiMu"],"acts_visited":["Exordium","TheCity"],"potions_floor_usage":[2,16,16,21,24,24],"damage_taken":[{"damage":0,"enemies":"Cultist","floor":1,"turns":6},{"damage":0,"enemies":"Jaw Worm","floor":2,"turns":7},{"damage":0,"enemies":"Small Slimes","floor":3,"turns":4},{"damage":24,"enemies":"Exordium Thugs","floor":4,"turns":11},{"damage":5,"enemies":"Red Slaver","floor":5,"turns":6},{"damage":12,"enemies":"3 Sentries","floor":7,"turns":7},{"damage":0,"enemies":"Looter","floor":10,"turns":4},{"damage":10,"enemies":"2 Fungi Beasts","floor":11,"turns":4},{"damage":6,"enemies":"Lots of Slimes","floor":12,"turns":2},{"damage":17,"enemies":"Slime Boss","floor":16,"turns":9},{"damage":15,"enemies":"Chosen","floor":18,"turns":5},{"damage":2,"enemies":"2 Thieves","floor":21,"turns":4},{"damage":11,"enemies":"Shelled Parasite and Fungi","floor":22,"turns":6},{"damage":15,"enemies":"Slavers","floor":24,"turns":2}],"seed_played":"5914489835257672375","potions_obtained":[{"floor":1,"key":"AttackPotion"},{"floor":3,"key":"ColorlessPotion"},{"floor":4,"key":"Fire Potion"},{"floor":7,"key":"SkillPotion"},{"floor":16,"key":"Fire Potion"},{"floor":18,"key":"FearPotion"},{"floor":21,"key":"champ:CounterPotion"}],"is_trial":false,"path_per_floor":["M","M","M","M","M","R","E","R","T","M","M","M","$","?","R","B",null,"M","$","?","M","M","R","E"],"character_chosen":"KomeijiSatori","items_purchased":["Vajra","Membership Card","YoukiSo+1","SuitokuNoKyoryu","NarrowSpark"],"campfire_rested":2,"item_purchase_floors":[13,19,19,19,19],"current_hp_per_floor":[55,55,55,37,32,32,26,42,42,51,44,38,38,38,54,38,55,45,45,45,46,45,45,30,30],"gold":0,"neow_bonus":"TEN_PERCENT_HP_BONUS","is_daily":false,"chose_seed":false,"campfire_upgraded":2,"win_rate":0.0,"timestamp":1608989550,"path_taken":["M","M","M","M","M","R","E","R","T","?","M","M","$","?","R","BOSS","M","$","?","M","M","R","E"],"items_purchased_type":["Relic","Relic","Card","Card","Card"],"build_version":"2020-12-22","purchased_purges":0,"victory":false,"max_hp_per_floor":[55,55,55,55,55,55,55,55,55,55,55,55,55,55,55,55,55,55,55,55,55,55,55,55,55],"card_choices":[{"not_picked":["DemonsDinnerFork","NingyouSP+1"],"picked":"KimairaNoYoku","floor":1},{"not_picked":["Agarareta+1","SeekerWire+1"],"picked":"SenseofElegance","floor":2},{"not_picked":["Mishyaguji+1","DemonLordCradle"],"picked":"NingyouFukuhei+1","floor":3},{"not_picked":["NingyouShinki+1","RoshinSou+1"],"picked":"KinbakuJin+1","floor":4},{"not_picked":["OoedoNingyou+1","NingyouShinki+1"],"picked":"VampireKiss","floor":5},{"not_picked":["ShyakuBuku","KouPou+1"],"picked":"KinbakuJin+1","floor":7},{"not_picked":["SenyouGoraku+1","Agarareta+1"],"picked":"DochyakuKami+1","floor":10},{"not_picked":["NingyouSousou+1","HagoromoMizu"],"picked":"FreezeTouchMe","floor":11},{"not_picked":["NingyouMusou+1","NingyouSousou+1","SeishiRoten+1"],"picked":"SKIP","floor":12},{"not_picked":["HisouTensoku","LunaDial"],"picked":"AbyssNova","floor":16},{"not_picked":["Sabishigari+1","TenguNoTaiko","SeekerWire+1"],"picked":"SKIP","floor":18},{"not_picked":["NingyouSousou+1","NingyouFukuhei+1"],"picked":"NingyouKisou+1","floor":21},{"not_picked":["NingyouSousou+1","Agarareta+1"],"picked":"DochyakuKami+1","floor":22}],"player_experience":122582,"relics_obtained":[{"floor":7,"key":"Whetstone"},{"floor":9,"key":"Oddly Smooth Stone"}],"event_choices":[{"damage_healed":0,"gold_gain":76,"player_choice":"Gained Gold","damage_taken":0,"max_hp_gain":0,"max_hp_loss":0,"event_name":"Golden Wing","floor":14,"gold_loss":0},{"damage_healed":0,"gold_gain":0,"player_choice":"Keep O-miki","damage_taken":0,"relics_obtained":["ZunR:ReiMu"],"max_hp_gain":0,"max_hp_loss":0,"event_name":"ZunEvent","floor":20,"gold_loss":40}],"is_beta":false,"boss_relics":[{"not_picked":["Empty Cage","Memoirist"],"picked":"Ectoplasm"}],"items_purged_floors":[],"is_endless":false,"potions_floor_spawned":[1,3,4,7,16,18,21],"killed_by":"Slavers","ascension_level":0}}