{"host":"txisuftzfyypgs93","time":1608983113,"event":{"mods":["Aspiration","BaseMod","Colored Powertips","Downfall","GifTheSpireLib","Hubris","Infinite Spire","Minty Spire (QoL Compilation)","Replay The Spire","Shop Mod","StSLib","The Cursed","The Jungle","vexMod"],"gold_per_floor":[114,9273,9310,9310,8266,8266,8309,8309,8309,8337,8337,8375,8400,8423,8470,8510,8510,8626,8626,8658,7907,7933,7933,7933,7933,7893,7921,7921,7921,7953,7981,7374,7398,7398,7509,7509,7561,6806,6806,6834,6870,6870,6917,5965,5965,4878,4936,4980,4980,4980,4980,5002],"floor_reached":53,"playtime":5050,"items_purged":["TheCursedMod:Defend_TheCursed","TheCursedMod:Strike_TheCursed","TheCursedMod:Defend_TheCursed","TheCursedMod:Strike_TheCursed","TheCursedMod:Strike_TheCursed","TheCursedMod:Strike_TheCursed","TheCursedMod:Defend_TheCursed"],"score":676,"play_id":"b9099df0-4808-4c9b-9a61-a251355d4da9","local_time":"20201226194513","is_ascension_mode":false,"campfire_choices":[{"floor":6.0,"key":"RECALL"},{"data":"TheCursedMod:NeowsMight","floor":17.0,"key":"SMITH"},{"data":"TheCursedMod:VoidForm","floor":25,"key":"SMITH"},{"data":"TheCursedMod:Hemoplague","floor":34,"key":"SMITH"},{"data":"TheCursedMod:HellfireBreathing","floor":42,"key":"SMITH"},{"data":"TheCursedMod:AshesToAshes","floor":51,"key":"SMITH"}],"circlet_count":1,"master_deck":["TheCursedMod:Defend_TheCursed","TheCursedMod:CursedWand","TheCursedMod:CleanUpWorkshop","TheCursedMod:Dregs","Regret","TheCursedMod:LuckyCharm","TheCursedMod:CursedBlade","TheCursedMod:CursedBoomerang","TheCursedMod:Stretching","TheCursedMod:Evocation","TheCursedMod:HellsGateOpen","TheCursedMod:CursedShiv","TheCursedMod:SoulReap","TheCursedMod:CursedStaff","TheCursedMod:RapidMovement","TheCursedMod:HellfireBreathing+1","hubris:Insight","expansioncontent:Corrupt+1","TheCursedMod:CursedRelics+1","TheCursedMod:WearCloak","TheCursedMod:SoulCrush","TheCursedMod:Stretching","TheCursedMod:NeowsMight+1","TheCursedMod:Wield","TheCursedMod:VoidForm+1","TheCursedMod:Stigma+1","TheCursedMod:Grudge","TheCursedMod:Mangle","TheCursedMod:Hemoplague+1","TheCursedMod:HellfireBreathing+1","TheCursedMod:AntiAging+1","TheCursedMod:TroublousMinions","TheCursedMod:AshesToAshes+1","TheCursedMod:StingEye+1","TheCursedMod:HellsGateOpen","TheCursedMod:HellfireBreathing+1","ReplayTheSpireMod:Brewmster","TheCursedMod:SurpriseAttack","Guardian:RefractedBeam+1","Writhe"],"relics":["TheCursedMod:BlackMagic101","Snack Pack","Replay:Bandana","Iron Hammer","Orrery","FaceOfCleric","TheCursedMod:PinkPellets","Circlet","Oddly Smooth Stone","Regal Pillow","Replay:Bronze Core","Replay:Lucky Slots","infinitespire:PuzzleCube","Juzu Bracelet","theJungle:BirthdayCake","Replay:Bottled Flurry","Blue Doll","TheCursedMod:BloodyHarpoon","vexMod:DeviousBotling","Question Card","Orichalcum","Guide Book","aspiration:Lifesprig","Mango","PrismaticShard","Mummified Hand","hubris:ToyBattleship","Anchor","HandDrill","White Beast Statue"],"acts_visited":["TheBeyond"],"potions_floor_usage":[30,31,33,47,47,48,52,52,52,52],"damage_taken":[{"damage":3.0,"enemies":"Small Slimes","floor":1.0,"turns":3.0},{"damage":0.0,"enemies":"Cultist","floor":3.0,"turns":2.0},{"damage":8.0,"enemies":"Lagavulin","floor":7.0,"turns":3.0},{"damage":5.0,"enemies":"Jaw Worm","floor":10.0,"turns":3.0},{"damage":5.0,"enemies":"Lots of Slimes","floor":12.0,"turns":3.0},{"damage":0.0,"enemies":"2 Fungi Beasts","floor":13.0,"turns":2.0},{"damage":0.0,"enemies":"Looter","floor":14.0,"turns":2.0},{"damage":9.0,"enemies":"3 Sentries","floor":15.0,"turns":4.0},{"damage":2.0,"enemies":"Exordium Thugs","floor":16.0,"turns":3.0},{"damage":26.0,"enemies":"Fading Forest","floor":18.0,"turns":11.0},{"damage":22.0,"enemies":"theJungle:Flameango_and_Byrd","floor":20.0,"turns":6.0},{"damage":1,"enemies":"Shell Parasite","floor":22,"turns":2},{"damage":8,"enemies":"theJungle:Lyon","floor":27,"turns":3},{"damage":39,"enemies":"theJungle:2_Snecko_Cultists","floor":30,"turns":4},{"damage":9,"enemies":"theJungle:JungleHuntersEncounter","floor":31,"turns":4},{"damage":13,"enemies":"Snake Plant","floor":33,"turns":2},{"damage":55,"enemies":"theJungle:TotemBoss","floor":35,"turns":8},{"damage":10,"enemies":"3 Darklings","floor":37,"turns":4},{"damage":10,"enemies":"3 Shapes","floor":40,"turns":3},{"damage":26,"enemies":"Writhing Mass","floor":41,"turns":4},{"damage":25,"enemies":"Jaw Worm Horde","floor":43,"turns":3},{"damage":1,"enemies":"Giant Head","floor":47,"turns":4},{"damage":0,"enemies":"3 Darklings","floor":48,"turns":3},{"damage":35,"enemies":"Donu and Deca","floor":52,"turns":5}],"seed_played":"8749996720138410241","potions_obtained":[{"floor":1.0,"key":"infinitespire:BlackPotion"},{"floor":3.0,"key":"BlessingOfTheForge"},{"floor":10.0,"key":"SkillPotion"},{"floor":13.0,"key":"EntropicBrew"},{"floor":18.0,"key":"Regen Potion"},{"floor":30,"key":"Languid Potion"},{"floor":33,"key":"SmokeBomb"},{"floor":37,"key":"Death Potion"},{"floor":48,"key":"champ:CounterPotion"}],"is_trial":false,"path_per_floor":["M","$","M","?","$","R","E","PTL","PTL","M","T","M","M","M","E","M","R","B",null,"M","$","M","?","?","R","?","M","T","?","M","M","$","M","R","B",null,"M","$","?","M","M","R","M","$","T","$","E","M","?","?","R","B",null],"character_chosen":"THE_CURSED","items_purchased":["TheCursedMod:CursedBlade","TheCursedMod:CursedBoomerang","TheCursedMod:Stretching","Replay:Bandana","Iron Hammer","Orrery","TheCursedMod:PinkPellets","hubris:MobiusCoin","Oddly Smooth Stone","TheCursedMod:HellfireBreathing","hubris:Insight","expansioncontent:Corrupt","AttackPotion","SteroidPotion","Replay:Lucky Slots","infinitespire:PuzzleCube","Juzu Bracelet","TheCursedMod:Grudge","GamblersBrew","Blue Doll","TheCursedMod:BloodyHarpoon","SteroidPotion","Question Card","Orichalcum","TheCursedMod:CircleOfCorruption+1","Guide Book","aspiration:Lifesprig","Mango","PrismaticShard","Regen Potion","TheCursedMod:HellsGateOpen","hubris:ToyBattleship","Anchor","HandDrill","TheCursedMod:HellfireBreathing+1","ReplayTheSpireMod:Brewmster","PowerPotion","LiquidMemories","TheCursedMod:SurpriseAttack"],"campfire_rested":0,"item_purchase_floors":[2,2,2,2,2,2,5,5,5,5,5,5,5,5,21,21,21,21,21,32,32,32,38,38,38,38,44,44,44,44,44,46,46,46,46,46,46,46,46],"current_hp_per_floor":[74,74,75,75,75,75,68,68,68,64,64,63,69,70,69,70,70,70,83,66,66,66,66,86,86,86,94,94,96,77,73,73,63,63,104,110,113,113,113,117,95,95,82,96,96,96,117,129,135,135,135,105],"gold":5002,"neow_bonus":"RANDOM_EVENT","is_daily":false,"chose_seed":false,"campfire_upgraded":5,"win_rate":0.0,"timestamp":1608983113,"path_taken":["M","$","M","?","$","R","E","PTL","PTL","?","T","M","M","M","E","M","R","BOSS","M","$","M","?","?","R","?","M","T","?","M","M","$","M","R","BOSS","M","$","?","M","M","R","M","$","T","?","E","M","?","?","R","BOSS"],"items_purchased_type":["Card","Card","Card","Relic","Relic","Relic","Relic","Relic","Relic","Card","Card","Card","Potion","Potion","Relic","Relic","Relic","Card","Potion","Relic","Relic","Potion","Relic","Relic","Card","Relic","Relic","Relic","Relic","Potion","Card","Relic","Relic","Relic","Card","Card","Potion","Potion","Card"],"build_version":"2020-12-22","purchased_purges":7,"victory":true,"max_hp_per_floor":[75,75,75,75,75,75,76,76,76,77,77,78,79,80,81,82,82,83,83,84,84,85,85,105,105,105,106,106,106,107,108,108,109,109,110,110,113,113,113,117,118,118,119,133,133,133,134,135,135,135,135,136],"card_choices":[{"not_picked":["TheCursedMod:RavingStaff","TheCursedMod:CircleOfCorruption"],"picked":"TheCursedMod:LuckyCharm","floor":1.0},{"not_picked":["TheCursedMod:RavingStaff","TheCursedMod:VitalStrike"],"picked":"TheCursedMod:Evocation","floor":2.0},{"not_picked":["TheCursedMod:LuckyCharm","TheCursedMod:CursedMace"],"picked":"TheCursedMod:HellsGateOpen","floor":2.0},{"not_picked":["TheCursedMod:CursedMace","TheCursedMod:CursedBlade"],"picked":"TheCursedMod:CursedShiv","floor":2.0},{"not_picked":["TheCursedMod:HellsGateOpen","TheCursedMod:EmpowerCircles"],"picked":"TheCursedMod:SoulReap","floor":2.0},{"not_picked":["TheCursedMod:SurpriseAttack","TheCursedMod:LuckyCharm"],"picked":"TheCursedMod:CursedStaff","floor":2.0},{"not_picked":["TheCursedMod:CursedShiv","TheCursedMod:SurpriseAttack"],"picked":"TheCursedMod:RapidMovement","floor":3.0},{"not_picked":["TheCursedMod:RapidMovement","TheCursedMod:FleshFromBone"],"picked":"TheCursedMod:CursedRelics","floor":7.0},{"not_picked":["TheCursedMod:HellfireBreathing","TheCursedMod:StingEye"],"picked":"TheCursedMod:WearCloak","floor":10.0},{"not_picked":["TheCursedMod:CursedShiv","TheCursedMod:CursedMace"],"picked":"TheCursedMod:SoulCrush","floor":12.0},{"not_picked":["TheCursedMod:CircleOfCorruption","TheCursedMod:RavingStaff"],"picked":"TheCursedMod:Stretching","floor":13.0},{"not_picked":["TheCursedMod:CursedAmulet","TheCursedMod:SoulCrush","TheCursedMod:Torture"],"picked":"SKIP","floor":14.0},{"not_picked":["TheCursedMod:FleshFromBone","TheCursedMod:Hemoplague"],"picked":"TheCursedMod:NeowsMight","floor":15.0},{"not_picked":["TheCursedMod:WearCloak","TheCursedMod:Stretching"],"picked":"TheCursedMod:Wield","floor":16.0},{"not_picked":["TheCursedMod:Neurasthenia","TheCursedMod:ParallelWorld"],"picked":"TheCursedMod:VoidForm","floor":18.0},{"not_picked":["TheCursedMod:Torture","TheCursedMod:FleshFromBone"],"picked":"TheCursedMod:Stigma+1","floor":20},{"not_picked":["TheCursedMod:Stigma","TheCursedMod:CircleOfCorruption"],"picked":"TheCursedMod:Mangle","floor":22},{"not_picked":["TheCursedMod:SpreadPlague","TheCursedMod:PrepareRite+1","TheCursedMod:CircleOfAmplification"],"picked":"SKIP","floor":27},{"not_picked":["TheCursedMod:LuckyCharm","TheCursedMod:CursedMace","TheCursedMod:SpitefulStrike"],"picked":"SKIP","floor":30},{"not_picked":["TheCursedMod:Stigma","TheCursedMod:Torture"],"picked":"TheCursedMod:Hemoplague","floor":31},{"not_picked":["TheCursedMod:DemonSword","TheCursedMod:SpreadPlague"],"picked":"TheCursedMod:HellfireBreathing+1","floor":33},{"not_picked":["TheCursedMod:ParallelWorld","TheCursedMod:VoidForm"],"picked":"TheCursedMod:AntiAging","floor":35},{"not_picked":["TheCursedMod:ManaBullet+1","TheCursedMod:ReleasedStrength"],"picked":"TheCursedMod:TroublousMinions","floor":37},{"not_picked":["TheCursedMod:SpitefulStrike","TheCursedMod:Obscuration","TheCursedMod:RavingStaff"],"picked":"TheCursedMod:AshesToAshes","floor":40},{"not_picked":["TheCursedMod:CircleOfCorruption+1","TheCursedMod:Obscuration","TheCursedMod:Stretching+1"],"picked":"TheCursedMod:StingEye+1","floor":41},{"not_picked":["TheCursedMod:PrepareRite+1","TheCursedMod:ShockAndAwe","TheCursedMod:TacticalStrike+1","TheCursedMod:CircleOfAmplification+1"],"picked":"SKIP","floor":43},{"not_picked":["TheCursedMod:Stretching","Iron Wave","TheCursedMod:Mangle+1"],"picked":"Guardian:RefractedBeam+1","floor":47},{"not_picked":["Deflect+1","Slimebound:DisruptingSlam+1","Swift Strike+1","TheCursedMod:SoulReap"],"picked":"SKIP","floor":48}],"player_experience":37640,"relics_obtained":[{"floor":7.0,"key":"Regal Pillow"},{"floor":15.0,"key":"vexMod:FocusSash"},{"floor":28,"key":"Replay:Bottled Flurry"},{"floor":45,"key":"Mummified Hand"},{"floor":47,"key":"White Beast Statue"}],"event_choices":[{"damage_healed":0.0,"max_hp_gain":0.0,"max_hp_loss":0.0,"gold_gain":0.0,"event_name":"Big Fish","player_choice":"Box","floor":0.0,"gold_loss":0.0,"damage_taken":0.0,"relics_obtained":["Snack Pack"],"cards_obtained":["Regret"]},{"damage_healed":0.0,"max_hp_gain":0.0,"max_hp_loss":0.0,"gold_gain":0.0,"event_name":"FaceTrader","player_choice":"Trade","floor":4.0,"gold_loss":0.0,"damage_taken":0.0,"relics_obtained":["FaceOfCleric"]},{"damage_healed":0,"gold_gain":0,"player_choice":"Forge","damage_taken":0,"max_hp_gain":0,"max_hp_loss":0,"event_name":"Accursed Blacksmith","floor":23,"gold_loss":0,"cards_upgraded":["TheCursedMod:CursedRelics"]},{"damage_healed":0,"gold_gain":0,"player_choice":"Bought 3 Potions","damage_taken":0,"max_hp_gain":0,"max_hp_loss":0,"event_name":"The Woman in Blue","floor":26,"gold_loss":0},{"cards_removed":["TheCursedMod:CircleOfCorruption"],"damage_healed":5,"gold_gain":0,"player_choice":"Offered Common","damage_taken":0,"max_hp_gain":0,"max_hp_loss":0,"event_name":"Bonfire Elementals","floor":39,"gold_loss":0},{"cards_removed":["TheCursedMod:CircleOfCorruption"],"damage_healed":5,"gold_gain":0,"player_choice":"Offered Special","damage_taken":0,"max_hp_gain":0,"max_hp_loss":0,"event_name":"Bonfire Elementals","floor":39,"gold_loss":0},{"damage_healed":34,"gold_gain":0,"player_choice":"Writhe","damage_taken":0,"max_hp_gain":0,"max_hp_loss":0,"event_name":"Winding Halls","floor":49,"gold_loss":0,"cards_obtained":["Writhe"]}],"is_beta":false,"boss_relics":[{"not_picked":["Circlet","Circlet"],"picked":"Replay:Bronze Core"},{"not_picked":["Painkiller Herb","aspiration:PoetsPen_weak"],"picked":"vexMod:DeviousBotling"}],"items_purged_floors":[2,5,21,32,38,44,46],"is_endless":false,"potions_floor_spawned":[1,3,10,13,14,18,22,30,33,37,43,48],"ascension_level":0}}