{"host":"2qdrd1k0srhz2le1","time":1608974028,"event":{"mods":["ATMod(阿瑾Mod)","Ascension Reborn","BaseMod","Better Vampires","Challenge The Spire","Colored Powertips","Conspire","Lobotomy","LobotomyExtend","Marisa（F雨　魔理沙）","Minty Spire (QoL Compilation)","MostiFishMod","Quick Restart","Relic Stats","Replay The Spire","Robot Space Explorer","SOS（斯巴达之子）","Shop Mod","Spicy Shops","StSLib","TestMod","The Edgeheg","Yakumo Yukari mod","篝火指南"],"gold_per_floor":[195,195,283,283,293,315,315,342,342,342,364,61,81,91,91,149,149,149,159,159,167,167,167,87,102,141,164,175,175,202,18,18,81,81,93,93,93,107,107,127,127,127,127,142,157,169,169,179,179,179,179],"floor_reached":50,"playtime":2625,"items_purged":["Strike_B"],"score":1391,"play_id":"9dc15a44-af7c-4006-8f3a-c59cd345302d","local_time":"20201226171348","is_ascension_mode":true,"campfire_choices":[{"data":"Storm","floor":7.0,"key":"SMITH"},{"data":"MostiFishMod:ReadyAimFire","floor":10.0,"key":"SMITH"},{"data":"AT_StudyProgram","floor":15.0,"key":"SMITH"},{"floor":23.0,"key":"REST"},{"data":"MostiFishMod:Culaccino","floor":32.0,"key":"SMITH"},{"data":"Double Energy","floor":41,"key":"SMITH"},{"floor":49,"key":"RECALL"}],"circlet_count":0,"master_deck":["Strike_B","Strike_B","Defend_B","Defend_B","Defend_B","Defend_B","Zap","Dualcast","AscMod:ascendersbane","AT_FamilyPortrait+1","Ball Lightning+1","Storm+1","Self Repair+1","Force Field","MostiFishMod:ReadyAimFire+1","Capacitor+1","AT_StudyProgram+1","Creative AI+1","MostiFishMod:GatherIntelligence+1","Aggregate+1","AT_EMC2","MostiFishMod:Culaccino+1","Double Energy+1","MostiFishMod:Distribution+1","Consume","Loop","Parasite","Force Field+1"],"relics":["testmod-TestBox","DaveBox","testmod-InjuryResistance","BirthdayGift-Icosahedron","Replay:Wanted Poster","SynthV:TestCard","LetterFromLob","StrikeDummy","Onion Ring","Durian","Pocketwatch","AT_ImmortalShieldbow","AT_BladeRuinedKing","testmod-Hope","Replay:Towering Pillar of Hats","LaetitiaHeart","testmod-LifeArmor","MealTicket","SynthV:C4","TheAbacus","LaetitiaHeart","Moonlight_r","The Courier","Replay:Rubber Ducky","conspire:TopHat","Torii"],"acts_visited":["Exordium","TheCity","TheBeyond"],"potions_floor_usage":[],"damage_taken":[{"damage":8.0,"enemies":"2 Louse","floor":1.0,"turns":2.0},{"damage":3.0,"enemies":"Cultist","floor":3.0,"turns":5.0},{"damage":0.0,"enemies":"Small Slimes","floor":5.0,"turns":1.0},{"damage":0.0,"enemies":"3 Sentries","floor":6.0,"turns":1.0},{"damage":0.0,"enemies":"Lagavulin","floor":8.0,"turns":2.0},{"damage":0.0,"enemies":"Gremlin Nob","floor":11.0,"turns":2.0},{"damage":0.0,"enemies":"Lagavulin","floor":13.0,"turns":1.0},{"damage":0.0,"enemies":"Exordium Wildlife","floor":14.0,"turns":2.0},{"damage":0.0,"enemies":"Fading Forest","floor":16.0,"turns":6.0},{"damage":0.0,"enemies":"Shell Parasite","floor":18.0,"turns":1.0},{"damage":0.0,"enemies":"Shell Parasite","floor":18.0,"turns":1.0},{"damage":0.0,"enemies":"Shell Parasite","floor":18.0,"turns":2.0},{"damage":0.0,"enemies":"Shell Parasite","floor":18.0,"turns":1.0},{"damage":0.0,"enemies":"Shell Parasite","floor":19.0,"turns":1.0},{"damage":0.0,"enemies":"Spheric Guardian","floor":21.0,"turns":1.0},{"damage":0.0,"enemies":"Snake Plant","floor":25.0,"turns":1.0},{"damage":0.0,"enemies":"Book of Stabbing","floor":27.0,"turns":2.0},{"damage":0.0,"enemies":"Cultist and Chosen","floor":28.0,"turns":1.0},{"damage":0.0,"enemies":"Gremlin Leader","floor":30.0,"turns":1.0},{"damage":0.0,"enemies":"Collector","floor":33.0,"turns":2.0},{"damage":0.0,"enemies":"Orb Walker","floor":35.0,"turns":2.0},{"damage":0.0,"enemies":"Orb Walker","floor":36.0,"turns":1.0},{"damage":0.0,"enemies":"Orb Walker","floor":36.0,"turns":1.0},{"damage":0.0,"enemies":"Orb Walker","floor":36.0,"turns":1.0},{"damage":0.0,"enemies":"Orb Walker","floor":36.0,"turns":1.0},{"damage":0.0,"enemies":"3 Shapes","floor":38.0,"turns":1.0},{"damage":0.0,"enemies":"R_Hoarder","floor":40.0,"turns":3.0},{"damage":0,"enemies":"Maw","floor":44,"turns":2},{"damage":0,"enemies":"3 Darklings","floor":45,"turns":1},{"damage":0,"enemies":"Transient","floor":46,"turns":3},{"damage":0,"enemies":"Writhing Mass","floor":48,"turns":2},{"damage":5,"enemies":"Time Eater","floor":50,"turns":2}],"seed_played":"5564514129390237023","potions_obtained":[{"floor":8.0,"key":"Swift Potion"},{"floor":30.0,"key":"SneckoOil"}],"is_trial":false,"path_per_floor":["M","?","M","?","M","E","R","E","T","R","E","$","E","M","R","B",null,"M","M","T","M","$","R","?","M","T","E","M","?","E","$","R","B",null,"M","?","?","M","T","E","R","?","T","M","M","M","T","M","R","B"],"character_chosen":"DEFECT","items_purchased":["AT_BladeRuinedKing","testmod-Hope","TheAbacus"],"campfire_rested":1,"item_purchase_floors":[12,12,31],"current_hp_per_floor":[61,61,62,62,63,69,69,79,79,79,80,80,80,80,80,80,80,24,25,25,26,26,45,45,46,46,63,64,64,73,80,80,80,80,80,1,1,1,1,1,1,1,1,1,1,1,1,1,1,0,0],"gold":179,"neow_bonus":"BOSS_RELIC","is_daily":false,"chose_seed":false,"campfire_upgraded":5,"win_rate":0.0,"timestamp":1608974028,"path_taken":["M","?","?","?","M","E","R","E","T","R","E","$","E","M","R","BOSS","M","M","?","M","$","R","?","M","T","E","M","?","E","?","R","BOSS","M","?","?","?","?","E","R","?","T","M","M","?","?","M","R","BOSS"],"items_purchased_type":["Relic","Relic","Relic"],"build_version":"2020-12-22","purchased_purges":1,"victory":false,"max_hp_per_floor":[75,75,75,75,75,75,75,80,80,80,80,80,80,80,80,80,80,80,80,80,80,80,80,80,80,80,80,80,80,80,80,80,80,80,80,1,1,1,1,1,1,1,1,1,1,1,1,1,1,1,1],"relic_stats":{"TheAbacus":[6],"Torii":0,"counters":[32,56],"MealTicket":7,"obtain_stats":[{"AT_ATBox":0,"DaveBox":0,"Torii":47,"testmod-LifeArmor":20,"BirthdayGift-Icosahedron":0,"SynthV:C4":27,"conspire:TopHat":40,"Replay:Rubber Ducky":39,"Replay:Wanted Poster":0,"testmod-InjuryResistance":0,"TheAbacus":31,"LaetitiaHeart":18,"MealTicket":26,"Cracked Core":0,"testmod-TestBox":0,"Replay:Towering Pillar of Hats":13,"AT_BladeRuinedKing":12,"The Courier":37,"AT_ImmortalShieldbow":11,"Moonlight_r":36,"SynthV:TestCard":1,"testmod-Hope":12,"Onion Ring":6,"LetterFromLob":1,"Durian":8,"StrikeDummy":4,"Pocketwatch":9},{"AT_ATBox":0,"DaveBox":0,"Torii":30,"testmod-LifeArmor":14,"BirthdayGift-Icosahedron":0,"SynthV:C4":17,"conspire:TopHat":27,"Replay:Rubber Ducky":26,"Replay:Wanted Poster":0,"testmod-InjuryResistance":0,"TheAbacus":19,"LaetitiaHeart":9,"MealTicket":16,"Cracked Core":0,"testmod-TestBox":0,"Replay:Towering Pillar of Hats":7,"AT_BladeRuinedKing":6,"The Courier":25,"AT_ImmortalShieldbow":6,"Moonlight_r":22,"SynthV:TestCard":1,"testmod-Hope":6,"Onion Ring":4,"LetterFromLob":1,"Durian":5,"StrikeDummy":2,"Pocketwatch":5},{"AT_ATBox":0,"DaveBox":0,"Torii":52,"testmod-LifeArmor":28,"BirthdayGift-Icosahedron":0,"SynthV:C4":32,"conspire:TopHat":46,"Replay:Rubber Ducky":43,"Replay:Wanted Poster":0,"testmod-InjuryResistance":0,"TheAbacus":34,"LaetitiaHeart":22,"MealTicket":30,"Cracked Core":0,"testmod-TestBox":0,"Replay:Towering Pillar of Hats":14,"AT_BladeRuinedKing":13,"The Courier":42,"AT_ImmortalShieldbow":13,"Moonlight_r":39,"SynthV:TestCard":2,"testmod-Hope":13,"Onion Ring":9,"LetterFromLob":2,"Durian":11,"StrikeDummy":7,"Pocketwatch":11}],"Pocketwatch":[5]},"card_choices":[{"not_picked":["Reinforced Body","Hologram"],"picked":"Ball Lightning","floor":1.0},{"not_picked":["Chill","Panic Button","Gash","Seek"],"picked":"Storm","floor":3.0},{"not_picked":["Coolheaded","BasicCrystalCard","Conserve Battery","AT_RobotInSpace"],"picked":"Self Repair","floor":5.0},{"not_picked":["Gash","Go for the Eyes","Consume","AT_WarpDrive"],"picked":"Force Field","floor":6.0},{"not_picked":["MostiFishMod:PushDownKick","Double Energy","Compile Driver","Loop"],"picked":"MostiFishMod:ReadyAimFire","floor":8.0},{"not_picked":["Rip and Tear","Streamline","Blizzard","Undo","Echo Form"],"picked":"SKIP","floor":11.0},{"not_picked":["Steam","MostiFishMod:FluxCapactior","Chill","MostiFishMod:Prepare"],"picked":"Capacitor","floor":13.0},{"not_picked":["Compile Driver","Rip and Tear","Streamline","Stack"],"picked":"AT_StudyProgram","floor":14.0},{"not_picked":["Multi-Cast","MostiFishMod:Overload","All For One","MostiFishMod:IceShield"],"picked":"Creative AI","floor":16.0},{"not_picked":["Redo","Cold Snap","Barrage","MostiFishMod:PushDownKick"],"picked":"MostiFishMod:GatherIntelligence","floor":19.0},{"not_picked":["Self Repair","Rebound","Redo","Go for the Eyes"],"picked":"Aggregate","floor":21.0},{"not_picked":["Melter","BasicCrystalCard","ReplayTheSpireMod:Reroute Power","Hologram"],"picked":"AT_EMC2","floor":25.0},{"not_picked":["Beam Cell","Self Repair","Sweeping Beam","Hologram"],"picked":"MostiFishMod:Culaccino","floor":27.0},{"not_picked":["Loop","Coolheaded","AT_ThunderBolt","Glacier"],"picked":"Double Energy","floor":28.0},{"not_picked":["Tempest","Barrage","Panic Button","ReplayTheSpireMod:Repulse","Auto Shields"],"picked":"SKIP","floor":30.0},{"not_picked":["Core Surge","MostiFishMod:IceShield","MostiFishMod:InterfaceCompatibility","Fission"],"picked":"MostiFishMod:Distribution","floor":33.0},{"not_picked":["Steam","Beam Cell","BasicCrystalCard","Compile Driver"],"picked":"Coolheaded","floor":35.0},{"not_picked":["Fusion","MostiFishMod:LinkProtocol","Gash","Scrape"],"picked":"Consume","floor":38.0},{"not_picked":["Conserve Battery","ReplayTheSpireMod:System Scan","Cold Snap","MostiFishMod:Hijack"],"picked":"Loop","floor":40.0},{"not_picked":["Streamline","BasicCrystalCard","Rebound+1","Ball Lightning","Steam+1"],"picked":"SKIP","floor":44},{"not_picked":["Redo","Barrage+1","Steam","Rebound+1","Gash"],"picked":"SKIP","floor":45},{"not_picked":["Coolheaded","Steam Power","Fusion","Auto Shields+1","Genetic Algorithm+1"],"picked":"SKIP","floor":46},{"not_picked":["Hologram+1","Compile Driver+1","Steam","Coolheaded"],"picked":"Force Field+1","floor":48}],"player_experience":334447,"relics_obtained":[{"floor":1.0,"key":"SynthV:TestCard"},{"floor":1.0,"key":"LetterFromLob"},{"floor":6.0,"key":"Onion Ring"},{"floor":8.0,"key":"Durian"},{"floor":9.0,"key":"Pocketwatch"},{"floor":11.0,"key":"AT_ImmortalShieldbow"},{"floor":13.0,"key":"Replay:Towering Pillar of Hats"},{"floor":20.0,"key":"testmod-LifeArmor"},{"floor":26.0,"key":"MealTicket"},{"floor":27.0,"key":"SynthV:C4"},{"floor":39.0,"key":"Replay:Rubber Ducky"},{"floor":40.0,"key":"conspire:TopHat"},{"floor":47,"key":"Torii"}],"event_choices":[{"damage_healed":0.0,"max_hp_gain":0.0,"max_hp_loss":0.0,"gold_gain":0.0,"event_name":"Upgrade Shrine","player_choice":"Upgraded","floor":2.0,"gold_loss":0.0,"damage_taken":0.0,"cards_upgraded":["AT_FamilyPortrait"]},{"damage_healed":0.0,"max_hp_gain":0.0,"max_hp_loss":0.0,"gold_gain":0.0,"event_name":"给自己的盒子","player_choice":"Swap Relic","floor":4.0,"relics_lost":["AT_ATBox"],"gold_loss":0.0,"damage_taken":0.0,"relics_obtained":["StrikeDummy"]},{"damage_healed":0.0,"max_hp_gain":0.0,"max_hp_loss":0.0,"gold_gain":0.0,"event_name":"Ghosts","player_choice":"Ignored","floor":29.0,"gold_loss":0.0,"damage_taken":0.0},{"cards_removed":["Coolheaded"],"damage_healed":0.0,"max_hp_gain":0.0,"max_hp_loss":0.0,"gold_gain":0.0,"event_name":"WeMeetAgain","player_choice":"Gave Card","floor":37.0,"gold_loss":0.0,"damage_taken":0.0,"relics_obtained":["The Courier"]},{"damage_healed":0,"gold_gain":0,"player_choice":"Forge","damage_taken":0,"max_hp_gain":0,"max_hp_loss":0,"event_name":"Accursed Blacksmith","floor":42,"gold_loss":0,"cards_upgraded":["MostiFishMod:GatherIntelligence"]}],"is_beta":false,"boss_relics":[{"not_picked":["GraspOfShadows"],"picked":"MetallicRebirth"},{"not_picked":["GraspOfShadows"],"picked":"MetallicRebirth"},{"not_picked":["VoidEssence"],"picked":"MetallicRebirth"},{"not_picked":["VoidEssence"],"picked":"MetallicRebirth"}],"items_purged_floors":[31],"is_endless":false,"potions_floor_spawned":[8,11,14,18,18,18,25,28,30,33,35,36,40,44,46,48],"killed_by":"Time Eater","ascension_level":13}}