{"host":"63yhhrjweyj22b0v","time":1608969758,"event":{"mods":["BaseMod","Minty Spire (QoL Compilation)","Quick Restart"],"gold_per_floor":[118,130,130,130,130,164,177,191,214,225,245,245,46,56,56,56,56],"floor_reached":16,"playtime":386,"items_purged":[],"score":129,"play_id":"ca92037b-3ef9-458f-9954-9e9ecf6bcae7","local_time":"20201226020238","is_ascension_mode":false,"campfire_choices":[{"floor":12,"key":"REST"},{"floor":15,"key":"REST"}],"circlet_count":0,"master_deck":["Strike_P","Strike_P+1","Strike_P+1","Strike_P","Defend_P","Defend_P","Defend_P+1","Defend_P","Eruption","Vigilance","EmptyFist","BowlingBash+1","Prostrate","Worship","ClearTheMind","PathToVictory","Consecrate"],"relics":["PureWater","NeowsBlessing","CultistMask","Oddly Smooth Stone","Whetstone","Potion Belt"],"acts_visited":["Exordium"],"potions_floor_usage":[10,10,11,16],"damage_taken":[{"damage":0,"enemies":"Small Slimes","floor":1,"turns":1},{"damage":0,"enemies":"2 Louse","floor":2,"turns":1},{"damage":0,"enemies":"3 Sentries","floor":6,"turns":1},{"damage":0,"enemies":"Cultist","floor":7,"turns":3},{"damage":21,"enemies":"Red Slaver","floor":8,"turns":4},{"damage":4,"enemies":"Exordium Thugs","floor":10,"turns":2},{"damage":2,"enemies":"Large Slime","floor":11,"turns":4},{"damage":4,"enemies":"Red Slaver","floor":14,"turns":3},{"damage":44,"enemies":"The Guardian","floor":16,"turns":8}],"seed_played":"9030395431333178030","potions_obtained":[{"floor":2,"key":"Dexterity Potion"},{"floor":7,"key":"Explosive Potion"},{"floor":8,"key":"FearPotion"},{"floor":14,"key":"Weak Potion"}],"is_trial":false,"path_per_floor":["M","M","?","?","$","E","M","M","T","M","M","R","$","M","R","B"],"character_chosen":"WATCHER","items_purchased":["Consecrate","Potion Belt"],"campfire_rested":2,"item_purchase_floors":[13,13],"current_hp_per_floor":[72,72,58,58,58,58,58,37,37,33,31,52,52,48,69,25,25],"gold":56,"neow_bonus":"THREE_ENEMY_KILL","is_daily":false,"chose_seed":false,"campfire_upgraded":0,"win_rate":0.0,"timestamp":1608969758,"path_taken":["M","M","?","?","$","E","M","M","T","M","M","R","$","M","R","BOSS"],"items_purchased_type":["Card","Relic"],"build_version":"2020-12-22","purchased_purges":0,"victory":false,"max_hp_per_floor":[72,72,72,72,72,72,72,72,72,72,72,72,72,72,72,72,72],"card_choices":[{"not_picked":["MentalFortress","CutThroughFate"],"picked":"EmptyFist","floor":1},{"not_picked":["Perseverance","SignatureMove"],"picked":"BowlingBash","floor":2},{"not_picked":["SashWhip","CutThroughFate","WreathOfFlame"],"picked":"SKIP","floor":6},{"not_picked":["CutThroughFate","Wallop"],"picked":"Prostrate","floor":7},{"not_picked":["LikeWater","Sanctity"],"picked":"Worship","floor":8},{"not_picked":["EmptyFist","Protect"],"picked":"ClearTheMind","floor":10},{"not_picked":["WaveOfTheHand","JustLucky"],"picked":"PathToVictory","floor":11},{"not_picked":["FlyingSleeves","Weave","CutThroughFate"],"picked":"SKIP","floor":14}],"player_experience":642279,"relics_obtained":[{"floor":6,"key":"Oddly Smooth Stone"},{"floor":9,"key":"Whetstone"}],"event_choices":[{"damage_healed":0,"gold_gain":0,"player_choice":"Entered Light","damage_taken":14,"max_hp_gain":0,"max_hp_loss":0,"event_name":"Shining Light","floor":3,"gold_loss":0,"cards_upgraded":["BowlingBash","Defend_P"]},{"damage_healed":0,"gold_gain":0,"player_choice":"Trade","damage_taken":0,"relics_obtained":["CultistMask"],"max_hp_gain":0,"max_hp_loss":0,"event_name":"FaceTrader","floor":4,"gold_loss":0}],"is_beta":false,"boss_relics":[],"items_purged_floors":[],"is_endless":false,"potions_floor_spawned":[2,7,8,14],"killed_by":"The Guardian","ascension_level":0}}