{"host":"6to8m083wj0ro91z","time":1608983717,"event":{"mods":["BaseMod","Better Third Choice","BetterRewards","CatGirl Mod","ChefMod","Friendly Minions","Hubris","Mad Scientist","Marisa????????","Minty Spire (QoL Compilation)","Shade Mod","Spicy Shops","StSLib","The Blackbeard","The Death Knight","The Dragon Tamer","The Gatherer","The Marked","The Mystic","The Necromancer","The Servant 0.9.4"],"gold_per_floor":[110,110,126,136,151,151,151],"floor_reached":6,"playtime":256,"items_purged":[],"score":38,"play_id":"6819b79a-f049-4785-b693-1b7487718d9c","local_time":"20201226125517","is_ascension_mode":false,"campfire_choices":[],"circlet_count":0,"master_deck":["chefmod:Strike","chefmod:Strike","chefmod:Strike","chefmod:Strike","chefmod:Defend","chefmod:Defend","chefmod:Defend","chefmod:QuickThaw","chefmod:TodaysSpecial","chefmod:Puree","chefmod:FullCourseMeal"],"relics":["chefmod:TrustyPot"],"acts_visited":["Exordium"],"potions_floor_usage":[],"damage_taken":[{"damage":0,"enemies":"Small Slimes","floor":1,"turns":3},{"damage":0,"enemies":"Cultist","floor":3,"turns":4},{"damage":0,"enemies":"2 Louse","floor":4,"turns":2},{"damage":7,"enemies":"Exordium Wildlife","floor":5,"turns":7},{"damage":0,"enemies":"Lagavulin","floor":6,"turns":1}],"seed_played":"3825186093831416574","potions_obtained":[{"floor":4,"key":"SteroidPotion"}],"is_trial":false,"path_per_floor":["M","?","M","M","M","E"],"character_chosen":"THE_CHEF","items_purchased":[],"campfire_rested":0,"item_purchase_floors":[],"current_hp_per_floor":[83,83,83,83,76,76,76],"gold":151,"neow_bonus":"TEN_PERCENT_HP_BONUS","is_daily":false,"chose_seed":false,"campfire_upgraded":0,"win_rate":0.0,"timestamp":1608983717,"path_taken":["M","?","M","M","?","E"],"items_purchased_type":[],"build_version":"2020-12-22","purchased_purges":0,"victory":false,"max_hp_per_floor":[83,83,83,83,83,83,83],"card_choices":[{"not_picked":["chefmod:Gelato","chefmod:AllYouCanEat"],"picked":"chefmod:Puree","floor":1},{"not_picked":["chefmod:ColdSteel","chefmod:Chop","chefmod:SaveForLater"],"picked":"SKIP","floor":3},{"not_picked":["chefmod:FireUp","chefmod:ColdSteel","chefmod:Defrost"],"picked":"SKIP","floor":4},{"not_picked":["chefmod:PotatoGratin","chefmod:Flambe","chefmod:Gelato"],"picked":"SKIP","floor":5}],"player_experience":1041974,"relics_obtained":[],"event_choices":[{"damage_healed":0,"gold_gain":0,"cards_transformed":["chefmod:Strike"],"player_choice":"Transformed","damage_taken":0,"max_hp_gain":0,"max_hp_loss":0,"event_name":"Transmorgrifier","floor":2,"gold_loss":0,"cards_obtained":["chefmod:FullCourseMeal"]}],"is_beta":false,"boss_relics":[],"items_purged_floors":[],"is_endless":false,"potions_floor_spawned":[4],"killed_by":"Lagavulin","ascension_level":0}}