{"host":"709gjpjg43u3i5a8","time":1608972919,"event":{"mods":["BaseMod","Colored Map","Colored Powertips","Downfall","Hermit","Hubris","Infinite Spire","Marisa????????","Minty Spire (QoL Compilation)","Remilia??????","StSLib","Td1madao Mod","The Animator","The Bug Knight","The Cursed","The Disciple","The Hierophant","The Jungle","The Servant 0.9.4"],"gold_per_floor":[114,114,130,61,76,76,110,125,125,125,125,135,152,185,185,280,280,295,295,310,323,337,337,337],"floor_reached":23,"playtime":2078,"items_purged":[],"score":205,"play_id":"6e58e407-9c63-4143-a741-01a8706cda4f","local_time":"20201226015519","is_ascension_mode":false,"campfire_choices":[{"data":"HollowMod:MawleksShell","floor":6,"key":"SMITH"},{"data":"HollowMod:DoubleDash","floor":15,"key":"SMITH"}],"circlet_count":0,"master_deck":["HollowMod:NailStrikeStart","HollowMod:NailStrikeStart","HollowMod:NailStrikeStart","HollowMod:QuickDashStart","HollowMod:QuickDashStart","HollowMod:QuickDashStart","HollowMod:QuickDashStart","HollowMod:FocusHealStart","HollowMod:PogoStrike","HollowMod:DungDefenderAura","HollowMod:CycloneSlash","HollowMod:CloakDash","HollowMod:CloakDash","HollowMod:MawleksShell+1","HollowMod:InfectedCysts","HollowMod:MothsMistake+1","HollowMod:DoubleDash+1","HollowMod:TaintedHusks","HollowMod:SlysStrikes","HollowMod:NewInfectedGuardian","HollowMod:GoodIntentions","HollowMod:PerfectDash+1"],"relics":["HollowMod:VesselMask","Pocketwatch","Bottled Tornado","hubris:MobiusCoin","Black Star","hubris:EvacipatedBox"],"acts_visited":["Exordium","TheCity"],"potions_floor_usage":[14,14,16,20,23],"damage_taken":[{"damage":0,"enemies":"2 Louse","floor":1,"turns":3},{"damage":2,"enemies":"Cultist","floor":3,"turns":5},{"damage":0,"enemies":"Small Slimes","floor":5,"turns":2},{"damage":36,"enemies":"3 Sentries","floor":7,"turns":13},{"damage":9,"enemies":"Gremlin Gang","floor":8,"turns":2},{"damage":9,"enemies":"3 Louse","floor":12,"turns":2},{"damage":1,"enemies":"Exordium Wildlife","floor":13,"turns":3},{"damage":10,"enemies":"Lagavulin","floor":14,"turns":6},{"damage":16,"enemies":"The Guardian","floor":16,"turns":9},{"damage":19,"enemies":"3 Byrds","floor":18,"turns":4},{"damage":30,"enemies":"2 Thieves","floor":20,"turns":4},{"damage":38,"enemies":"Sentry and Sphere","floor":21,"turns":6},{"damage":1,"enemies":"Snecko","floor":22,"turns":7},{"damage":13,"enemies":"Slavers","floor":23,"turns":4}],"seed_played":"94455064882758374","potions_obtained":[{"floor":7,"key":"ColorlessPotion"},{"floor":8,"key":"Dexterity Potion"},{"floor":12,"key":"EssenceOfSteel"},{"floor":16,"key":"FairyPotion"},{"floor":18,"key":"ColorlessPotion"},{"floor":21,"key":"SpeedPotion"}],"is_trial":false,"path_per_floor":["M","?","M","$","M","R","E","M","T","?","?","M","M","E","R","B",null,"M","$","M","M","M","E"],"character_chosen":"THE_BUGKNIGHT","items_purchased":["HollowMod:MawleksShell","hubris:EvacipatedBox"],"campfire_rested":0,"item_purchase_floors":[4,19],"current_hp_per_floor":[75,75,75,75,75,75,49,40,40,40,40,31,30,26,26,10,75,56,37,13,7,12,0,0],"gold":337,"neow_bonus":"THREE_CARDS","is_daily":false,"chose_seed":false,"campfire_upgraded":2,"win_rate":0.0,"timestamp":1608972919,"path_taken":["M","?","?","$","M","R","E","M","T","?","?","M","M","E","R","BOSS","M","?","M","?","M","E"],"items_purchased_type":["Card","Relic"],"build_version":"2020-12-22","purchased_purges":0,"victory":false,"max_hp_per_floor":[75,75,75,75,75,75,75,75,75,75,75,75,75,75,75,75,75,75,75,75,75,75,75,75],"card_choices":[{"not_picked":["HollowMod:BrokenVessel","HollowMod:NewLittleFool"],"picked":"HollowMod:DungDefenderAura","floor":0},{"not_picked":["HollowMod:CrystalDash","HollowMod:BrokenVessel"],"picked":"HollowMod:CycloneSlash","floor":1},{"not_picked":["HollowMod:GreatSlash","HollowMod:SharpenedNail"],"picked":"HollowMod:CloakDash","floor":3},{"not_picked":["HollowMod:CoiledNail","HollowMod:WraithStrike"],"picked":"HollowMod:InfectedCysts","floor":5},{"not_picked":["HollowMod:WraithStrike","HollowMod:QuirrelsAssistance","HollowMod:LifebloodCore"],"picked":"SKIP","floor":7},{"not_picked":["HollowMod:WraithStrike","HollowMod:QuirrelsAssistance","HollowMod:LifebloodCore"],"picked":"SKIP","floor":7},{"not_picked":["HollowMod:DoubleDash","HollowMod:NewJinnsSoul"],"picked":"HollowMod:MothsMistake","floor":8},{"not_picked":["HollowMod:ChannelNail","HollowMod:BlackTendrils"],"picked":"HollowMod:DoubleDash","floor":12},{"not_picked":["HollowMod:PureVessel","HollowMod:SoulSplash"],"picked":"HollowMod:TaintedHusks","floor":13},{"not_picked":["HollowMod:NewJinnsSoul","HollowMod:BlackTendrils"],"picked":"HollowMod:SlysStrikes","floor":14},{"not_picked":["HollowMod:LifebloodCore","HollowMod:MidwifesHunger"],"picked":"HollowMod:NewInfectedGuardian","floor":16},{"not_picked":["HollowMod:SoulStrike+1","HollowMod:DescendingDark"],"picked":"HollowMod:GoodIntentions","floor":18},{"not_picked":["HollowMod:InfectedCysts","HollowMod:ShadowDash","HollowMod:ElderbugsWisdom"],"picked":"SKIP","floor":20},{"not_picked":["HollowMod:AbyssShriek","HollowMod:LifebloodCocoon"],"picked":"HollowMod:PerfectDash+1","floor":21},{"not_picked":["HollowMod:HeavyBlow","HollowMod:AbyssShriek","HollowMod:ShapeofUnn"],"picked":"SKIP","floor":22}],"player_experience":390217,"relics_obtained":[{"floor":7,"key":"Pocketwatch"},{"floor":9,"key":"Bottled Tornado"},{"floor":14,"key":"hubris:MobiusCoin"}],"event_choices":[{"damage_healed":0,"gold_gain":0,"cards_transformed":["HollowMod:NailStrikeStart"],"player_choice":"Transformed","damage_taken":0,"max_hp_gain":0,"max_hp_loss":0,"event_name":"Transmorgrifier","floor":2,"gold_loss":0,"cards_obtained":["HollowMod:CloakDash"]},{"damage_healed":0,"gold_gain":0,"player_choice":"Upgraded","damage_taken":0,"max_hp_gain":0,"max_hp_loss":0,"event_name":"Upgrade Shrine","floor":11,"gold_loss":0,"cards_upgraded":["HollowMod:MothsMistake"]}],"is_beta":false,"boss_relics":[{"not_picked":["Calling Bell","SacredBark"],"picked":"Black Star"}],"items_purged_floors":[],"is_endless":false,"potions_floor_spawned":[7,8,12,16,18,21],"killed_by":"Slavers","ascension_level":0}}