{"host":"baymyijz6sxaqj5s","time":1608982411,"event":{"mods":["AchievementEnabler","BaseMod","Colored Map","Colored Powertips","DeckTracker","KOR Keyword Fix","Keyboard Shortcuts","Minty Spire (QoL Compilation)","Quick Restart","StSLib","SuperFastMode"],"gold_per_floor":[110,185,205,219,219,219,248,248,248,278,278,278,292,304,304,399,399,399,399],"floor_reached":18,"playtime":400,"items_purged":[],"score":187,"play_id":"efdea112-5072-4e73-8bae-bd51418b49ea","local_time":"20201226203331","is_ascension_mode":true,"campfire_choices":[{"data":"Armaments","floor":6,"key":"SMITH"},{"floor":8,"key":"REST"},{"floor":12,"key":"REST"},{"floor":15,"key":"REST"}],"circlet_count":0,"master_deck":["Strike_R","Strike_R","Strike_R","Strike_R","Strike_R","Defend_R","Defend_R","Defend_R","Defend_R","Bash","Heavy Blade","Cleave","Armaments+1","Reckless Charge","Barricade+1"],"relics":["Burning Blood","Frozen Egg 2","Bottled Flame","Question Card","SsserpentHead","SacredBark"],"acts_visited":["Exordium","TheCity"],"potions_floor_usage":[16,16],"damage_taken":[{"damage":3,"enemies":"Small Slimes","floor":1,"turns":3},{"damage":1,"enemies":"Cultist","floor":3,"turns":3},{"damage":8,"enemies":"Jaw Worm","floor":4,"turns":4},{"damage":54,"enemies":"Lagavulin","floor":7,"turns":10},{"damage":29,"enemies":"Gremlin Nob","floor":10,"turns":5},{"damage":15,"enemies":"Large Slime","floor":13,"turns":6},{"damage":8,"enemies":"3 Louse","floor":14,"turns":4},{"damage":76,"enemies":"The Guardian","floor":16,"turns":13},{"damage":95,"enemies":"3 Byrds","floor":18,"turns":7}],"seed_played":"4550413081338443176","potions_obtained":[{"floor":13,"key":"ColorlessPotion"},{"floor":14,"key":"ColorlessPotion"},{"floor":16,"key":"Energy Potion"}],"is_trial":false,"path_per_floor":["M","?","M","M","?","R","E","R","T","E","?","R","M","M","R","B",null,"M"],"character_chosen":"IRONCLAD","items_purchased":[],"campfire_rested":3,"item_purchase_floors":[],"current_hp_per_floor":[88,77,82,80,85,85,37,64,64,41,41,68,59,57,84,14,93,0,0],"gold":399,"neow_bonus":"TEN_PERCENT_HP_BONUS","is_daily":false,"chose_seed":false,"campfire_upgraded":1,"win_rate":0.0,"timestamp":1608982411,"path_taken":["M","?","M","M","?","R","E","R","T","E","?","R","M","M","R","BOSS","M"],"items_purchased_type":[],"build_version":"2020-12-22","purchased_purges":0,"victory":false,"max_hp_per_floor":[88,88,88,88,93,93,93,93,93,93,93,93,93,93,93,93,93,93,93],"card_choices":[{"not_picked":["Wild Strike","Iron Wave"],"picked":"Heavy Blade","floor":1},{"not_picked":["Carnage","Perfected Strike"],"picked":"Cleave","floor":3},{"not_picked":["Feel No Pain","Disarm"],"picked":"Armaments","floor":4},{"not_picked":["Armaments","Perfected Strike","Cleave"],"picked":"SKIP","floor":7},{"not_picked":["Brutality+1","Fire Breathing+1","Clash"],"picked":"SKIP","floor":10},{"not_picked":["Clash","Thunderclap","Wild Strike"],"picked":"Reckless Charge","floor":13},{"not_picked":["Metallicize+1","Clash","Infernal Blade","Rupture+1"],"picked":"SKIP","floor":14},{"not_picked":["Feed","Offering","Exhume"],"picked":"Barricade+1","floor":16}],"player_experience":253882,"relics_obtained":[{"floor":7,"key":"Frozen Egg 2"},{"floor":9,"key":"Bottled Flame"},{"floor":10,"key":"Question Card"}],"event_choices":[{"damage_healed":0,"gold_gain":75,"player_choice":"Gather Gold","damage_taken":11,"max_hp_gain":0,"max_hp_loss":0,"event_name":"World of Goop","floor":2,"gold_loss":0},{"damage_healed":0,"gold_gain":0,"player_choice":"Donut","damage_taken":0,"max_hp_gain":5,"max_hp_loss":0,"event_name":"Big Fish","floor":5,"gold_loss":0},{"damage_healed":0,"gold_gain":0,"player_choice":"Trade","damage_taken":0,"relics_obtained":["SsserpentHead"],"max_hp_gain":0,"max_hp_loss":0,"event_name":"FaceTrader","floor":11,"gold_loss":0}],"is_beta":false,"boss_relics":[{"not_picked":["Snecko Eye","Runic Dome"],"picked":"SacredBark"}],"items_purged_floors":[],"is_endless":false,"potions_floor_spawned":[13,14,16],"killed_by":"3 Byrds","ascension_level":2}}