{"host":"qc1sjgtdjonvdsd8","time":1608974640,"event":{"mods":["BaseMod","Colored Map","Colored Powertips","Curses Come First","Minty Spire (QoL Compilation)","Replay The Spire","StSLib","The Cursed","The Servant 0.9.4"],"gold_per_floor":[114,124,138,138,148,148,161,161,161,178,197,224,81,96,96,195,195,213,213,223,223,236,236,247,264,264,20,33,33,58,74,74,179,179,193,435,448,448,460,460,487,498,521,241,241,165,182,202,202,202,202,202,47,76,76,76],"floor_reached":55,"playtime":6249,"items_purged":["TheCursedMod:Strike_TheCursed","Shame"],"score":802,"play_id":"3ce91aa9-4d5a-4b8d-b54f-00f3f94a7528","local_time":"20201226012400","is_ascension_mode":false,"campfire_choices":[{"data":"TheCursedMod:NeowsMight","floor":6,"key":"SMITH"},{"floor":8,"key":"REST"},{"data":"TheCursedMod:HellsGateOpen","floor":15,"key":"SMITH"},{"data":"TheCursedMod:HellfireBreathing","floor":23,"key":"SMITH"},{"data":"TheCursedMod:HellfireBreathing","floor":29,"key":"SMITH"},{"floor":40,"key":"RECALL"},{"data":"TheCursedMod:HellfireBreathing","floor":49,"key":"SMITH"},{"data":"Secret Weapon","floor":52,"key":"SMITH"}],"circlet_count":0,"master_deck":["TheCursedMod:CursedWand","TheCursedMod:CleanUpWorkshop+1","TheCursedMod:Dregs","TheCursedMod:NeowsMight+1","TheCursedMod:CursedBlade","TheCursedMod:Obscuration+1","TheCursedMod:CursedBlade","TheCursedMod:WearCloak","TheCursedMod:HellsGateOpen+1","TheCursedMod:SmokeScreen","TheCursedMod:AshesToAshes","TheCursedMod:HellfireBreathing+1","TheCursedMod:SpitefulPray","TheCursedMod:SpitefulPlan","TheCursedMod:CursedAmulet","TheCursedMod:SpitefulPray","TheCursedMod:VoidForm","ReplayTheSpireMod:IOU","TheCursedMod:SpitefulPlan","TheCursedMod:SpitefulPray","TheCursedMod:HellfireBreathing+1","TheCursedMod:RapidMovement","TheCursedMod:HellfireBreathing+1","TheCursedMod:TroublousMinions+1","Dark Shackles","TheCursedMod:CursedBlade+1","TheCursedMod:CircleOfCorruption","TheCursedMod:Evocation+1","TheCursedMod:CircleOfFlame+1","TheCursedMod:SmokeScreen+1","TheCursedMod:SpitefulPray","ReplayTheSpireMod:Splinters","TheCursedMod:LuckyCharm","TheCursedMod:NeowsMight+1","TheCursedMod:SoulCrush+1","TheCursedMod:ReleasedKnowledge+1","TheCursedMod:SurpriseAttack+1","Secret Weapon+1","TheCursedMod:HellfireBreathing","TheCursedMod:DemonSword","Parasite","TheCursedMod:SurpriseAttack+1"],"relics":["TheCursedMod:BlackMagic101","Mummified Hand","War Paint","Orrery","Kintsugi","Matryoshka","TheCursedMod:CrystalBall","Astrolabe","Akabeko","ReplayTheSpireMod:TigerMarble","Happy Flower","Onion Ring"],"acts_visited":["Exordium","TheCity","TheBeyond","TheEnding"],"potions_floor_usage":[3,16,22,22,33,39,41,50,50,50,55],"damage_taken":[{"damage":0,"enemies":"Cultist","floor":1,"turns":3},{"damage":2,"enemies":"2 Louse","floor":2,"turns":2},{"damage":0,"enemies":"Jaw Worm","floor":3,"turns":4},{"damage":0,"enemies":"Lots of Slimes","floor":5,"turns":2},{"damage":5,"enemies":"Looter","floor":7,"turns":3},{"damage":0,"enemies":"Red Slaver","floor":10,"turns":3},{"damage":0,"enemies":"Exordium Thugs","floor":11,"turns":3},{"damage":20,"enemies":"Lagavulin","floor":12,"turns":7},{"damage":0,"enemies":"Looter","floor":14,"turns":3},{"damage":12,"enemies":"Fading Forest","floor":16,"turns":11},{"damage":4,"enemies":"Shell Parasite","floor":18,"turns":4},{"damage":2,"enemies":"Chosen","floor":20,"turns":4},{"damage":1,"enemies":"Centurion and Healer","floor":22,"turns":5},{"damage":7,"enemies":"Snake Plant","floor":24,"turns":4},{"damage":1,"enemies":"Snecko","floor":25,"turns":5},{"damage":4,"enemies":"Centurion and Healer","floor":28,"turns":3},{"damage":51,"enemies":"Slavers","floor":30,"turns":4},{"damage":2,"enemies":"Sentry and Sphere","floor":31,"turns":3},{"damage":18,"enemies":"Champ","floor":33,"turns":5},{"damage":0,"enemies":"3 Darklings","floor":35,"turns":2},{"damage":1,"enemies":"3 Shapes","floor":37,"turns":2},{"damage":10,"enemies":"Maw","floor":39,"turns":4},{"damage":14,"enemies":"Reptomancer","floor":41,"turns":4},{"damage":0,"enemies":"Jaw Worm Horde","floor":42,"turns":3},{"damage":0,"enemies":"Transient","floor":47,"turns":5},{"damage":12,"enemies":"Writhing Mass","floor":48,"turns":4},{"damage":23,"enemies":"Awakened One","floor":50,"turns":7},{"damage":33,"enemies":"Shield and Spear","floor":54,"turns":5},{"damage":59,"enemies":"The Heart","floor":55,"turns":5}],"seed_played":"-8280035136711964193","potions_obtained":[{"floor":2,"key":"TheCursedMod:DregsPotion"},{"floor":3,"key":"SteroidPotion"},{"floor":12,"key":"Swift Potion"},{"floor":16,"key":"FearPotion"},{"floor":20,"key":"SkillPotion"},{"floor":22,"key":"Fruit Juice"},{"floor":30,"key":"Strength Potion"},{"floor":36,"key":"ColorlessPotion"},{"floor":39,"key":"Weak Potion"},{"floor":42,"key":"Regen Potion"},{"floor":54,"key":"Dexterity Potion"}],"is_trial":false,"path_per_floor":["M","M","M","?","M","R","M","R","T","M","M","E","$","M","R","B",null,"M","?","M","?","M","R","M","M","T","$","M","R","E","M","R_BF","B",null,"M","?","M","?","M","R","E","M","T","$","?","$","M","M","R","B",null,"R","$","E","B"],"character_chosen":"THE_CURSED","items_purchased":["Orrery","TheCursedMod:TroublousMinions","Dark Shackles","Secret Weapon","TheCursedMod:HellfireBreathing","Happy Flower"],"campfire_rested":1,"item_purchase_floors":[13,27,27,44,46,53],"current_hp_per_floor":[75,73,73,58,58,58,53,75,75,75,75,55,55,55,55,53,75,71,71,69,69,73,73,66,65,65,65,61,61,10,8,32,14,80,80,80,79,79,69,69,55,55,55,55,80,80,80,68,68,59,80,80,80,47,0,0],"gold":76,"neow_bonus":"ONE_RANDOM_RARE_CARD","is_daily":false,"chose_seed":false,"campfire_upgraded":6,"win_rate":0.0,"timestamp":1608974640,"path_taken":["M","M","?","?","M","R","M","R","T","M","M","E","$","M","R","BOSS","M","?","M","?","?","R","M","M","T","?","M","R","E","M","R_BF","BOSS","M","?","M","?","?","R","E","M","T","$","?","?","M","M","R","BOSS","R","$","E","BOSS"],"items_purchased_type":["Relic","Card","Card","Card","Card","Relic"],"build_version":"2020-12-22","purchased_purges":2,"victory":false,"max_hp_per_floor":[75,75,75,75,75,75,75,75,75,75,75,75,75,75,75,75,75,75,75,75,75,80,80,80,80,80,80,80,80,80,80,80,80,80,80,80,80,80,80,80,80,80,80,80,80,80,80,80,80,80,80,80,80,80,80,80],"card_choices":[{"not_picked":["TheCursedMod:VitalStrike","TheCursedMod:CircleOfFocus"],"picked":"TheCursedMod:CursedBlade","floor":1},{"not_picked":["TheCursedMod:FleshFromBone","TheCursedMod:Stigma"],"picked":"TheCursedMod:Obscuration","floor":2},{"not_picked":["TheCursedMod:CursedShiv","TheCursedMod:Stigma"],"picked":"TheCursedMod:CursedBlade","floor":3},{"not_picked":["TheCursedMod:Neurasthenia","TheCursedMod:Grudge"],"picked":"TheCursedMod:WearCloak","floor":5},{"not_picked":["TheCursedMod:WearCloak","TheCursedMod:SmokeScreen"],"picked":"TheCursedMod:CircleOfFlame","floor":7},{"not_picked":["TheCursedMod:Evocation","TheCursedMod:CircleOfCorruption"],"picked":"TheCursedMod:HellsGateOpen","floor":10},{"not_picked":["TheCursedMod:FleshFromBone","TheCursedMod:CircleOfFlame"],"picked":"TheCursedMod:SmokeScreen","floor":11},{"not_picked":["TheCursedMod:Stretching","TheCursedMod:CircleOfFlame"],"picked":"TheCursedMod:ManaBullet","floor":12},{"not_picked":["TheCursedMod:ForbiddenAlchemy","TheCursedMod:ReleasedStrength"],"picked":"TheCursedMod:AshesToAshes","floor":13},{"not_picked":["TheCursedMod:AshesToAshes","TheCursedMod:BlessingInDisguise"],"picked":"TheCursedMod:HellfireBreathing","floor":13},{"not_picked":["TheCursedMod:CursedArmor","TheCursedMod:StingEye"],"picked":"TheCursedMod:SpitefulPray","floor":13},{"not_picked":["TheCursedMod:SpitefulStrike","TheCursedMod:FleshFromBone"],"picked":"TheCursedMod:SpitefulPlan","floor":13},{"not_picked":["TheCursedMod:CursedBoomerang","TheCursedMod:StingEye"],"picked":"TheCursedMod:CursedAmulet","floor":13},{"not_picked":["TheCursedMod:FuryStrike","TheCursedMod:RavingStaff"],"picked":"TheCursedMod:SpitefulPray","floor":14},{"not_picked":["TheCursedMod:CursedRelics","TheCursedMod:ShockAndAwe"],"picked":"TheCursedMod:VoidForm","floor":16},{"not_picked":["TheCursedMod:CursedShiv","TheCursedMod:Stretching"],"picked":"TheCursedMod:SpitefulPlan","floor":18},{"not_picked":["TheCursedMod:RapidMovement","TheCursedMod:CircleOfCorruption"],"picked":"TheCursedMod:HellfireBreathing","floor":20},{"not_picked":["TheCursedMod:CursedBlade","TheCursedMod:ManaBullet"],"picked":"TheCursedMod:RapidMovement","floor":22},{"not_picked":["TheCursedMod:SaltUponWound","TheCursedMod:AntiAging"],"picked":"TheCursedMod:HellfireBreathing","floor":24},{"not_picked":["TheCursedMod:SmokeScreen","TheCursedMod:RapidMovement","TheCursedMod:SpreadPlague"],"picked":"SKIP","floor":25},{"not_picked":["TheCursedMod:SpitefulStrike","TheCursedMod:CircleOfFlame"],"picked":"TheCursedMod:CursedBlade+1","floor":28},{"not_picked":["TheCursedMod:SpitefulStrike","TheCursedMod:Evocation","TheCursedMod:CursedAmulet+1"],"picked":"SKIP","floor":30},{"not_picked":["TheCursedMod:TacticalStrike","TheCursedMod:Stigma+1"],"picked":"TheCursedMod:CircleOfCorruption","floor":31},{"not_picked":["TheCursedMod:CursedShiv+1","TheCursedMod:TacticalStrike"],"picked":"TheCursedMod:SpitefulPray","floor":35},{"not_picked":["TheCursedMod:SpitefulStrike+1","TheCursedMod:SpitefulPlan+1"],"picked":"TheCursedMod:LuckyCharm","floor":37},{"not_picked":["TheCursedMod:SaltUponWound+1","TheCursedMod:CursedAmulet"],"picked":"TheCursedMod:SoulCrush+1","floor":39},{"not_picked":["TheCursedMod:HellfireBreathing+1","TheCursedMod:CircleOfCorruption"],"picked":"TheCursedMod:ReleasedKnowledge+1","floor":41},{"not_picked":["TheCursedMod:CircleOfCorruption+1","TheCursedMod:Obscuration+1"],"picked":"TheCursedMod:SurpriseAttack+1","floor":42},{"not_picked":["TheCursedMod:AbyssShockwave","TheCursedMod:CircleOfWindfury+1"],"picked":"TheCursedMod:DemonSword","floor":47},{"not_picked":["TheCursedMod:CursedAmulet","TheCursedMod:CursedArmor+1","TheCursedMod:HellsGateOpen"],"picked":"SKIP","floor":48},{"not_picked":["TheCursedMod:CircleOfWindfury","TheCursedMod:AbyssShockwave+1"],"picked":"TheCursedMod:SurpriseAttack+1","floor":54}],"player_experience":180310,"relics_obtained":[{"floor":9,"key":"Mummified Hand"},{"floor":12,"key":"War Paint"},{"floor":26,"key":"Matryoshka"},{"floor":30,"key":"TheCursedMod:CrystalBall"},{"floor":41,"key":"Akabeko"},{"floor":43,"key":"ReplayTheSpireMod:TigerMarble"},{"floor":54,"key":"Onion Ring"}],"event_choices":[{"damage_healed":0,"gold_gain":0,"player_choice":"Entered Light","damage_taken":15,"max_hp_gain":0,"max_hp_loss":0,"event_name":"Shining Light","floor":4,"gold_loss":0,"cards_upgraded":["TheCursedMod:Defend_TheCursed","TheCursedMod:Obscuration"]},{"damage_healed":0,"gold_gain":0,"player_choice":"Read","damage_taken":0,"max_hp_gain":0,"max_hp_loss":0,"event_name":"The Library","floor":19,"gold_loss":0,"cards_obtained":["TheCursedMod:SpitefulPray"]},{"damage_healed":0,"gold_gain":0,"player_choice":"Ignored","damage_taken":0,"max_hp_gain":0,"max_hp_loss":0,"event_name":"Ghosts","floor":21,"gold_loss":0},{"damage_healed":0,"gold_gain":0,"player_choice":"Copied","damage_taken":0,"max_hp_gain":0,"max_hp_loss":0,"event_name":"Duplicator","floor":38,"gold_loss":0,"cards_obtained":["TheCursedMod:NeowsMight"]},{"cards_removed":["TheCursedMod:ManaBullet"],"damage_healed":25,"gold_gain":0,"player_choice":"Offered Uncommon","damage_taken":0,"max_hp_gain":0,"max_hp_loss":0,"event_name":"Bonfire Elementals","floor":45,"gold_loss":0}],"is_beta":false,"boss_relics":[{"not_picked":["SlaversCollar","Runic Dome"],"picked":"Kintsugi"},{"not_picked":["Empty Cage","Abe\u0027s Treasure"],"picked":"Astrolabe"}],"items_purged_floors":[27,44],"is_endless":false,"potions_floor_spawned":[2,3,12,16,20,22,30,37,39,42,48,54],"killed_by":"The Heart","ascension_level":0}}