{"host":"uwh382mre4waz4ff","time":1608948558,"event":{"mods":["AchievementEnabler","BaseMod","Better Note","Better Third Choice","BetterRewards","Minty Spire (QoL Compilation)","StSLib"],"gold_per_floor":[109,120,136,136,211,236,236,248,274,18,33,33,33,33,33,163,163,184,184,184,198,398,313,313,347,425,425,249,264,69,102,102,230,230,245,245,245,245,345,345,370,370,370,405,190,190,40,0,0,0,0,0,0,44,44,44],"floor_reached":55,"playtime":3341,"items_purged":["Carnage","Defend_R","Decay","Defend_R","Injury"],"score":1075,"play_id":"bf085b49-a1bb-4f05-88c5-1b2a5bcd694d","local_time":"20201226100918","is_ascension_mode":false,"campfire_choices":[{"data":"Bash","floor":7.0,"key":"SMITH"},{"data":"Shrug It Off","floor":15.0,"key":"SMITH"},{"data":"Shrug It Off","floor":24.0,"key":"SMITH"},{"data":"Clash","floor":27.0,"key":"SMITH"},{"floor":32.0,"key":"RECALL"},{"data":"Strike_R","floor":40.0,"key":"SMITH"},{"data":"Dual Wield","floor":46.0,"key":"SMITH"},{"data":"Clumsy","floor":49,"key":"PURGE"},{"data":"Strike_R+1","floor":52,"key":"PURGE"}],"circlet_count":0,"master_deck":["Strike_R+1","Bash+1","Clash+1","Shrug It Off+1","Shrug It Off+1","Dual Wield+1"],"relics":["Burning Blood","Membership Card","Sundial","betterThird:NestCultRelic","Vajra","Empty Cage","Prayer Wheel","FossilizedHelix","Molten Egg 2","Juzu Bracelet","Gambling Chip","Golden Idol","Cursed Key","Anchor","Orichalcum","Darkstone Periapt","MealTicket","Paper Frog","Pear","Runic Dome","Frozen Egg 2","Bird Faced Urn","StoneCalendar","HornCleat","Peace Pipe","Red Mask","Self Forming Clay"],"acts_visited":["Exordium","TheCity","TheBeyond","TheEnding"],"potions_floor_usage":[55],"damage_taken":[{"damage":0.0,"enemies":"Cultist","floor":1.0,"turns":4.0},{"damage":0.0,"enemies":"Small Slimes","floor":2.0,"turns":3.0},{"damage":0.0,"enemies":"Jaw Worm","floor":3.0,"turns":3.0},{"damage":47.0,"enemies":"3 Sentries","floor":6.0,"turns":11.0},{"damage":20.0,"enemies":"Lots of Slimes","floor":8.0,"turns":4.0},{"damage":0.0,"enemies":"Large Slime","floor":11.0,"turns":4.0},{"damage":4.0,"enemies":"Hexaghost","floor":16.0,"turns":7.0},{"damage":0.0,"enemies":"Shell Parasite","floor":18.0,"turns":4.0},{"damage":11.0,"enemies":"2 Thieves","floor":21.0,"turns":4.0},{"damage":71.0,"enemies":"Gremlin Leader","floor":25.0,"turns":5.0},{"damage":0.0,"enemies":"Snecko","floor":29.0,"turns":4.0},{"damage":0.0,"enemies":"Book of Stabbing","floor":31.0,"turns":4.0},{"damage":0.0,"enemies":"Champ","floor":33.0,"turns":6.0},{"damage":14.0,"enemies":"3 Darklings","floor":35.0,"turns":4.0},{"damage":0.0,"enemies":"Orb Walker","floor":41.0,"turns":3.0},{"damage":55.0,"enemies":"Giant Head","floor":44.0,"turns":8.0},{"damage":83,"enemies":"Donu and Deca","floor":50,"turns":8},{"damage":30,"enemies":"Shield and Spear","floor":54,"turns":3},{"damage":102,"enemies":"The Heart","floor":55,"turns":5}],"seed_played":"451543737222967144","potions_obtained":[{"floor":6.0,"key":"DuplicationPotion"},{"floor":16.0,"key":"AttackPotion"},{"floor":19.0,"key":"FairyPotion"},{"floor":19.0,"key":"FairyPotion"},{"floor":19.0,"key":"Regen Potion"},{"floor":31.0,"key":"Explosive Potion"}],"is_trial":false,"path_per_floor":["M","M","M","?","T","E","R","M","T","$","M","?","?","?","R","B",null,"M","?","?","M","?","?","R","E","T","R","$","M","$","E","R","B",null,"M","?","T","?","?","R","M","?","T","E","$","R","$","?","R","B",null,"R","$","E","B"],"character_chosen":"IRONCLAD","items_purchased":["Membership Card","FossilizedHelix","Gambling Chip","HeartOfIron","MealTicket","DuplicationPotion","Paper Frog","HornCleat","Peace Pipe"],"campfire_rested":0,"item_purchase_floors":[0,0,10,10,28,28,30,45,47],"current_hp_per_floor":[52,58,64,64,64,23,23,9,9,9,15,15,15,15,15,17,74,74,74,74,69,69,69,69,28,28,28,28,34,49,65,65,71,84,76,76,82,82,82,82,88,88,94,45,60,60,75,75,75,34,96,96,96,72,0,0],"gold":44,"neow_bonus":"","is_daily":false,"chose_seed":false,"campfire_upgraded":6,"win_rate":0.0,"timestamp":1608948558,"path_taken":["M","M","?","?","?","E","R","M","T","$","M","?","?","?","R","BOSS","M","?","?","M","?","?","R","E","T","R","?","M","$","E","R","BOSS","M","?","?","?","?","R","M","?","T","E","$","R","$","?","R","BOSS","R","$","E","BOSS"],"items_purchased_type":["Relic","Relic","Relic","Potion","Relic","Potion","Relic","Relic","Relic"],"build_version":"2020-12-22","purchased_purges":5,"victory":false,"max_hp_per_floor":[80,80,80,80,80,80,80,80,80,80,80,74,74,74,74,74,74,74,74,74,74,74,74,74,74,74,74,74,74,74,84,84,84,84,84,84,90,90,90,90,90,90,96,96,96,96,96,96,96,96,96,96,96,96,96,96],"card_choices":[{"not_picked":["Body Slam","Iron Wave"],"picked":"Clash","floor":1.0},{"not_picked":["Perfected Strike","Spot Weakness","Thunderclap"],"picked":"SKIP","floor":1.0},{"not_picked":["Pummel","Carnage","Sever Soul"],"picked":"SKIP","floor":2.0},{"not_picked":["Body Slam","Berserk","Sever Soul"],"picked":"SKIP","floor":2.0},{"not_picked":["Blood for Blood","Armaments","Hemokinesis"],"picked":"SKIP","floor":3.0},{"not_picked":["Intimidate","Wild Strike","Anger"],"picked":"SKIP","floor":3.0},{"not_picked":["Sword Boomerang+1","Sever Soul+1","Headbutt+1"],"picked":"SKIP","floor":6.0},{"not_picked":["Wild Strike+1","Sword Boomerang+1"],"picked":"Shrug It Off","floor":8.0},{"not_picked":["Offering","Metallicize","Headbutt+1"],"picked":"SKIP","floor":8.0},{"not_picked":["Flex","Thunderclap+1"],"picked":"Shrug It Off","floor":11.0},{"not_picked":["Power Through","Spot Weakness","Seeing Red"],"picked":"SKIP","floor":11.0},{"not_picked":["Flame Barrier","Anger+1","Wild Strike+1"],"picked":"SKIP","floor":18.0},{"not_picked":["Shrug It Off+1","Rupture","Headbutt+1"],"picked":"SKIP","floor":18.0},{"not_picked":["Hemokinesis+1","Carnage+1","Power Through"],"picked":"SKIP","floor":21.0},{"not_picked":["Twin Strike+1","Flex+1","Corruption"],"picked":"SKIP","floor":21.0},{"not_picked":["Iron Wave+1","Intimidate","Battle Trance"],"picked":"SKIP","floor":25.0},{"not_picked":["Warcry","Pommel Strike+1","Sword Boomerang+1"],"picked":"SKIP","floor":29.0},{"not_picked":["Entrench","Wild Strike+1","Combust"],"picked":"SKIP","floor":29.0},{"not_picked":["Clash+1","Sword Boomerang+1","Thunderclap+1"],"picked":"SKIP","floor":31.0},{"not_picked":["Inflame","Armaments+1","Sword Boomerang+1"],"picked":"SKIP","floor":35.0},{"not_picked":["Battle Trance","Seeing Red+1","Clothesline+1"],"picked":"SKIP","floor":35.0},{"not_picked":["Rage+1","Twin Strike+1","Rupture+1"],"picked":"SKIP","floor":41.0},{"not_picked":["Thunderclap+1","Heavy Blade+1","Uppercut+1"],"picked":"SKIP","floor":41.0},{"not_picked":["Wild Strike+1","Rage"],"picked":"Dual Wield","floor":44.0},{"not_picked":["Flex","Rage+1","Bludgeon+1"],"picked":"SKIP","floor":54}],"player_experience":70331,"relics_obtained":[{"floor":6.0,"key":"Molten Egg 2"},{"floor":9.0,"key":"Juzu Bracelet"},{"floor":25.0,"key":"Orichalcum"},{"floor":26.0,"key":"Darkstone Periapt"},{"floor":31.0,"key":"Pear"},{"floor":37.0,"key":"Frozen Egg 2"},{"floor":43.0,"key":"Bird Faced Urn"},{"floor":44.0,"key":"StoneCalendar"},{"floor":54,"key":"Self Forming Clay"}],"event_choices":[{"cards_removed":["Defend_R"],"damage_healed":0.0,"max_hp_gain":0.0,"max_hp_loss":0.0,"gold_gain":0.0,"event_name":"Living Wall","player_choice":"Forget","floor":4.0,"gold_loss":0.0,"damage_taken":0.0},{"damage_healed":0.0,"max_hp_gain":0.0,"max_hp_loss":6.0,"gold_gain":0.0,"event_name":"Golden Idol","player_choice":"Lose Max HP","floor":12.0,"gold_loss":0.0,"damage_taken":0.0,"relics_obtained":["Golden Idol"]},{"damage_healed":0.0,"max_hp_gain":0.0,"max_hp_loss":0.0,"gold_gain":0.0,"event_name":"betterThird:BetterSerpent","player_choice":"Ignored","floor":13.0,"gold_loss":0.0,"damage_taken":33.0},{"damage_healed":0.0,"max_hp_gain":0.0,"max_hp_loss":0.0,"gold_gain":0.0,"event_name":"Match and Keep!","player_choice":"0 cards matched","floor":14.0,"gold_loss":0.0,"damage_taken":0.0,"cards_obtained":[]},{"damage_healed":0.0,"max_hp_gain":0.0,"max_hp_loss":0.0,"gold_gain":0.0,"event_name":"Lab","player_choice":"Got Potions","floor":19.0,"gold_loss":0.0,"damage_taken":0.0},{"damage_healed":0.0,"max_hp_gain":0.0,"max_hp_loss":0.0,"gold_gain":0.0,"event_name":"N\u0027loth","player_choice":"Ignored","floor":20.0,"gold_loss":0.0,"damage_taken":0.0},{"damage_healed":0.0,"max_hp_gain":0.0,"max_hp_loss":0.0,"gold_gain":250.0,"event_name":"The Joust","player_choice":"Bet on Owner","floor":22.0,"gold_loss":50.0,"damage_taken":0.0},{"damage_healed":0.0,"max_hp_gain":0.0,"max_hp_loss":0.0,"gold_gain":0.0,"event_name":"Addict","player_choice":"Obtained Relic","floor":23.0,"gold_loss":85.0,"damage_taken":0.0,"relics_obtained":["Anchor"]},{"damage_healed":0.0,"max_hp_gain":0.0,"max_hp_loss":0.0,"gold_gain":0.0,"event_name":"Accursed Blacksmith","player_choice":"Forge","floor":36.0,"gold_loss":0.0,"damage_taken":0.0,"cards_upgraded":["Strike_R"]},{"damage_healed":0.0,"max_hp_gain":0.0,"max_hp_loss":0.0,"gold_gain":0.0,"event_name":"SensoryStone","player_choice":"Memory 1","floor":38.0,"gold_loss":0.0,"damage_taken":0.0},{"damage_healed":0.0,"max_hp_gain":0.0,"max_hp_loss":0.0,"gold_gain":100.0,"event_name":"Golden Shrine","player_choice":"Pray","floor":39.0,"gold_loss":0.0,"damage_taken":0.0},{"damage_healed":0.0,"max_hp_gain":0.0,"max_hp_loss":0.0,"gold_gain":0.0,"event_name":"Duplicator","player_choice":"Ignored","floor":42.0,"gold_loss":0.0,"damage_taken":0.0},{"damage_healed":0,"gold_gain":0,"player_choice":"Paid","damage_taken":0,"relics_obtained":["Red Mask"],"max_hp_gain":0,"max_hp_loss":0,"event_name":"Tomb of Lord Red Mask","floor":48,"gold_loss":40}],"is_beta":false,"boss_relics":[{"not_picked":["Snecko Eye","Black Blood"],"picked":"Cursed Key"},{"not_picked":["Fusion Hammer","Philosopher\u0027s Stone"],"picked":"Runic Dome"}],"items_purged_floors":[0,10,28,30,45],"is_endless":false,"potions_floor_spawned":[6,16,31,35,44],"killed_by":"The Heart","ascension_level":0}}