{"host":"hd496gdorkfoob6n","time":1608968830,"event":{"mods":["2.2 Compatiblity","AchievementEnabler","BaseMod","Colored Map","Downfall","Hermit","Minty Spire (QoL Compilation)","StSLib"],"gold_per_floor":[0,20,85,105,117,117,117,146,160,160,17,17,51,51,70,175,175,175,193,193,212,226,261,261,73,158,18,18,49,49,68,88,189,189,39,51,65,125,125,145,145,162,173,173,189,202,202,202,202],"floor_reached":47,"playtime":8125,"items_purged":["champ:Strike","champ:Defend","champ:Strike","champ:Execute"],"score":554,"play_id":"694b9757-322a-4241-892d-c0ccf72804b8","local_time":"20201226024710","is_ascension_mode":true,"campfire_choices":[{"data":"champ:Taunt","floor":1.0,"key":"SMITH"},{"data":"champ:FalseCounter","floor":10.0,"key":"SMITH"},{"floor":12.0,"key":"REST"},{"data":"champ:HoldFirm","floor":18.0,"key":"SMITH"},{"floor":30.0,"key":"RECALL"},{"data":"champ:DefensiveStyle","floor":35.0,"key":"SMITH"},{"data":"champ:FalseCounter","floor":44,"key":"SMITH"}],"circlet_count":0,"master_deck":["champ:Taunt+1","champ:DefensiveStyle+1","champ:FalseCounter+1","champ:IronFortress","champ:RageSigil","champ:Shatter+1","champ:FlashCut+1","champ:IronFortress","champ:FanOfKnives+1","champ:HoldFirm+1","champ:EnGarde","champ:Circumvent","champ:FaceSlap+1","champ:Control","champ:AdrenalArmor","champ:RapidStrikes+1","champ:BladeFlurry+1","champ:RisingSlash+1","champ:FalseCounter+1","champ:CrownThrow+1","champ:EnragedBash+1","champ:DefensiveStyle","champ:ShieldSigil","Parasite","champ:DefensiveShout+1","champ:BringItOn"],"relics":["champ:ChampionCrown","Boot","Molten Egg 2","Bronze Scales","Anchor","Runic Pyramid","Lantern","SlaversCollar","downfall:HeartBlessingRed","downfall:HeartBlessingBlue","HornCleat"],"acts_visited":["Exordium","TheCity","TheBeyond"],"potions_floor_usage":[47],"damage_taken":[{"damage":5.0,"enemies":"Small Slimes","floor":2.0,"turns":4.0},{"damage":40.0,"enemies":"3 Sentries","floor":3.0,"turns":9.0},{"damage":13.0,"enemies":"2 Louse","floor":4.0,"turns":2.0},{"damage":11.0,"enemies":"Jaw Worm","floor":5.0,"turns":4.0},{"damage":13.0,"enemies":"Lagavulin","floor":8.0,"turns":8.0},{"damage":3.0,"enemies":"2 Fungi Beasts","floor":9.0,"turns":4.0},{"damage":0.0,"enemies":"downfall:FleeingMerchant","floor":11.0,"turns":4.0},{"damage":20.0,"enemies":"3 Sentries","floor":13.0,"turns":7.0},{"damage":2.0,"enemies":"Lots of Slimes","floor":15.0,"turns":3.0},{"damage":23.0,"enemies":"downfall:Watcher","floor":16.0,"turns":8.0},{"damage":9.0,"enemies":"Shell Parasite","floor":19.0,"turns":4.0},{"damage":0.0,"enemies":"3 Byrds","floor":21.0,"turns":4.0},{"damage":0.0,"enemies":"Cultist and Chosen","floor":22.0,"turns":4.0},{"damage":20.0,"enemies":"Slavers","floor":23.0,"turns":7.0},{"damage":17.0,"enemies":"downfall:FleeingMerchant","floor":25.0,"turns":4.0},{"damage":16.0,"enemies":"downfall:FleeingMerchant","floor":27.0,"turns":4.0},{"damage":2.0,"enemies":"Book of Stabbing","floor":29.0,"turns":4.0},{"damage":0.0,"enemies":"Chosen and Byrds","floor":31.0,"turns":4.0},{"damage":3.0,"enemies":"Snake Plant","floor":32.0,"turns":2.0},{"damage":46.0,"enemies":"downfall:Silent","floor":33.0,"turns":7.0},{"damage":9,"enemies":"3 Darklings","floor":36,"turns":4},{"damage":0,"enemies":"Orb Walker","floor":37,"turns":3},{"damage":0,"enemies":"downfall:FleeingMerchant","floor":38,"turns":2},{"damage":11,"enemies":"Writhing Mass","floor":40,"turns":4},{"damage":3,"enemies":"Sphere and 2 Shapes","floor":42,"turns":4},{"damage":2,"enemies":"Jaw Worm Horde","floor":43,"turns":4},{"damage":34,"enemies":"Writhing Mass","floor":45,"turns":6},{"damage":45,"enemies":"Spire Growth","floor":46,"turns":4},{"damage":41,"enemies":"Reptomancer","floor":47,"turns":2}],"seed_played":"6766978980043458462","potions_obtained":[{"floor":3.0,"key":"Guardian:BlockOnCardUsePotion"},{"floor":4.0,"key":"BlessingOfTheForge"},{"floor":9.0,"key":"DistilledChaos"},{"floor":13.0,"key":"Fire Potion"},{"floor":23.0,"key":"champ:UltimateStancePotion"},{"floor":36,"key":"champ:CounterPotion"}],"is_trial":false,"path_per_floor":["R","M","?","M","M","?","T","E","M","R","$","R","E","?","M","B",null,"R","M","?","M","M","E","T","$","?","$","?","E","R","M","M","B",null,"R","M","M","$","?","M","T","M","M","R","M","M","E"],"character_chosen":"THE_CHAMP","items_purchased":["champ:FlashCut+1","champ:RapidStrikes+1","champ:DefensiveStyle","champ:ShieldSigil"],"campfire_rested":1,"item_purchase_floors":[11,25,38,38],"current_hp_per_floor":[90,90,65,57,51,51,51,43,40,40,40,67,57,57,55,44,90,90,90,90,90,90,70,70,70,52,52,52,52,52,52,49,21,90,100,93,93,93,93,88,88,88,88,88,72,29,0,0,0],"gold":202,"neow_bonus":"REMOVE_TWO","is_daily":false,"chose_seed":false,"campfire_upgraded":5,"win_rate":0.0,"timestamp":1608968830,"path_taken":["R","M","?","M","M","?","T","E","M","R","$","R","E","?","M","BOSS","R","M","?","M","M","E","T","$","?","$","?","E","R","M","M","BOSS","R","M","M","$","?","M","T","?","M","R","M","M","E"],"items_purchased_type":["Card","Card","Card","Card"],"build_version":"2020-12-13","purchased_purges":4,"victory":false,"max_hp_per_floor":[90,90,90,90,90,90,90,90,90,90,90,90,90,90,90,90,90,90,90,90,90,90,90,90,90,90,90,90,90,90,90,90,90,90,100,100,100,100,100,100,100,100,100,100,100,100,100,100,100],"card_choices":[{"not_picked":["champ:TornadoPunch","champ:BerserkersShout"],"picked":"champ:DefensiveStyle","floor":2.0},{"not_picked":["champ:StanceDance","champ:FanOfKnives"],"picked":"champ:FalseCounter","floor":3.0},{"not_picked":["champ:EnragedBash","champ:RageSigil","champ:FanOfKnives"],"picked":"SKIP","floor":4.0},{"not_picked":["champ:DeathBlow","champ:PerfectedStrike","champ:FanOfKnives"],"picked":"SKIP","floor":5.0},{"not_picked":["champ:ShieldSigil","champ:Improvising"],"picked":"champ:IronFortress","floor":8.0},{"not_picked":["champ:Aggression","champ:AdrenalArmor"],"picked":"champ:RageSigil","floor":9.0},{"not_picked":["champ:SwordSigil","champ:LastStand"],"picked":"champ:Shatter+1","floor":11.0},{"not_picked":["champ:FocusedDefense","champ:FanOfKnives+1"],"picked":"champ:IronFortress","floor":13.0},{"not_picked":["champ:Riposte","champ:RapidStrikes+1"],"picked":"champ:FanOfKnives+1","floor":15.0},{"not_picked":["champ:ShieldSlam+1","champ:CheapShot+1"],"picked":"champ:HoldFirm","floor":16.0},{"not_picked":["champ:EnragedBash+1","champ:PerfectedStrike+1"],"picked":"champ:EnGarde","floor":19.0},{"not_picked":["champ:ViciousMockery","champ:BladeFlurry+1"],"picked":"champ:Circumvent","floor":21.0},{"not_picked":["champ:EnragedBash+1","champ:FlashCut+1"],"picked":"champ:FaceSlap+1","floor":22.0},{"not_picked":["champ:DeathBlow+1","champ:Backstep"],"picked":"champ:Control","floor":23.0},{"not_picked":["champ:DefensiveShout","champ:RageSigil"],"picked":"champ:AdrenalArmor","floor":25.0},{"not_picked":["champ:Encircle+1","champ:Circumvent","champ:ShieldSlam+1"],"picked":"SKIP","floor":27.0},{"not_picked":["champ:TornadoPunch+1","champ:AdrenalArmor","champ:PreciseThrust+1"],"picked":"SKIP","floor":29.0},{"not_picked":["champ:PerfectedStrike+1","champ:AdrenalArmor","champ:FightOn"],"picked":"SKIP","floor":31.0},{"not_picked":["champ:FightOn","champ:BladeFlurry+1"],"picked":"champ:FalseCounter","floor":32.0},{"not_picked":["champ:HoldFirm","champ:LastStand"],"picked":"champ:CrownThrow+1","floor":33.0},{"not_picked":["champ:FocusedGladiator+1","champ:BladeFlurry+1"],"picked":"champ:EnragedBash+1","floor":36},{"not_picked":["champ:GladiatorsShout+1","champ:FocusedDefense","champ:FalseCounter"],"picked":"SKIP","floor":37},{"not_picked":["champ:EnragedBash+1","champ:FightOn","champ:SwordSigil"],"picked":"SKIP","floor":38},{"not_picked":["champ:PreciseThrust+1","champ:Aggression"],"picked":"champ:DefensiveShout+1","floor":40},{"not_picked":["champ:FalseCounter+1","champ:Control","champ:AdrenalArmor+1"],"picked":"SKIP","floor":42},{"not_picked":["champ:TornadoPunch+1","champ:RapidStrikes+1"],"picked":"champ:BringItOn","floor":43},{"not_picked":["champ:Duel+1","champ:ShieldWall+1","champ:BladeFlurry+1"],"picked":"SKIP","floor":45},{"not_picked":["champ:PreciseThrust+1","champ:ArenaPreparation","champ:IronFortress+1"],"picked":"SKIP","floor":46}],"player_experience":94232,"relics_obtained":[{"floor":3.0,"key":"Boot"},{"floor":7.0,"key":"Molten Egg 2"},{"floor":8.0,"key":"Bronze Scales"},{"floor":13.0,"key":"Anchor"},{"floor":23.0,"key":"Lantern"},{"floor":41,"key":"HornCleat"}],"event_choices":[{"cards_removed":["champ:Strike"],"damage_healed":0.0,"max_hp_gain":0.0,"max_hp_loss":0.0,"gold_gain":0.0,"event_name":"The Cleric","player_choice":"Card Removal","floor":14.0,"gold_loss":0.0,"damage_taken":0.0},{"damage_healed":0.0,"max_hp_gain":0.0,"max_hp_loss":0.0,"gold_gain":0.0,"cards_transformed":["champ:Defend","champ:Defend"],"event_name":"Drug Dealer","player_choice":"Became Test Subject","floor":28.0,"gold_loss":0.0,"damage_taken":0.0,"cards_obtained":["champ:BladeFlurry","champ:RisingSlash"]}],"is_beta":false,"boss_relics":[{"not_picked":["Cursed Key","Empty Cage"],"picked":"Runic Pyramid"},{"not_picked":["Tiny House","SacredBark"],"picked":"SlaversCollar"}],"items_purged_floors":[11,25,27,38],"is_endless":false,"potions_floor_spawned":[3,4,9,13,22,23,29,36,43],"killed_by":"Reptomancer","ascension_level":1}}