{"host":"qfskrnw3pl1q86j0","time":1608987141,"event":{"mods":["BaseMod","Block Reminder","Hermit","Marisa????????","Minty Spire (QoL Compilation)","Quick Restart","Random Character Button","StSLib","The Poker Player","slay the spire mod where everything is the same but ironclad has a cowboy hat"],"gold_per_floor":[115,135,135,11,31,31,31,31,56,56,6,6,34,49,49,152,152,152,42,42,42,42,42,42,42,42,42,42,42,42,42,42,42,42,42,42,42,42,42,42,42,42,42,42,42,42],"floor_reached":45,"playtime":2106,"items_purged":["Strike_MRS"],"score":442,"play_id":"b5f65f08-4dea-4585-9890-ce124041adc7","local_time":"20201226135221","is_ascension_mode":false,"campfire_choices":[{"data":"MasterSpark","floor":6.0,"key":"SMITH"},{"data":"EnergyFlow","floor":8.0,"key":"SMITH"},{"data":"SprinkleStarSeal","floor":12.0,"key":"SMITH"},{"data":"SporeBomb","floor":15.0,"key":"SMITH"},{"data":"MillisecondPulsars","floor":23.0,"key":"SMITH"},{"data":"AsteroidBelt","floor":25.0,"key":"SMITH"},{"data":"EnergyFlow","floor":32.0,"key":"SMITH"},{"data":"MilkyWay","floor":40.0,"key":"SMITH"},{"data":"PulseMagic","floor":42,"key":"SMITH"}],"circlet_count":0,"master_deck":["Strike_MRS+1","Defend_MRS","Defend_MRS","MasterSpark+1","UpSweep+1","NonDirectionalLaser+1","SprinkleStarSeal+1","EnergyFlow+1","SporeBomb+1","OrrerysSun+1","AsteroidBelt+1","MillisecondPulsars+1","EnergyFlow+1","OortCloud+1","PulseMagic+1","AsteroidBelt+1","MaximisePower+1","Orbital+1","DC+1","Parasite","Parasite","MilkyWay+1","MilkyWay"],"relics":["MiniHakkero","Whetstone","Art of War","Ectoplasm","MutagenicStrength","Mercury Hourglass","Astrolabe","ShroomBag","Bronze Scales"],"acts_visited":["Exordium","TheCity","TheBeyond"],"potions_floor_usage":[],"damage_taken":[{"damage":1.0,"enemies":"Jaw Worm","floor":1.0,"turns":4.0},{"damage":3.0,"enemies":"Small Slimes","floor":2.0,"turns":2.0},{"damage":5.0,"enemies":"2 Louse","floor":5.0,"turns":2.0},{"damage":12.0,"enemies":"3 Sentries","floor":13.0,"turns":4.0},{"damage":2.0,"enemies":"Blue Slaver","floor":14.0,"turns":2.0},{"damage":24.0,"enemies":"The Guardian","floor":16.0,"turns":7.0},{"damage":17.0,"enemies":"Chosen","floor":18.0,"turns":5.0},{"damage":0.0,"enemies":"3 Byrds","floor":20.0,"turns":5.0},{"damage":1.0,"enemies":"3 Cultists","floor":21.0,"turns":4.0},{"damage":19.0,"enemies":"Sentry and Sphere","floor":22.0,"turns":6.0},{"damage":3.0,"enemies":"Snecko","floor":28.0,"turns":5.0},{"damage":0.0,"enemies":"Snake Plant","floor":30.0,"turns":4.0},{"damage":0.0,"enemies":"Centurion and Healer","floor":31.0,"turns":5.0},{"damage":23.0,"enemies":"Automaton","floor":33.0,"turns":9.0},{"damage":6.0,"enemies":"Orb Walker","floor":35.0,"turns":4.0},{"damage":32.0,"enemies":"3 Darklings","floor":37.0,"turns":4.0},{"damage":9.0,"enemies":"Spire Growth","floor":38.0,"turns":5.0},{"damage":12.0,"enemies":"Sphere and 2 Shapes","floor":39.0,"turns":6.0},{"damage":31,"enemies":"Writhing Mass","floor":44,"turns":5},{"damage":17,"enemies":"Spire Growth","floor":45,"turns":3}],"seed_played":"-8130104402688940442","potions_obtained":[{"floor":1.0,"key":"EntropicBrew"},{"floor":16.0,"key":"Energy Potion"},{"floor":20.0,"key":"PowerPotion"},{"floor":35.0,"key":"SteroidPotion"},{"floor":37.0,"key":"Fire Potion"}],"is_trial":false,"path_per_floor":["M","M","?","$","M","R","$","R","T","?","?","R","E","M","R","B",null,"M","$","M","M","M","R","?","R","T","?","M","?","M","M","R","B",null,"M","?","M","M","M","R","$","R","T","M","M"],"character_chosen":"MARISA","items_purchased":["EnergyFlow","SporeBomb","EnergyFlow"],"campfire_rested":0,"item_purchase_floors":[4,4,19],"current_hp_per_floor":[81,78,83,83,78,78,78,78,78,61,61,61,49,47,47,23,87,70,70,70,69,50,50,50,50,50,50,47,47,47,47,47,24,87,81,81,53,48,40,40,40,40,40,13,0,0],"gold":42,"neow_bonus":"TEN_PERCENT_HP_BONUS","is_daily":false,"chose_seed":false,"campfire_upgraded":9,"win_rate":0.0,"timestamp":1608987141,"path_taken":["M","M","?","$","M","R","$","R","T","?","?","R","E","M","R","BOSS","M","$","M","M","M","R","?","R","T","?","M","?","?","M","R","BOSS","M","?","M","?","M","R","$","R","T","M","M"],"items_purchased_type":["Card","Card","Card"],"build_version":"2020-12-22","purchased_purges":1,"victory":false,"max_hp_per_floor":[82,82,87,87,87,87,87,87,87,87,87,87,87,87,87,87,87,87,87,87,87,87,87,87,87,87,87,87,87,87,87,87,87,87,87,87,87,87,87,87,87,87,87,87,87,87],"card_choices":[{"not_picked":["AsteroidBelt","MysteriousBeam"],"picked":"NonDirectionalLaser","floor":1.0},{"not_picked":["PowerUp","NonDirectionalLaser"],"picked":"SprinkleStarSeal","floor":2.0},{"not_picked":["EnergyRecoil","DoubleSpark"],"picked":"OrrerysSun","floor":5.0},{"not_picked":["IllusionStar","CollectingQuirk"],"picked":"AsteroidBelt","floor":13.0},{"not_picked":["GravityBeat","6A","Acceleration"],"picked":"SKIP","floor":14.0},{"not_picked":["SuperNova","UltimateShortwave"],"picked":"MillisecondPulsars","floor":16.0},{"not_picked":["EventHorizon","ShootingEcho","Acceleration"],"picked":"SKIP","floor":18.0},{"not_picked":["GrandCross","LuminesStrike","FairyDestructionRay+1"],"picked":"SKIP","floor":20.0},{"not_picked":["GrandCross","Occultation+1","EnergyRecoil"],"picked":"SKIP","floor":21.0},{"not_picked":["GravityBeat","MysteriousBeam"],"picked":"OortCloud+1","floor":22.0},{"not_picked":["GravityBeat","ChargingUp","OneTimeOff"],"picked":"SKIP","floor":28.0},{"not_picked":["GrandCross","PropBag+1"],"picked":"PulseMagic","floor":30.0},{"not_picked":["6A","SuperPerseids"],"picked":"AsteroidBelt+1","floor":31.0},{"not_picked":["WitchOfGreed+1","SporeBomb+1","RefractionSpark+1"],"picked":"SKIP","floor":35.0},{"not_picked":["Acceleration","WitchLeyline+1","AsteroidBelt+1"],"picked":"SKIP","floor":37.0},{"not_picked":["AsteroidBelt","BlazeAway"],"picked":"MilkyWay","floor":38.0},{"not_picked":["DarkMatter+1","DoubleSpark+1","6A"],"picked":"SKIP","floor":39.0},{"not_picked":["PowerUp+1","BigCrunch"],"picked":"MilkyWay","floor":44}],"player_experience":870529,"relics_obtained":[{"floor":9.0,"key":"Whetstone"},{"floor":13.0,"key":"Art of War"},{"floor":26.0,"key":"Mercury Hourglass"},{"floor":43,"key":"Bronze Scales"}],"event_choices":[{"damage_healed":0.0,"max_hp_gain":5.0,"max_hp_loss":0.0,"gold_gain":0.0,"event_name":"Big Fish","player_choice":"Donut","floor":3.0,"gold_loss":0.0,"damage_taken":0.0},{"damage_healed":0.0,"max_hp_gain":0.0,"max_hp_loss":0.0,"gold_gain":0.0,"event_name":"Shining Light","player_choice":"Entered Light","floor":10.0,"gold_loss":0.0,"damage_taken":17.0,"cards_upgraded":["OrrerysSun","Strike_MRS"]},{"cards_removed":["Strike_MRS"],"damage_healed":0.0,"max_hp_gain":0.0,"max_hp_loss":0.0,"gold_gain":0.0,"event_name":"The Cleric","player_choice":"Card Removal","floor":11.0,"gold_loss":50.0,"damage_taken":0.0},{"damage_healed":0.0,"max_hp_gain":0.0,"max_hp_loss":0.0,"gold_gain":0.0,"event_name":"Drug Dealer","player_choice":"Inject Mutagens","floor":24.0,"gold_loss":0.0,"damage_taken":0.0,"relics_obtained":["MutagenicStrength"]},{"damage_healed":0.0,"max_hp_gain":0.0,"max_hp_loss":0.0,"gold_gain":0.0,"event_name":"Cursed Tome","player_choice":"Ignored","floor":27.0,"gold_loss":0.0,"damage_taken":0.0},{"damage_healed":0.0,"max_hp_gain":0.0,"max_hp_loss":0.0,"gold_gain":100.0,"event_name":"Golden Shrine","player_choice":"Pray","floor":29.0,"gold_loss":0.0,"damage_taken":0.0},{"damage_healed":0.0,"max_hp_gain":0.0,"max_hp_loss":0.0,"gold_gain":0.0,"event_name":"WeMeetAgain","player_choice":"Gave Potion","floor":36.0,"gold_loss":0.0,"damage_taken":0.0,"relics_obtained":["ShroomBag"]}],"is_beta":false,"boss_relics":[{"not_picked":["Runic Dome","Black Star"],"picked":"Ectoplasm"},{"not_picked":["Velvet Choker","Tiny House"],"picked":"Astrolabe"}],"items_purged_floors":[19],"is_endless":false,"potions_floor_spawned":[1,16,18,20,21,35,37,38],"killed_by":"Spire Growth","ascension_level":0}}