{"host":"ged1bqtamtf4sn4x","time":1608990944,"event":{"mods":["BaseMod","Colored Map","DeckTracker","Highlight Path","Keyboard Shortcuts","Minty Spire (QoL Compilation)","Permanent Neow","Quick Restart","SuperFastMode","everything is the same but u backflip on backflip"],"gold_per_floor":[119,194,205,222,222,222,202,241,320,334,352,352,383,404,404,502,502,515,540,553,312,227,227,227,227],"floor_reached":24,"playtime":2246,"items_purged":["Strike_R"],"score":441,"play_id":"f574cdf5-ebc5-4ab5-b43e-6f8152b97786","local_time":"20201226225544","is_ascension_mode":true,"campfire_choices":[{"floor":6.0,"key":"REST"},{"floor":15.0,"key":"REST"},{"floor":23.0,"key":"REST"}],"circlet_count":0,"master_deck":["AscendersBane","Strike_R","Strike_R","Strike_R","Defend_R","Defend_R","Defend_R","Defend_R","Bash","Sword Boomerang","Armaments","Heavy Blade","Metallicize","Spot Weakness","Shrug It Off","Impervious","Shrug It Off+1","Inflame"],"relics":["Burning Blood","Golden Idol","Red Skull","Question Card","Matryoshka","Philosopher\u0027s Stone","Strawberry","Happy Flower"],"acts_visited":["Exordium","TheCity"],"potions_floor_usage":[24],"damage_taken":[{"damage":3.0,"enemies":"2 Louse","floor":1.0,"turns":3.0},{"damage":7.0,"enemies":"Small Slimes","floor":3.0,"turns":3.0},{"damage":6.0,"enemies":"Cultist","floor":4.0,"turns":3.0},{"damage":12.0,"enemies":"Gremlin Nob","floor":8.0,"turns":3.0},{"damage":6.0,"enemies":"Looter","floor":10.0,"turns":2.0},{"damage":10.0,"enemies":"3 Louse","floor":11.0,"turns":5.0},{"damage":19.0,"enemies":"Lagavulin","floor":13.0,"turns":6.0},{"damage":6.0,"enemies":"Red Slaver","floor":14.0,"turns":2.0},{"damage":40.0,"enemies":"The Guardian","floor":16.0,"turns":14.0},{"damage":37.0,"enemies":"Shell Parasite","floor":18.0,"turns":6.0},{"damage":18.0,"enemies":"Spheric Guardian","floor":19.0,"turns":4.0},{"damage":24.0,"enemies":"Snake Plant","floor":20.0,"turns":5.0},{"damage":54,"enemies":"Slavers","floor":24,"turns":3}],"seed_played":"-5482379472131182611","potions_obtained":[{"floor":4.0,"key":"AttackPotion"},{"floor":7.0,"key":"Dexterity Potion"},{"floor":10.0,"key":"FearPotion"},{"floor":14.0,"key":"SkillPotion"},{"floor":16.0,"key":"CultistPotion"},{"floor":20.0,"key":"BlessingOfTheForge"}],"is_trial":false,"path_per_floor":["M","?","M","M","?","R","?","E","T","M","M","?","E","M","R","B",null,"M","M","M","$","?","R","E"],"character_chosen":"IRONCLAD","items_purchased":["Strawberry"],"campfire_rested":3,"item_purchase_floors":[21],"current_hp_per_floor":[67,56,55,55,24,50,50,44,44,44,40,33,20,20,46,12,70,39,27,9,16,16,44,0,0],"gold":227,"neow_bonus":"TWENTY_PERCENT_HP_BONUS","is_daily":false,"chose_seed":false,"campfire_upgraded":0,"win_rate":0.0,"timestamp":1608990944,"path_taken":["M","?","M","M","?","R","?","E","T","?","M","?","E","M","R","BOSS","M","M","M","$","?","R","E"],"items_purchased_type":["Relic"],"build_version":"2020-12-22","purchased_purges":1,"victory":false,"max_hp_per_floor":[89,89,89,89,89,89,89,89,89,89,89,89,89,89,89,89,89,89,89,89,96,96,96,96,96],"card_choices":[{"not_picked":["Clothesline","Warcry"],"picked":"Sword Boomerang","floor":1.0},{"not_picked":["Ghostly Armor","Entrench"],"picked":"Armaments","floor":3.0},{"not_picked":["Cleave","Perfected Strike"],"picked":"Heavy Blade","floor":4.0},{"not_picked":["Heavy Blade","Rampage"],"picked":"Metallicize","floor":8.0},{"not_picked":["Armaments","Twin Strike","Iron Wave"],"picked":"Spot Weakness","floor":10.0},{"not_picked":["Wild Strike","Iron Wave","True Grit","Bloodletting"],"picked":"SKIP","floor":11.0},{"not_picked":["Wild Strike","Iron Wave","True Grit","Bloodletting"],"picked":"SKIP","floor":11.0},{"not_picked":["Exhume","Bloodletting","Dropkick"],"picked":"Shrug It Off","floor":13.0},{"not_picked":["Disarm","Infernal Blade","Dark Embrace","Pommel Strike"],"picked":"SKIP","floor":14.0},{"not_picked":["Berserk","Double Tap","Barricade"],"picked":"Impervious","floor":16.0},{"not_picked":["Clash","Thunderclap","Blood for Blood"],"picked":"Shrug It Off+1","floor":18.0},{"not_picked":["Rage+1","Body Slam","Entrench"],"picked":"Inflame","floor":19.0},{"not_picked":["Iron Wave","Shrug It Off+1","Carnage","Clash"],"picked":"SKIP","floor":20.0}],"player_experience":404380,"relics_obtained":[{"floor":8.0,"key":"Red Skull"},{"floor":9.0,"key":"Question Card"},{"floor":13.0,"key":"Matryoshka"}],"event_choices":[{"damage_healed":0.0,"max_hp_gain":0.0,"max_hp_loss":0.0,"gold_gain":75.0,"event_name":"World of Goop","player_choice":"Gather Gold","floor":2.0,"gold_loss":0.0,"damage_taken":11.0},{"damage_healed":0.0,"max_hp_gain":0.0,"max_hp_loss":0.0,"gold_gain":0.0,"event_name":"Golden Idol","player_choice":"Take Damage","floor":5.0,"gold_loss":0.0,"damage_taken":31.0,"relics_obtained":["Golden Idol"]},{"damage_healed":0.0,"max_hp_gain":0.0,"max_hp_loss":0.0,"gold_gain":0.0,"event_name":"The Woman in Blue","player_choice":"Bought 1 Potion","floor":7.0,"gold_loss":0.0,"damage_taken":0.0},{"cards_removed":["Strike_R"],"damage_healed":0.0,"max_hp_gain":0.0,"max_hp_loss":0.0,"gold_gain":0.0,"event_name":"Golden Wing","player_choice":"Card Removal","floor":12.0,"gold_loss":0.0,"damage_taken":7.0},{"damage_healed":0.0,"max_hp_gain":0.0,"max_hp_loss":0.0,"gold_gain":0.0,"event_name":"Addict","player_choice":"Obtained Relic","floor":22.0,"gold_loss":85.0,"damage_taken":0.0,"relics_obtained":["Happy Flower"]}],"is_beta":false,"boss_relics":[{"not_picked":["Empty Cage","Black Star"],"picked":"Philosopher\u0027s Stone"}],"items_purged_floors":[21],"is_endless":false,"potions_floor_spawned":[4,10,13,14,16,20],"killed_by":"Slavers","ascension_level":20}}