{"host":"w4b7hmige5bnqipq","time":1608948118,"event":{"mods":["BaseMod","Minty Spire (QoL Compilation)","Rare Cards Sparkle","SuperFastMode","everything is the same but u backflip on backflip","slay the spire mod where everything is the same but ironclad has a cowboy hat"],"gold_per_floor":[109,109,128,128,149,180,180,221,275,299,299,299,320,355,355,451,451,465,353,377,450,500,118,118,118],"floor_reached":24,"playtime":783,"items_purged":["Strike_G","Shame"],"score":432,"play_id":"02a7e7a9-dc96-465b-9fe5-176161b8af7a","local_time":"20201226110158","is_ascension_mode":true,"campfire_choices":[{"data":"Poisoned Stab","floor":7.0,"key":"SMITH"},{"data":"Bane","floor":15.0,"key":"SMITH"}],"circlet_count":0,"master_deck":["AscendersBane","Strike_G+1","Strike_G","Strike_G","Defend_G","Defend_G","Defend_G","Defend_G","Defend_G","Survivor","Neutralize","Dash","Poisoned Stab+1","Dagger Spray+1","Bane+1","Well Laid Plans","Backflip","PiercingWail","Phantasmal Killer","Reflex"],"relics":["Ring of the Snake","NeowsBlessing","Golden Idol","Matryoshka","Ancient Tea Set","Meat on the Bone","Toy Ornithopter","SsserpentHead","Whetstone","Coffee Dripper","Prayer Wheel","Eternal Feather"],"acts_visited":["Exordium","TheCity"],"potions_floor_usage":[24],"damage_taken":[{"damage":0.0,"enemies":"Jaw Worm","floor":1.0,"turns":1.0},{"damage":0.0,"enemies":"2 Louse","floor":3.0,"turns":1.0},{"damage":0.0,"enemies":"Cultist","floor":5.0,"turns":1.0},{"damage":14.0,"enemies":"Gremlin Nob","floor":6.0,"turns":4.0},{"damage":14.0,"enemies":"3 Sentries","floor":8.0,"turns":7.0},{"damage":4.0,"enemies":"Looter","floor":10.0,"turns":4.0},{"damage":8.0,"enemies":"Lots of Slimes","floor":13.0,"turns":4.0},{"damage":22.0,"enemies":"Gremlin Nob","floor":14.0,"turns":4.0},{"damage":28.0,"enemies":"The Guardian","floor":16.0,"turns":14.0},{"damage":22.0,"enemies":"Chosen","floor":18.0,"turns":5.0},{"damage":16.0,"enemies":"3 Byrds","floor":20.0,"turns":6.0},{"damage":12.0,"enemies":"3 Cultists","floor":21.0,"turns":5.0},{"damage":42,"enemies":"Book of Stabbing","floor":24,"turns":4}],"seed_played":"-7014610153070162799","potions_obtained":[{"floor":3.0,"key":"PowerPotion"},{"floor":5.0,"key":"SteroidPotion"},{"floor":10.0,"key":"Regen Potion"},{"floor":13.0,"key":"Strength Potion"},{"floor":16.0,"key":"Poison Potion"},{"floor":20.0,"key":"Strength Potion"}],"is_trial":false,"path_per_floor":["M","?","M","?","M","E","R","E","T","M","?","$","M","E","R","B",null,"M","$","M","M","?","$","E"],"character_chosen":"THE_SILENT","items_purchased":["Reflex","Eternal Feather"],"campfire_rested":0,"item_purchase_floors":[19,23],"current_hp_per_floor":[59,59,59,59,59,45,45,31,31,39,39,39,31,26,26,30,53,31,31,27,32,32,32,0,0],"gold":118,"neow_bonus":"THREE_ENEMY_KILL","is_daily":false,"chose_seed":false,"campfire_upgraded":2,"win_rate":0.0,"timestamp":1608948118,"path_taken":["M","?","M","?","?","E","R","E","T","M","?","$","M","E","R","BOSS","M","$","M","?","?","$","E"],"items_purchased_type":["Card","Relic"],"build_version":"2020-12-22","purchased_purges":2,"victory":false,"max_hp_per_floor":[66,60,60,60,60,60,60,60,60,60,60,60,60,60,60,60,60,60,60,60,60,60,60,60,60],"card_choices":[{"not_picked":["PiercingWail","Sucker Punch"],"picked":"Dash","floor":1.0},{"not_picked":["Outmaneuver","PiercingWail"],"picked":"Poisoned Stab","floor":3.0},{"not_picked":["Quick Slash","Skewer"],"picked":"Dagger Spray","floor":5.0},{"not_picked":["Deflect","Predator","Phantasmal Killer"],"picked":"SKIP","floor":6.0},{"not_picked":["Flying Knee","Infinite Blades"],"picked":"Bane","floor":8.0},{"not_picked":["Flechettes","Deflect"],"picked":"Well Laid Plans","floor":10.0},{"not_picked":["Setup","Acrobatics"],"picked":"Backflip","floor":13.0},{"not_picked":["Flying Knee","Outmaneuver"],"picked":"PiercingWail","floor":14.0},{"not_picked":["Unload","After Image"],"picked":"Phantasmal Killer","floor":16.0},{"not_picked":["Bane","Finisher","Backflip"],"picked":"SKIP","floor":18.0},{"not_picked":["Reflex","Sucker Punch","Deadly Poison+1"],"picked":"SKIP","floor":20.0},{"not_picked":["Catalyst","Sucker Punch","Underhanded Strike"],"picked":"SKIP","floor":21.0}],"player_experience":426198,"relics_obtained":[{"floor":6.0,"key":"Matryoshka"},{"floor":8.0,"key":"Ancient Tea Set"},{"floor":9.0,"key":"Meat on the Bone"},{"floor":9.0,"key":"Toy Ornithopter"},{"floor":14.0,"key":"Whetstone"}],"event_choices":[{"damage_healed":0.0,"max_hp_gain":0.0,"max_hp_loss":6.0,"gold_gain":0.0,"event_name":"Golden Idol","player_choice":"Lose Max HP","floor":2.0,"gold_loss":0.0,"damage_taken":0.0,"relics_obtained":["Golden Idol"]},{"cards_removed":["Strike_G"],"damage_healed":0.0,"max_hp_gain":0.0,"max_hp_loss":0.0,"gold_gain":0.0,"event_name":"Bonfire Elementals","player_choice":"Offered Basic","floor":4.0,"gold_loss":0.0,"damage_taken":0.0},{"damage_healed":0.0,"max_hp_gain":0.0,"max_hp_loss":0.0,"gold_gain":0.0,"event_name":"FaceTrader","player_choice":"Trade","floor":11.0,"gold_loss":0.0,"damage_taken":0.0,"relics_obtained":["SsserpentHead"]},{"damage_healed":0.0,"max_hp_gain":0.0,"max_hp_loss":0.0,"gold_gain":0.0,"event_name":"Addict","player_choice":"Stole Relic","floor":22.0,"gold_loss":0.0,"damage_taken":0.0,"relics_obtained":["Prayer Wheel"],"cards_obtained":["Shame"]}],"is_beta":false,"boss_relics":[{"not_picked":["Runic Dome","Black Star"],"picked":"Coffee Dripper"}],"items_purged_floors":[19,23],"is_endless":false,"potions_floor_spawned":[3,5,10,13,16,20],"killed_by":"Book of Stabbing","ascension_level":20}}