{"host":"n8qcnfcud3b7cmys","time":1608950537,"event":{"mods":["BaseMod","Colored Map","Colored Powertips","Googly Eyes","Minty Spire (QoL Compilation)","Quick Restart","READ ME - Snecko Mod","StSLib","The IronCluck"],"gold_per_floor":[118,137,137,137,38,78,78,112,138,152,152,152],"floor_reached":11,"playtime":674,"items_purged":[],"score":85,"play_id":"8d2d09f8-0ddb-48ee-a918-ded2107b749a","local_time":"20201225204217","is_ascension_mode":true,"campfire_choices":[{"floor":7,"key":"REST"}],"circlet_count":0,"master_deck":["Strike_B","Strike_B","Strike_B","Strike_B","Defend_B","Defend_B","Defend_B","Defend_B","Zap","Dualcast","Turbo","Melter","Beam Cell","Leap","Fusion","BootSequence","Glacier"],"relics":["Cracked Core","Golden Idol","Tiny Chest","Art of War","Anchor"],"acts_visited":["Exordium"],"potions_floor_usage":[6,11],"damage_taken":[{"damage":14,"enemies":"2 Louse","floor":1,"turns":3},{"damage":6,"enemies":"Jaw Worm","floor":2,"turns":3},{"damage":42,"enemies":"Lagavulin","floor":6,"turns":7},{"damage":29,"enemies":"Gremlin Nob","floor":8,"turns":5},{"damage":1,"enemies":"Cultist","floor":10,"turns":3},{"damage":16,"enemies":"3 Sentries","floor":11,"turns":10}],"seed_played":"596470618584849892","potions_obtained":[{"floor":2,"key":"CultistPotion"},{"floor":10,"key":"Strength Potion"}],"is_trial":false,"path_per_floor":["M","M","?","?","$","E","R","E","T","M","E"],"character_chosen":"DEFECT","items_purchased":["Beam Cell","Leap"],"campfire_rested":1,"item_purchase_floors":[5,5],"current_hp_per_floor":[68,62,62,62,62,20,42,13,13,12,0,0],"gold":152,"neow_bonus":"TEN_PERCENT_HP_BONUS","is_daily":false,"chose_seed":false,"campfire_upgraded":0,"win_rate":0.0,"timestamp":1608950537,"path_taken":["M","M","?","?","$","E","R","E","T","M","E"],"items_purchased_type":["Card","Card"],"build_version":"2020-12-22","purchased_purges":0,"victory":false,"max_hp_per_floor":[82,82,82,76,76,76,76,76,76,76,76,76],"card_choices":[{"not_picked":["Compile Driver","Gash"],"picked":"Turbo","floor":1},{"not_picked":["Hologram","Echo Form"],"picked":"Melter","floor":2},{"not_picked":["Gash","Tempest"],"picked":"Fusion","floor":6},{"not_picked":["Compile Driver","Barrage"],"picked":"BootSequence","floor":8},{"not_picked":["Coolheaded","Turbo"],"picked":"Glacier","floor":10}],"player_experience":143245,"relics_obtained":[{"floor":6,"key":"Tiny Chest"},{"floor":8,"key":"Art of War"},{"floor":9,"key":"Anchor"}],"event_choices":[{"damage_healed":0,"gold_gain":0,"player_choice":"Ignored","damage_taken":0,"max_hp_gain":0,"max_hp_loss":0,"event_name":"Liars Game","floor":3,"gold_loss":0},{"damage_healed":0,"gold_gain":0,"player_choice":"Lose Max HP","damage_taken":0,"relics_obtained":["Golden Idol"],"max_hp_gain":0,"max_hp_loss":6,"event_name":"Golden Idol","floor":4,"gold_loss":0}],"is_beta":false,"boss_relics":[],"items_purged_floors":[],"is_endless":false,"potions_floor_spawned":[2,10],"killed_by":"3 Sentries","ascension_level":1}}