{"host":"63rwe7p34ct1i0qu","time":1608967494,"event":{"mods":["BaseMod","Colored Map","DeckTracker","Minty Spire (QoL Compilation)","Permanent Neow","Quick Restart","StSLib"],"gold_per_floor":[117,133,143,68,68,68,92,132,179,179,179,204,235,258,258,389,389,413,436,436,351,351,351,392,77,77,113,128,156,156,181,181,319,319,334,361,384,384,407,407,168,200,200,160,160,160,130,153,153,153],"floor_reached":51,"playtime":1533,"items_purged":["Strike_R"],"score":1120,"play_id":"1450e1e7-f9dd-40b2-b7c5-bf465019bc22","local_time":"20201226162454","is_ascension_mode":true,"campfire_choices":[{"data":"Whirlwind","floor":6.0,"key":"SMITH"},{"floor":11.0,"key":"REST"},{"floor":15.0,"key":"REST"},{"data":"Bloodletting","floor":23.0,"key":"SMITH"},{"data":"Bloodletting","floor":30.0,"key":"SMITH"},{"floor":32.0,"key":"REST"},{"floor":40,"key":"REST"},{"floor":46,"key":"REST"},{"floor":49,"key":"REST"}],"circlet_count":0,"master_deck":["AscendersBane","Defend_R","Defend_R","Defend_R","Defend_R","Bash+1","Whirlwind+1","Headbutt","Bloodletting+1","Second Wind+1","Armaments","Shrug It Off","Sentinel","Double Tap","Inflame+1","Rampage+1","Double Tap+1","Shockwave","Power Through+1","Bloodletting+1","Offering","Bloodletting+1","Body Slam+1","Dual Wield+1"],"relics":["Burning Blood","Ice Cream","Golden Idol","HornCleat","Potion Belt","Omamori","MealTicket","Astrolabe","Ornamental Fan","Shuriken","Mango","Gremlin Horn","CeramicFish","Fusion Hammer","Bottled Tornado","Strawberry"],"acts_visited":["Exordium","TheCity","TheBeyond"],"potions_floor_usage":[33,33,39,50,50,50],"damage_taken":[{"damage":1.0,"enemies":"2 Louse","floor":1.0,"turns":3.0},{"damage":0.0,"enemies":"Small Slimes","floor":2.0,"turns":3.0},{"damage":6.0,"enemies":"Cultist","floor":3.0,"turns":4.0},{"damage":2.0,"enemies":"Looter","floor":7.0,"turns":4.0},{"damage":7.0,"enemies":"3 Sentries","floor":8.0,"turns":3.0},{"damage":0.0,"enemies":"Exordium Thugs","floor":12.0,"turns":3.0},{"damage":21.0,"enemies":"Gremlin Nob","floor":13.0,"turns":4.0},{"damage":5.0,"enemies":"Large Slime","floor":14.0,"turns":6.0},{"damage":35.0,"enemies":"The Guardian","floor":16.0,"turns":11.0},{"damage":0.0,"enemies":"3 Byrds","floor":18.0,"turns":3.0},{"damage":3.0,"enemies":"Spheric Guardian","floor":19.0,"turns":2.0},{"damage":49.0,"enemies":"Book of Stabbing","floor":24.0,"turns":6.0},{"damage":6.0,"enemies":"Gremlin Leader","floor":27.0,"turns":4.0},{"damage":13.0,"enemies":"Centurion and Healer","floor":28.0,"turns":4.0},{"damage":3.0,"enemies":"3 Cultists","floor":29.0,"turns":3.0},{"damage":8.0,"enemies":"Sentry and Sphere","floor":31.0,"turns":3.0},{"damage":12,"enemies":"Collector","floor":33,"turns":6},{"damage":3,"enemies":"Orb Walker","floor":35,"turns":2},{"damage":0,"enemies":"3 Shapes","floor":36,"turns":2},{"damage":44,"enemies":"Maw","floor":37,"turns":7},{"damage":31,"enemies":"3 Darklings","floor":39,"turns":4},{"damage":64,"enemies":"Sphere and 2 Shapes","floor":42,"turns":6},{"damage":15,"enemies":"Spire Growth","floor":48,"turns":4},{"damage":54,"enemies":"Donu and Deca","floor":50,"turns":6}],"seed_played":"6731746103321240846","potions_obtained":[{"floor":3.0,"key":"BlessingOfTheForge"},{"floor":13.0,"key":"Dexterity Potion"},{"floor":19.0,"key":"Energy Potion"},{"floor":27.0,"key":"Fire Potion"},{"floor":31.0,"key":"SpeedPotion"},{"floor":37,"key":"BloodPotion"},{"floor":42,"key":"SpeedPotion"},{"floor":47,"key":"Strength Potion"},{"floor":47,"key":"ElixirPotion"}],"is_trial":false,"path_per_floor":["M","M","M","$","?","R","M","E","T","?","R","M","E","M","R","B",null,"M","M","?","?","?","R","E","$","T","E","M","M","R","M","R","B",null,"M","M","M","$","M","R","$","M","T","?","$","R","?","M","R","B",null],"character_chosen":"IRONCLAD","items_purchased":["Mango","Bottled Tornado"],"campfire_rested":6,"item_purchase_floors":[25,41],"current_hp_per_floor":[56,62,62,62,42,42,46,45,45,27,51,57,42,43,67,38,70,76,79,79,79,79,79,36,65,65,65,58,61,61,59,87,81,91,94,94,56,71,64,92,94,36,43,43,58,88,88,79,101,53],"gold":153,"neow_bonus":"ONE_RARE_RELIC","is_daily":false,"chose_seed":false,"campfire_upgraded":3,"win_rate":0.0,"timestamp":1608967494,"path_taken":["M","M","M","$","?","R","M","E","T","?","R","M","E","M","R","BOSS","M","M","?","?","?","R","E","$","T","E","M","M","R","M","R","BOSS","M","?","M","$","M","R","$","M","T","?","?","R","?","?","R","BOSS"],"items_purchased_type":["Relic","Relic"],"build_version":"2020-12-22","purchased_purges":1,"victory":true,"max_hp_per_floor":[80,80,80,80,80,80,80,80,80,80,80,80,80,80,80,80,80,80,80,80,80,80,80,80,94,94,94,94,94,94,94,94,94,94,94,94,94,94,94,94,94,94,101,101,101,101,101,101,101,101],"card_choices":[{"not_picked":["Sword Boomerang","Pommel Strike"],"picked":"Whirlwind","floor":1.0},{"not_picked":["Clash","Flex"],"picked":"Headbutt","floor":2.0},{"not_picked":["Rage","Perfected Strike"],"picked":"Bloodletting","floor":3.0},{"not_picked":["Dark Embrace","Warcry"],"picked":"Second Wind","floor":7.0},{"not_picked":["Exhume","True Grit"],"picked":"Armaments","floor":8.0},{"not_picked":["Armaments","Thunderclap"],"picked":"Shrug It Off","floor":12.0},{"not_picked":["Armaments","Pommel Strike"],"picked":"Sentinel","floor":13.0},{"not_picked":["Intimidate","Havoc","Warcry"],"picked":"SKIP","floor":14.0},{"not_picked":["Brutality","Limit Break"],"picked":"Double Tap","floor":16.0},{"not_picked":["Heavy Blade","Thunderclap"],"picked":"Shockwave","floor":18.0},{"not_picked":["Warcry","Twin Strike","Sword Boomerang"],"picked":"SKIP","floor":19.0},{"not_picked":["Clash","Burning Pact+1"],"picked":"Power Through+1","floor":24.0},{"not_picked":["Dual Wield+1","Berserk","Bludgeon"],"picked":"SKIP","floor":27.0},{"not_picked":["Headbutt","Clothesline","Body Slam"],"picked":"SKIP","floor":28.0},{"not_picked":["Headbutt+1","Flex+1"],"picked":"Bloodletting","floor":29.0},{"not_picked":["Shrug It Off","Sword Boomerang","Clothesline+1"],"picked":"SKIP","floor":31.0},{"not_picked":["Limit Break","Feed"],"picked":"Offering","floor":33},{"not_picked":["Sword Boomerang+1","Havoc+1","Twin Strike"],"picked":"SKIP","floor":35},{"not_picked":["Feel No Pain+1","Iron Wave"],"picked":"Bloodletting+1","floor":36},{"not_picked":["Carnage+1","Pummel"],"picked":"Body Slam+1","floor":37},{"not_picked":["Shrug It Off","Sever Soul+1","Anger"],"picked":"SKIP","floor":39},{"not_picked":["Carnage","Reckless Charge"],"picked":"Dual Wield+1","floor":42},{"not_picked":["Anger+1","Ghostly Armor+1","Heavy Blade+1"],"picked":"SKIP","floor":48}],"player_experience":817436,"relics_obtained":[{"floor":8.0,"key":"HornCleat"},{"floor":9.0,"key":"Potion Belt"},{"floor":13.0,"key":"MealTicket"},{"floor":24.0,"key":"Shuriken"},{"floor":26.0,"key":"Gremlin Horn"},{"floor":27.0,"key":"CeramicFish"},{"floor":43,"key":"Strawberry"}],"event_choices":[{"damage_healed":0.0,"max_hp_gain":0.0,"max_hp_loss":0.0,"gold_gain":0.0,"event_name":"Golden Idol","player_choice":"Take Damage","floor":5.0,"gold_loss":0.0,"damage_taken":20.0,"relics_obtained":["Golden Idol"]},{"damage_healed":0.0,"max_hp_gain":0.0,"max_hp_loss":0.0,"gold_gain":0.0,"event_name":"Scrap Ooze","player_choice":"Success","floor":10.0,"gold_loss":0.0,"damage_taken":18.0,"relics_obtained":["Omamori"]},{"damage_healed":0.0,"max_hp_gain":0.0,"max_hp_loss":0.0,"gold_gain":0.0,"event_name":"Ghosts","player_choice":"Ignored","floor":20.0,"gold_loss":0.0,"damage_taken":0.0},{"damage_healed":0.0,"max_hp_gain":0.0,"max_hp_loss":0.0,"gold_gain":0.0,"event_name":"Addict","player_choice":"Obtained Relic","floor":21.0,"gold_loss":85.0,"damage_taken":0.0,"relics_obtained":["Ornamental Fan"]},{"cards_removed":["Strike_R"],"damage_healed":0.0,"max_hp_gain":0.0,"max_hp_loss":0.0,"gold_gain":0.0,"event_name":"Purifier","player_choice":"Purged","floor":22.0,"gold_loss":0.0,"damage_taken":0.0},{"damage_healed":0,"gold_gain":0,"player_choice":"Upgraded Two","damage_taken":0,"max_hp_gain":0,"max_hp_loss":0,"event_name":"Designer","floor":44,"gold_loss":40,"cards_upgraded":["Second Wind","Bash"]},{"damage_healed":0,"gold_gain":0,"player_choice":"Bought 2 Potions","damage_taken":0,"max_hp_gain":0,"max_hp_loss":0,"event_name":"The Woman in Blue","floor":47,"gold_loss":0}],"is_beta":false,"boss_relics":[{"not_picked":["Pandora\u0027s Box","Runic Cube"],"picked":"Astrolabe"},{"not_picked":["Velvet Choker","Cursed Key"],"picked":"Fusion Hammer"}],"items_purged_floors":[4],"is_endless":false,"potions_floor_spawned":[3,13,19,27,31,37,42],"ascension_level":11}}