{"host":"1ltt377nc7aury4n","time":1608967312,"event":{"mods":["AchievementEnabler","BaseMod","Best Route Mod","Colored Powertips","Minty Spire (QoL Compilation)","StSLib"],"gold_per_floor":[116,116,41,55,75,75,110,110,110,110,141,159,171,201,201,297,297,283,55,66,79,90,90,116,134,134,134,134],"floor_reached":27,"playtime":3605,"items_purged":["Strike_P"],"score":257,"play_id":"c532f513-0a79-4bc8-83fb-e5d7f2b1510c","local_time":"20201226022152","is_ascension_mode":true,"campfire_choices":[{"data":"Devotion","floor":6,"key":"SMITH"},{"floor":8,"key":"REST"},{"data":"Eruption","floor":10,"key":"SMITH"},{"floor":15,"key":"REST"},{"data":"Adaptation","floor":23,"key":"SMITH"}],"circlet_count":0,"master_deck":["Strike_P+1","Strike_P+1","Defend_P","Defend_P","Defend_P","Eruption+1","Vigilance","SashWhip","Evaluate","Devotion+1","CrushJoints","Prostrate","FearNoEvil","Ragnarok","Study+1","ThirdEye+1","Indignation+1","Adaptation+1","ClearTheMind","EmptyFist+1","WindmillStrike"],"relics":["PureWater","NeowsBlessing","Pocketwatch","Ginger","HornCleat","Kunai","Astrolabe","Whetstone","Smiling Mask","Shuriken"],"acts_visited":["Exordium","TheCity"],"potions_floor_usage":[11,16,22],"damage_taken":[{"damage":0,"enemies":"2 Louse","floor":1,"turns":1},{"damage":0,"enemies":"Cultist","floor":4,"turns":1},{"damage":0,"enemies":"Small Slimes","floor":5,"turns":1},{"damage":35,"enemies":"Gremlin Nob","floor":7,"turns":5},{"damage":14,"enemies":"3 Sentries","floor":11,"turns":8},{"damage":4,"enemies":"Blue Slaver","floor":12,"turns":3},{"damage":0,"enemies":"Lots of Slimes","floor":13,"turns":3},{"damage":16,"enemies":"Hexaghost","floor":16,"turns":8},{"damage":12,"enemies":"2 Thieves","floor":18,"turns":4},{"damage":2,"enemies":"Shell Parasite","floor":20,"turns":4},{"damage":8,"enemies":"Shelled Parasite and Fungi","floor":21,"turns":4},{"damage":1,"enemies":"Cultist and Chosen","floor":22,"turns":4},{"damage":42,"enemies":"Slavers","floor":24,"turns":5},{"damage":2,"enemies":"Snecko","floor":25,"turns":4},{"damage":9,"enemies":"Shelled Parasite and Fungi","floor":27,"turns":3}],"seed_played":"-4265507077993056391","potions_obtained":[{"floor":7,"key":"LiquidMemories"},{"floor":13,"key":"LiquidBronze"},{"floor":21,"key":"FearPotion"},{"floor":24,"key":"Weak Potion"}],"is_trial":false,"path_per_floor":["M","?","$","M","M","R","E","R","T","R","E","M","M","?","R","B",null,"M","$","M","M","M","R","E","M","T","M"],"character_chosen":"WATCHER","items_purchased":["Adaptation","Whetstone"],"campfire_rested":2,"item_purchase_floors":[19,19],"current_hp_per_floor":[72,72,72,72,72,72,37,58,58,58,44,40,40,40,61,45,72,60,60,58,50,49,49,7,5,5,0,0],"gold":134,"neow_bonus":"THREE_ENEMY_KILL","is_daily":false,"chose_seed":false,"campfire_upgraded":3,"win_rate":0.0,"timestamp":1608967312,"path_taken":["M","?","$","M","M","R","E","R","T","R","E","?","?","?","R","BOSS","M","$","M","M","M","R","E","M","T","M"],"items_purchased_type":["Card","Relic"],"build_version":"2020-12-22","purchased_purges":1,"victory":false,"max_hp_per_floor":[72,72,72,72,72,72,72,72,72,72,72,72,72,72,72,72,72,72,72,72,72,72,72,72,72,72,72,72],"card_choices":[{"not_picked":["EmptyBody","ClearTheMind"],"picked":"SashWhip","floor":1},{"not_picked":["Consecrate","InnerPeace"],"picked":"Devotion","floor":4},{"not_picked":["CutThroughFate","Tantrum"],"picked":"CrushJoints","floor":5},{"not_picked":["FlyingSleeves","EmptyBody"],"picked":"Prostrate","floor":7},{"not_picked":["Prostrate","Evaluate","Fasting2"],"picked":"SKIP","floor":11},{"not_picked":["Halt","LikeWater"],"picked":"FearNoEvil","floor":12},{"not_picked":["Halt","Sanctity","FearNoEvil"],"picked":"SKIP","floor":13},{"not_picked":["DevaForm","Omniscience"],"picked":"Ragnarok","floor":16},{"not_picked":["JustLucky","CutThroughFate+1","FlurryOfBlows"],"picked":"SKIP","floor":18},{"not_picked":["LikeWater","ForeignInfluence"],"picked":"ClearTheMind","floor":20},{"not_picked":["Fasting2+1","CutThroughFate"],"picked":"EmptyFist+1","floor":21},{"not_picked":["EmptyFist","SignatureMove+1","MentalFortress"],"picked":"SKIP","floor":22},{"not_picked":["Worship","ThirdEye","PathToVictory"],"picked":"SKIP","floor":24},{"not_picked":["CutThroughFate","Omniscience"],"picked":"WindmillStrike","floor":25}],"player_experience":201531,"relics_obtained":[{"floor":7,"key":"Pocketwatch"},{"floor":9,"key":"Ginger"},{"floor":11,"key":"HornCleat"},{"floor":24,"key":"Smiling Mask"},{"floor":26,"key":"Shuriken"}],"event_choices":[{"damage_healed":0,"gold_gain":0,"player_choice":"2 cards matched","damage_taken":0,"max_hp_gain":0,"max_hp_loss":0,"event_name":"Match and Keep!","floor":2,"gold_loss":0,"cards_obtained":["Evaluate","Eruption"]},{"damage_healed":0,"gold_gain":30,"player_choice":"Searched \u00272\u0027 times","damage_taken":0,"relics_obtained":["Kunai"],"max_hp_gain":0,"max_hp_loss":0,"event_name":"Dead Adventurer","floor":14,"gold_loss":0}],"is_beta":false,"boss_relics":[{"not_picked":["Runic Dome","Ectoplasm"],"picked":"Astrolabe"}],"items_purged_floors":[3],"is_endless":false,"potions_floor_spawned":[7,13,21,24],"killed_by":"Shelled Parasite and Fungi","ascension_level":1}}