{"host":"rmsq46plbpwfbxcc","time":1608961828,"event":{"mods":["AchievementEnabler","BaseMod","Colored Map","DeckTracker","Minty Spire (QoL Compilation)","Permanent Neow","SuperFastMode"],"gold_per_floor":[113,128,147,158,177,195,222,222,222,240,165,165,165,199,199,278,278,258,183,183,183],"floor_reached":20,"playtime":598,"items_purged":["Strike_G"],"score":344,"play_id":"eae16bc6-d3d7-418f-9f7f-7b8873c89bbc","local_time":"20201226145028","is_ascension_mode":true,"campfire_choices":[{"data":"Neutralize","floor":8,"key":"SMITH"},{"data":"Dash","floor":13,"key":"SMITH"},{"floor":15,"key":"DIG"}],"circlet_count":0,"master_deck":["AscendersBane","Strike_G","Strike_G","Strike_G","Defend_G","Defend_G","Defend_G","Defend_G","Defend_G","Survivor","Neutralize+1","PiercingWail","Dagger Spray","Dash+1","Backstab","Backflip","Well Laid Plans","Accuracy","Deadly Poison","Bullet Time"],"relics":["WristBlade","Juzu Bracelet","Bottled Lightning","Shovel","Mummified Hand"],"acts_visited":["Exordium","TheCity"],"potions_floor_usage":[4,14,16,20],"damage_taken":[{"damage":3,"enemies":"Cultist","floor":1,"turns":6},{"damage":0,"enemies":"2 Louse","floor":2,"turns":4},{"damage":1,"enemies":"Small Slimes","floor":3,"turns":4},{"damage":0,"enemies":"2 Fungi Beasts","floor":4,"turns":3},{"damage":4,"enemies":"Blue Slaver","floor":5,"turns":4},{"damage":0,"enemies":"Gremlin Gang","floor":6,"turns":5},{"damage":7,"enemies":"3 Sentries","floor":7,"turns":8},{"damage":0,"enemies":"3 Louse","floor":10,"turns":3},{"damage":20,"enemies":"Gremlin Nob","floor":14,"turns":4},{"damage":17,"enemies":"Hexaghost","floor":16,"turns":11},{"damage":23,"enemies":"2 Thieves","floor":18,"turns":4},{"damage":19,"enemies":"Spheric Guardian","floor":20,"turns":6}],"seed_played":"-2179184211961952752","potions_obtained":[{"floor":1,"key":"Swift Potion"},{"floor":4,"key":"GamblersBrew"},{"floor":6,"key":"Swift Potion"},{"floor":14,"key":"LiquidBronze"},{"floor":18,"key":"SkillPotion"}],"is_trial":false,"path_per_floor":["M","M","M","M","M","M","E","R","T","M","?","?","R","E","R","B",null,"M","$","M"],"character_chosen":"THE_SILENT","items_purchased":[],"campfire_rested":0,"item_purchase_floors":[],"current_hp_per_floor":[56,56,55,55,51,51,44,44,44,44,44,44,44,24,24,7,51,28,28,9,9],"gold":183,"neow_bonus":"BOSS_RELIC","is_daily":false,"chose_seed":false,"campfire_upgraded":2,"win_rate":0.0,"timestamp":1608961828,"path_taken":["M","M","M","M","M","?","E","R","T","M","?","?","R","E","R","BOSS","M","$","M"],"items_purchased_type":[],"build_version":"2020-12-22","purchased_purges":1,"victory":false,"max_hp_per_floor":[66,66,66,66,66,66,66,66,66,66,66,66,66,66,66,66,66,66,66,66,66],"card_choices":[{"not_picked":["Choke","Acrobatics"],"picked":"PiercingWail","floor":1},{"not_picked":["Eviscerate","Acrobatics"],"picked":"Dagger Spray","floor":2},{"not_picked":["PiercingWail","Dodge and Roll"],"picked":"Dash","floor":3},{"not_picked":["Flying Knee","Catalyst"],"picked":"Backstab","floor":4},{"not_picked":["Leg Sweep","Infinite Blades"],"picked":"Backflip","floor":5},{"not_picked":["Quick Slash","Acrobatics"],"picked":"Well Laid Plans","floor":6},{"not_picked":["Bane","A Thousand Cuts"],"picked":"Accuracy","floor":7},{"not_picked":["Distraction","Slice"],"picked":"Deadly Poison","floor":10},{"not_picked":["Outmaneuver","Expertise","Poisoned Stab"],"picked":"SKIP","floor":14},{"not_picked":["Phantasmal Killer","Die Die Die"],"picked":"Bullet Time","floor":16},{"not_picked":["Slice","Deadly Poison","Quick Slash"],"picked":"SKIP","floor":18}],"player_experience":1382440,"relics_obtained":[{"floor":7,"key":"Juzu Bracelet"},{"floor":9,"key":"Bottled Lightning"},{"floor":14,"key":"Shovel"},{"floor":15,"key":"Mummified Hand"}],"event_choices":[{"cards_removed":["Strike_G"],"damage_healed":0,"gold_gain":0,"player_choice":"Card Removal","damage_taken":0,"max_hp_gain":0,"max_hp_loss":0,"event_name":"The Cleric","floor":11,"gold_loss":75},{"damage_healed":0,"gold_gain":0,"player_choice":"Ignored","damage_taken":0,"max_hp_gain":0,"max_hp_loss":0,"event_name":"Shining Light","floor":12,"gold_loss":0}],"is_beta":false,"boss_relics":[{"not_picked":["Snecko Eye","Busted Crown","Ectoplasm"]}],"items_purged_floors":[19],"is_endless":false,"potions_floor_spawned":[1,4,6,14,18],"killed_by":"Spheric Guardian","ascension_level":17}}