{"host":"uyrebrj0204enqpc","time":1608996684,"event":{"mods":["Act Like it!","Bard","BaseMod","Block Reminder","Challenge The Spire","Colored Map","Colored Powertips","DeckTracker","Downfall","GifTheSpireLib","HexUI Lib","Highlight Path","Hubris","Minty Spire (QoL Compilation)","Pale of the Ancients","Quick Restart","Random Character Button","Relic Sorter","Relic Stats","Replay The Spire","Shop Mod","StSLib","The Blue Laboratory","The Bug Knight","The Cursed","The Marked","Wandering Minibosses"],"gold_per_floor":[119,136,136,156,172,172,204,204,229,242,256,283,283,299,299,399,399,414,414,345,361,361,386,386,398,398,412,412,412,412],"floor_reached":29,"playtime":1174,"items_purged":[],"score":257,"play_id":"40c21e03-f06a-4283-a594-9991aff719da","local_time":"20201226103124","is_ascension_mode":false,"campfire_choices":[{"data":"theMarked:ParalyzingBlade","floor":6,"key":"SMITH"},{"data":"theMarked:SoldierOfQuellstein","floor":8,"key":"SMITH"},{"floor":15,"key":"REST"},{"floor":24,"key":"REST"}],"circlet_count":0,"master_deck":["theMarked:Strike","theMarked:Strike","theMarked:Strike","theMarked:Strike","theMarked:Strike","theMarked:Defend","theMarked:Defend","theMarked:Defend","theMarked:SoldierOfQuellstein+1","theMarked:Seal","theMarked:ParalyzingBlade+1","theMarked:Polarize","theMarked:Overcharge","theMarked:LightningStrikesTwice","theMarked:BindingBlade","theMarked:TwofoldDefense","theMarked:Electrify+1","Spreading Infection","theMarked:EmpowerWeapon","Necronomicurse"],"relics":["theMarked:ArtifactOfAir","NeowsBlessing","Akabeko","Oddly Smooth Stone","The Courier","hubris:CrackedHourglass","hubris:Towel","HollowMod:PaleOreRelic","BranchBurnRelic","hubris:CrystalStatue","Necronomicon"],"acts_visited":["Exordium","TheCity"],"potions_floor_usage":[7,14,27,27],"damage_taken":[{"damage":0,"enemies":"Cultist","floor":1,"turns":1},{"damage":0,"enemies":"Jaw Worm","floor":2,"turns":1},{"damage":5,"enemies":"2 Louse","floor":4,"turns":2},{"damage":0,"enemies":"Large Slime","floor":5,"turns":7},{"damage":13,"enemies":"3 Sentries","floor":7,"turns":8},{"damage":9,"enemies":"Blue Slaver","floor":10,"turns":2},{"damage":7,"enemies":"2 Fungi Beasts","floor":11,"turns":3},{"damage":35,"enemies":"Gremlin Nob","floor":12,"turns":5},{"damage":2,"enemies":"Exordium Wildlife","floor":14,"turns":4},{"damage":22,"enemies":"The Guardian","floor":16,"turns":7},{"damage":18,"enemies":"2 Thieves","floor":18,"turns":4},{"damage":0,"enemies":"Chosen","floor":21,"turns":3},{"damage":70,"enemies":"Book of Stabbing","floor":23,"turns":6},{"damage":17,"enemies":"3 Cultists","floor":25,"turns":6},{"damage":8,"enemies":"Centurion and Healer","floor":27,"turns":5},{"damage":4,"enemies":"Sentry and Sphere","floor":29,"turns":2}],"seed_played":"4562511893052935180","potions_obtained":[{"floor":1,"key":"DuplicationPotion"},{"floor":4,"key":"Block Potion"},{"floor":5,"key":"Energy Potion"},{"floor":12,"key":"Energy Potion"},{"floor":16,"key":"blueLaboratory:BottleOfVodka"},{"floor":27,"key":"BlessingOfTheForge"}],"is_trial":false,"path_per_floor":["M","M","?","M","M","R","E","R","T","M","M","E","?","M","R","B",null,"M","?","?","M","?","E","R","M","T","M","?","M"],"character_chosen":"THE_DEFAULT","items_purchased":[],"campfire_rested":2,"item_purchase_floors":[],"current_hp_per_floor":[70,70,75,70,70,70,57,57,57,48,41,6,6,4,26,4,75,57,57,75,75,75,5,27,25,25,17,1,0,0],"gold":412,"neow_bonus":"THREE_ENEMY_KILL","is_daily":false,"chose_seed":false,"campfire_upgraded":2,"win_rate":0.0,"timestamp":1608996684,"path_taken":["M","?","?","M","M","R","E","R","T","M","M","E","?","M","R","BOSS","M","?","?","M","?","E","R","M","T","?","?","M"],"items_purchased_type":[],"build_version":"2020-12-22","purchased_purges":0,"victory":false,"max_hp_per_floor":[70,70,75,75,75,75,75,75,75,75,75,75,75,75,75,75,75,75,75,75,75,75,75,75,75,75,75,75,75,75],"relic_stats":{"counters":[16,66],"Necronomicon":[1],"obtain_stats":[{"theMarked:ArtifactOfAir":0,"BranchBurnRelic":24,"hubris:CrystalStatue":26,"NeowsBlessing":0,"Dead Branch":23,"Oddly Smooth Stone":9,"The Courier":12,"Necronomicon":28,"HollowMod:PaleOreRelic":22,"hubris:CrackedHourglass":17,"hubris:Towel":19,"Akabeko":7},{"theMarked:ArtifactOfAir":0,"BranchBurnRelic":13,"hubris:CrystalStatue":14,"NeowsBlessing":0,"Dead Branch":13,"Oddly Smooth Stone":5,"The Courier":8,"Necronomicon":15,"HollowMod:PaleOreRelic":12,"hubris:CrackedHourglass":10,"hubris:Towel":11,"Akabeko":5},{"theMarked:ArtifactOfAir":0,"BranchBurnRelic":53,"hubris:CrystalStatue":59,"NeowsBlessing":0,"Dead Branch":53,"Oddly Smooth Stone":19,"The Courier":29,"Necronomicon":64,"HollowMod:PaleOreRelic":47,"hubris:CrackedHourglass":40,"hubris:Towel":44,"Akabeko":19}]},"card_choices":[{"not_picked":["theMarked:Convert","theMarked:Improvise"],"picked":"theMarked:Seal","floor":1},{"not_picked":["theMarked:Electrocute","theMarked:Static"],"picked":"theMarked:ParalyzingBlade","floor":2},{"not_picked":["theMarked:Aftermath","theMarked:ResourceFulStrike"],"picked":"theMarked:Polarize","floor":4},{"not_picked":["theMarked:Frustration","theMarked:BanishingStrike","theMarked:EnhanceMovement"],"picked":"SKIP","floor":5},{"not_picked":["theMarked:HeightenedSenses","theMarked:Polarize"],"picked":"theMarked:Overcharge","floor":7},{"not_picked":["theMarked:Frustration","theMarked:StartUp","theMarked:Parkour"],"picked":"SKIP","floor":10},{"not_picked":["theMarked:Indomitable","theMarked:Convert","theMarked:BanishingStrike"],"picked":"SKIP","floor":11},{"not_picked":["theMarked:Electrify","theMarked:DeterminationOfTheMarked","theMarked:ContemptForTheProud"],"picked":"SKIP","floor":12},{"not_picked":["theMarked:Parkour","theMarked:Electrocute","theMarked:PowerFlow"],"picked":"SKIP","floor":14},{"not_picked":["theMarked:SummonStrength","theMarked:Challenge"],"picked":"theMarked:BindingBlade","floor":16},{"not_picked":["theMarked:MagicAdept+1","theMarked:Aftermath+1"],"picked":"theMarked:TwofoldDefense","floor":18},{"not_picked":["theMarked:Parkour","theMarked:Aftermath"],"picked":"theMarked:Electrify+1","floor":21},{"not_picked":["theMarked:ResourceFulStrike","theMarked:EnhanceMovement","theMarked:Aftermath"],"picked":"SKIP","floor":23},{"not_picked":["theMarked:KeepCalmAndFightOn","theMarked:MaelstromOfLightning","theMarked:TwofoldDefense"],"picked":"SKIP","floor":25},{"not_picked":["theMarked:ThrowWeapon","theMarked:MagicAdept"],"picked":"theMarked:EmpowerWeapon","floor":27}],"player_experience":933480,"relics_obtained":[{"floor":7,"key":"Akabeko"},{"floor":9,"key":"Oddly Smooth Stone"},{"floor":12,"key":"The Courier"},{"floor":23,"key":"Dead Branch"},{"floor":26,"key":"hubris:CrystalStatue"},{"floor":28,"key":"Necronomicon"}],"event_choices":[{"damage_healed":0,"gold_gain":0,"player_choice":"Donut","damage_taken":0,"max_hp_gain":5,"max_hp_loss":0,"event_name":"Big Fish","floor":3,"gold_loss":0},{"damage_healed":0,"gold_gain":0,"cards_transformed":["theMarked:Defend"],"player_choice":"Change","damage_taken":0,"max_hp_gain":0,"max_hp_loss":0,"event_name":"Living Wall","floor":13,"gold_loss":0,"cards_obtained":["theMarked:LightningStrikesTwice"]},{"damage_healed":0,"gold_gain":0,"player_choice":"Obtained Book","damage_taken":16,"max_hp_gain":0,"max_hp_loss":0,"event_name":"Cursed Tome","floor":28,"gold_loss":0}],"is_beta":false,"boss_relics":[{"not_picked":["Empty Cage","Velvet Choker"],"picked":"hubris:CrackedHourglass"}],"items_purged_floors":[],"is_endless":false,"potions_floor_spawned":[1,4,5,12,16,23,27],"killed_by":"Sentry and Sphere","ascension_level":0}}