{"host":"w5ovz9boloi14a0g","time":1608948128,"event":{"mods":["BaseMod","Googly Eyes","Minty Spire (QoL Compilation)","Replay The Spire","StSLib","SuperFastMode"],"gold_per_floor":[119,129,141,161,177,177,205,205,228,238,252,279,291,311,311,413,463,474,474,553,571,166,198,213,213,286,286,315,168,168,180,180,282,282,299,313,161,161,161,161,174,174,174],"floor_reached":42,"playtime":1399,"items_purged":[],"score":477,"play_id":"349784af-7953-433d-8efc-3c4e0f793c9f","local_time":"20201225200208","is_ascension_mode":false,"campfire_choices":[{"data":"Dualcast","floor":6.0,"key":"SMITH"},{"data":"Zap","floor":8.0,"key":"SMITH"},{"floor":15.0,"key":"REST"},{"data":"Defragment","floor":25.0,"key":"SMITH"},{"data":"Conserve Battery","floor":27.0,"key":"SMITH"},{"data":"Glacier","floor":30.0,"key":"SMITH"},{"data":"Defend_B","floor":32.0,"key":"SMITH"},{"data":"Ball Lightning","floor":40,"key":"SMITH"}],"circlet_count":0,"master_deck":["Strike_B","Strike_B","Strike_B","Defend_B","Defend_B+1","Defend_B","Defend_B+1","Dualcast+1","Sweeping Beam","Ball Lightning+1","Conserve Battery+1","Sweeping Beam","Self Repair","Glacier+1","Sadistic Nature","Defragment+1","Fusion+1","Fission","Leap+1","Panic Button+1","BasicCrystalCard+1","Sunder+1"],"relics":["Cracked Core","Vajra","Oddly Smooth Stone","PreservedInsect","Tiny House","Mirror","Prayer Wheel","Pear","Blood Vial","Meat on the Bone","Eternal Feather","Nunchaku","Replay:Bronze Core","Boot"],"acts_visited":["Exordium","TheCity","TheBeyond"],"potions_floor_usage":[],"damage_taken":[{"damage":1.0,"enemies":"Cultist","floor":1.0,"turns":3.0},{"damage":3.0,"enemies":"Jaw Worm","floor":2.0,"turns":4.0},{"damage":5.0,"enemies":"Small Slimes","floor":3.0,"turns":3.0},{"damage":8.0,"enemies":"Red Slaver","floor":4.0,"turns":3.0},{"damage":10.0,"enemies":"Gremlin Gang","floor":5.0,"turns":3.0},{"damage":10.0,"enemies":"3 Sentries","floor":7.0,"turns":6.0},{"damage":4.0,"enemies":"Looter","floor":10.0,"turns":2.0},{"damage":7.0,"enemies":"Red Slaver","floor":11.0,"turns":2.0},{"damage":22.0,"enemies":"Lagavulin","floor":12.0,"turns":5.0},{"damage":2.0,"enemies":"Exordium Thugs","floor":13.0,"turns":3.0},{"damage":10.0,"enemies":"2 Fungi Beasts","floor":14.0,"turns":3.0},{"damage":38.0,"enemies":"Hexaghost","floor":16.0,"turns":10.0},{"damage":12.0,"enemies":"3 Byrds","floor":18.0,"turns":5.0},{"damage":5.0,"enemies":"Shell Parasite","floor":21.0,"turns":11.0},{"damage":23.0,"enemies":"Book of Stabbing","floor":23.0,"turns":7.0},{"damage":6.0,"enemies":"Centurion and Healer","floor":24.0,"turns":11.0},{"damage":23.0,"enemies":"Gremlin Leader","floor":28.0,"turns":8.0},{"damage":31.0,"enemies":"Snake Plant","floor":31.0,"turns":3.0},{"damage":44.0,"enemies":"Collector","floor":33.0,"turns":14.0},{"damage":70.0,"enemies":"3 Darklings","floor":35.0,"turns":15.0},{"damage":3.0,"enemies":"3 Shapes","floor":36.0,"turns":10.0},{"damage":46,"enemies":"Jaw Worm Horde","floor":41,"turns":7},{"damage":48,"enemies":"Transient","floor":42,"turns":4}],"seed_played":"-1396334826372346174","potions_obtained":[{"floor":2.0,"key":"Fire Potion"},{"floor":3.0,"key":"Strength Potion"},{"floor":4.0,"key":"Weak Potion"}],"is_trial":false,"path_per_floor":["M","M","M","M","M","R","E","R","T","M","M","E","M","M","R","B",null,"M","?","T","M","$","E","M","R","T","R","E","$","R","M","R","B",null,"M","M","$","?","?","R","M","M"],"character_chosen":"DEFECT","items_purchased":["Sadistic Nature","Pear","Nunchaku","Boot"],"campfire_rested":1,"item_purchase_floors":[22,22,29,37],"current_hp_per_floor":[81,78,73,65,55,55,45,45,45,41,34,19,24,21,45,14,87,82,82,82,84,94,78,81,81,81,81,67,67,76,66,75,52,97,46,57,57,57,57,69,37,0,0],"gold":174,"neow_bonus":"TEN_PERCENT_HP_BONUS","is_daily":false,"chose_seed":false,"campfire_upgraded":7,"win_rate":0.0,"timestamp":1608948128,"path_taken":["M","M","M","M","M","R","E","R","T","M","M","E","M","M","R","BOSS","M","?","?","M","$","E","?","R","T","R","E","?","R","M","R","BOSS","M","M","$","?","?","R","?","M"],"items_purchased_type":["Card","Relic","Relic","Relic"],"build_version":"2020-12-22","purchased_purges":0,"victory":false,"max_hp_per_floor":[82,82,82,82,82,82,82,82,82,82,82,82,82,82,82,82,87,87,87,87,87,97,97,97,97,97,97,97,97,97,97,97,97,97,97,97,97,97,97,97,97,97,97],"card_choices":[{"not_picked":["Crystallizer","Hologram"],"picked":"Sweeping Beam","floor":1.0},{"not_picked":["Rebound","Hologram"],"picked":"Ball Lightning","floor":2.0},{"not_picked":["Lockon","Machine Learning"],"picked":"Conserve Battery","floor":3.0},{"not_picked":["Conserve Battery","Scrape"],"picked":"Sweeping Beam","floor":4.0},{"not_picked":["Go for the Eyes","Time Bomb","Ball Lightning"],"picked":"SKIP","floor":5.0},{"not_picked":["Double Energy","Hello World","Ball Lightning"],"picked":"SKIP","floor":7.0},{"not_picked":["FIFO Queue","ReplayGash","Barrage"],"picked":"SKIP","floor":10.0},{"not_picked":["Redo","Panic Button"],"picked":"Self Repair","floor":11.0},{"not_picked":["Turbo","Steam","Undo"],"picked":"SKIP","floor":12.0},{"not_picked":["Beam Cell","Turbo","Chaos"],"picked":"SKIP","floor":13.0},{"not_picked":["ReplayTheSpireMod:System Scan","Seek","ReplayTheSpireMod:Repulse"],"picked":"SKIP","floor":14.0},{"not_picked":["Amplify","All For One"],"picked":"ReplayTheSpireMod:Fabricate Wheel","floor":16.0},{"not_picked":["Blizzard","Darkness"],"picked":"Glacier","floor":18.0},{"not_picked":["Coolheaded","Glacier","Turbo+1"],"picked":"SKIP","floor":21.0},{"not_picked":["ReplaySolidLightProjector","Cold Snap+1","Steam+1"],"picked":"SKIP","floor":21.0},{"not_picked":["Steam Power","Streamline","Go for the Eyes"],"picked":"SKIP","floor":23.0},{"not_picked":["Reinforced Body","Fission"],"picked":"Defragment","floor":24.0},{"not_picked":["Barrage+1","Aggregate","Hologram"],"picked":"SKIP","floor":24.0},{"not_picked":["Fusion+1","Reinforced Body","Leap"],"picked":"SKIP","floor":28.0},{"not_picked":["Reinforced Body","Leap"],"picked":"Fusion+1","floor":28.0},{"not_picked":["Panic Button","Rebound","Steam"],"picked":"SKIP","floor":31.0},{"not_picked":["Storm+1","Gash","Hello World"],"picked":"SKIP","floor":31.0},{"not_picked":["Reboot","Rainbow"],"picked":"Fission","floor":33.0},{"not_picked":["Skim+1","Go for the Eyes"],"picked":"Leap+1","floor":35.0},{"not_picked":["Turbo","Stack","Genetic Algorithm"],"picked":"SKIP","floor":35.0},{"not_picked":["Skim","Compile Driver+1"],"picked":"Panic Button+1","floor":36.0},{"not_picked":["Conserve Battery","ReplayTheSpireMod:System Scan"],"picked":"BasicCrystalCard+1","floor":36.0},{"not_picked":["Redo","Steam+1"],"picked":"Sunder+1","floor":41},{"not_picked":["Beam Cell","FIFO Queue+1","Sunder"],"picked":"SKIP","floor":41}],"player_experience":19138,"relics_obtained":[{"floor":7.0,"key":"Vajra"},{"floor":9.0,"key":"Oddly Smooth Stone"},{"floor":12.0,"key":"PreservedInsect"},{"floor":20.0,"key":"Mirror"},{"floor":23.0,"key":"Blood Vial"},{"floor":26.0,"key":"Meat on the Bone"},{"floor":28.0,"key":"Eternal Feather"}],"event_choices":[{"damage_healed":0.0,"max_hp_gain":0.0,"max_hp_loss":0.0,"gold_gain":0.0,"event_name":"Ghosts","player_choice":"Ignored","floor":19.0,"gold_loss":0.0,"damage_taken":0.0},{"cards_removed":["Strike_B"],"damage_healed":0,"gold_gain":0,"player_choice":"Removed Attack","damage_taken":0,"max_hp_gain":0,"max_hp_loss":0,"event_name":"Falling","floor":38,"gold_loss":0},{"cards_removed":["Zap"],"damage_healed":0,"gold_gain":0,"player_choice":"Offered Basic","damage_taken":0,"max_hp_gain":0,"max_hp_loss":0,"event_name":"Bonfire Elementals","floor":39,"gold_loss":0}],"is_beta":false,"boss_relics":[{"not_picked":["Cursed Key","Pandora\u0027s Box"],"picked":"Tiny House"},{"not_picked":["ChewingGum","Honey Jar"],"picked":"Replay:Bronze Core"}],"items_purged_floors":[],"is_endless":false,"potions_floor_spawned":[2,3,4,5,11,13,21,23,35],"killed_by":"Transient","ascension_level":0}}