{"host":"enmin8e0t0h2jpek","time":1608993585,"event":{"mods":["AchievementEnabler","BaseMod","Colored Map","Colored Powertips","DeckTracker","Highlight Path","Minty Spire (QoL Compilation)","Quick Restart","Rare Cards Sparkle","Relic Stats","Replay The Spire","Shop Mod","StSLib","SuperFastMode","The Sage","slay the spire mod where everything is the same but ironclad has a cowboy hat"],"gold_per_floor":[115,115,115,115,115,290,45,76,76,103,127,127,127,143,143,157,157,157,157],"floor_reached":18,"playtime":1087,"items_purged":[],"score":116,"play_id":"62905415-1426-4cf2-b30e-967352c58ec2","local_time":"20201226153945","is_ascension_mode":false,"campfire_choices":[{"floor":9,"key":"REST"},{"floor":13,"key":"REST"},{"floor":15,"key":"REST"},{"floor":17,"key":"REST"}],"circlet_count":0,"master_deck":["Strike_R","Strike_R","Strike_R+1","Strike_R","Strike_R","Defend_R","Defend_R+1","Defend_R+1","Defend_R","Twin Strike","Eruption+1","Doubt","Rampage","FollowUp","FollowUp","BowlingBash+1"],"relics":["Replay:M_SmolderingBlood","Bottled Flame","Gremlin Food","ReplayTheSpireMod:Lightbulb","Bronze Scales","Pet Ghost"],"acts_visited":["Exordium"],"potions_floor_usage":[],"damage_taken":[{"damage":2,"enemies":"2 Louse","floor":1,"turns":2},{"damage":67,"enemies":"Lagavulin","floor":8,"turns":4},{"damage":28,"enemies":"Gremlin Nob","floor":10,"turns":3},{"damage":3,"enemies":"Small Slimes","floor":14,"turns":2},{"damage":22,"enemies":"Jaw Worm","floor":16,"turns":2},{"damage":71,"enemies":"Hexaghost","floor":18,"turns":4}],"seed_played":"646211441208850156","potions_obtained":[{"floor":8,"key":"Explosive Potion"},{"floor":14,"key":"Weak Potion"}],"is_trial":false,"path_per_floor":["M","?","?","PTL","PTL","?","$","E","R","E","T","?","R","M","R","M","R","B"],"character_chosen":"IRONCLAD","items_purchased":["Bottled Flame"],"campfire_rested":4,"item_purchase_floors":[7],"current_hp_per_floor":[80,80,85,85,85,85,85,18,43,15,15,12,37,34,59,37,62,0,0],"gold":157,"neow_bonus":"RANDOM_EVENT","is_daily":false,"chose_seed":false,"campfire_upgraded":0,"win_rate":0.0,"timestamp":1608993585,"path_taken":["M","?","?","PTL","PTL","?","?","E","R","E","T","?","R","M","R","M","R","BOSS"],"items_purchased_type":["Relic"],"build_version":"2020-12-22","purchased_purges":0,"victory":false,"max_hp_per_floor":[80,80,85,85,85,85,85,85,85,85,85,85,85,85,85,85,85,85,85],"relic_stats":{"counters":[6,17],"Bronze Scales":[27],"obtain_stats":[{"Gremlin Food":8,"Bottled Flame":7,"Replay:M_SmolderingBlood":2,"Bronze Scales":11,"ReplayTheSpireMod:Lightbulb":10,"Burning Blood":0,"Pet Ghost":12},{"Gremlin Food":2,"Bottled Flame":1,"Replay:M_SmolderingBlood":1,"Bronze Scales":3,"ReplayTheSpireMod:Lightbulb":3,"Burning Blood":0,"Pet Ghost":3},{"Gremlin Food":6,"Bottled Flame":2,"Replay:M_SmolderingBlood":2,"Bronze Scales":9,"ReplayTheSpireMod:Lightbulb":9,"Burning Blood":0,"Pet Ghost":9}]},"card_choices":[{"not_picked":["Sword Boomerang","Feel No Pain"],"picked":"Twin Strike","floor":1},{"not_picked":["Twin Strike","ReplayTheSpireMod:Corrosion Curse"],"picked":"Rampage","floor":8},{"not_picked":["Iron Wave","Thunderclap"],"picked":"FollowUp","floor":10},{"not_picked":["Shrug It Off","Pommel Strike"],"picked":"FollowUp","floor":14},{"not_picked":["Warcry","True Grit"],"picked":"BowlingBash","floor":16}],"player_experience":10782,"relics_obtained":[{"floor":8,"key":"Gremlin Food"},{"floor":10,"key":"ReplayTheSpireMod:Lightbulb"},{"floor":11,"key":"Bronze Scales"}],"event_choices":[{"damage_healed":0,"gold_gain":0,"player_choice":"Grow","damage_taken":0,"max_hp_gain":0,"max_hp_loss":0,"event_name":"Living Wall","floor":0,"gold_loss":0,"cards_upgraded":["Bash"]},{"damage_healed":0,"gold_gain":0,"player_choice":"Donut","damage_taken":0,"max_hp_gain":5,"max_hp_loss":0,"event_name":"Big Fish","floor":3,"gold_loss":0},{"damage_healed":0,"gold_gain":175,"player_choice":"AGREE","damage_taken":0,"max_hp_gain":0,"max_hp_loss":0,"event_name":"Liars Game","floor":6,"gold_loss":0,"cards_obtained":["Doubt"]},{"damage_healed":0,"gold_gain":0,"player_choice":"Success","damage_taken":3,"relics_obtained":["Pet Ghost"],"max_hp_gain":0,"max_hp_loss":0,"event_name":"Scrap Ooze","floor":12,"gold_loss":0}],"is_beta":false,"boss_relics":[],"items_purged_floors":[],"is_endless":false,"potions_floor_spawned":[8,14],"killed_by":"Hexaghost","ascension_level":0}}