{"host":"l0047jjvlunvhvbu","time":1608998703,"event":{"mods":["BaseMod","Colored Map","Colored Powertips","GifTheSpireLib","Minty Spire (QoL Compilation)","Permanent Neow","Quick Restart","StSLib"],"gold_per_floor":[117,131,131,141,141,141,169,187,187,187,201,213,239,514,514,613,613,631,644,656,25,25,25,25,25],"floor_reached":24,"playtime":1696,"items_purged":[],"score":312,"play_id":"f625d833-684b-4a68-9a33-8b5a46cac7c8","local_time":"20201226170503","is_ascension_mode":true,"campfire_choices":[{"floor":6.0,"key":"REST"},{"floor":10.0,"key":"REST"},{"floor":15.0,"key":"REST"},{"floor":23,"key":"REST"}],"circlet_count":0,"master_deck":["AscendersBane","Strike_G+1","Strike_G","Strike_G","Strike_G","Strike_G","Defend_G","Defend_G","Defend_G","Defend_G","Defend_G","Survivor","Neutralize+1","Dagger Spray","Crippling Poison","Bane","Acrobatics","Blur","A Thousand Cuts","Regret","Burst","Riddle With Holes","Catalyst"],"relics":["Ring of the Snake","Bag of Marbles","Orichalcum","Nunchaku","Shuriken","WristBlade","Oddly Smooth Stone","Singing Bowl","Strange Spoon","Bottled Lightning"],"acts_visited":["Exordium","TheCity"],"potions_floor_usage":[24],"damage_taken":[{"damage":1.0,"enemies":"Cultist","floor":1.0,"turns":4.0},{"damage":0.0,"enemies":"2 Louse","floor":2.0,"turns":1.0},{"damage":7.0,"enemies":"Jaw Worm","floor":4.0,"turns":4.0},{"damage":31.0,"enemies":"Gremlin Nob","floor":7.0,"turns":5.0},{"damage":3.0,"enemies":"Looter","floor":8.0,"turns":3.0},{"damage":0.0,"enemies":"Gremlin Gang","floor":11.0,"turns":3.0},{"damage":3.0,"enemies":"Exordium Wildlife","floor":12.0,"turns":4.0},{"damage":19.0,"enemies":"3 Sentries","floor":13.0,"turns":8.0},{"damage":13.0,"enemies":"Slime Boss","floor":16.0,"turns":7.0},{"damage":21,"enemies":"Spheric Guardian","floor":18,"turns":7},{"damage":15,"enemies":"Shell Parasite","floor":19,"turns":6},{"damage":16,"enemies":"Snecko","floor":20,"turns":5},{"damage":51,"enemies":"Gremlin Leader","floor":24,"turns":5}],"seed_played":"-9220542610432622777","potions_obtained":[{"floor":4.0,"key":"CunningPotion"},{"floor":7.0,"key":"Ancient Potion"},{"floor":8.0,"key":"GamblersBrew"},{"floor":13.0,"key":"DuplicationPotion"},{"floor":18,"key":"DistilledChaos"}],"is_trial":false,"path_per_floor":["M","M","$","M","?","R","E","M","T","R","M","M","E","?","R","B",null,"M","M","M","$","T","R","E"],"character_chosen":"THE_SILENT","items_purchased":["Oddly Smooth Stone","Singing Bowl","Strange Spoon","Regen Potion"],"campfire_rested":4,"item_purchase_floors":[21,21,21,21],"current_hp_per_floor":[62,62,62,55,41,62,31,28,28,49,49,46,27,27,48,35,61,40,25,9,9,9,30,0,0],"gold":25,"neow_bonus":"RANDOM_COMMON_RELIC","is_daily":false,"chose_seed":false,"campfire_upgraded":0,"win_rate":0.0,"timestamp":1608998703,"path_taken":["M","?","$","?","?","R","E","M","T","R","M","M","E","?","R","BOSS","M","?","M","$","?","R","E"],"items_purchased_type":["Relic","Relic","Relic","Potion"],"build_version":"2020-12-22","purchased_purges":0,"victory":false,"max_hp_per_floor":[70,70,70,70,70,70,70,70,70,70,70,70,70,70,70,70,70,70,70,70,70,70,70,70,70],"card_choices":[{"not_picked":["Concentrate","Escape Plan"],"picked":"Dagger Spray","floor":1.0},{"not_picked":["Dodge and Roll","PiercingWail"],"picked":"Crippling Poison","floor":2.0},{"not_picked":["Quick Slash","Cloak And Dagger","Slice"],"picked":"SKIP","floor":4.0},{"not_picked":["Blade Dance","Quick Slash"],"picked":"Bane","floor":7.0},{"not_picked":["Backflip","Footwork"],"picked":"Acrobatics","floor":8.0},{"not_picked":["Choke","Leg Sweep"],"picked":"Blur","floor":11.0},{"not_picked":["Flying Knee","Cloak And Dagger","Blur"],"picked":"SKIP","floor":12.0},{"not_picked":["Deadly Poison","Leg Sweep"],"picked":"A Thousand Cuts","floor":13.0},{"not_picked":["Tools of the Trade","Malaise"],"picked":"Burst","floor":16.0},{"not_picked":["All Out Attack","Endless Agony"],"picked":"Riddle With Holes","floor":18},{"not_picked":["Outmaneuver","Dagger Throw"],"picked":"Catalyst","floor":19},{"not_picked":["Accuracy+1","Bane+1","Sucker Punch"],"picked":"SKIP","floor":20}],"player_experience":230923,"relics_obtained":[{"floor":7.0,"key":"Orichalcum"},{"floor":9.0,"key":"Nunchaku"},{"floor":13.0,"key":"Shuriken"},{"floor":22,"key":"Bottled Lightning"}],"event_choices":[{"damage_healed":0.0,"max_hp_gain":0.0,"max_hp_loss":0.0,"gold_gain":0.0,"event_name":"Shining Light","player_choice":"Entered Light","floor":5.0,"gold_loss":0.0,"damage_taken":14.0,"cards_upgraded":["Strike_G","Neutralize"]},{"damage_healed":0.0,"max_hp_gain":0.0,"max_hp_loss":0.0,"gold_gain":275.0,"event_name":"Golden Shrine","player_choice":"Desecrate","floor":14.0,"gold_loss":0.0,"damage_taken":0.0,"cards_obtained":["Regret"]}],"is_beta":false,"boss_relics":[{"not_picked":["Busted Crown","SlaversCollar"],"picked":"WristBlade"}],"items_purged_floors":[],"is_endless":false,"potions_floor_spawned":[4,7,8,13,18],"killed_by":"Gremlin Leader","ascension_level":10}}