{"host":"u0f5uy314yz7olfc","time":1608976445,"event":{"mods":["AchievementEnabler","Aspiration","BaseMod","Better Altar","Better Match","Better Note","Better Sensory Stone","Better Skull","Better Third Choice","BetterRewards","Block Reminder","Colored Map","Colored Powertips","DeckTracker","Dota2Spire","Emptier Cage","Gold Saver","Highlight Path","Hubris","Infinite Spire","Marked Mod","Mimic Mod","Minty Spire (QoL Compilation)","Permanent Neow","Quick Restart","Rare Cards Sparkle","Relic Sorter","Shop Mod","StSLib","The Bladedancer","The Blue Laboratory","Watcher Patcher"],"gold_per_floor":[560,525,525,33,57,57,57,60,60,23,54,77,77,77],"floor_reached":13,"playtime":527,"items_purged":[],"score":81,"play_id":"465b6443-cb81-45b1-a812-9c362f9885a5","local_time":"20201226165405","is_ascension_mode":false,"campfire_choices":[{"floor":7,"key":"RECALL"}],"circlet_count":0,"master_deck":["Strike_B","Strike_B","Strike_B","Strike_B","Defend_B","Defend_B","Defend_B","Defend_B","Zap","Dualcast","Capacitor","Static Discharge","Echo Form","Steam","Redo","Gash","Sweeping Beam","hubris:PowerSurge","Defragment","aspiration:Polymerization","Consume"],"relics":["Cracked Core","MerchantsRug","Golden Idol","PureWater","aspiration:HummingbirdHeart"],"acts_visited":["Exordium"],"potions_floor_usage":[13,13],"damage_taken":[{"damage":10,"enemies":"Cultist","floor":1,"turns":4},{"damage":9,"enemies":"2 Louse","floor":5,"turns":2},{"damage":37,"enemies":"3 Sentries","floor":11,"turns":7},{"damage":1,"enemies":"Small Slimes","floor":12,"turns":3},{"damage":27,"enemies":"Lagavulin","floor":13,"turns":3}],"seed_played":"-1609075560008844520","potions_obtained":[{"floor":11,"key":"blueLaboratory:PyrophylliteBrew"},{"floor":12,"key":"Swift Potion"}],"is_trial":false,"path_per_floor":["M","?","?","$","M","?","R","$","T","$","E","M","E"],"character_chosen":"DEFECT","items_purchased":["Capacitor","MerchantsRug","Echo Form","Steam","aspiration:Nostalgia","Redo","Gash","Lockon","hubris:PowerSurge","Defragment"],"campfire_rested":0,"item_purchase_floors":[0,0,4,4,4,4,4,4,8,10],"current_hp_per_floor":[56,74,69,69,60,60,60,60,60,60,23,22,0,0],"gold":77,"neow_bonus":"","is_daily":false,"chose_seed":false,"campfire_upgraded":0,"win_rate":0.0,"timestamp":1608976445,"path_taken":["M","?","?","$","M","?","R","$","T","$","E","?","E"],"items_purchased_type":["Card","Relic","Card","Card","Relic","Card","Card","Card","Card","Card"],"build_version":"2020-12-22","purchased_purges":0,"victory":false,"max_hp_per_floor":[75,75,69,69,69,69,69,69,69,69,69,69,69,69],"card_choices":[{"not_picked":["Beam Cell","Barrage"],"picked":"Static Discharge","floor":1},{"not_picked":["Melter","Compile Driver"],"picked":"Sweeping Beam","floor":5},{"not_picked":["FTL","Evaluate"],"picked":"aspiration:Polymerization","floor":11},{"not_picked":["Melter","Leap"],"picked":"Consume","floor":12}],"player_experience":315437,"relics_obtained":[{"floor":11,"key":"aspiration:HummingbirdHeart"}],"event_choices":[{"damage_healed":18,"gold_gain":0,"player_choice":"Healed","damage_taken":0,"max_hp_gain":0,"max_hp_loss":0,"event_name":"The Cleric","floor":2,"gold_loss":35},{"damage_healed":0,"gold_gain":0,"player_choice":"Lose Max HP","damage_taken":0,"relics_obtained":["Golden Idol"],"max_hp_gain":0,"max_hp_loss":6,"event_name":"Golden Idol","floor":3,"gold_loss":0},{"cards_removed":["Lockon"],"damage_healed":0,"gold_gain":0,"player_choice":"Purged","damage_taken":0,"max_hp_gain":0,"max_hp_loss":0,"event_name":"Purifier","floor":6,"gold_loss":0}],"is_beta":false,"boss_relics":[],"items_purged_floors":[],"is_endless":false,"potions_floor_spawned":[11,12],"killed_by":"Lagavulin","ascension_level":0}}