{"host":"m9i7qe3hvz6jihjh","time":1608991924,"event":{"mods":["BaseMod","Colored Powertips","Infinite Spire","Minty Spire (QoL Compilation)","Quick Restart","StSLib","The Animator","Waifu the Spire"],"gold_per_floor":[114,114,114,84,9,39,58,58,58,78,27,27,27,2,2,101,101,113,28,0,0],"floor_reached":20,"playtime":456,"items_purged":["Defend_P"],"score":193,"play_id":"7e2d70fb-ffb4-42d5-a3b9-79f6c562db73","local_time":"20201226151204","is_ascension_mode":false,"campfire_choices":[{"data":"Eruption","floor":8,"key":"SMITH"},{"data":"BattleHymn","floor":15,"key":"SMITH"}],"circlet_count":0,"master_deck":["Strike_P","Strike_P","Strike_P+1","Defend_P","Defend_P+1","Defend_P","Eruption+1","Vigilance","MasterReality+1","BattleHymn+1","EmptyBody","WindmillStrike","PathToVictory","PathToVictory","DevaForm"],"relics":["Ring of the Snake","infinitespire:Cubic Diamond","Darkstone Periapt","Matryoshka","SacredBark","infinitespire:Bottled Soul"],"acts_visited":["Exordium","TheCity"],"potions_floor_usage":[7,16,16,20],"damage_taken":[{"damage":1,"enemies":"Jaw Worm","floor":1,"turns":3},{"damage":0,"enemies":"Lagavulin","floor":6,"turns":4},{"damage":0,"enemies":"Small Slimes","floor":7,"turns":2},{"damage":0,"enemies":"2 Louse","floor":10,"turns":2},{"damage":13,"enemies":"The Guardian","floor":16,"turns":6},{"damage":40,"enemies":"3 Byrds","floor":18,"turns":6},{"damage":32,"enemies":"2 Thieves","floor":20,"turns":2}],"seed_played":"2495001455149493569","potions_obtained":[{"floor":1,"key":"BottledMiracle"},{"floor":6,"key":"ColorlessPotion"},{"floor":10,"key":"LiquidBronze"},{"floor":18,"key":"Energy Potion"}],"is_trial":false,"path_per_floor":["M","?","?","?","$","E","M","R","T","M","$","?","?","$","R","B",null,"M","?","M"],"character_chosen":"WATCHER","items_purchased":["PathToVictory","PathToVictory"],"campfire_rested":0,"item_purchase_floors":[11,14],"current_hp_per_floor":[71,71,71,71,71,71,71,71,71,71,71,64,50,50,50,37,72,32,32,0,0],"gold":0,"neow_bonus":"ONE_RANDOM_RARE_CARD","is_daily":false,"chose_seed":false,"campfire_upgraded":2,"win_rate":0.0,"timestamp":1608991924,"path_taken":["M","?","?","?","?","E","?","R","T","M","?","?","?","$","R","BOSS","M","?","M"],"items_purchased_type":["Card","Card"],"build_version":"2020-12-22","purchased_purges":1,"victory":false,"max_hp_per_floor":[72,72,72,72,72,72,72,72,72,72,72,72,72,72,72,72,72,72,72,72,72],"card_choices":[{"not_picked":["Evaluate","FlyingSleeves"],"picked":"BattleHymn","floor":1},{"not_picked":["SignatureMove","Nirvana"],"picked":"EmptyBody","floor":6},{"not_picked":["Consecrate","ThirdEye","EmptyFist"],"picked":"SKIP","floor":7},{"not_picked":["Adaptation","Scrawl"],"picked":"WindmillStrike","floor":10},{"not_picked":["Alpha","SpiritShield"],"picked":"DevaForm","floor":16},{"not_picked":["SignatureMove+1","CutThroughFate","JustLucky"],"picked":"SKIP","floor":18}],"player_experience":881632,"relics_obtained":[{"floor":6,"key":"Darkstone Periapt"},{"floor":9,"key":"Matryoshka"}],"event_choices":[{"damage_healed":0,"gold_gain":0,"player_choice":"Left Gold","damage_taken":0,"max_hp_gain":0,"max_hp_loss":0,"event_name":"World of Goop","floor":4,"gold_loss":30},{"cards_removed":["Strike_P"],"damage_healed":0,"gold_gain":0,"player_choice":"Card Removal","damage_taken":7,"max_hp_gain":0,"max_hp_loss":0,"event_name":"Golden Wing","floor":12,"gold_loss":0},{"damage_healed":0,"gold_gain":0,"player_choice":"Entered Light","damage_taken":14,"max_hp_gain":0,"max_hp_loss":0,"event_name":"Shining Light","floor":13,"gold_loss":0,"cards_upgraded":["Defend_P","Strike_P"]},{"damage_healed":0,"gold_gain":0,"player_choice":"Obtained Relic","damage_taken":0,"relics_obtained":["infinitespire:Bottled Soul"],"max_hp_gain":0,"max_hp_loss":0,"event_name":"Addict","floor":19,"gold_loss":85}],"is_beta":false,"boss_relics":[{"not_picked":["Coffee Dripper","infinitespire:Cupcake"],"picked":"SacredBark"}],"items_purged_floors":[5],"is_endless":false,"potions_floor_spawned":[1,6,10,18],"killed_by":"2 Thieves","ascension_level":0}}