{"host":"phniwng9zo19jwdb","time":1608988244,"event":{"mods":["AchievementEnabler","BaseMod","Colored Powertips","Faster Ascension Climbing","GifTheSpireLib","Minty Spire (QoL Compilation)","Permanent Neow","Quick Restart","Rare Cards Sparkle","StSLib"],"gold_per_floor":[119,135,85,65,80,80,110,126,152,77,112,112,130,161,161,161,161],"floor_reached":16,"playtime":467,"items_purged":["Defend_R"],"score":204,"play_id":"893bf99a-f3c9-42c2-aa19-98a0151a5aad","local_time":"20201226141044","is_ascension_mode":true,"campfire_choices":[{"data":"Pommel Strike","floor":6.0,"key":"SMITH"},{"data":"Seeing Red","floor":15,"key":"SMITH"}],"circlet_count":0,"master_deck":["AscendersBane","Strike_R","Strike_R","Defend_R","Defend_R","Defend_R","Bash","Pommel Strike+1","Seeing Red+1","Clash","Ghostly Armor","Cleave","Iron Wave"],"relics":["Burning Blood","Oddly Smooth Stone","Juzu Bracelet","Happy Flower","Toy Ornithopter"],"acts_visited":["Exordium"],"potions_floor_usage":[14],"damage_taken":[{"damage":8.0,"enemies":"Jaw Worm","floor":1.0,"turns":4.0},{"damage":2.0,"enemies":"2 Louse","floor":2.0,"turns":3.0},{"damage":1.0,"enemies":"Cultist","floor":5.0,"turns":3.0},{"damage":8.0,"enemies":"Gremlin Nob","floor":7.0,"turns":3.0},{"damage":15.0,"enemies":"Exordium Thugs","floor":8.0,"turns":6.0},{"damage":16,"enemies":"Lagavulin","floor":11,"turns":6},{"damage":5,"enemies":"Looter","floor":13,"turns":3},{"damage":10,"enemies":"Gremlin Nob","floor":14,"turns":3},{"damage":42,"enemies":"Slime Boss","floor":16,"turns":6}],"seed_played":"-7471940079218193659","potions_obtained":[{"floor":1.0,"key":"SteroidPotion"},{"floor":4.0,"key":"SpeedPotion"},{"floor":5.0,"key":"Strength Potion"},{"floor":8.0,"key":"FearPotion"},{"floor":14,"key":"SteroidPotion"}],"is_trial":false,"path_per_floor":["M","M","?","?","M","R","E","M","T","$","E","?","M","E","R","B"],"character_chosen":"IRONCLAD","items_purchased":[],"campfire_rested":0,"item_purchase_floors":[],"current_hp_per_floor":[48,52,52,52,57,57,55,46,46,46,36,41,42,38,38,0,0],"gold":161,"neow_bonus":"REMOVE_TWO","is_daily":false,"chose_seed":false,"campfire_upgraded":2,"win_rate":0.0,"timestamp":1608988244,"path_taken":["M","M","?","?","M","R","E","M","T","$","E","?","M","E","R","BOSS"],"items_purchased_type":[],"build_version":"2020-12-22","purchased_purges":1,"victory":false,"max_hp_per_floor":[75,75,75,75,75,75,75,75,75,75,75,80,80,80,80,80,80],"card_choices":[{"not_picked":["Bloodletting","Shrug It Off"],"picked":"Pommel Strike","floor":1.0},{"not_picked":["Searing Blow","Spot Weakness","Perfected Strike"],"picked":"SKIP","floor":2.0},{"not_picked":["Searing Blow","Sword Boomerang"],"picked":"Seeing Red","floor":5.0},{"not_picked":["Headbutt","Body Slam","Wild Strike"],"picked":"SKIP","floor":7.0},{"not_picked":["Feel No Pain","Rage"],"picked":"Clash","floor":8.0},{"not_picked":["Flex","Uppercut"],"picked":"Ghostly Armor","floor":11},{"not_picked":["Wild Strike","Heavy Blade"],"picked":"Cleave","floor":13},{"not_picked":["Sword Boomerang","True Grit"],"picked":"Iron Wave","floor":14}],"player_experience":16128,"relics_obtained":[{"floor":7.0,"key":"Oddly Smooth Stone"},{"floor":9.0,"key":"Juzu Bracelet"},{"floor":11,"key":"Happy Flower"},{"floor":14,"key":"Toy Ornithopter"}],"event_choices":[{"cards_removed":["Strike_R"],"damage_healed":0.0,"max_hp_gain":0.0,"max_hp_loss":0.0,"gold_gain":0.0,"event_name":"The Cleric","player_choice":"Card Removal","floor":3.0,"gold_loss":50.0,"damage_taken":0.0},{"damage_healed":0.0,"max_hp_gain":0.0,"max_hp_loss":0.0,"gold_gain":0.0,"event_name":"The Woman in Blue","player_choice":"Bought 1 Potion","floor":4.0,"gold_loss":0.0,"damage_taken":0.0},{"damage_healed":0,"gold_gain":0,"player_choice":"Donut","damage_taken":0,"max_hp_gain":5,"max_hp_loss":0,"event_name":"Big Fish","floor":12,"gold_loss":0}],"is_beta":false,"boss_relics":[],"items_purged_floors":[10],"is_endless":false,"potions_floor_spawned":[1,5,8,14],"killed_by":"Slime Boss","ascension_level":14}}