{"host":"ayh4nqhr0ddw4ozv","time":1608976181,"event":{"mods":["BaseMod","Minty Spire (QoL Compilation)","Relic Stats","Robot Space Explorer","StSLib"],"gold_per_floor":[115,134,148,167,167,200,200,226,226,226,226],"floor_reached":10,"playtime":437,"items_purged":[],"score":101,"play_id":"185fec09-f717-4c0e-9253-2736e86492c3","local_time":"20201226014941","is_ascension_mode":true,"campfire_choices":[{"data":"RobotSpaceExplorer:LaserBurst","floor":7.0,"key":"SMITH"}],"circlet_count":0,"master_deck":["RobotSpaceExplorer:Strike","RobotSpaceExplorer:Strike","RobotSpaceExplorer:Strike","RobotSpaceExplorer:Strike","RobotSpaceExplorer:Defend","RobotSpaceExplorer:Defend","RobotSpaceExplorer:Defend","RobotSpaceExplorer:Defend","RobotSpaceExplorer:Scan","RobotSpaceExplorer:MiniLasers","RobotSpaceExplorer:FrostMissile","RobotSpaceExplorer:FreezingShield","RobotSpaceExplorer:LaserBurst+1","RobotSpaceExplorer:FranticSearch","RobotSpaceExplorer:Electropulse","RobotSpaceExplorer:Multitool"],"relics":["Sozu","The Courier","StoneCalendar","Sundial","Bottled Lightning"],"acts_visited":["Exordium"],"potions_floor_usage":[],"damage_taken":[{"damage":0.0,"enemies":"Cultist","floor":1.0,"turns":4.0},{"damage":0.0,"enemies":"2 Louse","floor":2.0,"turns":3.0},{"damage":2.0,"enemies":"Jaw Worm","floor":3.0,"turns":4.0},{"damage":3.0,"enemies":"Blue Slaver","floor":4.0,"turns":4.0},{"damage":28.0,"enemies":"3 Sentries","floor":6.0,"turns":12.0},{"damage":14.0,"enemies":"Lagavulin","floor":8.0,"turns":5.0},{"damage":21,"enemies":"Gremlin Nob","floor":10,"turns":3}],"seed_played":"2154034200838995266","potions_obtained":[],"is_trial":false,"path_per_floor":["M","M","M","M","T","E","R","E","T","E"],"character_chosen":"RobotSpaceExplorer","items_purchased":[],"campfire_rested":0,"item_purchase_floors":[],"current_hp_per_floor":[68,68,66,63,63,35,35,21,21,0,0],"gold":226,"neow_bonus":"BOSS_RELIC","is_daily":false,"chose_seed":false,"campfire_upgraded":1,"win_rate":0.0,"timestamp":1608976181,"path_taken":["M","M","M","M","?","E","R","E","T","E"],"items_purchased_type":[],"build_version":"2020-12-22","purchased_purges":0,"victory":false,"max_hp_per_floor":[75,75,75,75,75,75,75,75,75,75,75],"relic_stats":{"Sozu":4,"counters":[7,35],"Sundial":[0],"StoneCalendar":[0],"obtain_stats":[{"Sozu":0,"Sundial":8,"RobotSpaceExplorer:RoboCore":0,"StoneCalendar":6,"The Courier":5,"Bottled Lightning":9},{"Sozu":0,"Sundial":6,"RobotSpaceExplorer:RoboCore":0,"StoneCalendar":5,"The Courier":4,"Bottled Lightning":6},{"Sozu":0,"Sundial":32,"RobotSpaceExplorer:RoboCore":0,"StoneCalendar":27,"The Courier":15,"Bottled Lightning":32}]},"card_choices":[{"not_picked":["RobotSpaceExplorer:SelfCleaning","RobotSpaceExplorer:Counterblock"],"picked":"RobotSpaceExplorer:FrostMissile","floor":1.0},{"not_picked":["RobotSpaceExplorer:LaserBurst","RobotSpaceExplorer:DualCore"],"picked":"RobotSpaceExplorer:FreezingShield","floor":2.0},{"not_picked":["RobotSpaceExplorer:ShockKick","RobotSpaceExplorer:FrostMissile"],"picked":"RobotSpaceExplorer:LaserBurst","floor":3.0},{"not_picked":["RobotSpaceExplorer:SlimeMissile","RobotSpaceExplorer:ShockKick"],"picked":"RobotSpaceExplorer:FranticSearch","floor":4.0},{"not_picked":["RobotSpaceExplorer:FrostMissile","RobotSpaceExplorer:GlueShot"],"picked":"RobotSpaceExplorer:Electropulse","floor":6.0},{"not_picked":["RobotSpaceExplorer:Probe","RobotSpaceExplorer:JunkDive"],"picked":"RobotSpaceExplorer:Multitool","floor":8.0}],"player_experience":232919,"relics_obtained":[{"floor":5.0,"key":"The Courier"},{"floor":6.0,"key":"StoneCalendar"},{"floor":8.0,"key":"Sundial"},{"floor":9.0,"key":"Bottled Lightning"}],"event_choices":[],"is_beta":false,"boss_relics":[],"items_purged_floors":[],"is_endless":false,"potions_floor_spawned":[1,3,4,6],"killed_by":"Gremlin Nob","ascension_level":6}}