{"host":"phniwng9zo19jwdb","time":1608991392,"event":{"mods":["AchievementEnabler","BaseMod","Colored Powertips","Faster Ascension Climbing","GifTheSpireLib","Minty Spire (QoL Compilation)","Permanent Neow","Quick Restart","Rare Cards Sparkle","StSLib"],"gold_per_floor":[117,117,132,152,72,72,98,98,123,151,164,182,182,215,215,289,289,299,33,83,83,83,135,135,187,187,187,6,39,84,136,136,213,213,271,305,38,38,38,38,38],"floor_reached":40,"playtime":1427,"items_purged":["Strike_R","Strike_R+1"],"score":782,"play_id":"ec5e3e64-700e-4f41-83d5-991af0d5c7c3","local_time":"20201226150312","is_ascension_mode":true,"campfire_choices":[{"data":"Metallicize","floor":6.0,"key":"SMITH"},{"data":"Seeing Red","floor":8.0,"key":"SMITH"},{"data":"Immolate","floor":15.0,"key":"SMITH"},{"data":"Berserk","floor":32.0,"key":"SMITH"}],"circlet_count":0,"master_deck":["AscendersBane","Strike_R+1","Strike_R+1","Defend_R+1","Defend_R+1","Defend_R+1","Defend_R+1","Bash","Juggernaut+1","Cleave","Iron Wave","Seeing Red+1","Metallicize+1","Iron Wave","Flame Barrier","Immolate+1","Berserk+1","Flame Barrier","HandOfGreed","J.A.X.","Shrug It Off","Secret Weapon+1","Iron Wave","Battle Trance+1","Evolve","Barricade","True Grit+1","True Grit+1","Deep Breath+1","Impervious+1","Berserk+1","Finesse+1","Finesse+1","Apotheosis+1"],"relics":["Black Blood","Oddly Smooth Stone","Juzu Bracelet","Regal Pillow","Bird Faced Urn","Letter Opener","Runic Pyramid","Lantern","Shuriken","Anchor","Toxic Egg 2","Happy Flower"],"acts_visited":["Exordium","TheCity","TheBeyond"],"potions_floor_usage":[],"damage_taken":[{"damage":8.0,"enemies":"2 Louse","floor":1.0,"turns":4.0},{"damage":11.0,"enemies":"Cultist","floor":3.0,"turns":4.0},{"damage":0.0,"enemies":"Small Slimes","floor":4.0,"turns":3.0},{"damage":7.0,"enemies":"Lagavulin","floor":7.0,"turns":7.0},{"damage":10.0,"enemies":"3 Sentries","floor":10.0,"turns":5.0},{"damage":8.0,"enemies":"Exordium Thugs","floor":11.0,"turns":4.0},{"damage":0.0,"enemies":"Blue Slaver","floor":12.0,"turns":3.0},{"damage":8.0,"enemies":"Gremlin Nob","floor":14.0,"turns":5.0},{"damage":10.0,"enemies":"Slime Boss","floor":16.0,"turns":8.0},{"damage":0.0,"enemies":"Chosen","floor":18.0,"turns":4.0},{"damage":28.0,"enemies":"Book of Stabbing","floor":23.0,"turns":6.0},{"damage":16.0,"enemies":"Gremlin Leader","floor":25.0,"turns":6.0},{"damage":6.0,"enemies":"3 Byrds","floor":29.0,"turns":3.0},{"damage":9.0,"enemies":"3 Cultists","floor":30.0,"turns":6.0},{"damage":25.0,"enemies":"Slavers","floor":31.0,"turns":5.0},{"damage":27.0,"enemies":"Champ","floor":33.0,"turns":11.0},{"damage":5.0,"enemies":"3 Shapes","floor":35.0,"turns":8.0},{"damage":8.0,"enemies":"Orb Walker","floor":36.0,"turns":3.0},{"damage":68,"enemies":"Reptomancer","floor":40,"turns":2}],"seed_played":"2487110104336364107","potions_obtained":[{"floor":3.0,"key":"AttackPotion"},{"floor":4.0,"key":"Block Potion"},{"floor":7.0,"key":"Ancient Potion"},{"floor":16.0,"key":"BlessingOfTheForge"},{"floor":25.0,"key":"BlessingOfTheForge"},{"floor":30.0,"key":"ColorlessPotion"},{"floor":35.0,"key":"Explosive Potion"},{"floor":36.0,"key":"Fruit Juice"}],"is_trial":false,"path_per_floor":["M","?","M","M","$","R","E","R","T","E","M","M","?","E","R","B",null,"M","$","T","?","?","E","?","E","T","$","$","M","M","E","R","B",null,"M","M","$","?","?","E"],"character_chosen":"IRONCLAD","items_purchased":["Metallicize","HandOfGreed","Secret Weapon+1","Deep Breath+1","Impervious+1"],"campfire_rested":0,"item_purchase_floors":[5,19,28,37,37],"current_hp_per_floor":[66,66,61,67,67,67,66,66,66,62,60,66,66,68,68,64,67,68,68,68,68,68,48,48,44,44,44,44,48,47,34,34,21,56,68,73,73,73,63,0,0],"gold":38,"neow_bonus":"THREE_RARE_CARDS","is_daily":false,"chose_seed":false,"campfire_upgraded":4,"win_rate":0.0,"timestamp":1608991392,"path_taken":["M","?","M","?","$","R","E","R","T","E","M","M","?","E","R","BOSS","M","$","?","?","?","E","?","E","T","?","$","M","M","E","R","BOSS","M","M","$","?","?","E"],"items_purchased_type":["Card","Card","Card","Card","Card"],"build_version":"2020-12-22","purchased_purges":2,"victory":false,"max_hp_per_floor":[68,68,68,68,68,68,68,68,68,68,68,68,68,68,68,68,68,68,68,68,68,68,68,68,68,68,68,68,68,68,68,68,68,68,68,73,73,73,73,73,73],"card_choices":[{"not_picked":["Brutality","Berserk"],"picked":"Juggernaut","floor":0.0},{"not_picked":["Perfected Strike","Infernal Blade"],"picked":"Cleave","floor":1.0},{"not_picked":["Shrug It Off","Blood for Blood"],"picked":"Iron Wave","floor":3.0},{"not_picked":["Anger","Clothesline"],"picked":"Seeing Red","floor":4.0},{"not_picked":["Inflame","Fiend Fire"],"picked":"Iron Wave","floor":7.0},{"not_picked":["Cleave","Anger","Wild Strike"],"picked":"SKIP","floor":10.0},{"not_picked":["Disarm","Perfected Strike"],"picked":"Flame Barrier","floor":11.0},{"not_picked":["Thunderclap","Heavy Blade","Shockwave"],"picked":"SKIP","floor":12.0},{"not_picked":["Evolve","Perfected Strike"],"picked":"Immolate","floor":14.0},{"not_picked":["Exhume","Demon Form"],"picked":"Berserk","floor":16.0},{"not_picked":["Wild Strike","Feel No Pain"],"picked":"Flame Barrier","floor":18.0},{"not_picked":["Uppercut","Wild Strike","Battle Trance"],"picked":"SKIP","floor":23.0},{"not_picked":["Thunderclap","Shockwave"],"picked":"Shrug It Off","floor":25.0},{"not_picked":["Thunderclap","Cleave"],"picked":"Iron Wave","floor":29.0},{"not_picked":["Flex+1","Sword Boomerang"],"picked":"Battle Trance+1","floor":30.0},{"not_picked":["Twin Strike","Body Slam"],"picked":"Evolve","floor":31.0},{"not_picked":["Corruption","Double Tap+1"],"picked":"Barricade","floor":33.0},{"not_picked":["Reckless Charge+1","Twin Strike"],"picked":"True Grit+1","floor":35.0},{"not_picked":["Heavy Blade","Warcry+1"],"picked":"True Grit+1","floor":36.0},{"not_picked":["Madness+1","Purity+1"],"picked":"Finesse+1","floor":39},{"not_picked":["Discovery+1","Purity+1"],"picked":"Finesse+1","floor":39},{"not_picked":["Finesse+1","Madness+1"],"picked":"Apotheosis+1","floor":39}],"player_experience":18032,"relics_obtained":[{"floor":7.0,"key":"Oddly Smooth Stone"},{"floor":9.0,"key":"Juzu Bracelet"},{"floor":10.0,"key":"Regal Pillow"},{"floor":14.0,"key":"Letter Opener"},{"floor":20.0,"key":"Lantern"},{"floor":23.0,"key":"Shuriken"},{"floor":25.0,"key":"Anchor"},{"floor":26.0,"key":"Toxic Egg 2"},{"floor":31.0,"key":"Happy Flower"}],"event_choices":[{"damage_healed":0.0,"max_hp_gain":0.0,"max_hp_loss":0.0,"gold_gain":0.0,"event_name":"Upgrade Shrine","player_choice":"Upgraded","floor":2.0,"gold_loss":0.0,"damage_taken":0.0,"cards_upgraded":["Juggernaut"]},{"damage_healed":0.0,"max_hp_gain":0.0,"max_hp_loss":0.0,"gold_gain":0.0,"event_name":"WeMeetAgain","player_choice":"Gave Potion","floor":13.0,"gold_loss":0.0,"damage_taken":0.0,"relics_obtained":["Bird Faced Urn"]},{"damage_healed":0.0,"max_hp_gain":0.0,"max_hp_loss":0.0,"gold_gain":0.0,"event_name":"Back to Basics","player_choice":"Simplicity","floor":21.0,"gold_loss":0.0,"damage_taken":0.0,"cards_upgraded":["Strike_R","Strike_R","Strike_R","Strike_R","Defend_R","Defend_R","Defend_R","Defend_R"]},{"damage_healed":0.0,"max_hp_gain":0.0,"max_hp_loss":0.0,"gold_gain":0.0,"event_name":"Drug Dealer","player_choice":"Obtain J.A.X.","floor":22.0,"gold_loss":0.0,"damage_taken":0.0,"cards_obtained":["J.A.X."]},{"cards_removed":["Strike_R"],"damage_healed":0.0,"max_hp_gain":0.0,"max_hp_loss":0.0,"gold_gain":0.0,"event_name":"Purifier","player_choice":"Purged","floor":24.0,"gold_loss":0.0,"damage_taken":0.0},{"damage_healed":0,"gold_gain":0,"player_choice":"Copied","damage_taken":0,"max_hp_gain":0,"max_hp_loss":0,"event_name":"Duplicator","floor":38,"gold_loss":0,"cards_obtained":["Berserk"]},{"damage_healed":0,"gold_gain":0,"player_choice":"Memory 3","damage_taken":10,"max_hp_gain":0,"max_hp_loss":0,"event_name":"SensoryStone","floor":39,"gold_loss":0}],"is_beta":false,"boss_relics":[{"not_picked":["Calling Bell","Tiny House"],"picked":"Runic Pyramid"},{"not_picked":["Black Star","Astrolabe"],"picked":"Black Blood"}],"items_purged_floors":[19,37],"is_endless":false,"potions_floor_spawned":[3,4,7,16,25,29,30,35,36],"killed_by":"Reptomancer","ascension_level":14}}