{"host":"ab2s6ezjqdgtrlyf","time":1608995297,"event":{"mods":["BaseMod","Colored Map","Downfall","Highlight Path","Marked Mod","Minty Spire (QoL Compilation)","Quick Restart","Relic Stats","Spicy Shops","StSLib","Waifu the Spire","vexMod","¡¾ÒÅÎï¿¨ÅÆ¡¿REMEMod"],"gold_per_floor":[215,215,215,165,16,16,30,30,30,30,45,58,76,76,76,206,206,227,261,261,261],"floor_reached":20,"playtime":714,"items_purged":["Strike_B"],"score":203,"play_id":"e66c92a5-528b-48b6-ac78-2eae4e9df995","local_time":"20201226230817","is_ascension_mode":true,"campfire_choices":[{"data":"Sweeping Beam","floor":6,"key":"SMITH"},{"data":"Zap","floor":8,"key":"SMITH"},{"data":"Chill","floor":10,"key":"SMITH"},{"data":"Ball Lightning","floor":15,"key":"SMITH"}],"circlet_count":0,"master_deck":["Strike_B","Strike_B","Defend_B","Defend_B","Defend_B","Defend_B","Zap+1","Dualcast","Sweeping Beam+1","Chill+1","Ball Lightning+1","Rainbow","Redo"],"relics":["Cracked Core","REME_ComplimentaryCards","Golden Idol","REME_LimitBreaker","Cables","SlaversCollar","Red Mask"],"acts_visited":["Exordium","TheCity"],"potions_floor_usage":[19],"damage_taken":[{"damage":2.0,"enemies":"2 Louse","floor":1.0,"turns":2.0},{"damage":0,"enemies":"Jaw Worm","floor":7,"turns":3},{"damage":1,"enemies":"Small Slimes","floor":11,"turns":4},{"damage":0,"enemies":"3 Louse","floor":12,"turns":2},{"damage":0,"enemies":"2 Fungi Beasts","floor":13,"turns":3},{"damage":29,"enemies":"The Guardian","floor":16,"turns":11},{"damage":15,"enemies":"3 Byrds","floor":18,"turns":4},{"damage":24,"enemies":"Masked Bandits","floor":19,"turns":4},{"damage":2,"enemies":"Chosen","floor":20,"turns":3}],"seed_played":"-3030440862529324771","potions_obtained":[{"floor":11,"key":"SkillPotion"},{"floor":13,"key":"Ancient Potion"},{"floor":16,"key":"LiquidBronze"},{"floor":18,"key":"SkillPotion"}],"is_trial":false,"path_per_floor":["M","?","$","?","$","R","M","R","T","R","M","M","M","?","R","B",null,"M","?","M"],"character_chosen":"DEFECT","items_purchased":["Chill"],"campfire_rested":0,"item_purchase_floors":[5],"current_hp_per_floor":[73,69,69,69,69,69,69,69,69,69,68,68,68,65,65,36,61,46,22,20,20],"gold":261,"neow_bonus":"HUNDRED_GOLD","is_daily":false,"chose_seed":false,"campfire_upgraded":4,"win_rate":0.0,"timestamp":1608995297,"path_taken":["M","?","$","?","$","R","M","R","T","R","M","M","M","?","R","BOSS","M","?","M"],"items_purchased_type":["Card"],"build_version":"2020-12-22","purchased_purges":1,"victory":false,"max_hp_per_floor":[75,69,69,69,69,69,69,69,69,69,69,69,69,69,69,69,69,69,69,69,69],"relic_stats":{"counters":[9,36],"Golden Idol":50,"obtain_stats":[{"SlaversCollar":17,"Golden Idol":2,"Red Mask":19,"REME_LimitBreaker":9,"Cracked Core":0,"REME_ComplimentaryCards":0,"Cables":14},{"SlaversCollar":6,"Golden Idol":1,"Red Mask":8,"REME_LimitBreaker":2,"Cracked Core":0,"REME_ComplimentaryCards":0,"Cables":5},{"SlaversCollar":25,"Golden Idol":2,"Red Mask":33,"REME_LimitBreaker":5,"Cracked Core":0,"REME_ComplimentaryCards":0,"Cables":14}],"Cables":[19,12,6,1,0]},"card_choices":[{"not_picked":["Cold Snap","Streamline"],"picked":"Sweeping Beam","floor":1.0},{"not_picked":["Lockon","Coolheaded","Double Energy"],"picked":"SKIP","floor":7},{"not_picked":["Double Energy","Gash","Compile Driver"],"picked":"SKIP","floor":11},{"not_picked":["Barrage","Beam Cell"],"picked":"Ball Lightning","floor":12},{"not_picked":["Streamline","Melter","Chill"],"picked":"SKIP","floor":13},{"not_picked":["REME_Shoggoth","Machine Learning"],"picked":"Rainbow","floor":16},{"not_picked":["Stack","Barrage","Rip and Tear"],"picked":"SKIP","floor":18},{"not_picked":["Skim","Conserve Battery"],"picked":"Redo","floor":19}],"player_experience":644985,"relics_obtained":[{"floor":9,"key":"REME_LimitBreaker"},{"floor":19,"key":"Red Mask"}],"event_choices":[{"damage_healed":0.0,"max_hp_gain":0.0,"max_hp_loss":6.0,"gold_gain":0.0,"event_name":"Golden Idol","player_choice":"Lose Max HP","floor":2.0,"gold_loss":0.0,"damage_taken":0.0,"relics_obtained":["Golden Idol"]},{"cards_removed":["Strike_B"],"damage_healed":0,"gold_gain":0,"player_choice":"Card Removal","damage_taken":0,"max_hp_gain":0,"max_hp_loss":0,"event_name":"The Cleric","floor":4,"gold_loss":50},{"damage_healed":0,"gold_gain":0,"player_choice":"Success","damage_taken":3,"relics_obtained":["Cables"],"max_hp_gain":0,"max_hp_loss":0,"event_name":"Scrap Ooze","floor":14,"gold_loss":0},{"damage_healed":0,"gold_gain":0,"player_choice":"Fought Bandits","damage_taken":0,"max_hp_gain":0,"max_hp_loss":0,"event_name":"Masked Bandits","floor":19,"gold_loss":0}],"is_beta":false,"boss_relics":[{"not_picked":["Ectoplasm","vexMod:MegatonBomb"],"picked":"SlaversCollar"}],"items_purged_floors":[5],"is_endless":false,"potions_floor_spawned":[11,13,16,18],"killed_by":"Chosen","ascension_level":5}}