{"host":"kw4o7b3ro2ktmmbe","time":1608983707,"event":{"mods":["BaseMod","Evolution","Fireblade Mod","Minty Spire (QoL Compilation)","StSLib","Treasure Hunter"],"gold_per_floor":[158,158,83,98,98,98,123,143,222,77,96,127,139,158,158,264,264,275,275,27,27,27,57,57,156,156,156,175,195,195,195,195,303,303,317,317,317,317,373,373,373,409,409,409,436,458,475,480,480],"floor_reached":48,"playtime":3059,"items_purged":["Pain"],"score":590,"play_id":"ea032aad-31ea-4ac2-84e2-98bcec523dbd","local_time":"20201227005507","is_ascension_mode":true,"campfire_choices":[{"data":"FireBladeMod:SpinningSmash","floor":6.0,"key":"SMITH"},{"floor":15.0,"key":"REST"},{"data":"FireBladeMod:Accelerant","floor":24.0,"key":"SMITH"},{"data":"FireBladeMod:BattleMage","floor":27.0,"key":"SMITH"},{"floor":32.0,"key":"REST"},{"data":"FireBladeMod:HealthyEndurance","floor":41.0,"key":"SMITH"},{"floor":44.0,"key":"REST"}],"circlet_count":0,"master_deck":["FireBladeMod:ComboSlashes","FireBladeMod:ComboSlashes","FireBladeMod:StrikeFireBlade","FireBladeMod:StrikeFireBlade","FireBladeMod:DefendFireBlade","FireBladeMod:DefendFireBlade","FireBladeMod:DefendFireBlade","FireBladeMod:DefendFireBlade","FireBladeMod:FlamingSword","FireBladeMod:FireBarrier","FireBladeMod:SpinningSmash+1","FireBladeMod:RapidDodges","TH:CopperCoins","FireBladeMod:Accelerant+1","TH:CursedSword","FireBladeMod:AbsorbEnergy","TH:ElvenBoots","FireBladeMod:ComboCleave","FireBladeMod:Speed","TH:PixieDust","FireBladeMod:BattleMage+1","FireBladeMod:RollWithTheBlow","FireBladeMod:ThirdDegree","TH:ElvenBoots","FireBladeMod:SteadyEndurance+1","TH:CopperCoins+1","FireBladeMod:HealthyEndurance+1","FireBladeMod:SpinningSmash+1","TH:BikiniMail+1","FireBladeMod:EternalEndurance","FireBladeMod:SteadyEndurance+1","TH:PixieDust+1","Panacea","TH:ElvenBoots+1","FireBladeMod:ComboSlashes+1","TH:ElvenBoots+1","FireBladeMod:FinalSmash","TH:CopperCoins+1","TH:TreasureMap+1","FireBladeMod:GetPumped+1","FireBladeMod:SmokySwing"],"relics":["FireBladeMod:DuelistLocket","EVO:Axolotl","Centennial Puzzle","WarpedTongs","Akabeko","Matryoshka","Vajra","Calipers","Philosopher\u0027s Stone","Blue Candle","MutagenicStrength","StrikeDummy","InkBottle","TH:Anvil","Enchiridion","SacredBark","Peace Pipe","Pantograph","Oddly Smooth Stone","Toxic Egg 2","FireBladeMod:WheyBottle"],"acts_visited":["Exordium","TheCity","TheBeyond"],"potions_floor_usage":[47],"damage_taken":[{"damage":5.0,"enemies":"Small Slimes","floor":1.0,"turns":3.0},{"damage":1.0,"enemies":"Cultist","floor":4.0,"turns":3.0},{"damage":15.0,"enemies":"Lagavulin","floor":7.0,"turns":7.0},{"damage":0.0,"enemies":"2 Louse","floor":8.0,"turns":2.0},{"damage":0.0,"enemies":"Large Slime","floor":11.0,"turns":3.0},{"damage":9.0,"enemies":"3 Sentries","floor":12.0,"turns":5.0},{"damage":0.0,"enemies":"3 Louse","floor":13.0,"turns":1.0},{"damage":0.0,"enemies":"Exordium Wildlife","floor":14.0,"turns":1.0},{"damage":43.0,"enemies":"Hexaghost","floor":16.0,"turns":8.0},{"damage":0.0,"enemies":"3 Byrds","floor":18.0,"turns":3.0},{"damage":21.0,"enemies":"Slavers","floor":23.0,"turns":3.0},{"damage":6.0,"enemies":"Shell Parasite","floor":28.0,"turns":4.0},{"damage":16.0,"enemies":"Snake Plant","floor":29.0,"turns":4.0},{"damage":36.0,"enemies":"Champ","floor":33.0,"turns":8.0},{"damage":3.0,"enemies":"Orb Walker","floor":35.0,"turns":4.0},{"damage":1.0,"enemies":"Mind Bloom Boss Battle","floor":39.0,"turns":5.0},{"damage":0.0,"enemies":"Reptomancer","floor":40.0,"turns":1.0},{"damage":59.0,"enemies":"Nemesis","floor":42.0,"turns":9.0},{"damage":16.0,"enemies":"3 Darklings","floor":46.0,"turns":8.0},{"damage":4,"enemies":"Sphere and 2 Shapes","floor":47,"turns":4},{"damage":36,"enemies":"Transient","floor":48,"turns":3}],"seed_played":"8701119951969843188","potions_obtained":[{"floor":4.0,"key":"SneckoOil"},{"floor":12.0,"key":"Fruit Juice"},{"floor":13.0,"key":"Dexterity Potion"},{"floor":14.0,"key":"SpeedPotion"},{"floor":19.0,"key":"EntropicBrew"},{"floor":29.0,"key":"DistilledChaos"},{"floor":33.0,"key":"SneckoOil"},{"floor":35.0,"key":"BlessingOfTheForge"},{"floor":39.0,"key":"SmokeBomb"},{"floor":46.0,"key":"BlessingOfTheForge"}],"is_trial":false,"path_per_floor":["M","?","$","M","?","R","E","M","T","$","M","E","M","M","R","B",null,"M","?","$","?","?","E","R","?","T","R","M","M","$","?","R","B",null,"M","?","?","?","?","E","R","E","T","R","T","M","M","M"],"character_chosen":"THE_FIREBLADE","items_purchased":["Vajra","Blue Candle"],"campfire_rested":3,"item_purchase_floors":[10,20],"current_hp_per_floor":[65,65,65,64,69,69,54,54,54,54,54,50,50,50,74,31,80,80,80,80,80,80,59,59,59,59,59,53,45,45,29,53,23,80,80,70,70,70,75,75,75,24,24,48,48,40,36,0,0],"gold":480,"neow_bonus":"RANDOM_COMMON_RELIC","is_daily":false,"chose_seed":false,"campfire_upgraded":4,"win_rate":0.0,"timestamp":1608983707,"path_taken":["M","?","?","M","?","R","E","M","T","$","M","E","M","M","R","BOSS","M","?","?","?","?","E","R","?","T","R","M","M","$","?","R","BOSS","M","?","?","?","?","E","R","E","T","R","?","M","M","M"],"items_purchased_type":["Relic","Relic"],"build_version":"2020-12-22","purchased_purges":1,"victory":false,"max_hp_per_floor":[70,70,70,70,75,75,75,75,75,75,75,80,80,80,80,80,80,80,80,80,80,80,80,80,80,80,80,80,80,80,80,80,80,80,80,80,80,80,80,80,80,80,80,80,80,80,80,80,80],"card_choices":[{"not_picked":["FireBladeMod:ComplexDefense","FireBladeMod:StingingSlash"],"picked":"FireBladeMod:SpinningSmash","floor":1.0},{"not_picked":["FireBladeMod:BackhandSwing","FireBladeMod:Robust"],"picked":"FireBladeMod:RapidDodges","floor":4.0},{"not_picked":["TH:EnergyPotion"],"picked":"TH:CopperCoins","floor":7.0},{"not_picked":["FireBladeMod:SmashingEndurance","FireBladeMod:Turtle"],"picked":"FireBladeMod:Accelerant","floor":7.0},{"not_picked":["FireBladeMod:StingingSlash","FireBladeMod:WellPrepared"],"picked":"FireBladeMod:ComboCleave","floor":8.0},{"not_picked":["TH:Mimic"],"picked":"TH:CursedSword","floor":9.0},{"not_picked":["FireBladeMod:StunningBlow","FireBladeMod:Reposition"],"picked":"FireBladeMod:AbsorbEnergy","floor":11.0},{"not_picked":["TH:EnergyPotion"],"picked":"TH:ElvenBoots","floor":12.0},{"not_picked":["FireBladeMod:SmashingEndurance","FireBladeMod:EruptionSlash"],"picked":"FireBladeMod:ComboCleave","floor":12.0},{"not_picked":["FireBladeMod:BackhandSwing","FireBladeMod:Unbalance"],"picked":"FireBladeMod:Speed","floor":13.0},{"not_picked":["FireBladeMod:SpinningSmash","FireBladeMod:FerventSlash","FireBladeMod:SoulStrike"],"picked":"SKIP","floor":14.0},{"not_picked":["TH:EnergyPotion"],"picked":"TH:PixieDust","floor":16.0},{"not_picked":["FireBladeMod:Ignition","FireBladeMod:HellFire"],"picked":"FireBladeMod:BattleMage","floor":16.0},{"not_picked":["FireBladeMod:AdrenalineBoost","FireBladeMod:SpinningSmash"],"picked":"FireBladeMod:RollWithTheBlow","floor":18.0},{"not_picked":["TH:Mimic"],"picked":"TH:ElvenBoots","floor":23.0},{"not_picked":["FireBladeMod:AdrenalineBoost","FireBladeMod:ScorchingCleave"],"picked":"FireBladeMod:SteadyEndurance+1","floor":23.0},{"not_picked":["TH:DeckOfManyThings"],"picked":"TH:CopperCoins","floor":26.0},{"not_picked":["FireBladeMod:BackhandSwing","FireBladeMod:StunningBlow+1"],"picked":"FireBladeMod:HealthyEndurance","floor":28.0},{"not_picked":["FireBladeMod:StunningBlow","FireBladeMod:ComboCleave"],"picked":"FireBladeMod:SpinningSmash+1","floor":29.0},{"not_picked":["TH:DeckOfManyThings"],"picked":"TH:BikiniMail","floor":33.0},{"not_picked":["FireBladeMod:DebilitatingBlow","FireBladeMod:Ignition"],"picked":"FireBladeMod:EternalEndurance","floor":33.0},{"not_picked":["FireBladeMod:IronEndurance+1","FireBladeMod:DoubleDash"],"picked":"FireBladeMod:SteadyEndurance+1","floor":35.0},{"not_picked":["Chrysalis","Purity"],"picked":"TH:PixieDust","floor":36.0},{"not_picked":["Swift Strike","Good Instincts"],"picked":"Panacea","floor":36.0},{"not_picked":["Flash of Steel","Chrysalis"],"picked":"TH:ElvenBoots","floor":36.0},{"not_picked":["FireBladeMod:IronEndurance","FireBladeMod:FerventSlash+1"],"picked":"FireBladeMod:ComboSlashes+1","floor":39.0},{"not_picked":["TH:EnergyPotion"],"picked":"TH:ElvenBoots","floor":42.0},{"not_picked":["FireBladeMod:Turtle+1","FireBladeMod:Tempo"],"picked":"FireBladeMod:FinalSmash","floor":42.0},{"not_picked":["TH:Mimic"],"picked":"TH:CopperCoins","floor":43.0},{"not_picked":["TH:PixieDust"],"picked":"TH:TreasureMap","floor":45.0},{"not_picked":["FireBladeMod:StunningBlow+1","FireBladeMod:ComboSlashes"],"picked":"FireBladeMod:GetPumped+1","floor":46.0},{"not_picked":["FireBladeMod:BasicSmash","FireBladeMod:Shove+1"],"picked":"FireBladeMod:SmokySwing","floor":47}],"player_experience":1804230,"relics_obtained":[{"floor":7.0,"key":"Akabeko"},{"floor":9.0,"key":"Matryoshka"},{"floor":12.0,"key":"Calipers"},{"floor":23.0,"key":"StrikeDummy"},{"floor":26.0,"key":"InkBottle"},{"floor":26.0,"key":"TH:Anvil"},{"floor":31.0,"key":"Enchiridion"},{"floor":39.0,"key":"Peace Pipe"},{"floor":42.0,"key":"Pantograph"},{"floor":43.0,"key":"Oddly Smooth Stone"},{"floor":43.0,"key":"Toxic Egg 2"},{"floor":45.0,"key":"FireBladeMod:WheyBottle"}],"event_choices":[{"damage_healed":0.0,"max_hp_gain":0.0,"max_hp_loss":0.0,"gold_gain":0.0,"event_name":"Accursed Blacksmith","player_choice":"Rummage","floor":2.0,"gold_loss":0.0,"damage_taken":0.0,"relics_obtained":["WarpedTongs"],"cards_obtained":["Pain"]},{"damage_healed":0.0,"max_hp_gain":5.0,"max_hp_loss":0.0,"gold_gain":0.0,"event_name":"Big Fish","player_choice":"Donut","floor":5.0,"gold_loss":0.0,"damage_taken":0.0},{"damage_healed":0.0,"max_hp_gain":0.0,"max_hp_loss":0.0,"gold_gain":0.0,"event_name":"Lab","player_choice":"Got Potions","floor":19.0,"gold_loss":0.0,"damage_taken":0.0},{"damage_healed":0.0,"max_hp_gain":0.0,"max_hp_loss":0.0,"gold_gain":0.0,"event_name":"The Library","player_choice":"Read","floor":21.0,"gold_loss":0.0,"damage_taken":0.0,"cards_obtained":["FireBladeMod:ThirdDegree"]},{"damage_healed":0.0,"max_hp_gain":0.0,"max_hp_loss":0.0,"gold_gain":0.0,"event_name":"Drug Dealer","player_choice":"Inject Mutagens","floor":22.0,"gold_loss":0.0,"damage_taken":0.0,"relics_obtained":["MutagenicStrength"]},{"damage_healed":0.0,"max_hp_gain":0.0,"max_hp_loss":0.0,"gold_gain":99.0,"event_name":"Nest","player_choice":"Stole From Cult","floor":25.0,"gold_loss":0.0,"damage_taken":0.0},{"damage_healed":0.0,"max_hp_gain":0.0,"max_hp_loss":0.0,"gold_gain":0.0,"event_name":"Cursed Tome","player_choice":"Obtained Book","floor":31.0,"gold_loss":0.0,"damage_taken":16.0},{"damage_healed":0.0,"max_hp_gain":0.0,"max_hp_loss":0.0,"gold_gain":0.0,"event_name":"SensoryStone","player_choice":"Memory 3","floor":36.0,"gold_loss":0.0,"damage_taken":10.0},{"cards_removed":["FireBladeMod:ComboCleave"],"damage_healed":0.0,"max_hp_gain":0.0,"max_hp_loss":0.0,"gold_gain":0.0,"event_name":"Falling","player_choice":"Removed Attack","floor":37.0,"gold_loss":0.0,"damage_taken":0.0},{"damage_healed":0.0,"max_hp_gain":0.0,"max_hp_loss":0.0,"gold_gain":0.0,"event_name":"Tomb of Lord Red Mask","player_choice":"Ignored","floor":38.0,"gold_loss":0.0,"damage_taken":0.0},{"damage_healed":0.0,"max_hp_gain":0.0,"max_hp_loss":0.0,"gold_gain":0.0,"event_name":"MindBloom","player_choice":"Fight","floor":39.0,"gold_loss":0.0,"damage_taken":0.0}],"is_beta":false,"boss_relics":[{"not_picked":["Astrolabe","Coffee Dripper"],"picked":"Philosopher\u0027s Stone"},{"not_picked":["Runic Pyramid","Snecko Eye"],"picked":"SacredBark"}],"items_purged_floors":[3],"is_endless":false,"potions_floor_spawned":[4,12,13,14,29,33,35,39,40,46],"killed_by":"Transient","ascension_level":1}}