{"host":"ssbj2e5691x5ub3h","time":1608993815,"event":{"mods":["BaseMod","Duelist Mod","Minty Spire (QoL Compilation)","StSLib"],"gold_per_floor":[144,163,163,163,163,197,197,215,215,215,240,261,275,294,294,415,415,431,452,465,465,478,478,493,112,112,112,112,135,135,153,153,278,278,297,360,56,81,101,101,121,121,121,121,142,161,177,177,177,177,177],"floor_reached":50,"playtime":2598,"items_purged":[],"score":633,"play_id":"ff32d64e-d5fc-4783-95a4-87644e828e5e","local_time":"20201226124335","is_ascension_mode":true,"campfire_choices":[{"floor":7,"key":"REST"},{"data":"theDuelist:UmbralHorrorGhost","floor":10,"key":"SMITH"},{"floor":15,"key":"REST"},{"floor":23,"key":"REST"},{"data":"1","floor":27,"key":"LIFT"},{"data":"2","floor":30,"key":"LIFT"},{"data":"3","floor":32,"key":"LIFT"},{"floor":40,"key":"REST"},{"floor":42,"key":"REST"},{"data":"theDuelist:UmbralHorrorGhost","floor":44,"key":"SMITH"},{"floor":49,"key":"REST"}],"circlet_count":0,"master_deck":["theDuelist:ArchfiendSoldier","theDuelist:ArchfiendSoldier","theDuelist:ArchfiendSoldier","theDuelist:BloodSparks+1","theDuelist:CastleWalls","theDuelist:CastleWalls","theDuelist:CastleWalls","theDuelist:FiendMegacyber","theDuelist:SummonedSkull","theDuelist:UmbralHorrorGhost+1","theDuelist:DarknessNeosphere","theDuelist:ArchfiendHeiress","theDuelist:PortraitSecret","theDuelist:BerserkerCrush","theDuelist:UmbralHorrorUniform","theDuelist:ArchfiendCommander","theDuelist:UmbralHorrorGhost+1","Apotheosis+1","theDuelist:Doomdog","theDuelist:UmbralHorrorGhost+1","theDuelist:GoblinKing","theDuelist:BottomlessTrapHole+1","theDuelist:BerserkerCrush","theDuelist:ArchfiendCommander","theDuelist:CheerfulCoffin+1","theDuelist:DarkEnergy+1","theDuelist:PutridPudding+1","theDuelist:CallGrave+1","Regret","theDuelist:TributeDoomed","theDuelist:UmbralHorrorUniform+1","theDuelist:Lajinn"],"relics":["theDuelist:MillenniumPuzzle","theDuelist:CardPoolRelic","theDuelist:CardPoolBasicRelic","theDuelist:BoosterPackPoolRelic","theDuelist:CardPoolAddRelic","theDuelist:CardPoolMinusRelic","theDuelist:CardPoolSaveRelic","theDuelist:CardPoolOptionsRelic","Golden Idol","CultistMask","FossilizedHelix","Shuriken","theDuelist:MillenniumKey","Girya","Torii","Cursed Key","Ginger","theDuelist:ElectricToken","Bottled Lightning"],"acts_visited":["Exordium","TheCity","TheBeyond"],"potions_floor_usage":[13,16,19,22,24,29,33,46,50],"damage_taken":[{"damage":2,"enemies":"Jaw Worm","floor":1,"turns":3},{"damage":12,"enemies":"Small Slimes","floor":2,"turns":3},{"damage":29,"enemies":"Lagavulin","floor":6,"turns":5},{"damage":0,"enemies":"2 Louse","floor":8,"turns":2},{"damage":6,"enemies":"Gremlin Gang","floor":11,"turns":3},{"damage":18,"enemies":"Large Slime","floor":12,"turns":4},{"damage":0,"enemies":"Red Slaver","floor":13,"turns":2},{"damage":0,"enemies":"Blue Slaver","floor":14,"turns":2},{"damage":30,"enemies":"Slime Boss","floor":16,"turns":12},{"damage":29,"enemies":"3 Byrds","floor":18,"turns":9},{"damage":0,"enemies":"Shell Parasite","floor":19,"turns":3},{"damage":6,"enemies":"3 Cultists","floor":20,"turns":5},{"damage":8,"enemies":"Snake Plant","floor":22,"turns":4},{"damage":4,"enemies":"Centurion and Healer","floor":24,"turns":4},{"damage":0,"enemies":"Cultist and Chosen","floor":29,"turns":3},{"damage":0,"enemies":"Snecko","floor":31,"turns":4},{"damage":8,"enemies":"Automaton","floor":33,"turns":6},{"damage":52,"enemies":"3 Shapes","floor":35,"turns":9},{"damage":0,"enemies":"Mind Bloom Boss Battle","floor":36,"turns":6},{"damage":10,"enemies":"3 Darklings","floor":38,"turns":5},{"damage":0,"enemies":"Sphere and 2 Shapes","floor":39,"turns":4},{"damage":0,"enemies":"Transient","floor":41,"turns":5},{"damage":20,"enemies":"4 Shapes","floor":45,"turns":4},{"damage":30,"enemies":"Spire Growth","floor":46,"turns":4},{"damage":0,"enemies":"Sphere and 2 Shapes","floor":47,"turns":3},{"damage":37,"enemies":"Awakened One","floor":50,"turns":7}],"seed_played":"-6078953441554700778","potions_obtained":[{"floor":1,"key":"BlessingOfTheForge"},{"floor":8,"key":"AttackPotion"},{"floor":12,"key":"theDuelist:FireBottle"},{"floor":14,"key":"theDuelist:FireBottle"},{"floor":16,"key":"Explosive Potion"},{"floor":20,"key":"theDuelist:StunPotion"},{"floor":22,"key":"Strength Potion"},{"floor":24,"key":"SpeedPotion"},{"floor":29,"key":"SteroidPotion"},{"floor":33,"key":"SkillPotion"}],"is_trial":false,"path_per_floor":["M","M","?","?","?","E","R","M","T","R","M","M","M","M","R","B",null,"M","M","M","?","M","R","M","$","T","R","$","M","R","M","R","B",null,"M","?","$","M","M","R","M","R","T","R","M","M","M","?","R","B"],"character_chosen":"THE_DUELIST","items_purchased":["theDuelist:GoblinKing","Girya","theDuelist:ElectricToken"],"campfire_rested":6,"item_purchase_floors":[25,25,37],"current_hp_per_floor":[74,66,66,66,66,41,66,66,66,66,60,42,42,42,67,37,73,44,44,38,38,30,55,51,51,51,51,51,51,51,51,51,43,75,23,23,23,13,13,38,38,63,63,63,43,13,13,13,37,0,0],"gold":177,"neow_bonus":"UPGRADE_CARD","is_daily":false,"chose_seed":false,"campfire_upgraded":2,"win_rate":0.0,"timestamp":1608993815,"path_taken":["M","M","?","?","?","E","R","M","T","R","M","M","M","M","R","BOSS","M","?","M","?","?","R","M","$","T","R","?","M","R","M","R","BOSS","M","?","$","M","M","R","M","R","T","R","M","M","M","?","R","BOSS"],"items_purchased_type":["Card","Relic","Card"],"build_version":"2020-12-22","purchased_purges":0,"victory":false,"max_hp_per_floor":[84,88,88,81,81,85,85,85,85,85,85,85,85,85,85,85,85,85,85,85,85,85,85,85,85,85,85,85,85,85,85,85,85,85,85,85,85,85,85,85,85,85,85,85,85,85,85,81,81,81,81],"card_choices":[{"not_picked":["theDuelist:DarkTinker","theDuelist:WanderingKing"],"picked":"theDuelist:UmbralHorrorGhost","floor":1},{"not_picked":["theDuelist:DoomDonuts","theDuelist:RedMirror","theDuelist:Doomdog"],"picked":"theDuelist:DarknessNeosphere","floor":2},{"not_picked":["theDuelist:WanderingKing","theDuelist:DarklordMarie"],"picked":"theDuelist:ArchfiendHeiress","floor":6},{"not_picked":["theDuelist:AmbitiousGofer","theDuelist:FlyingSaucer","theDuelist:DrivenDaredevil"],"picked":"SKIP","floor":8},{"not_picked":["theDuelist:AmbitiousGofer","theDuelist:Doomdog"],"picked":"theDuelist:PortraitSecret","floor":11},{"not_picked":["theDuelist:FiendSkull","theDuelist:VanityFiend"],"picked":"theDuelist:BerserkerCrush","floor":12},{"not_picked":["theDuelist:FiendMegacyber","theDuelist:DrivenDaredevil"],"picked":"theDuelist:UmbralHorrorUniform","floor":13},{"not_picked":["theDuelist:FabledAshenveil","theDuelist:Pumprincess","theDuelist:Zombyra"],"picked":"SKIP","floor":14},{"not_picked":["theDuelist:Wildfire","theDuelist:ArchfiendGeneral"],"picked":"theDuelist:ArchfiendCommander","floor":16},{"not_picked":["theDuelist:FiendMegacyber+1","theDuelist:Relinkuriboh"],"picked":"theDuelist:UmbralHorrorGhost","floor":18},{"not_picked":["Blind"],"picked":"Apotheosis+1","floor":19},{"not_picked":["theDuelist:DarkHunter+1","theDuelist:FiendSkull","theDuelist:SkullArchfiend+1"],"picked":"SKIP","floor":20},{"not_picked":["theDuelist:FlyingSaucer","theDuelist:PortraitSecret"],"picked":"theDuelist:UmbralHorrorGhost+1","floor":22},{"not_picked":["theDuelist:TwinHeadedWolf","theDuelist:WanderingKing","theDuelist:FabledAshenveil"],"picked":"SKIP","floor":24},{"not_picked":["theDuelist:AcidTrapHole","theDuelist:FiendishChain"],"picked":"theDuelist:BottomlessTrapHole+1","floor":29},{"not_picked":["theDuelist:DarkTinker","theDuelist:AcidTrapHole"],"picked":"theDuelist:BerserkerCrush","floor":31},{"not_picked":["theDuelist:ArchfiendGeneral","theDuelist:DarkMasterZorc"],"picked":"theDuelist:ArchfiendCommander","floor":33},{"not_picked":["theDuelist:DarkFusion","theDuelist:BerserkerCrush+3"],"picked":"theDuelist:CheerfulCoffin+1","floor":35},{"not_picked":["theDuelist:BerserkerCrush","theDuelist:PotDuality+1"],"picked":"theDuelist:DarkEnergy+1","floor":36},{"not_picked":["theDuelist:FeatherShot+1","theDuelist:ArchfiendCommander+1"],"picked":"theDuelist:PutridPudding+1","floor":38},{"not_picked":["theDuelist:DoomDonuts+1","theDuelist:DarknessNeosphere+1","theDuelist:Doomdog+1"],"picked":"SKIP","floor":39},{"not_picked":["theDuelist:RedMirror","theDuelist:Doomdog+1"],"picked":"theDuelist:CallGrave+1","floor":41},{"not_picked":["theDuelist:MsJudge","theDuelist:DarkHunter+1"],"picked":"theDuelist:TributeDoomed","floor":45},{"not_picked":["theDuelist:FlyingSaucer","theDuelist:FiendSkull"],"picked":"theDuelist:UmbralHorrorUniform+1","floor":46},{"not_picked":["theDuelist:ArchfiendSoldier","theDuelist:DoomsdayHorror+1"],"picked":"theDuelist:Lajinn","floor":47}],"player_experience":236064,"relics_obtained":[{"floor":6,"key":"FossilizedHelix"},{"floor":9,"key":"Shuriken"},{"floor":26,"key":"Torii"},{"floor":36,"key":"Ginger"},{"floor":43,"key":"Bottled Lightning"}],"event_choices":[{"damage_healed":0,"gold_gain":0,"player_choice":"Ignored","damage_taken":0,"max_hp_gain":0,"max_hp_loss":0,"event_name":"Liars Game","floor":3,"gold_loss":0},{"damage_healed":0,"gold_gain":0,"player_choice":"Lose Max HP","damage_taken":0,"relics_obtained":["Golden Idol"],"max_hp_gain":0,"max_hp_loss":7,"event_name":"Golden Idol","floor":4,"gold_loss":0},{"damage_healed":0,"gold_gain":0,"player_choice":"Trade","damage_taken":0,"relics_obtained":["CultistMask"],"max_hp_gain":0,"max_hp_loss":0,"event_name":"FaceTrader","floor":5,"gold_loss":0},{"damage_healed":0,"gold_gain":0,"cards_transformed":["theDuelist:Sparks"],"player_choice":"Transformed","damage_taken":0,"max_hp_gain":0,"max_hp_loss":0,"event_name":"Transmorgrifier","floor":21,"gold_loss":0,"cards_obtained":["theDuelist:Doomdog"]},{"damage_healed":0,"gold_gain":0,"player_choice":"Fight","damage_taken":0,"max_hp_gain":0,"max_hp_loss":0,"event_name":"MindBloom","floor":36,"gold_loss":0},{"damage_healed":0,"gold_gain":0,"player_choice":"Max HP","damage_taken":0,"max_hp_gain":0,"max_hp_loss":4,"event_name":"Winding Halls","floor":48,"gold_loss":0}],"is_beta":false,"boss_relics":[{"not_picked":["Empty Cage","Mark of Pain"],"picked":"theDuelist:MillenniumKey"},{"not_picked":["HoveringKite","SacredBark"],"picked":"Cursed Key"}],"items_purged_floors":[],"is_endless":false,"potions_floor_spawned":[1,8,12,14,16,20,22,24,29,33,35,36,39],"killed_by":"Awakened One","ascension_level":8}}