{"host":"7khtwbkyze7y134w","time":1608982119,"event":{"mods":["AchievementEnabler","BaseMod","Bestiary","Colored Map","Colored Powertips","Highlight Path","Minty Spire (QoL Compilation)","Quick Restart","Relic Stats","Slay-I","StSLib","SuperFastMode"],"gold_per_floor":[110,110,110,110,410,435,448,448,471,471,505,156,156,188,188,290,290,302,320,320,335,208,208,242,254,254,266,299,299,312,325,325,426,426,443,463,463,463,479,512,120,145,190,202,221,221,241,271,271,271,271,271,49,82,82,82],"floor_reached":55,"playtime":1662,"items_purged":["Strike_R","Strike_R","Strike_R"],"score":957,"play_id":"3aee4f55-2e83-4eb2-a675-c38b3bf0fc96","local_time":"20201226112839","is_ascension_mode":true,"campfire_choices":[{"data":"Heavy Blade","floor":8.0,"key":"SMITH"},{"data":"Twin Strike","floor":10.0,"key":"SMITH"},{"floor":15.0,"key":"REST"},{"data":"Limit Break","floor":23.0,"key":"SMITH"},{"data":"Offering","floor":29.0,"key":"SMITH"},{"floor":32.0,"key":"REST"},{"floor":46.0,"key":"REST"},{"floor":49.0,"key":"RECALL"},{"data":"Limit Break","floor":52.0,"key":"SMITH"}],"circlet_count":0,"master_deck":["Strike_R","Defend_R+1","Defend_R+1","Defend_R+1","Defend_R+1","Bash+1","Heavy Blade+1","Twin Strike+1","Spot Weakness","Pommel Strike","Intimidate","Reaper","Offering+1","Dropkick","Disarm","Flex","Limit Break+1","Anger+1","Flex","Sword Boomerang","Armaments","Limit Break+1","Clothesline+1","Limit Break+1","Headbutt+1","Rupture+1","Sword Boomerang+1"],"relics":["Burning Blood","NeowsBlessing","Tiny Chest","Old Coin","PreservedInsect","War Paint","Ornamental Fan","Anchor","Orrery","Ancient Tea Set","Busted Crown","Bottled Flame","Self Forming Clay","Toy Ornithopter","Black Star","Akabeko","Frozen Egg 2","Bag of Preparation","Membership Card","Paper Frog","MealTicket","Pear","Bag of Marbles","Juzu Bracelet","Smiling Mask","Pen Nib","CaptainsWheel","White Beast Statue","InkBottle"],"acts_visited":["Exordium","TheCity","TheBeyond","TheEnding"],"potions_floor_usage":[55,55,55],"damage_taken":[{"damage":0.0,"enemies":"Jaw Worm","floor":1.0,"turns":1.0},{"damage":0.0,"enemies":"3 Sentries","floor":6.0,"turns":2.0},{"damage":0.0,"enemies":"Small Slimes","floor":7.0,"turns":1.0},{"damage":28.0,"enemies":"Lagavulin","floor":11.0,"turns":4.0},{"damage":6.0,"enemies":"Gremlin Nob","floor":14.0,"turns":2.0},{"damage":14.0,"enemies":"Hexaghost","floor":16.0,"turns":7.0},{"damage":22.0,"enemies":"Spheric Guardian","floor":18.0,"turns":4.0},{"damage":0.0,"enemies":"Chosen","floor":19.0,"turns":3.0},{"damage":15.0,"enemies":"Snake Plant","floor":21.0,"turns":3.0},{"damage":14.0,"enemies":"Book of Stabbing","floor":24.0,"turns":3.0},{"damage":6.0,"enemies":"Centurion and Healer","floor":25.0,"turns":4.0},{"damage":1.0,"enemies":"Cultist and Chosen","floor":27.0,"turns":4.0},{"damage":26.0,"enemies":"Gremlin Leader","floor":28.0,"turns":5.0},{"damage":28.0,"enemies":"Chosen and Byrds","floor":30.0,"turns":5.0},{"damage":24.0,"enemies":"Shelled Parasite and Fungi","floor":31.0,"turns":4.0},{"damage":56.0,"enemies":"Champ","floor":33.0,"turns":10.0},{"damage":6.0,"enemies":"Orb Walker","floor":35.0,"turns":3.0},{"damage":33.0,"enemies":"3 Darklings","floor":36.0,"turns":7.0},{"damage":19.0,"enemies":"4 Shapes","floor":39.0,"turns":3.0},{"damage":41.0,"enemies":"Reptomancer","floor":40.0,"turns":3.0},{"damage":22.0,"enemies":"Nemesis","floor":42.0,"turns":5.0},{"damage":21.0,"enemies":"Spire Growth","floor":44.0,"turns":4.0},{"damage":4.0,"enemies":"Transient","floor":45.0,"turns":5.0},{"damage":1.0,"enemies":"Writhing Mass","floor":47.0,"turns":2.0},{"damage":35.0,"enemies":"Reptomancer","floor":48.0,"turns":4.0},{"damage":49.0,"enemies":"Awakened One","floor":50.0,"turns":6.0},{"damage":59.0,"enemies":"Shield and Spear","floor":54.0,"turns":5.0},{"damage":79,"enemies":"The Heart","floor":55,"turns":8}],"seed_played":"2189581016322013066","potions_obtained":[{"floor":1.0,"key":"DistilledChaos"},{"floor":7.0,"key":"Ancient Potion"},{"floor":18.0,"key":"SneckoOil"},{"floor":21.0,"key":"SpeedPotion"},{"floor":27.0,"key":"PowerPotion"},{"floor":30.0,"key":"Regen Potion"},{"floor":35.0,"key":"PowerPotion"},{"floor":42.0,"key":"Ancient Potion"},{"floor":44.0,"key":"HeartOfIron"},{"floor":47.0,"key":"BlessingOfTheForge"},{"floor":54.0,"key":"LiquidMemories"}],"is_trial":false,"path_per_floor":["M","?","?","?","T","E","M","R","T","R","E","$","?","E","R","B",null,"M","M","T","M","$","R","E","M","T","M","E","R","M","M","R","B",null,"M","M","?","T","M","E","$","E","T","M","M","R","M","E","R","B",null,"R","$","E","B"],"character_chosen":"IRONCLAD","items_purchased":["Spot Weakness","Anchor","Orrery","Armaments","Membership Card","Paper Frog","MealTicket","CaptainsWheel","Rupture+1"],"campfire_rested":3,"item_purchase_floors":[12,12,12,22,41,41,41,53,53],"current_hp_per_floor":[80,80,38,22,22,28,34,34,34,34,12,12,12,12,36,28,80,64,70,70,61,61,61,53,61,61,76,71,71,57,58,80,30,80,80,63,63,63,76,45,45,39,39,29,31,58,63,74,74,31,90,90,90,63,0,0],"gold":82,"neow_bonus":"THREE_ENEMY_KILL","is_daily":false,"chose_seed":false,"campfire_upgraded":5,"win_rate":0.0,"timestamp":1608982119,"path_taken":["M","?","?","?","?","E","M","R","T","R","E","$","?","E","R","BOSS","M","M","?","?","$","R","E","M","T","M","E","R","M","M","R","BOSS","M","?","?","?","M","E","$","E","T","M","M","R","M","E","R","BOSS","R","$","E","BOSS"],"items_purchased_type":["Card","Relic","Relic","Card","Relic","Relic","Relic","Relic","Card"],"build_version":"2020-12-22","purchased_purges":3,"victory":false,"max_hp_per_floor":[80,80,80,80,80,80,80,80,80,80,80,80,80,80,80,80,80,80,80,80,80,80,80,80,80,80,80,80,80,80,80,80,80,80,80,80,80,80,80,80,80,90,90,90,90,90,90,90,90,90,90,90,90,90,90,90],"relic_stats":{"counters":[28,117],"Self Forming Clay":[246],"PreservedInsect":368,"Pen Nib":[4],"Bag of Preparation":[16],"Juzu Bracelet":0,"War Paint":["Defend_R","Defend_R"],"Smiling Mask":13,"Burning Blood":156,"Busted Crown":40,"Ornamental Fan":[180],"Tiny Chest":2,"MealTicket":0,"Black Star":4,"obtain_stats":[{"Bag of Preparation":40,"Juzu Bracelet":43,"Ancient Tea Set":14,"Smiling Mask":48,"Burning Blood":0,"Old Coin":5,"Tiny Chest":3,"MealTicket":41,"InkBottle":54,"Paper Frog":41,"Pear":42,"NeowsBlessing":0,"Self Forming Clay":26,"PreservedInsect":6,"Pen Nib":48,"War Paint":9,"Frozen Egg 2":40,"Akabeko":38,"White Beast Statue":54,"Anchor":12,"Bottled Flame":24,"CaptainsWheel":53,"Busted Crown":17,"Ornamental Fan":11,"Orrery":12,"Black Star":34,"Bag of Marbles":42,"Membership Card":41,"Toy Ornithopter":28},{"Bag of Preparation":20,"Juzu Bracelet":21,"Ancient Tea Set":5,"Smiling Mask":25,"Burning Blood":0,"Old Coin":1,"Tiny Chest":1,"MealTicket":20,"InkBottle":27,"Paper Frog":20,"Pear":21,"NeowsBlessing":0,"Self Forming Clay":11,"PreservedInsect":2,"Pen Nib":25,"War Paint":3,"Frozen Egg 2":20,"Akabeko":18,"White Beast Statue":27,"Anchor":4,"Bottled Flame":10,"CaptainsWheel":26,"Busted Crown":6,"Ornamental Fan":4,"Orrery":4,"Black Star":16,"Bag of Marbles":21,"Membership Card":20,"Toy Ornithopter":13},{"Bag of Preparation":78,"Juzu Bracelet":83,"Ancient Tea Set":10,"Smiling Mask":98,"Burning Blood":0,"Old Coin":1,"Tiny Chest":1,"MealTicket":78,"InkBottle":109,"Paper Frog":78,"Pear":83,"NeowsBlessing":0,"Self Forming Clay":34,"PreservedInsect":3,"Pen Nib":98,"War Paint":4,"Frozen Egg 2":78,"Akabeko":72,"White Beast Statue":109,"Anchor":8,"Bottled Flame":30,"CaptainsWheel":104,"Busted Crown":17,"Ornamental Fan":8,"Orrery":8,"Black Star":62,"Bag of Marbles":83,"Membership Card":78,"Toy Ornithopter":43}],"Toy Ornithopter":29,"InkBottle":[2]},"card_choices":[{"not_picked":["Fire Breathing","Warcry","Battle Trance"],"picked":"SKIP","floor":1.0},{"not_picked":["Body Slam","Warcry"],"picked":"Heavy Blade","floor":6.0},{"not_picked":["Shrug It Off","Clash"],"picked":"Twin Strike","floor":7.0},{"not_picked":["True Grit","Double Tap","Body Slam"],"picked":"SKIP","floor":11.0},{"not_picked":["Rampage","Feel No Pain"],"picked":"Pommel Strike","floor":12.0},{"not_picked":["Pommel Strike","Body Slam"],"picked":"Intimidate","floor":12.0},{"not_picked":["Anger","Infernal Blade"],"picked":"Reaper","floor":12.0},{"not_picked":["Heavy Blade","Pommel Strike"],"picked":"Offering","floor":12.0},{"not_picked":["Warcry","Burning Pact"],"picked":"Dropkick","floor":12.0},{"not_picked":["Carnage","Anger"],"picked":"Flex","floor":14.0},{"not_picked":["Offering","Bludgeon"],"picked":"Limit Break","floor":16.0},{"not_picked":[],"picked":"Anger+1","floor":18.0},{"not_picked":[],"picked":"Flex","floor":19.0},{"not_picked":[],"picked":"Sword Boomerang","floor":21.0},{"not_picked":["Clash+1"],"picked":"SKIP","floor":24.0},{"not_picked":["Searing Blow"],"picked":"SKIP","floor":25.0},{"not_picked":["Second Wind"],"picked":"SKIP","floor":27.0},{"not_picked":["Ghostly Armor"],"picked":"SKIP","floor":28.0},{"not_picked":["Dual Wield"],"picked":"SKIP","floor":30.0},{"not_picked":["Bloodletting"],"picked":"SKIP","floor":31.0},{"not_picked":["Warcry"],"picked":"SKIP","floor":35.0},{"not_picked":["Warcry+1"],"picked":"SKIP","floor":36.0},{"not_picked":["Metallicize"],"picked":"SKIP","floor":39.0},{"not_picked":[],"picked":"Clothesline+1","floor":40.0},{"not_picked":[],"picked":"Limit Break","floor":42.0},{"not_picked":["Body Slam+1"],"picked":"SKIP","floor":44.0},{"not_picked":["Combust+1"],"picked":"SKIP","floor":45.0},{"not_picked":[],"picked":"Headbutt+1","floor":47.0},{"not_picked":["Armaments"],"picked":"SKIP","floor":48.0},{"not_picked":[],"picked":"Sword Boomerang+1","floor":54.0}],"player_experience":12633,"relics_obtained":[{"floor":5.0,"key":"Old Coin"},{"floor":6.0,"key":"PreservedInsect"},{"floor":9.0,"key":"War Paint"},{"floor":11.0,"key":"Ornamental Fan"},{"floor":14.0,"key":"Ancient Tea Set"},{"floor":24.0,"key":"Bottled Flame"},{"floor":26.0,"key":"Self Forming Clay"},{"floor":28.0,"key":"Toy Ornithopter"},{"floor":38.0,"key":"Akabeko"},{"floor":40.0,"key":"Frozen Egg 2"},{"floor":40.0,"key":"Bag of Preparation"},{"floor":42.0,"key":"Pear"},{"floor":42.0,"key":"Bag of Marbles"},{"floor":43.0,"key":"Juzu Bracelet"},{"floor":48.0,"key":"Smiling Mask"},{"floor":48.0,"key":"Pen Nib"},{"floor":54.0,"key":"White Beast Statue"},{"floor":54.0,"key":"InkBottle"}],"event_choices":[{"damage_healed":0.0,"max_hp_gain":0.0,"max_hp_loss":0.0,"gold_gain":0.0,"event_name":"Living Wall","player_choice":"Grow","floor":2.0,"gold_loss":0.0,"damage_taken":0.0,"cards_upgraded":["Bash"]},{"damage_healed":0.0,"max_hp_gain":0.0,"max_hp_loss":0.0,"gold_gain":0.0,"event_name":"Scrap Ooze","player_choice":"Success","floor":3.0,"gold_loss":0.0,"damage_taken":42.0,"relics_obtained":["Tiny Chest"]},{"damage_healed":0.0,"max_hp_gain":0.0,"max_hp_loss":0.0,"gold_gain":0.0,"event_name":"Shining Light","player_choice":"Entered Light","floor":4.0,"gold_loss":0.0,"damage_taken":16.0,"cards_upgraded":["Defend_R","Defend_R"]},{"damage_healed":0.0,"max_hp_gain":0.0,"max_hp_loss":0.0,"gold_gain":0.0,"cards_transformed":["Strike_R"],"event_name":"Transmorgrifier","player_choice":"Transformed","floor":13.0,"gold_loss":0.0,"damage_taken":0.0,"cards_obtained":["Disarm"]},{"damage_healed":0.0,"max_hp_gain":0.0,"max_hp_loss":0.0,"gold_gain":0.0,"event_name":"Duplicator","player_choice":"Copied","floor":37.0,"gold_loss":0.0,"damage_taken":0.0,"cards_obtained":["Limit Break"]}],"is_beta":false,"boss_relics":[{"not_picked":["Empty Cage","Runic Pyramid"],"picked":"Busted Crown"},{"not_picked":["SacredBark","Astrolabe"],"picked":"Black Star"}],"items_purged_floors":[22,41,53],"is_endless":false,"potions_floor_spawned":[1,7,18,21,27,30,35,42,44,47,48,54],"killed_by":"The Heart","ascension_level":1}}