{"host":"18wi9kpcl4eah7pe","time":1608967101,"event":{"mods":["BaseMod","Colored Powertips","Downfall","Minty Spire (QoL Compilation)","StSLib"],"gold_per_floor":[99,99,99,99,114,131,131,157,7,24,58,58,58,158,173,269,269,269,289,289,305,305,305,305,320,152,152,166,2,16,35,53,155,155,80,91,91,191,23,41,41,55,80,94,111,111,130,130,145,145],"floor_reached":51,"playtime":3107,"items_purged":[],"score":748,"play_id":"13867fd9-2396-44d7-98dd-30b199050780","local_time":"20201226011821","is_ascension_mode":true,"campfire_choices":[{"floor":1,"key":"RECALL"},{"data":"hexamod:SwordOfDarkness","floor":9,"key":"SMITH"},{"floor":13,"key":"REST"},{"data":"hexamod:EmpoweringStance","floor":18,"key":"SMITH"},{"data":"hexamod:HexaLevel","floor":35,"key":"SMITH"},{"floor":46,"key":"REST"}],"circlet_count":0,"master_deck":["hexamod:Strike+1","hexamod:Strike+1","hexamod:Strike+1","hexamod:Strike+1","hexamod:Defend+1","hexamod:Defend+1","hexamod:Defend+1","hexamod:Defend+1","hexamod:Sear","hexamod:Float","hexamod:SpectersWail","hexamod:InspiringFlames","hexamod:ShieldOfDarkness","hexamod:SwordOfDarkness+1","hexamod:AdvancingGuard","hexamod:PhantomFireball","hexamod:GhostOfSpirePresent","hexamod:BurningTouch","hexamod:ShieldOfDarkness","hexamod:EmpoweringStance+1","hexamod:InspiringFlames+1","hexamod:Hexaguard+1","hexamod:SpectersWail","hexamod:FirstSeal","hexamod:ExtraCrispy","hexamod:SpectralAdrenaline","hexamod:NightmareGuise","hexamod:EmpoweringStance","hexamod:Incineration+1","hexamod:ExtraCrispy+1","hexamod:PowerFromBeyond+1","hexamod:HexaLevel+1","hexamod:SwordOfDarkness+1","hexamod:GhostOfSpireFuture","hexamod:RadiantFlame","hexamod:NightmareGuise","hexamod:FastForward+1","hexamod:PowerFromBeyond","hexamod:AdvancingGuard+1","hexamod:FastForward","hexamod:ThermalTransfer+1","expansioncontent:LastStand","hexamod:ThermalTransfer+1"],"relics":["hexamod:SpiritBrand","downfall:HeartsMalice","Pear","Shuriken","downfall:HeartBlessingGreen","downfall:HeartBlessingRed","Letter Opener","SacredBark","hexamod:MatchstickCase","Molten Egg 2","Oddly Smooth Stone","hexamod:IceCube","downfall:HeartBlessingBlue","White Beast Statue","Sling","FossilizedHelix","Meat on the Bone"],"acts_visited":["Exordium","TheCity","TheBeyond"],"potions_floor_usage":[8,16,16,16,25,33,33,40,42,44,45,47,50],"damage_taken":[{"damage":0,"enemies":"Jaw Worm","floor":2,"turns":1},{"damage":0,"enemies":"2 Louse","floor":3,"turns":1},{"damage":0,"enemies":"Cultist","floor":4,"turns":1},{"damage":0,"enemies":"Lots of Slimes","floor":5,"turns":2},{"damage":1,"enemies":"Blue Slaver","floor":6,"turns":3},{"damage":20,"enemies":"Lagavulin","floor":8,"turns":7},{"damage":5,"enemies":"Large Slime","floor":10,"turns":7},{"damage":6,"enemies":"3 Sentries","floor":11,"turns":8},{"damage":4,"enemies":"Exordium Thugs","floor":15,"turns":5},{"damage":20,"enemies":"downfall:Silent","floor":16,"turns":10},{"damage":15,"enemies":"3 Byrds","floor":19,"turns":6},{"damage":0,"enemies":"Chosen","floor":20,"turns":1},{"damage":43,"enemies":"3 Cultists","floor":21,"turns":7},{"damage":4,"enemies":"Snake Plant","floor":25,"turns":3},{"damage":0,"enemies":"downfall:FleeingMerchant","floor":26,"turns":4},{"damage":0,"enemies":"Snecko","floor":28,"turns":5},{"damage":0,"enemies":"downfall:FleeingMerchant","floor":29,"turns":4},{"damage":9,"enemies":"Shelled Parasite and Fungi","floor":30,"turns":9},{"damage":7,"enemies":"3 Cultists","floor":31,"turns":5},{"damage":0,"enemies":"Snecko","floor":32,"turns":3},{"damage":15,"enemies":"downfall:Watcher","floor":33,"turns":13},{"damage":9,"enemies":"3 Darklings","floor":36,"turns":5},{"damage":12,"enemies":"downfall:LadyInBlue","floor":38,"turns":8},{"damage":14,"enemies":"downfall:FleeingMerchant","floor":39,"turns":4},{"damage":8,"enemies":"3 Shapes","floor":40,"turns":5},{"damage":8,"enemies":"3 Darklings","floor":42,"turns":5},{"damage":38,"enemies":"Nemesis","floor":43,"turns":13},{"damage":35,"enemies":"Jaw Worm Horde","floor":44,"turns":5},{"damage":16,"enemies":"Maw","floor":45,"turns":9},{"damage":0,"enemies":"Spire Growth","floor":47,"turns":5},{"damage":15,"enemies":"4 Shapes","floor":49,"turns":5},{"damage":5,"enemies":"downfall:Ironclad","floor":50,"turns":10}],"seed_played":"6387294153598284081","potions_obtained":[{"floor":5,"key":"hexamod:DoubleChargePotion"},{"floor":6,"key":"EssenceOfSteel"},{"floor":11,"key":"champ:CounterPotion"},{"floor":15,"key":"hexamod:InfernoChargePotion"},{"floor":19,"key":"hexamod:DoubleChargePotion"},{"floor":21,"key":"AttackPotion"},{"floor":28,"key":"FairyPotion"},{"floor":31,"key":"PowerPotion"},{"floor":32,"key":"Dexterity Potion"},{"floor":36,"key":"Fire Potion"},{"floor":38,"key":"Ancient Potion"},{"floor":38,"key":"LiquidMemories"},{"floor":40,"key":"PowerPotion"},{"floor":42,"key":"PowerPotion"},{"floor":44,"key":"Ancient Potion"},{"floor":45,"key":"Block Potion"},{"floor":47,"key":"FearPotion"},{"floor":49,"key":"CultistPotion"}],"is_trial":false,"path_per_floor":["R","M","M","M","M","M","T","E","R","M","E","?","R","?","M","B",null,"R","M","M","M","?","?","T","M","$","T","M","$","M","M","M","B",null,"R","M","?","?","$","M","T","M","E","M","M","R","M","?","M","B",null],"character_chosen":"THE_SPIRIT","items_purchased":["hexamod:MatchstickCase","Oddly Smooth Stone","Sling"],"campfire_rested":2,"item_purchase_floors":[26,29,39],"current_hp_per_floor":[70,70,70,70,70,69,79,59,59,54,48,48,72,72,68,48,80,80,65,65,22,22,15,15,11,18,18,18,25,23,23,30,22,80,90,88,88,83,76,75,75,67,36,20,23,50,57,57,61,63],"gold":145,"neow_bonus":"THREE_ENEMY_KILL","is_daily":false,"chose_seed":false,"campfire_upgraded":3,"win_rate":0.0,"timestamp":1608967101,"path_taken":["R","M","M","M","M","M","T","E","R","M","E","?","R","?","M","BOSS","R","M","M","M","?","?","T","M","$","?","?","$","M","M","M","BOSS","R","M","?","?","$","?","T","?","E","M","M","R","M","?","M","BOSS"],"items_purchased_type":["Relic","Relic","Relic"],"build_version":"2020-12-22","purchased_purges":0,"victory":true,"max_hp_per_floor":[70,70,70,70,70,70,80,80,80,80,80,80,80,80,80,80,80,80,80,80,80,80,80,80,80,80,80,80,80,80,80,80,80,80,90,90,90,90,90,90,90,90,90,90,90,90,90,90,90,90],"card_choices":[{"not_picked":["hexamod:BurningTouch","hexamod:BacktrackSmack"],"picked":"hexamod:SpectersWail","floor":2},{"not_picked":["hexamod:ThermalTransfer","hexamod:FlamesFromBeyond"],"picked":"hexamod:InspiringFlames","floor":3},{"not_picked":["hexamod:Haunt","hexamod:ThermalTransfer"],"picked":"hexamod:ShieldOfDarkness","floor":4},{"not_picked":["hexamod:Hexaguard","hexamod:SecondSeal"],"picked":"hexamod:SwordOfDarkness","floor":5},{"not_picked":["hexamod:Again","hexamod:GhostShield"],"picked":"hexamod:AdvancingGuard","floor":6},{"not_picked":["hexamod:DynamicBlow","hexamod:HauntingEcho"],"picked":"hexamod:PhantomFireball","floor":8},{"not_picked":["hexamod:GhostOfSpirePast","hexamod:FastForward"],"picked":"hexamod:GhostOfSpirePresent","floor":10},{"not_picked":["hexamod:SpectersWail","hexamod:HauntingEcho"],"picked":"hexamod:BurningTouch","floor":11},{"not_picked":["hexamod:TimeWarp","hexamod:BurningTouch"],"picked":"hexamod:ShieldOfDarkness","floor":15},{"not_picked":["hexamod:CrushingStance","hexamod:TimeWarp"],"picked":"hexamod:EmpoweringStance","floor":16},{"not_picked":["hexamod:RainOfEmbers","hexamod:SwordOfDarkness"],"picked":"hexamod:InspiringFlames+1","floor":19},{"not_picked":["hexamod:RecurringNightmare","hexamod:SpectersWail"],"picked":"hexamod:Hexaguard+1","floor":20},{"not_picked":["hexamod:Hexaguard","hexamod:SecondSeal"],"picked":"hexamod:SpectersWail","floor":21},{"not_picked":["hexamod:GhostShield","hexamod:SwordOfDarkness+1"],"picked":"hexamod:ExtraCrispy","floor":25},{"not_picked":["hexamod:SpectersWail","hexamod:ParanormalForm"],"picked":"hexamod:SpectralAdrenaline","floor":26},{"not_picked":["hexamod:BacktrackSmack+1","hexamod:GhostLash+1"],"picked":"hexamod:NightmareGuise","floor":28},{"not_picked":["hexamod:FirstSeal","hexamod:BurningTouch"],"picked":"hexamod:EmpoweringStance","floor":29},{"not_picked":["hexamod:GhostLash+1","hexamod:CatchUp"],"picked":"hexamod:Incineration+1","floor":30},{"not_picked":["hexamod:SwordOfDarkness+1","hexamod:CatchUp"],"picked":"hexamod:ExtraCrispy+1","floor":31},{"not_picked":["hexamod:HeatMetal+1","hexamod:EmpoweredFlame"],"picked":"hexamod:PowerFromBeyond+1","floor":32},{"not_picked":["hexamod:UnlimitedPower","hexamod:CrushingStance+1"],"picked":"hexamod:HexaLevel","floor":33},{"not_picked":["hexamod:Haunt+1","hexamod:ThirdSeal"],"picked":"hexamod:SwordOfDarkness+1","floor":36},{"not_picked":["hexamod:NightmareStrike+1","hexamod:GhostLash+1"],"picked":"hexamod:GhostOfSpireFuture","floor":38},{"not_picked":["hexamod:SpectersWail+1","hexamod:SkipABeat"],"picked":"hexamod:RadiantFlame","floor":39},{"not_picked":["hexamod:BurningTouch+1","hexamod:InspiringFlames"],"picked":"hexamod:NightmareGuise","floor":40},{"not_picked":["hexamod:BacktrackSmack+1","hexamod:InspiringFlames"],"picked":"hexamod:FastForward+1","floor":42},{"not_picked":["hexamod:TurnItUp","hexamod:GhostOfSpirePresent+1"],"picked":"hexamod:PowerFromBeyond","floor":43},{"not_picked":["hexamod:BacktrackSmack+1","hexamod:ShieldOfDarkness+1"],"picked":"hexamod:AdvancingGuard+1","floor":44},{"not_picked":["hexamod:ThermalTransfer+1","hexamod:NightmareStrike+1"],"picked":"hexamod:FastForward","floor":45},{"not_picked":["hexamod:Hexaguard+1","hexamod:NightmareStrike+1"],"picked":"hexamod:ThermalTransfer+1","floor":47},{"not_picked":["expansioncontent:DarkVoid+1","expansioncontent:GuardianWhirl+1"],"picked":"expansioncontent:LastStand","floor":48},{"not_picked":["hexamod:ShieldOfDarkness+1","hexamod:Again"],"picked":"hexamod:ThermalTransfer+1","floor":49}],"player_experience":857650,"relics_obtained":[{"floor":7,"key":"Pear"},{"floor":8,"key":"Shuriken"},{"floor":11,"key":"Letter Opener"},{"floor":27,"key":"Molten Egg 2"},{"floor":38,"key":"White Beast Statue"},{"floor":41,"key":"FossilizedHelix"},{"floor":43,"key":"Meat on the Bone"}],"event_choices":[{"damage_healed":0,"gold_gain":0,"player_choice":"Simplicity","damage_taken":0,"max_hp_gain":0,"max_hp_loss":0,"event_name":"Back to Basics","floor":22,"gold_loss":0,"cards_upgraded":["hexamod:Strike","hexamod:Strike","hexamod:Strike","hexamod:Strike","hexamod:Defend","hexamod:Defend","hexamod:Defend","hexamod:Defend"]}],"is_beta":false,"boss_relics":[{"not_picked":["Empty Cage","Cursed Key"],"picked":"SacredBark"},{"not_picked":["Pandora\u0027s Box","Black Star"],"picked":"hexamod:IceCube"}],"items_purged_floors":[],"is_endless":false,"potions_floor_spawned":[5,6,11,15,19,21,28,31,32,36,39,40,42,43,44,45,47,49],"ascension_level":1}}