{"host":"m1ntkrf87179kmo6","time":1608994702,"event":{"mods":["BaseMod","Better Third Choice","Minty Spire (QoL Compilation)","Shade Mod","StSLib"],"gold_per_floor":[117,25,45,62,17,52,68,243,269,269,47,60,76,87,87,189,189,205,155,155,167,167,167,177,197,222,232,232,246,246,261,261,261,261],"floor_reached":33,"playtime":3031,"items_purged":["Doubt"],"score":253,"play_id":"9218dfb4-e8b6-4145-b2c8-f285b8d21fb3","local_time":"20201226105822","is_ascension_mode":false,"campfire_choices":[{"floor":10,"key":"RECALL"},{"data":"Shade:AnimateDead","floor":15,"key":"SMITH"},{"floor":23,"key":"REST"},{"data":"Shade:TouchOfTheGrave","floor":28,"key":"SMITH"},{"floor":30,"key":"REST"},{"data":"Shade:AncientSpear","floor":32,"key":"SMITH"}],"circlet_count":0,"master_deck":["Shade:Strike_Shade","Shade:Strike_Shade","Shade:Strike_Shade","Shade:Strike_Shade","Shade:Defend_Shade","Shade:Defend_Shade","Shade:Defend_Shade","Shade:Defend_Shade","Shade:AnimateDead+1","Shade:CarefulCut","Shade:ExtraLimbs","Bandage Up","Shade:ClawBack","Shade:Premonition","Shade:FleshToFlesh","Shade:Bite_Shade","Shade:Brains","Shade:FuneraryArmor","Shade:AncientSpear+1","Shade:GreyBargain","Shade:ClawBack","Shade:TouchOfTheGrave+1","Shade:RitualOffering+1","Shade:FuneraryArmor","Shade:FleshToFlesh"],"relics":["Shade:YorickSkull","Dream Catcher","Oddly Smooth Stone","Strawberry","Black Star","Vajra"],"acts_visited":["Exordium","TheCity"],"potions_floor_usage":[1,6,16,25,25,25,27,29,33],"damage_taken":[{"damage":0,"enemies":"Cultist","floor":1,"turns":3},{"damage":0,"enemies":"2 Louse","floor":3,"turns":2},{"damage":1,"enemies":"Small Slimes","floor":4,"turns":4},{"damage":12,"enemies":"Gremlin Nob","floor":6,"turns":4},{"damage":0,"enemies":"2 Fungi Beasts","floor":7,"turns":4},{"damage":0,"enemies":"3 Louse","floor":12,"turns":4},{"damage":0,"enemies":"Large Slime","floor":13,"turns":4},{"damage":0,"enemies":"Exordium Wildlife","floor":14,"turns":6},{"damage":59,"enemies":"Slime Boss","floor":16,"turns":19},{"damage":8,"enemies":"Spheric Guardian","floor":18,"turns":4},{"damage":21,"enemies":"Chosen","floor":21,"turns":6},{"damage":20,"enemies":"Snake Plant","floor":24,"turns":8},{"damage":14,"enemies":"Snecko","floor":25,"turns":5},{"damage":8,"enemies":"Centurion and Healer","floor":27,"turns":6},{"damage":2,"enemies":"Chosen and Byrds","floor":29,"turns":5},{"damage":1,"enemies":"Snake Plant","floor":31,"turns":6},{"damage":92,"enemies":"Automaton","floor":33,"turns":12}],"seed_played":"-4354550477843559495","potions_obtained":[{"floor":0,"key":"GamblersBrew"},{"floor":0,"key":"Strength Potion"},{"floor":0,"key":"SpeedPotion"},{"floor":1,"key":"GamblersBrew"},{"floor":4,"key":"Regen Potion"},{"floor":7,"key":"Ancient Potion"},{"floor":12,"key":"Energy Potion"},{"floor":14,"key":"EntropicBrew"},{"floor":18,"key":"SmokeBomb"},{"floor":21,"key":"DuplicationPotion"}],"is_trial":false,"path_per_floor":["M","$","M","M","$","E","M","?","T","R","$","M","M","M","R","B",null,"M","$","?","M","?","R","M","M","T","M","R","M","R","M","R","B"],"character_chosen":"SHADE","items_purchased":["Bandage Up","Shade:FleshToFlesh","Strawberry","Shade:AncientSpear"],"campfire_rested":2,"item_purchase_floors":[2,5,11,19],"current_hp_per_floor":[65,65,65,65,65,53,59,59,59,59,66,72,72,72,72,38,72,64,64,64,51,51,72,58,50,50,48,48,52,72,71,71,0,0],"gold":261,"neow_bonus":"THREE_SMALL_POTIONS","is_daily":false,"chose_seed":false,"campfire_upgraded":3,"win_rate":0.0,"timestamp":1608994702,"path_taken":["M","?","M","?","?","E","M","?","T","R","$","M","M","M","R","BOSS","M","$","?","M","?","R","M","M","T","M","R","M","R","M","R","BOSS"],"items_purchased_type":["Card","Card","Relic","Card"],"build_version":"2020-12-22","purchased_purges":1,"victory":false,"max_hp_per_floor":[65,65,65,65,65,65,65,65,65,65,72,72,72,72,72,72,72,72,72,72,72,72,72,72,72,72,72,72,72,72,72,72,72,72],"card_choices":[{"not_picked":["Shade:SpectralStrikes","Shade:DangerousRitual"],"picked":"Shade:ExtraLimbs","floor":1},{"not_picked":["Shade:Frenzy","Shade:SkeletonHug"],"picked":"Shade:ClawBack","floor":3},{"not_picked":["Shade:ScuttlingHand","Shade:StitchTogether"],"picked":"Shade:Premonition","floor":4},{"not_picked":["Shade:MadHubris","Shade:LastGasp"],"picked":"Shade:Bite_Shade","floor":6},{"not_picked":["Shade:ScuttlingHand","Shade:BoneShards","Shade:SoulToxin"],"picked":"SKIP","floor":7},{"not_picked":["Shade:CloudOfShrapnel","Shade:BoneShards","Shade:CoffinDance"],"picked":"SKIP","floor":12},{"not_picked":["Shade:CoffinDance","Shade:FreshBones"],"picked":"Shade:Brains","floor":13},{"not_picked":["Shade:SkeletonHug","Shade:DangerousRitual","Shade:Haruspicy"],"picked":"SKIP","floor":14},{"not_picked":["Shade:Doomsay","Shade:FingerOfDeath"],"picked":"Shade:FuneraryArmor","floor":18},{"not_picked":["Shade:FleshToFlesh","Shade:AblativeArmor","Shade:CallWraith"],"picked":"SKIP","floor":21},{"not_picked":["Shade:FleshOffering","Shade:WallOfFlesh"],"picked":"Shade:ClawBack","floor":24},{"not_picked":["Shade:CommandSoldier","Shade:Brains"],"picked":"Shade:TouchOfTheGrave","floor":25},{"not_picked":["Shade:GreyBargain","Shade:FingerOfDeath"],"picked":"Shade:RitualOffering+1","floor":27},{"not_picked":["Shade:Frenzy","Shade:CommandSoldier"],"picked":"Shade:FuneraryArmor","floor":29},{"not_picked":["Shade:WallOfFlesh","Shade:Trample"],"picked":"Shade:FleshToFlesh","floor":30},{"not_picked":["Shade:Doomsay+1","Shade:CommandSoldier","Shade:OpenGraves"],"picked":"SKIP","floor":31}],"player_experience":1119730,"relics_obtained":[{"floor":6,"key":"Dream Catcher"},{"floor":9,"key":"Oddly Smooth Stone"},{"floor":26,"key":"Vajra"}],"event_choices":[{"damage_healed":0,"gold_gain":175,"player_choice":"AGREE","damage_taken":68,"max_hp_gain":0,"max_hp_loss":0,"event_name":"betterThird:BetterSerpent","floor":8,"gold_loss":0},{"damage_healed":0,"gold_gain":0,"player_choice":"Read","damage_taken":0,"max_hp_gain":0,"max_hp_loss":0,"event_name":"The Library","floor":20,"gold_loss":0,"cards_obtained":["Shade:GreyBargain"]},{"damage_healed":0,"gold_gain":0,"player_choice":"Ignored","damage_taken":0,"max_hp_gain":0,"max_hp_loss":0,"event_name":"Vampires","floor":22,"gold_loss":0}],"is_beta":false,"boss_relics":[{"not_picked":["Ectoplasm","Astrolabe"],"picked":"Black Star"}],"items_purged_floors":[11],"is_endless":false,"potions_floor_spawned":[1,4,7,12,14,18,21],"killed_by":"Automaton","ascension_level":0}}