{"host":"p9jk0mlyvhgdzcz4","time":1608957484,"event":{"mods":["BaseMod","Colored Map","Minty Spire (QoL Compilation)","Quick Restart","SuperFastMode"],"gold_per_floor":[111,111,122,122,197,235,256,256,309,348,348,362,222,243,243,373,373,397,397,1,20,20,20,20,39,39,39,79,79,112,112,112,240,240,255,318,333,348,364,364,324,324,324,324,347,361,386,386,386],"floor_reached":48,"playtime":1732,"items_purged":["Strike_B"],"score":530,"play_id":"9ba80c1e-c718-484a-86c7-7b47e4609d7a","local_time":"20201225223804","is_ascension_mode":false,"campfire_choices":[{"floor":8,"key":"REST"},{"floor":15,"key":"REST"},{"data":"Zap","floor":23,"key":"SMITH"},{"floor":27,"key":"RECALL"},{"floor":29,"key":"REST"},{"floor":32,"key":"REST"},{"floor":40,"key":"REST"},{"floor":42,"key":"DIG"},{"floor":44,"key":"REST"}],"circlet_count":0,"master_deck":["Zap+1","Dualcast","Cold Snap","Cold Snap","Cold Snap","Melter","Loop","Lockon","Cold Snap","Blizzard","Blizzard","Beam Cell+1","Cold Snap+1","Echo Form","Heatsinks","Core Surge","Machine Learning","White Noise+1","Fusion","Fission","Creative AI"],"relics":["Cracked Core","NeowsBlessing","Golden Idol","Toy Ornithopter","Bag of Preparation","Bag of Marbles","SlaversCollar","Question Card","CaptainsWheel","Ginger","Mummified Hand","Du-Vu Doll","Pandora\u0027s Box","Shovel","Smiling Mask","Bottled Tornado"],"acts_visited":["Exordium","TheCity","TheBeyond"],"potions_floor_usage":[10,30,33,37,39,45],"damage_taken":[{"damage":0,"enemies":"Cultist","floor":1,"turns":1},{"damage":0,"enemies":"Small Slimes","floor":3,"turns":1},{"damage":0,"enemies":"Lagavulin","floor":6,"turns":1},{"damage":1,"enemies":"Jaw Worm","floor":7,"turns":3},{"damage":25,"enemies":"3 Sentries","floor":10,"turns":11},{"damage":3,"enemies":"Red Slaver","floor":12,"turns":4},{"damage":10,"enemies":"3 Louse","floor":14,"turns":4},{"damage":46,"enemies":"Hexaghost","floor":16,"turns":15},{"damage":12,"enemies":"Shell Parasite","floor":18,"turns":6},{"damage":0,"enemies":"Spheric Guardian","floor":21,"turns":3},{"damage":11,"enemies":"3 Cultists","floor":25,"turns":6},{"damage":15,"enemies":"Book of Stabbing","floor":28,"turns":5},{"damage":22,"enemies":"Slavers","floor":30,"turns":5},{"damage":53,"enemies":"Automaton","floor":33,"turns":12},{"damage":7,"enemies":"3 Shapes","floor":35,"turns":5},{"damage":6,"enemies":"Mind Bloom Boss Battle","floor":36,"turns":6},{"damage":26,"enemies":"3 Darklings","floor":37,"turns":4},{"damage":0,"enemies":"Maw","floor":38,"turns":6},{"damage":17,"enemies":"Writhing Mass","floor":39,"turns":5},{"damage":41,"enemies":"4 Shapes","floor":45,"turns":5},{"damage":22,"enemies":"Sphere and 2 Shapes","floor":46,"turns":7},{"damage":23,"enemies":"Maw","floor":47,"turns":8},{"damage":14,"enemies":"4 Shapes","floor":48,"turns":1}],"seed_played":"-1351548363540362081","potions_obtained":[{"floor":6,"key":"LiquidBronze"},{"floor":14,"key":"Weak Potion"},{"floor":16,"key":"CultistPotion"},{"floor":21,"key":"FairyPotion"},{"floor":33,"key":"PowerPotion"},{"floor":35,"key":"Ancient Potion"},{"floor":36,"key":"Explosive Potion"},{"floor":37,"key":"Energy Potion"},{"floor":39,"key":"Fire Potion"}],"is_trial":false,"path_per_floor":["M","$","M","?","?","E","M","R","T","E","?","M","$","M","R","B",null,"M","?","$","M","$","R","?","M","T","R","E","R","E","$","R","B",null,"M","?","M","M","M","R","?","R","T","R","M","M","M","M"],"character_chosen":"DEFECT","items_purchased":["Loop","Lockon","Blizzard","Question Card"],"campfire_rested":6,"item_purchase_floors":[13,13,20,20],"current_hp_per_floor":[75,75,75,57,46,46,45,67,67,47,40,37,37,27,49,3,75,63,63,63,63,63,63,63,52,52,52,37,59,42,42,64,16,75,68,62,41,41,29,51,51,51,51,73,34,12,11,0,0],"gold":386,"neow_bonus":"THREE_ENEMY_KILL","is_daily":false,"chose_seed":false,"campfire_upgraded":1,"win_rate":0.0,"timestamp":1608957484,"path_taken":["M","?","M","?","?","E","M","R","T","E","?","?","?","M","R","BOSS","M","?","$","M","?","R","?","M","T","R","E","R","E","$","R","BOSS","M","?","M","M","M","R","?","R","T","R","M","?","M","M"],"items_purchased_type":["Card","Card","Card","Relic"],"build_version":"2020-12-22","purchased_purges":1,"victory":false,"max_hp_per_floor":[75,75,75,75,75,75,75,75,75,75,75,75,75,75,75,75,75,75,75,75,75,75,75,75,75,75,75,75,75,75,75,75,75,75,75,75,75,75,75,75,75,75,75,75,75,75,75,75,75],"card_choices":[{"not_picked":["Leap","Streamline"],"picked":"Cold Snap","floor":1},{"not_picked":["Gash","Stack","Consume"],"picked":"SKIP","floor":3},{"not_picked":["BootSequence","Leap"],"picked":"Cold Snap","floor":6},{"not_picked":["Beam Cell","Consume"],"picked":"Cold Snap","floor":7},{"not_picked":["Leap","Tempest"],"picked":"Melter","floor":10},{"not_picked":["Hello World","Reprogram","Leap"],"picked":"SKIP","floor":12},{"not_picked":["Beam Cell","Doom and Gloom"],"picked":"Cold Snap","floor":14},{"not_picked":["Compile Driver+1","Tempest","Steam"],"picked":"SKIP","floor":18},{"not_picked":["Darkness+1","Auto Shields","Aggregate"],"picked":"Blizzard","floor":21},{"not_picked":["Gash","Turbo","Reprogram"],"picked":"Beam Cell+1","floor":25},{"not_picked":["Stack","Coolheaded+1","Gash+1"],"picked":"Cold Snap+1","floor":28},{"not_picked":["Turbo","Conserve Battery","Genetic Algorithm","Beam Cell"],"picked":"SKIP","floor":30},{"not_picked":["Reboot","Rainbow","Hyperbeam"],"picked":"Echo Form","floor":33},{"not_picked":["Steam+1","Reprogram+1","BootSequence","Reinforced Body+1"],"picked":"SKIP","floor":35},{"not_picked":["Go for the Eyes","Hologram+1","Redo","Leap+1"],"picked":"SKIP","floor":37},{"not_picked":["Compile Driver","Blizzard","Rebound+1","Cold Snap"],"picked":"SKIP","floor":38},{"not_picked":["Lockon","Ball Lightning+1","Sweeping Beam","Stack"],"picked":"SKIP","floor":39},{"not_picked":["Conserve Battery","Aggregate+1","Turbo","Rebound"],"picked":"SKIP","floor":45},{"not_picked":["Steam Power","Redo+1","Static Discharge+1"],"picked":"Creative AI","floor":46},{"not_picked":["FTL","Rebound","Steam+1","Compile Driver+1"],"picked":"SKIP","floor":47}],"player_experience":17773,"relics_obtained":[{"floor":6,"key":"Toy Ornithopter"},{"floor":10,"key":"Bag of Preparation"},{"floor":26,"key":"Ginger"},{"floor":28,"key":"Mummified Hand"},{"floor":30,"key":"Du-Vu Doll"},{"floor":36,"key":"Shovel"},{"floor":42,"key":"Smiling Mask"},{"floor":43,"key":"Bottled Tornado"}],"event_choices":[{"damage_healed":0,"gold_gain":0,"player_choice":"Take Damage","damage_taken":18,"relics_obtained":["Golden Idol"],"max_hp_gain":0,"max_hp_loss":0,"event_name":"Golden Idol","floor":4,"gold_loss":0},{"damage_healed":0,"gold_gain":75,"player_choice":"Gather Gold","damage_taken":11,"max_hp_gain":0,"max_hp_loss":0,"event_name":"World of Goop","floor":5,"gold_loss":0},{"damage_healed":0,"gold_gain":0,"player_choice":"Success","damage_taken":7,"relics_obtained":["Bag of Marbles"],"max_hp_gain":0,"max_hp_loss":0,"event_name":"Scrap Ooze","floor":11,"gold_loss":0},{"cards_removed":["Strike_B"],"damage_healed":0,"gold_gain":0,"player_choice":"Offered Basic","damage_taken":0,"max_hp_gain":0,"max_hp_loss":0,"event_name":"Bonfire Elementals","floor":19,"gold_loss":0},{"damage_healed":0,"gold_gain":0,"player_choice":"Opened","damage_taken":0,"relics_obtained":["CaptainsWheel"],"max_hp_gain":0,"max_hp_loss":0,"event_name":"The Mausoleum","floor":24,"gold_loss":0},{"damage_healed":0,"gold_gain":0,"player_choice":"Fight","damage_taken":0,"max_hp_gain":0,"max_hp_loss":0,"event_name":"MindBloom","floor":36,"gold_loss":0},{"damage_healed":0,"gold_gain":0,"player_choice":"Upgrade","damage_taken":0,"max_hp_gain":0,"max_hp_loss":0,"event_name":"Designer","floor":41,"gold_loss":40,"cards_upgraded":["White Noise"]}],"is_beta":false,"boss_relics":[{"not_picked":["Tiny House","Busted Crown"],"picked":"SlaversCollar"},{"not_picked":["Snecko Eye","Velvet Choker"],"picked":"Pandora\u0027s Box"}],"items_purged_floors":[20],"is_endless":false,"potions_floor_spawned":[6,14,16,21,25,33,35,36,37,39],"killed_by":"4 Shapes","ascension_level":0}}