{"host":"Yuki","time":1608951458,"event":{"mods":["AchievementEnabler","BaseMod","Block Reminder","Colored Map","Colored Powertips","Googly Eyes","Highlight Path","Minty Spire (QoL Compilation)","Permanent Neow","Quick Restart","Random Character Button","Random Character Mod","Relic Stats","StSLib","The Wild Card","everything is the same but u backflip on backflip","slay the spire mod where everything is the same but ironclad has a cowboy hat"],"gold_per_floor":[119,119,130,144,144,144,161,161,210,229,241,241,267,282,282,282,282],"floor_reached":16,"playtime":871,"items_purged":[],"score":146,"play_id":"f83c5ae3-5232-44d6-ab05-bf50f3ba6f17","local_time":"20201225205738","is_ascension_mode":true,"campfire_choices":[{"data":"Thinking Ahead","floor":6,"key":"SMITH"},{"data":"Neutralize","floor":8,"key":"SMITH"},{"floor":12,"key":"REST"},{"floor":15,"key":"REST"}],"circlet_count":0,"master_deck":["Strike_G","Strike_G","Strike_G","Strike_G","Defend_G","Defend_G","Defend_G","Defend_G","Defend_G","Survivor","Neutralize+1","Thinking Ahead+1","Blade Dance","Dagger Throw","Bouncing Flask","Pain","Deadly Poison","Poisoned Stab","Backflip"],"relics":["Ring of the Snake","WarpedTongs","Tiny Chest"],"acts_visited":[],"potions_floor_usage":[13,16],"damage_taken":[{"damage":8,"enemies":"Cultist","floor":1,"turns":7},{"damage":1,"enemies":"2 Louse","floor":3,"turns":3},{"damage":2,"enemies":"Jaw Worm","floor":4,"turns":4},{"damage":5,"enemies":"2 Fungi Beasts","floor":7,"turns":5},{"damage":2,"enemies":"Exordium Thugs","floor":10,"turns":4},{"damage":9,"enemies":"Blue Slaver","floor":11,"turns":3},{"damage":14,"enemies":"Gremlin Nob","floor":13,"turns":3},{"damage":6,"enemies":"Looter","floor":14,"turns":3},{"damage":54,"enemies":"Slime Boss","floor":16,"turns":13}],"seed_played":"-6097015773330326448","potions_obtained":[{"floor":1,"key":"SneckoOil"},{"floor":3,"key":"SteroidPotion"},{"floor":11,"key":"Ancient Potion"}],"is_trial":false,"path_per_floor":["M","?","M","M","?","R","M","R","T","M","M","R","E","M","R","B"],"character_chosen":"THE_SILENT","items_purchased":[],"campfire_rested":2,"item_purchase_floors":[],"current_hp_per_floor":[55,55,54,52,52,52,47,47,47,45,36,54,40,34,52,0,0],"gold":282,"neow_bonus":"RANDOM_COLORLESS_2","is_daily":false,"chose_seed":false,"campfire_upgraded":2,"win_rate":0.0,"timestamp":1608951458,"path_taken":["M","?","M","M","?","R","?","R","T","M","M","R","E","M","R","BOSS"],"items_purchased_type":[],"build_version":"2020-12-18","purchased_purges":0,"victory":false,"max_hp_per_floor":[63,63,63,63,63,63,63,63,63,63,63,63,63,63,63,63,63],"relic_stats":{"counters":[9,45],"Tiny Chest":0,"obtain_stats":[{"Tiny Chest":13,"Ring of the Snake":0,"WarpedTongs":5},{"Tiny Chest":7,"Ring of the Snake":0,"WarpedTongs":3},{"Tiny Chest":29,"Ring of the Snake":0,"WarpedTongs":14}],"Ring of the Snake":[18],"WarpedTongs":[29]},"card_choices":[{"not_picked":["Violence","The Bomb"],"picked":"Thinking Ahead","floor":0},{"not_picked":["PiercingWail","Underhanded Strike","Flying Knee"],"picked":"SKIP","floor":1},{"not_picked":["Underhanded Strike","Prepared"],"picked":"Dagger Throw","floor":3},{"not_picked":["Bane","Outmaneuver"],"picked":"Bouncing Flask","floor":4},{"not_picked":["Endless Agony","Backflip"],"picked":"Deadly Poison","floor":7},{"not_picked":["Sucker Punch","Distraction"],"picked":"Poisoned Stab","floor":10},{"not_picked":["Cloak And Dagger","Poisoned Stab","Caltrops"],"picked":"SKIP","floor":11},{"not_picked":["Setup","Deflect","Wraith Form v2"],"picked":"SKIP","floor":13},{"not_picked":["Tactician","Bane"],"picked":"Backflip","floor":14}],"player_experience":1217799,"relics_obtained":[{"floor":13,"key":"Tiny Chest"}],"event_choices":[{"damage_healed":0,"gold_gain":0,"cards_transformed":["Strike_G"],"player_choice":"Change","damage_taken":0,"max_hp_gain":0,"max_hp_loss":0,"event_name":"Living Wall","floor":2,"gold_loss":0,"cards_obtained":["Blade Dance"]},{"damage_healed":0,"gold_gain":0,"player_choice":"Rummage","damage_taken":0,"relics_obtained":["WarpedTongs"],"max_hp_gain":0,"max_hp_loss":0,"event_name":"Accursed Blacksmith","floor":5,"gold_loss":0,"cards_obtained":["Pain"]}],"is_beta":true,"boss_relics":[],"items_purged_floors":[],"is_endless":false,"potions_floor_spawned":[1,3,11],"killed_by":"Slime Boss","ascension_level":8}}