{"host":"c9wjytal7yz6nwo6","time":1608956226,"event":{"mods":["AchievementEnabler","BaseMod","Bestiary","Colored Map","Curses Come First","Downfall","Highlight Path","Minty Spire (QoL Compilation)","Quick Restart","StSLib","SuperFastMode"],"gold_per_floor":[99,117,137,147,164,0,0,27,54,66,66,51,51,67,80,176,176,26,43,43,56,56,56,82,92,92,92,92],"floor_reached":26,"playtime":1646,"items_purged":[],"score":235,"play_id":"32ae717d-d722-43bc-b87f-2bc7cdf0153b","local_time":"20201225221706","is_ascension_mode":false,"campfire_choices":[{"data":"Slimebound:Split","floor":1,"key":"SMITH"},{"floor":11,"key":"RECALL"},{"data":"Slimebound:Gluttony","floor":13,"key":"SMITH"},{"data":"Slimebound:PrepareCrush","floor":18,"key":"SMITH"},{"floor":23,"key":"REST"}],"circlet_count":0,"master_deck":["Slimebound:Tackle","Slimebound:Defend_Slimebound","Slimebound:Defend_Slimebound","Slimebound:Defend_Slimebound","Slimebound:Defend_Slimebound","Slimebound:Split+1","Slimebound:CorrosiveSpit+1","Slimebound:SplitLeeching","Slimebound:Gluttony+1","Slimebound:SlimeTap","Slimebound:SlimeBarrage","Slimebound:SamplingLick+1","Slimebound:OneTwoCombo","Slimebound:RainOfGoop+1","Slimebound:LivingWall","Slimebound:ItLooksTasty","Slimebound:FinishingTackle","Slimebound:SlimeSpikes","Slimebound:LeadByExample","Slimebound:PrepareCrush+1","Slimebound:ViciousTackle+1","Slimebound:Tackle+1","Slimebound:Tackle+1","Slimebound:Tackle+1","Slimebound:Schlurp","Slimebound:Equalize"],"relics":["Slimebound:AbsorbEndCombat","Bag of Marbles","Question Card","Philosopher\u0027s Stone","downfall:HeartBlessingRed","downfall:HeartBlessingBlue","War Paint"],"acts_visited":["Exordium","TheCity"],"potions_floor_usage":[9,16,16,19,25,26],"damage_taken":[{"damage":12,"enemies":"Cultist","floor":2,"turns":3},{"damage":16,"enemies":"Jaw Worm","floor":3,"turns":3},{"damage":23,"enemies":"Small Slimes","floor":4,"turns":3},{"damage":22,"enemies":"2 Fungi Beasts","floor":5,"turns":3},{"damage":15,"enemies":"downfall:FleeingMerchant","floor":6,"turns":4},{"damage":22,"enemies":"Gremlin Nob","floor":9,"turns":3},{"damage":18,"enemies":"Exordium Wildlife","floor":10,"turns":3},{"damage":15,"enemies":"downfall:FleeingMerchant","floor":12,"turns":4},{"damage":18,"enemies":"3 Louse","floor":14,"turns":3},{"damage":8,"enemies":"2 Fungi Beasts","floor":15,"turns":3},{"damage":41,"enemies":"downfall:Ironclad","floor":16,"turns":9},{"damage":40,"enemies":"3 Byrds","floor":19,"turns":4},{"damage":35,"enemies":"Shell Parasite","floor":21,"turns":4},{"damage":33,"enemies":"Snake Plant","floor":25,"turns":3},{"damage":42,"enemies":"Slavers","floor":26,"turns":1}],"seed_played":"-2982520505556739744","potions_obtained":[{"floor":3,"key":"EssenceOfSteel"},{"floor":4,"key":"Slimebound:SlimyTonguePotion"},{"floor":14,"key":"BlessingOfTheForge"},{"floor":15,"key":"LiquidBronze"},{"floor":21,"key":"PowerPotion"},{"floor":25,"key":"Swift Potion"}],"is_trial":false,"path_per_floor":["R","M","M","M","M","$","T","T","E","M","R","$","R","M","M","B",null,"R","M","?","M","?","R","T","M","E"],"character_chosen":"SLIMEBOUND","items_purchased":["Slimebound:OneTwoCombo","Slimebound:RainOfGoop"],"campfire_rested":1,"item_purchase_floors":[6,6],"current_hp_per_floor":[66,64,62,55,51,56,56,56,56,56,56,63,63,61,59,42,66,76,54,54,41,33,55,55,28,0,0,0],"gold":92,"neow_bonus":"TEN_PERCENT_HP_BONUS","is_daily":false,"chose_seed":false,"campfire_upgraded":3,"win_rate":0.0,"timestamp":1608956226,"path_taken":["R","M","M","M","M","$","T","?","E","M","R","?","R","M","M","BOSS","R","M","?","M","?","R","T","M","E"],"items_purchased_type":["Card","Card"],"build_version":"2020-12-22","purchased_purges":0,"victory":false,"max_hp_per_floor":[66,66,66,66,66,66,66,66,66,66,66,66,66,66,66,66,66,76,76,76,76,76,76,76,76,76,76,76],"card_choices":[{"not_picked":["Slimebound:ViciousTackle","Slimebound:SlimeBarrage"],"picked":"Slimebound:SplitLeeching","floor":2},{"not_picked":["Slimebound:Grow","Slimebound:ItLooksTasty"],"picked":"Slimebound:Gluttony","floor":3},{"not_picked":["Slimebound:TongueLash","Slimebound:FinishingTackle"],"picked":"Slimebound:SlimeTap","floor":4},{"not_picked":["Slimebound:Dissolve","Slimebound:SplitBruiser"],"picked":"Slimebound:SlimeBarrage","floor":5},{"not_picked":["Slimebound:ProtectTheBoss","Slimebound:FinishingTackle"],"picked":"Slimebound:SamplingLick","floor":6},{"not_picked":["Slimebound:RainOfGoop","Slimebound:LeechEnergy"],"picked":"Slimebound:LivingWall","floor":9},{"not_picked":["Slimebound:SplitBruiser","Slimebound:SlimeSpikes","Slimebound:PressTheAttack"],"picked":"Slimebound:ItLooksTasty","floor":10},{"not_picked":["Slimebound:BestDefense","Slimebound:FlameTackle","Slimebound:SlimeBrawl"],"picked":"Slimebound:FinishingTackle","floor":12},{"not_picked":["Slimebound:Grow","Slimebound:PressTheAttack","Slimebound:SplitBruiser"],"picked":"Slimebound:SlimeSpikes","floor":14},{"not_picked":["Slimebound:Schlurp","Slimebound:ItLooksTasty","Slimebound:SlimeSpikes"],"picked":"Slimebound:LeadByExample","floor":15},{"not_picked":["Slimebound:DuplicatedForm","Slimebound:SlimeSlap","Slimebound:WasteNot"],"picked":"Slimebound:PrepareCrush","floor":16},{"not_picked":["Slimebound:RainOfGoop","Slimebound:SlimeBrawl","Slimebound:FinishingTackle"],"picked":"Slimebound:ViciousTackle","floor":19},{"not_picked":["Slimebound:PressTheAttack","Slimebound:SplitBruiser","Slimebound:SlimeBarrage"],"picked":"Slimebound:Schlurp","floor":21},{"not_picked":["Slimebound:SplitAcid+1","Slimebound:Dissolve","Slimebound:SplitLeeching"],"picked":"Slimebound:Equalize","floor":25}],"player_experience":1243,"relics_obtained":[{"floor":7,"key":"Bag of Marbles"},{"floor":9,"key":"Question Card"},{"floor":24,"key":"War Paint"}],"event_choices":[],"is_beta":false,"boss_relics":[{"not_picked":["Slimebound:TarBlob","Fusion Hammer"],"picked":"Philosopher\u0027s Stone"}],"items_purged_floors":[],"is_endless":false,"potions_floor_spawned":[3,4,14,15,21,25],"killed_by":"Slavers","ascension_level":0}}