{"host":"mqzixrakqjp3g00v","time":1608956623,"event":{"mods":["AchievementEnabler","BaseMod","BetterRewards","Colored Map","Colored Powertips","Custom Start","Highlight Path","Minty Spire (QoL Compilation)","Quick Restart","Shop Mod","StSLib"],"gold_per_floor":[115,6,181,197,8,35,45,57,57,132,132,132,132],"floor_reached":12,"playtime":718,"items_purged":["Strike_P","Doubt"],"score":78,"play_id":"6fa03e4d-cff0-4441-8326-45b592ee2c1d","local_time":"20201225222343","is_ascension_mode":false,"campfire_choices":[{"floor":11,"key":"REST"}],"circlet_count":0,"master_deck":["Strike_P","Strike_P","Strike_P","Defend_P","Defend_P","Defend_P","Defend_P","Eruption","Vigilance","FlurryOfBlows","EmptyFist","Wallop","Apotheosis","Crescendo","Meditate","WindmillStrike","FlyingSleeves","LikeWater","Devotion"],"relics":["PureWater","Gremlin Horn","Damaru","MerchantsRug","MealTicket","Dream Catcher"],"acts_visited":["Exordium"],"potions_floor_usage":[],"damage_taken":[{"damage":0.0,"enemies":"Cultist","floor":1.0,"turns":2.0},{"damage":0,"enemies":"2 Louse","floor":4,"turns":2},{"damage":10,"enemies":"Lagavulin","floor":6,"turns":5},{"damage":6,"enemies":"Jaw Worm","floor":7,"turns":3},{"damage":12,"enemies":"Exordium Thugs","floor":8,"turns":3},{"damage":1,"enemies":"3 Sentries","floor":12,"turns":2}],"seed_played":"-5786337729091638944","potions_obtained":[{"floor":1.0,"key":"Weak Potion"},{"floor":7,"key":"Fire Potion"},{"floor":8,"key":"BlessingOfTheForge"}],"is_trial":false,"path_per_floor":["M","$","?","M","$","E","M","M","T","?","R","E"],"character_chosen":"WATCHER","items_purchased":["Gremlin Horn","Damaru","MerchantsRug","FlurryOfBlows","EmptyFist","Apotheosis","Meditate","WindmillStrike"],"campfire_rested":1,"item_purchase_floors":[0,0,0,0,0,2,5,5],"current_hp_per_floor":[72,72,72,72,72,62,56,44,44,33,54,53,53],"gold":132,"neow_bonus":"","is_daily":false,"chose_seed":false,"campfire_upgraded":0,"win_rate":0.0,"timestamp":1608956623,"path_taken":["M","$","?","M","$","E","M","M","T","?","R","E"],"items_purchased_type":["Relic","Relic","Relic","Card","Card","Card","Card","Card"],"build_version":"2020-12-22","purchased_purges":2,"victory":false,"max_hp_per_floor":[72,72,72,72,72,72,72,72,72,72,72,72,72],"card_choices":[{"not_picked":["Protect","FlurryOfBlows"],"picked":"Wallop","floor":1.0},{"not_picked":["CutThroughFate","MentalFortress"],"picked":"Crescendo","floor":4},{"not_picked":["Evaluate","WreathOfFlame"],"picked":"FlyingSleeves","floor":6},{"not_picked":["EmptyFist","DeceiveReality","Pray"],"picked":"SKIP","floor":7},{"not_picked":["Consecrate","CutThroughFate"],"picked":"LikeWater","floor":8},{"not_picked":["ThirdEye","WaveOfTheHand"],"picked":"Devotion","floor":11}],"player_experience":531967,"relics_obtained":[{"floor":6,"key":"MealTicket"},{"floor":9,"key":"Dream Catcher"}],"event_choices":[{"damage_healed":0.0,"max_hp_gain":0.0,"max_hp_loss":0.0,"gold_gain":175.0,"event_name":"Liars Game","player_choice":"AGREE","floor":3.0,"gold_loss":0.0,"damage_taken":0.0,"cards_obtained":["Doubt"]},{"damage_healed":0,"gold_gain":75,"player_choice":"Gather Gold","damage_taken":11,"max_hp_gain":0,"max_hp_loss":0,"event_name":"World of Goop","floor":10,"gold_loss":0}],"is_beta":false,"boss_relics":[],"items_purged_floors":[0,5],"is_endless":false,"potions_floor_spawned":[1,7,8],"killed_by":"3 Sentries","ascension_level":0}}