{"host":"92108ef2q9tm8rod","time":1608941552,"event":{"mods":["BaseMod","Defuse TimeMaze Blight","Minty Spire (QoL Compilation)","StSLib","The Jungle"],"gold_per_floor":[118,129,149,164,89,89,104,104,178,212,212,243,243,275,275,378,428,444,444,344,67,81,81,81,107,107,123,152,152,152,172,172,267,267,286,136,152,167,181,181,215,215,215,215,40,71,71,84,84,84],"floor_reached":51,"playtime":2128,"items_purged":["PiercingWail","Dodge and Roll","Calculated Gamble","Armaments+1","Sword Boomerang+1"],"score":988,"play_id":"040fca3f-156b-4276-9fdf-ceb4cad4a02a","local_time":"20201226001232","daily_mods":["SealedDeck","Green Cards","Heirloom","Flight"],"is_ascension_mode":false,"campfire_choices":[{"data":"Body Slam","floor":6.0,"key":"SMITH"},{"data":"Armaments","floor":8.0,"key":"SMITH"},{"data":"Flame Barrier","floor":11.0,"key":"SMITH"},{"data":"Deflect","floor":13.0,"key":"SMITH"},{"data":"Flex","floor":15.0,"key":"SMITH"},{"data":"Carnage","floor":23.0,"key":"SMITH"},{"data":"Sword Boomerang","floor":24.0,"key":"SMITH"},{"data":"Escape Plan","floor":29,"key":"SMITH"},{"data":"Clash","floor":30,"key":"SMITH"},{"floor":32,"key":"REST"},{"floor":40,"key":"REST"},{"data":"1","floor":42,"key":"LIFT"},{"data":"2","floor":44,"key":"LIFT"},{"floor":47,"key":"DIG"},{"data":"3","floor":49,"key":"LIFT"}],"circlet_count":0,"master_deck":["Flex+1","Clash+1","Carnage+1","Deflect+1","Escape Plan+1","Body Slam+1","Flame Barrier+1","Heavy Blade+1","Flex+1"],"relics":["Black Blood","Thread and Needle","Gremlin Horn","Charon\u0027s Ashes","Toy Ornithopter","Potion Belt","Tiny House","ClockworkSouvenir","Lantern","TungstenRod","Magic Flower","Girya","Pantograph","Shovel","Shuriken"],"acts_visited":["Exordium","Exordium","TheBeyond"],"potions_floor_usage":[33,33,33,39,41,50],"damage_taken":[{"damage":0.0,"enemies":"Cultist","floor":1.0,"turns":2.0},{"damage":0.0,"enemies":"2 Louse","floor":2.0,"turns":2.0},{"damage":0.0,"enemies":"Small Slimes","floor":3.0,"turns":2.0},{"damage":0.0,"enemies":"2 Fungi Beasts","floor":4.0,"turns":3.0},{"damage":0.0,"enemies":"Red Slaver","floor":7.0,"turns":2.0},{"damage":7.0,"enemies":"3 Sentries","floor":10.0,"turns":8.0},{"damage":0.0,"enemies":"Gremlin Nob","floor":12.0,"turns":2.0},{"damage":0.0,"enemies":"Lagavulin","floor":14.0,"turns":4.0},{"damage":37.0,"enemies":"Hexaghost","floor":16.0,"turns":9.0},{"damage":1.0,"enemies":"theJungle:5_Spyders","floor":18.0,"turns":7.0},{"damage":12.0,"enemies":"theJungle:GiantWrat","floor":22.0,"turns":3.0},{"damage":0.0,"enemies":"theJungle:MamaSnecko","floor":25.0,"turns":4.0},{"damage":1.0,"enemies":"theJungle:Snecko_Cultist_And_Trap","floor":27.0,"turns":3.0},{"damage":0,"enemies":"theJungle:Cassacara","floor":28,"turns":3},{"damage":0,"enemies":"theJungle:2_Snecko_Cultists","floor":31,"turns":2},{"damage":0,"enemies":"theJungle:QueenSpyder","floor":33,"turns":4},{"damage":4,"enemies":"3 Shapes","floor":35,"turns":3},{"damage":0,"enemies":"3 Darklings","floor":37,"turns":2},{"damage":11,"enemies":"Transient","floor":38,"turns":5},{"damage":31,"enemies":"Writhing Mass","floor":39,"turns":3},{"damage":25,"enemies":"Giant Head","floor":41,"turns":6},{"damage":39,"enemies":"Nemesis","floor":46,"turns":7},{"damage":5,"enemies":"Spire Growth","floor":48,"turns":3},{"damage":43,"enemies":"Awakened One","floor":50,"turns":8}],"seed_played":"7965736338760443788","potions_obtained":[{"floor":3.0,"key":"FearPotion"},{"floor":4.0,"key":"SkillPotion"},{"floor":7.0,"key":"BlessingOfTheForge"},{"floor":10.0,"key":"Block Potion"},{"floor":14.0,"key":"Dexterity Potion"},{"floor":17.0,"key":"SpeedPotion"},{"floor":18.0,"key":"Energy Potion"},{"floor":27.0,"key":"FearPotion"},{"floor":31,"key":"Fire Potion"},{"floor":38,"key":"FearPotion"},{"floor":39,"key":"SkillPotion"},{"floor":46,"key":"SpeedPotion"}],"is_trial":true,"path_per_floor":["M","M","M","M","$","R","M","R","T","E","R","E","R","E","R","B",null,"M","?","$","$","M","R","R","E","T","M","E","R","R","M","R","B",null,"M","$","M","M","M","R","E","R","T","R","$","E","R","M","R","B",null],"character_chosen":"IRONCLAD","items_purchased":["ClockworkSouvenir"],"campfire_rested":2,"item_purchase_floors":[21],"current_hp_per_floor":[80,80,80,80,80,80,80,80,80,79,79,80,80,80,80,49,85,85,85,85,85,79,79,79,85,85,85,85,85,85,85,85,85,85,85,85,85,85,72,85,78,78,78,78,78,57,57,70,70,60],"gold":84,"neow_bonus":"","is_daily":false,"chose_seed":false,"campfire_upgraded":9,"win_rate":0.0,"timestamp":1608941552,"path_taken":["M","M","M","?","$","R","M","R","T","E","R","E","R","E","R","BOSS","M","?","$","$","M","R","R","E","T","M","E","R","R","M","R","BOSS","M","$","M","M","M","R","E","R","T","R","$","E","R","?","R","BOSS"],"items_purchased_type":["Relic"],"build_version":"2020-12-22","purchased_purges":5,"victory":true,"max_hp_per_floor":[80,80,80,80,80,80,80,80,80,80,80,80,80,80,80,80,85,85,85,85,85,85,85,85,85,85,85,85,85,85,85,85,85,85,85,85,85,85,85,85,85,85,85,85,85,85,85,85,85,85],"card_choices":[{"not_picked":["Blade Dance","Reckless Charge"],"picked":"Calculated Gamble","floor":1.0},{"not_picked":["Flying Knee","Body Slam","Warcry"],"picked":"SKIP","floor":2.0},{"not_picked":["Flex","Combust","Hemokinesis"],"picked":"SKIP","floor":3.0},{"not_picked":["Seeing Red","Outmaneuver"],"picked":"Flame Barrier","floor":4.0},{"not_picked":["Thunderclap","Perfected Strike","Accuracy"],"picked":"SKIP","floor":7.0},{"not_picked":["Distraction","Sucker Punch","Twin Strike"],"picked":"SKIP","floor":10.0},{"not_picked":["Disarm","Quick Slash","Warcry"],"picked":"SKIP","floor":12.0},{"not_picked":["Reaper","Clash","Masterful Stab"],"picked":"SKIP","floor":14.0},{"not_picked":["Armaments","Sentinel","Sucker Punch+1"],"picked":"SKIP","floor":18.0},{"not_picked":["Finisher","Perfected Strike","Clothesline+1"],"picked":"SKIP","floor":22.0},{"not_picked":["Metallicize","Slice","Night Terror"],"picked":"SKIP","floor":25.0},{"not_picked":["Cleave+1","Twin Strike","Armaments"],"picked":"SKIP","floor":27.0},{"not_picked":["Havoc","Warcry","Slice+1"],"picked":"SKIP","floor":28},{"not_picked":["Noxious Fumes","Outmaneuver+1","Venomology"],"picked":"SKIP","floor":31},{"not_picked":["Seeing Red+1","Headbutt+1","Shrug It Off"],"picked":"SKIP","floor":35},{"not_picked":["Dodge and Roll+1","Armaments","Cloak And Dagger"],"picked":"SKIP","floor":37},{"not_picked":["True Grit","Cloak And Dagger+1"],"picked":"Heavy Blade+1","floor":38},{"not_picked":["Anger+1","Flying Knee+1","Headbutt+1"],"picked":"SKIP","floor":39},{"not_picked":["Carnage","Caltrops","Fiend Fire"],"picked":"SKIP","floor":41},{"not_picked":["Blade Dance","Sucker Punch"],"picked":"Flex+1","floor":46},{"not_picked":["Havoc+1","Uppercut+1","Burning Pact+1"],"picked":"SKIP","floor":48}],"player_experience":3191752,"relics_obtained":[{"floor":9.0,"key":"Gremlin Horn"},{"floor":10.0,"key":"Charon\u0027s Ashes"},{"floor":12.0,"key":"Toy Ornithopter"},{"floor":14.0,"key":"Potion Belt"},{"floor":25.0,"key":"Lantern"},{"floor":26.0,"key":"TungstenRod"},{"floor":28,"key":"Magic Flower"},{"floor":41,"key":"Girya"},{"floor":43,"key":"Pantograph"},{"floor":46,"key":"Shovel"},{"floor":47,"key":"Shuriken"}],"event_choices":[{"damage_healed":0.0,"max_hp_gain":0.0,"max_hp_loss":0.0,"gold_gain":0.0,"cards_transformed":["Bouncing Flask"],"event_name":"Transmorgrifier","player_choice":"Transformed","floor":19.0,"gold_loss":0.0,"damage_taken":0.0,"cards_obtained":["Dodge and Roll"]}],"is_beta":false,"boss_relics":[{"not_picked":["Runic Dome","Mark of Pain"],"picked":"Tiny House"},{"not_picked":["Sozu","Fusion Hammer"],"picked":"Black Blood"}],"items_purged_floors":[5,20,21,36,45],"is_endless":false,"potions_floor_spawned":[3,4,7,10,14,18,27,31,38,39,46],"ascension_level":0}}