{"host":"htqwg582tjjtn9p7","time":1608974842,"event":{"mods":["2.2 Compatiblity","AchievementEnabler","Act Like it!","Aspiration","BaseMod","Better Third Choice","Colored Map","Conspire","Curses Come First","Displayed Cursed Tome","Energized Spire","Force Act Four","GifTheSpireLib","Hermit","Highlight Path","JesterMod","Mad Scientist","Minty Spire (QoL Compilation)","Pale of the Ancients","Permanent Neow","Random Character Button","Relic Stats","Replay The Spire","Robot Space Explorer","Somnambulant","Spicy Shops","Spikes Relics","StSLib","Stuff the Spire","The Blue Laboratory","The Disciple","The Dragon Tamer","The Forsaken","The Gatherer","The Judge","The Jungle","The Marked","The Runesmith","The Servant 0.9.4"],"gold_per_floor":[14,34,34,45,56,56,71,104,104,139,154,154,180,105,105,180,180,200,200,200,74,74,74,90,124,124,155,166,177,177,189,189,260,260,270,270,22,47,47,47,66,100,150,160,191,191,191,210,210,210,222,232,263,263,263,279,279,3,3,3],"floor_reached":61,"playtime":3588,"items_purged":["Regret"],"score":2278,"play_id":"aa58d4ac-9845-47f6-8543-e8f558071027","local_time":"20201226102722","is_ascension_mode":true,"campfire_choices":[{"data":"theForsaken:Smite","floor":6,"key":"SMITH"},{"data":"theForsaken:StoreUp","floor":12,"key":"SMITH"},{"data":"theForsaken:DefensiveStance","floor":15,"key":"SMITH"},{"floor":23,"key":"REST"},{"data":"Concentrate","floor":32,"key":"SMITH"},{"data":"Pot Of Greed","floor":40,"key":"SMITH"},{"data":"Pot Of Greed","floor":49,"key":"SMITH"},{"data":"Pot Of Greed","floor":55,"key":"SMITH"},{"data":"theForsaken:NobleSacrifice","floor":57,"key":"SMITH"}],"circlet_count":0,"master_deck":["AscendersBane","theForsaken:TheForsaken_Defend","theForsaken:TheForsaken_Defend","theForsaken:Smite+1","theForsaken:Penitence","theForsaken:DesperatePlea","theForsaken:DefensiveStance+1","theForsaken:StoreUp+1","theForsaken:QuickAttack","theForsaken:Confusion","StuffTheSpire:PestControl","Backflip","Pot Of Greed+1","Pot Of Greed+1","Concentrate+1","theForsaken:BountifulSunlight","Acrobatics","Decay","After Image+1","WordoMod:FoggyMind","Pot Of Greed+1","Adrenaline+1","Footwork+1","ReplayTheSpireMod:The Works+1","Acrobatics","Prepared","theForsaken:NobleSacrifice+1","StuffTheSpire:BrainWave","theForsaken:NobleSacrifice"],"relics":["theForsaken:JudgementScales","StuffTheSpire:EmeraldSignet","Calipers","Du-Vu Doll","StuffTheSpire:Mouthbags","aspiration:SilentSkillbook","aspiration:AnachronicSnailShell","MutagenicStrength","Grinning Jar","Golden Egg","Tiny Chest","Kintsugi","conspire:GiftBox","theForsaken:Kindling","StuffTheSpire:CocoNut","conspire:TopHat","Iron Hammer","conspire:DecoderRing","paleoftheancients:Timepiece","paleoftheancients:KeyRelic","Ice Cream","Gremlin Horn","paleoftheancients:SoulOfTheWokeBloke","Lizard Tail","Mirror","conspire:BottledYoYo"],"acts_visited":["Exordium","TheCity","TheBeyond","TheBeyond"],"potions_floor_usage":[8,16,25,27,29,38,50],"damage_taken":[{"damage":12,"enemies":"Small Slimes","floor":1,"turns":11},{"damage":0,"enemies":"2 Louse","floor":2,"turns":4},{"damage":7,"enemies":"Jaw Worm","floor":4,"turns":5},{"damage":43,"enemies":"Gremlin Gang","floor":5,"turns":12},{"damage":5,"enemies":"2 Fungi Beasts","floor":7,"turns":5},{"damage":20,"enemies":"Gremlin Nob","floor":8,"turns":4},{"damage":28,"enemies":"3 Sentries","floor":10,"turns":10},{"damage":29,"enemies":"Large Slime","floor":11,"turns":15},{"damage":17,"enemies":"Lagavulin","floor":13,"turns":7},{"damage":36,"enemies":"Slime Boss","floor":16,"turns":12},{"damage":31,"enemies":"Spheric Guardian","floor":18,"turns":7},{"damage":6,"enemies":"Shell Parasite","floor":24,"turns":6},{"damage":67,"enemies":"Slavers","floor":25,"turns":10},{"damage":9,"enemies":"conspire:Head Lice","floor":27,"turns":20},{"damage":42,"enemies":"3 Cultists","floor":28,"turns":6},{"damage":3,"enemies":"Snake Plant","floor":29,"turns":2},{"damage":72,"enemies":"Shelled Parasite and Fungi","floor":31,"turns":10},{"damage":106,"enemies":"Automaton","floor":33,"turns":21},{"damage":2,"enemies":"Orb Walker","floor":35,"turns":3},{"damage":9,"enemies":"Mind Bloom Boss Battle","floor":38,"turns":8},{"damage":0,"enemies":"3 Shapes","floor":41,"turns":5},{"damage":0,"enemies":"R_Hoarder","floor":42,"turns":9},{"damage":1,"enemies":"Sphere and 2 Shapes","floor":44,"turns":5},{"damage":4,"enemies":"Reptomancer","floor":45,"turns":4},{"damage":0,"enemies":"4 Shapes","floor":48,"turns":1},{"damage":14,"enemies":"Awakened One","floor":50,"turns":7},{"damage":2,"enemies":"Awakened One","floor":51,"turns":3},{"damage":70,"enemies":"Awakened One","floor":52,"turns":8},{"damage":0,"enemies":"conspire:MimicChest","floor":53,"turns":3},{"damage":12,"enemies":"conspire:MimicChest","floor":56,"turns":3},{"damage":27,"enemies":"paleoftheancients:N","floor":60,"turns":7}],"seed_played":"7047901673702942714","potions_obtained":[{"floor":2,"key":"SneckoOil"},{"floor":4,"key":"conspire:TimeTravelPotion"},{"floor":8,"key":"blueLaboratory:LouseDecoction"},{"floor":16,"key":"blueLaboratory:FruitPreserves"},{"floor":25,"key":"blueLaboratory:FruitPunch"},{"floor":28,"key":"theForsaken:FearPotion"},{"floor":35,"key":"Swift Potion"},{"floor":38,"key":"Flashbang"}],"is_trial":false,"path_per_floor":["M","M","?","M","M","R","M","E","T","E","M","R","E","?","R","B",null,"M","?","?","$","?","R","M","E","T","E","M","M","?","M","R","B",null,"M","T","$","?","?","R","M","E","T","M","E","?","T","M","R","B","M","M","?","T","R","M","R","$","?","B",null],"character_chosen":"THE_FORSAKEN","items_purchased":["aspiration:AnachronicSnailShell","Footwork","ReplayTheSpireMod:The Works","conspire:BottledYoYo"],"campfire_rested":1,"item_purchase_floors":[21,37,37,58],"current_hp_per_floor":[46,49,49,47,16,16,23,17,17,30,45,45,40,40,40,27,53,40,15,27,27,27,45,44,21,21,63,25,25,25,55,55,63,63,63,63,63,63,59,59,63,70,70,70,70,60,60,60,60,60,60,60,60,60,60,54,54,54,54,60],"gold":3,"neow_bonus":"THREE_RARE_CARDS","is_daily":false,"chose_seed":false,"campfire_upgraded":8,"win_rate":0.0,"timestamp":1608974842,"path_taken":["M","M","?","M","M","R","M","E","T","E","M","R","E","?","R","BOSS","M","?","?","$","?","R","M","E","T","E","?","?","?","M","R","BOSS","M","?","$","?","?","R","M","E","T","M","E","?","?","M","R","BOSS","M","M","?","T","R","M","R","$","?","BOSS"],"items_purchased_type":["Relic","Card","Card","Relic"],"build_version":"2020-12-22","purchased_purges":1,"victory":true,"max_hp_per_floor":[61,61,61,61,61,61,61,61,61,61,61,61,61,61,61,61,61,61,61,61,61,61,61,61,61,61,63,63,63,63,63,63,63,63,63,63,63,63,63,63,63,70,70,70,70,60,60,60,60,60,60,60,60,60,60,60,60,60,60,60],"relic_stats":{"Lizard Tail":0,"Gremlin Horn":[22,22],"counters":[31,233],"Tiny Chest":2,"obtain_stats":[{"Ice Cream":50,"Golden Egg":26,"Calipers":9,"Gremlin Horn":50,"StuffTheSpire:EmeraldSignet":8,"conspire:TopHat":43,"Lizard Tail":53,"theForsaken:Kindling":38,"aspiration:AnachronicSnailShell":21,"conspire:DecoderRing":47,"Tiny Chest":27,"Iron Hammer":45,"paleoftheancients:KeyRelic":50,"Du-Vu Doll":10,"paleoftheancients:Timepiece":50,"conspire:GiftBox":36,"StuffTheSpire:Mouthbags":13,"paleoftheancients:SoulOfTheWokeBloke":52,"MutagenicStrength":22,"aspiration:SilentSkillbook":17,"StuffTheSpire:CocoNut":42,"conspire:BottledYoYo":58,"Grinning Jar":25,"Kintsugi":34,"theForsaken:JudgementScales":0,"Mirror":54},{"Ice Cream":26,"Golden Egg":13,"Calipers":6,"Gremlin Horn":26,"StuffTheSpire:EmeraldSignet":6,"conspire:TopHat":22,"Lizard Tail":29,"theForsaken:Kindling":20,"aspiration:AnachronicSnailShell":11,"conspire:DecoderRing":24,"Tiny Chest":14,"Iron Hammer":24,"paleoftheancients:KeyRelic":26,"Du-Vu Doll":7,"paleoftheancients:Timepiece":26,"conspire:GiftBox":19,"StuffTheSpire:Mouthbags":9,"paleoftheancients:SoulOfTheWokeBloke":28,"MutagenicStrength":11,"aspiration:SilentSkillbook":10,"StuffTheSpire:CocoNut":22,"conspire:BottledYoYo":30,"Grinning Jar":13,"Kintsugi":18,"theForsaken:JudgementScales":0,"Mirror":29},{"Ice Cream":209,"Golden Egg":108,"Calipers":41,"Gremlin Horn":209,"StuffTheSpire:EmeraldSignet":41,"conspire:TopHat":192,"Lizard Tail":223,"theForsaken:Kindling":178,"aspiration:AnachronicSnailShell":92,"conspire:DecoderRing":201,"Tiny Chest":128,"Iron Hammer":201,"paleoftheancients:KeyRelic":209,"Du-Vu Doll":51,"paleoftheancients:Timepiece":209,"conspire:GiftBox":170,"StuffTheSpire:Mouthbags":73,"paleoftheancients:SoulOfTheWokeBloke":220,"MutagenicStrength":92,"aspiration:SilentSkillbook":85,"StuffTheSpire:CocoNut":192,"conspire:BottledYoYo":226,"Grinning Jar":108,"Kintsugi":167,"theForsaken:JudgementScales":0,"Mirror":223}]},"card_choices":[{"not_picked":["theForsaken:Mantra","theForsaken:CorruptDeck"],"picked":"theForsaken:DesperatePlea","floor":0},{"not_picked":["theForsaken:PanicDive","theForsaken:Thunderbolt"],"picked":"theForsaken:QuickAttack","floor":1},{"not_picked":["theForsaken:Eulogy","theForsaken:DarkBarrier","theForsaken:Backlash"],"picked":"SKIP","floor":2},{"not_picked":["theForsaken:CleansingLight","theForsaken:CreepingInfection"],"picked":"theForsaken:DefensiveStance","floor":4},{"not_picked":["theForsaken:CleansingLight","theForsaken:CreepingInfection"],"picked":"theForsaken:StoreUp","floor":5},{"not_picked":["theForsaken:Preservation","theForsaken:ScorchingSunlight","theForsaken:WordsOfPestilence"],"picked":"SKIP","floor":7},{"not_picked":["theForsaken:FuryStrikes","theForsaken:WordsOfPestilence","theForsaken:HymnOfPatience"],"picked":"SKIP","floor":8},{"not_picked":["theForsaken:Horror","theForsaken:PowerUp","theForsaken:CorruptedWord"],"picked":"SKIP","floor":10},{"not_picked":["theForsaken:Parry","theForsaken:ScorchingSunlight","theForsaken:DarkBargain"],"picked":"SKIP","floor":11},{"not_picked":["theForsaken:FatRoll","theForsaken:Eulogy","theForsaken:PanicDive"],"picked":"SKIP","floor":13},{"not_picked":["theForsaken:Horror","theForsaken:TearsOfSunlight"],"picked":"theForsaken:Confusion","floor":16},{"not_picked":["theForsaken:HorrifyingStrike","Deflect","Blade Dance","theForsaken:ChargeAttack"],"picked":"SKIP","floor":18},{"not_picked":["theForsaken:Thunderbolt","theForsaken:Parry","theForsaken:FuryStrikes"],"picked":"Backflip","floor":24},{"not_picked":["theForsaken:InspiringBlow","Tools of the Trade","theForsaken:CreepingInfection+1"],"picked":"Concentrate","floor":25},{"not_picked":["theForsaken:FuryStrikes","Bouncing Flask","Backflip"],"picked":"theForsaken:BountifulSunlight","floor":27},{"not_picked":["theForsaken:LightRoll","Poisoned Stab","theForsaken:ShieldCharge"],"picked":"Acrobatics","floor":28},{"not_picked":["theForsaken:ChargeAttack","Bullet Time","Bane","StuffTheSpire:BumpUp+1"],"picked":"SKIP","floor":29},{"not_picked":["theForsaken:Thunderbolt","theForsaken:HymnOfPatience","Deflect","Masterful Stab"],"picked":"SKIP","floor":31},{"not_picked":["theForsaken:SpreadingPlague","Poison Darts","ReplayTheSpireMod:From All Sides"],"picked":"After Image","floor":33},{"not_picked":["Outmaneuver","Concentrate","Dash","Accuracy"],"picked":"SKIP","floor":35},{"not_picked":["theForsaken:FountainOfLife","theForsaken:CorruptDeck"],"picked":"Adrenaline","floor":36},{"not_picked":["theForsaken:Eulogy+1","theForsaken:ShieldCharge","Predator+1"],"picked":"Acrobatics","floor":38},{"not_picked":["Noxious Fumes","Dagger Spray+1","theForsaken:Eulogy"],"picked":"Prepared","floor":41},{"not_picked":["theForsaken:Thunderbolt","theForsaken:Backlash+1","Acrobatics"],"picked":"theForsaken:NobleSacrifice","floor":42},{"not_picked":["Heel Hook","theForsaken:PowerUp","aspiration:Lunge","PiercingWail"],"picked":"SKIP","floor":44},{"not_picked":["Finisher+1","Poisoned Stab+1","theForsaken:CreepingInfection","Dagger Spray+1"],"picked":"SKIP","floor":45},{"not_picked":["ReplayTheSpireMod:Exploit Weakness","theForsaken:BottledPlague+1","InfectiousVector","theForsaken:ScorchingSunlight"],"picked":"SKIP","floor":48},{"not_picked":["theForsaken:ShieldBash","Accuracy","theForsaken:PowerUp+1","theForsaken:Thunderbolt"],"picked":"SKIP","floor":51},{"not_picked":["theForsaken:ShieldBash","Accuracy","theForsaken:PowerUp+1","theForsaken:Thunderbolt"],"picked":"SKIP","floor":51},{"not_picked":["theForsaken:LightRoll","theForsaken:QuickAttack+1","ReplayTheSpireMod:Necrosis","theForsaken:Bolster"],"picked":"SKIP","floor":52},{"not_picked":["Underhanded Strike","Sucker Punch","theForsaken:BlessedWeapon"],"picked":"theForsaken:NobleSacrifice","floor":53},{"not_picked":["theForsaken:NobleSacrifice","Sucker Punch","theForsaken:CreepingInfection","Flechettes+1"],"picked":"SKIP","floor":56}],"player_experience":1790168,"relics_obtained":[{"floor":8,"key":"StuffTheSpire:EmeraldSignet"},{"floor":9,"key":"Calipers"},{"floor":10,"key":"Du-Vu Doll"},{"floor":13,"key":"StuffTheSpire:Mouthbags"},{"floor":25,"key":"Grinning Jar"},{"floor":26,"key":"Golden Egg"},{"floor":27,"key":"Tiny Chest"},{"floor":36,"key":"conspire:GiftBox"},{"floor":38,"key":"theForsaken:Kindling"},{"floor":42,"key":"StuffTheSpire:CocoNut"},{"floor":43,"key":"conspire:TopHat"},{"floor":45,"key":"Iron Hammer"},{"floor":47,"key":"conspire:DecoderRing"},{"floor":52,"key":"paleoftheancients:SoulOfTheWokeBloke"},{"floor":53,"key":"Lizard Tail"},{"floor":54,"key":"Mirror"}],"event_choices":[{"cards_removed":["theForsaken:TheForsaken_Strike"],"damage_healed":0,"gold_gain":0,"player_choice":"Card Removal","damage_taken":0,"max_hp_gain":0,"max_hp_loss":0,"event_name":"The Cleric","floor":14,"gold_loss":75},{"damage_healed":12,"gold_gain":0,"player_choice":"Heal","damage_taken":0,"max_hp_gain":0,"max_hp_loss":0,"event_name":"The Library","floor":20,"gold_loss":0},{"damage_healed":0,"gold_gain":0,"player_choice":"Inject Mutagens","damage_taken":0,"relics_obtained":["MutagenicStrength"],"max_hp_gain":0,"max_hp_loss":0,"event_name":"Drug Dealer","floor":22,"gold_loss":0},{"damage_healed":0,"gold_gain":0,"player_choice":"Smashed Altar","damage_taken":0,"max_hp_gain":0,"max_hp_loss":0,"event_name":"Forgotten Altar","floor":30,"gold_loss":0,"cards_obtained":["Decay"]},{"damage_healed":0,"gold_gain":0,"player_choice":"Fight","damage_taken":0,"max_hp_gain":0,"max_hp_loss":0,"event_name":"MindBloom","floor":38,"gold_loss":0},{"damage_healed":0,"gold_gain":0,"player_choice":"Leave","damage_taken":0,"max_hp_gain":0,"max_hp_loss":0,"event_name":"conspire:Investor","floor":39,"gold_loss":0}],"is_beta":false,"boss_relics":[{"not_picked":["conspire:RoyalGoblet","aspiration:SecretTechniqueScroll"],"picked":"aspiration:SilentSkillbook"},{"not_picked":["StuffTheSpire:RunicConfusion","Painkiller Herb"],"picked":"Kintsugi"}],"items_purged_floors":[37],"is_endless":false,"potions_floor_spawned":[2,4,8,16,25,28,35,38,48],"ascension_level":16}}