{"host":"aaqofma31c3gm2hj","time":1608977511,"event":{"mods":["BaseMod","Minty Spire (QoL Compilation)","Replay The Spire","Spicy Shops","StSLib"],"gold_per_floor":[17,17,17,17,28,28,64,97,123,123,171,189,189,30,30,103,103,113,113,113,129,183,183,103,103,103,135,135,135,135],"floor_reached":29,"playtime":484,"items_purged":["Strike_P"],"score":644,"play_id":"f38ca9c7-a52a-421e-ae9a-ae87dffc0975","local_time":"20201226181151","is_ascension_mode":true,"campfire_choices":[{"data":"Eruption","floor":6.0,"key":"SMITH"},{"data":"ForeignInfluence","floor":10.0,"key":"SMITH"},{"data":"Blasphemy","floor":15.0,"key":"SMITH"},{"floor":23.0,"key":"RECALL"},{"floor":25.0,"key":"REST"}],"circlet_count":0,"master_deck":["AscendersBane","Eruption+1","Vigilance+1","Pray+1","LessonLearned+1","ForeignInfluence+1","Steam+1","Tantrum+1","Adaptation+1","Blasphemy+1","DevaForm+1","Fasting2"],"relics":["PureWater","Meat on the Bone","Regal Pillow","War Paint","Lantern","Replay:Wax Seal","Runic Dome","Bag of Preparation","Replay:Multitool","Toy Ornithopter"],"acts_visited":["Exordium","TheCity"],"potions_floor_usage":[],"damage_taken":[{"damage":0.0,"enemies":"Small Slimes","floor":1.0,"turns":2.0},{"damage":8.0,"enemies":"Jaw Worm","floor":5.0,"turns":4.0},{"damage":0.0,"enemies":"2 Louse","floor":7.0,"turns":1.0},{"damage":12.0,"enemies":"3 Sentries","floor":8.0,"turns":4.0},{"damage":0.0,"enemies":"Lagavulin","floor":11.0,"turns":3.0},{"damage":6.0,"enemies":"Lots of Slimes","floor":12.0,"turns":3.0},{"damage":0.0,"enemies":"Slime Boss","floor":16.0,"turns":3.0},{"damage":0.0,"enemies":"3 Byrds","floor":18.0,"turns":3.0},{"damage":0.0,"enemies":"Spheric Guardian","floor":21.0,"turns":2.0},{"damage":11.0,"enemies":"Book of Stabbing","floor":27.0,"turns":3.0},{"damage":0,"enemies":"Replay:Snechameleon","floor":29,"turns":1}],"seed_played":"-4717723175470524839","potions_obtained":[{"floor":7.0,"key":"Swift Potion"},{"floor":12.0,"key":"Ancient Potion"},{"floor":21.0,"key":"Fire Potion"}],"is_trial":false,"path_per_floor":["M","?","T","$","M","R","M","E","T","R","E","M","?","$","R","B",null,"M","?","?","M","T","R","?","R","T","E","R","E"],"character_chosen":"WATCHER","items_purchased":["Replay:Wax Seal"],"campfire_rested":1,"item_purchase_floors":[14],"current_hp_per_floor":[61,61,61,61,53,53,53,41,41,41,41,35,35,35,35,35,60,60,41,41,41,41,41,41,73,73,62,62,62,62],"gold":135,"neow_bonus":"TRANSFORM_TWO_CARDS","is_daily":false,"chose_seed":false,"campfire_upgraded":3,"win_rate":0.0,"timestamp":1608977511,"path_taken":["M","?","?","?","M","R","M","E","T","R","E","M","?","$","R","BOSS","M","?","?","?","?","R","?","R","T","E","R","E"],"items_purchased_type":["Relic"],"build_version":"2020-12-22","purchased_purges":1,"victory":false,"max_hp_per_floor":[68,68,68,68,68,68,68,68,68,68,68,68,68,68,68,68,68,68,73,73,73,73,73,73,73,73,73,73,73,73],"card_choices":[{"not_picked":["Consecrate","Protect","Replay:BluntJabs"],"picked":"SKIP","floor":1.0},{"not_picked":["Sanctity","Evaluate","Replay:BluntJabs"],"picked":"SKIP","floor":5.0},{"not_picked":["ThirdEye","FollowUp"],"picked":"Tantrum","floor":7.0},{"not_picked":["SandsOfTime","Replay:Cycle"],"picked":"Adaptation","floor":8.0},{"not_picked":["Meditate","Replay:Cycle","JustLucky"],"picked":"SKIP","floor":11.0},{"not_picked":["JustLucky","DeceiveReality","CutThroughFate"],"picked":"SKIP","floor":12.0},{"not_picked":["Judgement","Blasphemy"],"picked":"DevaForm","floor":16.0},{"not_picked":["Halt","Swivel","JustLucky"],"picked":"SKIP","floor":18.0},{"not_picked":["PathToVictory","Tantrum","CutThroughFate+1"],"picked":"SKIP","floor":21.0},{"not_picked":["LessonLearned","SandsOfTime","SignatureMove"],"picked":"SKIP","floor":27.0}],"player_experience":538806,"relics_obtained":[{"floor":3.0,"key":"Meat on the Bone"},{"floor":8.0,"key":"Regal Pillow"},{"floor":9.0,"key":"War Paint"},{"floor":11.0,"key":"Lantern"},{"floor":22.0,"key":"Bag of Preparation"},{"floor":26.0,"key":"Replay:Multitool"},{"floor":27.0,"key":"Toy Ornithopter"}],"event_choices":[{"damage_healed":0.0,"max_hp_gain":0.0,"max_hp_loss":0.0,"gold_gain":0.0,"cards_transformed":["Strike_P"],"event_name":"Living Wall","player_choice":"Change","floor":13.0,"gold_loss":0.0,"damage_taken":0.0,"cards_obtained":["Blasphemy"]},{"damage_healed":0.0,"max_hp_gain":5.0,"max_hp_loss":0.0,"gold_gain":0.0,"event_name":"Forgotten Altar","player_choice":"Shed Blood","floor":19.0,"gold_loss":0.0,"damage_taken":24.0},{"cards_removed":["Defend_P"],"damage_healed":0.0,"max_hp_gain":0.0,"max_hp_loss":0.0,"gold_gain":0.0,"event_name":"Bonfire Elementals","player_choice":"Offered Basic","floor":20.0,"gold_loss":0.0,"damage_taken":0.0}],"is_beta":false,"boss_relics":[{"not_picked":["Empty Cage","Cursed Key"],"picked":"Runic Dome"}],"items_purged_floors":[14],"is_endless":false,"potions_floor_spawned":[7,12,21],"killed_by":"Replay:Snechameleon","ascension_level":20}}