{"host":"sabve5zmqufxyc5o","time":1608984541,"event":{"mods":["2.2 Compatiblity","AchievementEnabler","Act Like it!","Arknights The Spire","BaseMod","Block Reminder","Colored Map","Colored Powertips","DeckTracker","KOR Keyword Fix","Keyboard Shortcuts","Minty Spire (QoL Compilation)","Quick Restart","Rare Cards Sparkle","Relic Stats","StSLib","SuperFastMode"],"gold_per_floor":[217,217,234,35,48,48,74,74,150,168,178,178,25,41,41,162,162,181,200,221,20,20,20,20],"floor_reached":23,"playtime":529,"items_purged":["ats:Strike V","ats:Strike C","ats:Strike G"],"score":222,"play_id":"6b7cf359-10c5-4308-87ff-2c507ad53d9d","local_time":"20201226210901","is_ascension_mode":true,"campfire_choices":[{"data":"ats:Childhood Dance","floor":6.0,"key":"SMITH"},{"floor":8.0,"key":"REST"},{"floor":15.0,"key":"REST"}],"circlet_count":0,"master_deck":["ats:Strike S","ats:Armor Crushing Shot","ats:Defend","ats:Defend","ats:Defend","ats:Defend","ats:Emotion Absorption+1","ats:Childhood Dance+1","ats:Poison Spread","ats:Rapid Magazine","ats:Explosion Area Strengthen","ats:Overload","ats:Wolf Pack","ats:Flexible Camouflage","ats:Assault Order","ats:Disruption Kick","ats:Shell Defense+1","ats:Thorns"],"relics":["ats:Sanity","ats:Originium","Akabeko","HornCleat","Golden Idol","SlaversCollar"],"acts_visited":["Exordium","TheCity"],"potions_floor_usage":[20],"damage_taken":[{"damage":15.0,"enemies":"Small Slimes","floor":1.0,"turns":5.0},{"damage":10.0,"enemies":"2 Louse","floor":3.0,"turns":3.0},{"damage":7.0,"enemies":"Jaw Worm","floor":5.0,"turns":5.0},{"damage":27.0,"enemies":"3 Sentries","floor":7.0,"turns":8.0},{"damage":10.0,"enemies":"Lots of Slimes","floor":10.0,"turns":4.0},{"damage":0.0,"enemies":"Looter","floor":11.0,"turns":2.0},{"damage":4.0,"enemies":"Blue Slaver","floor":14.0,"turns":4.0},{"damage":18.0,"enemies":"Slime Boss","floor":16.0,"turns":14.0},{"damage":13.0,"enemies":"Spheric Guardian","floor":18.0,"turns":4.0},{"damage":15.0,"enemies":"Chosen","floor":19.0,"turns":5.0},{"damage":41,"enemies":"Snake Plant","floor":20,"turns":8},{"damage":7,"enemies":"Gremlin Leader","floor":23,"turns":3}],"seed_played":"-623043436991644899","potions_obtained":[{"floor":7.0,"key":"EssenceOfSteel"},{"floor":11.0,"key":"SpeedPotion"},{"floor":14.0,"key":"Dexterity Potion"},{"floor":18.0,"key":"Energy Potion"}],"is_trial":false,"path_per_floor":["M","?","M","$","M","R","E","R","T","M","M","?","$","M","R","B",null,"M","M","M","$","?","E"],"character_chosen":"DOCTOR_CLASS","items_purchased":["ats:Rapid Magazine","ats:Explosion Area Strengthen","ats:Assault Order","ats:Thorns"],"campfire_rested":2,"item_purchase_floors":[4,4,13,21],"current_hp_per_floor":[57,57,47,47,40,40,13,34,34,24,24,24,24,20,40,22,67,54,39,4,4,4,0,0],"gold":20,"neow_bonus":"HUNDRED_GOLD","is_daily":false,"chose_seed":false,"campfire_upgraded":1,"win_rate":0.0,"timestamp":1608984541,"path_taken":["M","?","M","$","M","R","E","R","T","M","M","?","$","M","R","BOSS","M","M","M","$","?","E"],"items_purchased_type":["Card","Card","Card","Card"],"build_version":"2020-12-22","purchased_purges":3,"victory":false,"max_hp_per_floor":[72,72,72,72,72,72,72,72,72,72,72,67,67,67,67,67,67,67,67,67,67,67,67,67],"relic_stats":{"counters":[12,65],"Golden Idol":39,"obtain_stats":[{"SlaversCollar":17,"HornCleat":9,"ats:Originium":7,"Golden Idol":12,"ats:Sanity":0,"Akabeko":7},{"SlaversCollar":8,"HornCleat":4,"ats:Originium":4,"Golden Idol":6,"ats:Sanity":0,"Akabeko":4},{"SlaversCollar":45,"HornCleat":21,"ats:Originium":21,"Golden Idol":27,"ats:Sanity":0,"Akabeko":21}]},"card_choices":[{"not_picked":["ats:Revitalization","ats:Consecutive Shot Auto"],"picked":"ats:Childhood Dance","floor":1.0},{"not_picked":["ats:Blood Oath","ats:Powerful Strike"],"picked":"ats:Poison Spread","floor":3.0},{"not_picked":["ats:Flexible Camouflage","ats:Curse Doll"],"picked":"ats:Overload","floor":5.0},{"not_picked":["ats:Cat Scratch","ats:Powerful Strike"],"picked":"ats:Wolf Pack","floor":7.0},{"not_picked":["ats:Apocalypse","ats:Blood Oath","ats:Poison Spread"],"picked":"SKIP","floor":10.0},{"not_picked":["ats:Sword Rain","ats:Encircling Forest"],"picked":"ats:Flexible Camouflage","floor":11.0},{"not_picked":["ats:Sword Rain","ats:Assault Order","ats:Curse Doll"],"picked":"SKIP","floor":14.0},{"not_picked":["ats:Rat Pack","ats:Volcano"],"picked":"ats:Disruption Kick","floor":16.0},{"not_picked":["ats:Powerful Strike+1","ats:Assault Order","ats:Defend Order"],"picked":"SKIP","floor":18.0},{"not_picked":["ats:Red Shift+1","ats:Childhood Dance+1"],"picked":"ats:Shell Defense+1","floor":19.0},{"not_picked":["ats:Ignite","ats:Powerful Strike","ats:Soul Rend"],"picked":"SKIP","floor":20}],"player_experience":821493,"relics_obtained":[{"floor":7.0,"key":"ats:Originium"},{"floor":7.0,"key":"Akabeko"},{"floor":9.0,"key":"HornCleat"}],"event_choices":[{"damage_healed":0.0,"max_hp_gain":0.0,"max_hp_loss":0.0,"gold_gain":0.0,"event_name":"Living Wall","player_choice":"Grow","floor":2.0,"gold_loss":0.0,"damage_taken":0.0,"cards_upgraded":["ats:Emotion Absorption"]},{"damage_healed":0.0,"max_hp_gain":0.0,"max_hp_loss":5.0,"gold_gain":0.0,"event_name":"Golden Idol","player_choice":"Lose Max HP","floor":12.0,"gold_loss":0.0,"damage_taken":0.0,"relics_obtained":["Golden Idol"]},{"damage_healed":0,"gold_gain":0,"player_choice":"Ignored","damage_taken":0,"max_hp_gain":0,"max_hp_loss":0,"event_name":"Cursed Tome","floor":22,"gold_loss":0}],"is_beta":false,"boss_relics":[{"not_picked":["Snecko Eye","Philosopher\u0027s Stone"],"picked":"SlaversCollar"}],"items_purged_floors":[4,13,21],"is_endless":false,"potions_floor_spawned":[7,11,14,18],"killed_by":"Gremlin Leader","ascension_level":3}}