{"host":"cd9ii0p4lcq6b7m2","time":1608941630,"event":{"mods":["BaseMod","Block Reminder","Colored Map","Highlight Path","Minty Spire (QoL Compilation)"],"gold_per_floor":[114,114,129,54,69,99,114,144,144,174,249,279,294,309,309,409,409,424,424,36,36,36,36,66,66,116,146,161,191,206,236,236,336,336,351,101,119,119,143,173,188,227,261,261,291,137,167,167,167,167],"floor_reached":51,"playtime":4939,"items_purged":[],"score":1294,"play_id":"7081a63e-2dde-48fb-ad65-346da8e98d15","local_time":"20201226001350","daily_mods":["Draft","Hoarder","Elite Swarm"],"is_ascension_mode":false,"campfire_choices":[{"floor":15.0,"key":"REST"},{"data":"Armaments","floor":23.0,"key":"SMITH"},{"data":"Armaments","floor":25.0,"key":"SMITH"},{"floor":32.0,"key":"REST"},{"data":"Armaments","floor":44,"key":"SMITH"},{"floor":49,"key":"REST"}],"circlet_count":0,"master_deck":["Iron Wave","Iron Wave+1","Iron Wave","Seeing Red","Seeing Red","Seeing Red","Flame Barrier","Flame Barrier","Flame Barrier","Iron Wave","Iron Wave","Iron Wave","Clothesline","Clothesline","Clothesline","Cleave","Cleave","Cleave","Cleave","Cleave","Cleave","Shrug It Off","Shrug It Off","Shrug It Off","Combust","Combust","Combust","Armaments+1","Armaments+1","Armaments+1","Thunderclap","Thunderclap","Thunderclap+1","Dropkick","Dropkick","Dropkick","Iron Wave","Iron Wave","Iron Wave","Disarm","Disarm","Armaments","Armaments","Armaments","Thunderclap","Thunderclap","Thunderclap","Decay","Decay","Decay","Brutality","Brutality","Brutality","Power Through","Power Through","Power Through","Immolate","Immolate","Immolate","Seeing Red","Seeing Red","Seeing Red","Double Tap","Double Tap","Double Tap","J.A.X.","J.A.X.","J.A.X.","Bandage Up","Bandage Up","Bandage Up","Madness","Madness","Madness","Madness","Madness","Madness","Uppercut+1","Uppercut+1","Uppercut+1","Reaper","Reaper","Reaper","Doubt","Doubt","Doubt","Master of Strategy","Master of Strategy","Master of Strategy"],"relics":["Burning Blood","Vajra","Potion Belt","Pear","InkBottle","Red Skull","Black Star","Champion Belt","Centennial Puzzle","HornCleat","CeramicFish","Magic Flower","CaptainsWheel","Blue Candle","Bronze Scales","Orichalcum","Du-Vu Doll","Cursed Key","Self Forming Clay","Torii","Anchor","Lizard Tail","Charon\u0027s Ashes","Whetstone","Strawberry","White Beast Statue","Mummified Hand","Kunai"],"acts_visited":["Exordium","TheCity","TheBeyond"],"potions_floor_usage":[],"damage_taken":[{"damage":0.0,"enemies":"Small Slimes","floor":1.0,"turns":2.0},{"damage":0.0,"enemies":"Cultist","floor":3.0,"turns":4.0},{"damage":0.0,"enemies":"2 Louse","floor":5.0,"turns":2.0},{"damage":2.0,"enemies":"3 Sentries","floor":6.0,"turns":6.0},{"damage":3.0,"enemies":"Large Slime","floor":7.0,"turns":6.0},{"damage":2.0,"enemies":"Gremlin Nob","floor":8.0,"turns":3.0},{"damage":20.0,"enemies":"Lagavulin","floor":10.0,"turns":5.0},{"damage":16.0,"enemies":"Gremlin Nob","floor":12.0,"turns":3.0},{"damage":3.0,"enemies":"Exordium Wildlife","floor":13.0,"turns":3.0},{"damage":1.0,"enemies":"Blue Slaver","floor":14.0,"turns":3.0},{"damage":13.0,"enemies":"Slime Boss","floor":16.0,"turns":6.0},{"damage":12.0,"enemies":"Shell Parasite","floor":18.0,"turns":6.0},{"damage":49.0,"enemies":"Gremlin Leader","floor":24.0,"turns":7.0},{"damage":44.0,"enemies":"Book of Stabbing","floor":27.0,"turns":6.0},{"damage":8.0,"enemies":"Spheric Guardian","floor":28.0,"turns":3.0},{"damage":40.0,"enemies":"Slavers","floor":29.0,"turns":5.0},{"damage":3.0,"enemies":"3 Cultists","floor":30.0,"turns":2.0},{"damage":12.0,"enemies":"Book of Stabbing","floor":31.0,"turns":4.0},{"damage":46.0,"enemies":"Champ","floor":33.0,"turns":10.0},{"damage":7.0,"enemies":"3 Darklings","floor":35.0,"turns":4.0},{"damage":1.0,"enemies":"Orb Walker","floor":39.0,"turns":2.0},{"damage":9.0,"enemies":"Reptomancer","floor":40.0,"turns":5.0},{"damage":3.0,"enemies":"Sphere and 2 Shapes","floor":41.0,"turns":3.0},{"damage":13,"enemies":"Nemesis","floor":42,"turns":5},{"damage":2,"enemies":"Reptomancer","floor":45,"turns":3},{"damage":34,"enemies":"Giant Head","floor":47,"turns":7},{"damage":13,"enemies":"Donu and Deca","floor":50,"turns":6}],"seed_played":"-567031674859551473","potions_obtained":[{"floor":5.0,"key":"Energy Potion"},{"floor":7.0,"key":"FearPotion"},{"floor":8.0,"key":"Regen Potion"},{"floor":12.0,"key":"Block Potion"},{"floor":14.0,"key":"Swift Potion"},{"floor":29.0,"key":"SkillPotion"},{"floor":30.0,"key":"Swift Potion"},{"floor":31.0,"key":"Fruit Juice"},{"floor":40.0,"key":"SneckoOil"},{"floor":42,"key":"SneckoOil"},{"floor":45,"key":"Fire Potion"},{"floor":47,"key":"SmokeBomb"}],"is_trial":false,"path_per_floor":["M","?","M","$","M","E","M","E","T","E","?","E","M","M","R","B",null,"M","?","$","?","$","R","E","R","T","E","M","E","M","E","R","B",null,"M","$","?","?","M","E","M","E","T","R","E","$","E","?","R","B",null],"character_chosen":"IRONCLAD","items_purchased":["EssenceOfSteel","Champion Belt","Bandage Up","Self Forming Clay","Master of Strategy"],"campfire_rested":3,"item_purchase_floors":[4,20,20,36,46],"current_hp_per_floor":[80,80,80,80,80,80,80,80,90,76,65,67,70,75,90,83,90,84,84,84,84,84,84,53,53,53,23,30,11,23,31,59,40,95,95,95,83,83,91,95,95,95,95,95,102,102,84,84,102,102],"gold":167,"neow_bonus":"","is_daily":true,"chose_seed":false,"campfire_upgraded":3,"win_rate":0.0,"timestamp":1608941630,"path_taken":["M","?","?","$","M","E","M","E","T","E","?","E","M","M","R","BOSS","M","?","$","?","?","R","E","R","T","E","?","E","M","E","R","BOSS","M","$","?","?","?","E","M","E","T","R","E","$","E","?","R","BOSS"],"items_purchased_type":["Potion","Relic","Card","Relic","Card"],"build_version":"2020-12-22","purchased_purges":0,"victory":true,"max_hp_per_floor":[80,80,80,80,80,80,80,80,90,90,90,90,90,90,90,90,90,90,90,90,90,90,90,90,90,90,90,90,90,90,95,95,95,95,95,95,95,95,95,95,95,95,95,95,102,102,102,102,102,102],"card_choices":[{"not_picked":["Havoc","Warcry"],"picked":"Iron Wave","floor":0.0},{"not_picked":["Reckless Charge","Pommel Strike"],"picked":"Seeing Red","floor":0.0},{"not_picked":["Searing Blow","Thunderclap"],"picked":"Flame Barrier","floor":0.0},{"not_picked":["Sentinel","Heavy Blade"],"picked":"Iron Wave","floor":0.0},{"not_picked":["Heavy Blade","Bloodletting"],"picked":"Clothesline","floor":0.0},{"not_picked":["Dual Wield","Heavy Blade"],"picked":"Cleave","floor":0.0},{"not_picked":["Heavy Blade","Clash"],"picked":"Cleave","floor":0.0},{"not_picked":["Power Through","Flex"],"picked":"Shrug It Off","floor":0.0},{"not_picked":["Heavy Blade","Seeing Red"],"picked":"Combust","floor":0.0},{"not_picked":["Clash","Sword Boomerang"],"picked":"Armaments","floor":0.0},{"not_picked":["Seeing Red","Perfected Strike"],"picked":"Thunderclap","floor":0.0},{"not_picked":["Wild Strike","Dual Wield"],"picked":"Dropkick","floor":0.0},{"not_picked":["Cleave","Havoc"],"picked":"Iron Wave","floor":0.0},{"not_picked":["Havoc","Body Slam"],"picked":"Disarm","floor":0.0},{"not_picked":["Clash","Rupture"],"picked":"Armaments","floor":0.0},{"not_picked":["Combust","Sentinel"],"picked":"Thunderclap","floor":1.0},{"not_picked":["Entrench","Shrug It Off","Heavy Blade"],"picked":"SKIP","floor":3.0},{"not_picked":["Perfected Strike","True Grit","Inflame"],"picked":"SKIP","floor":5.0},{"not_picked":["Reaper","Corruption"],"picked":"Brutality","floor":6.0},{"not_picked":["Flex","Sword Boomerang"],"picked":"Power Through","floor":7.0},{"not_picked":["Exhume","Bludgeon","Brutality"],"picked":"SKIP","floor":8.0},{"not_picked":["Impervious","Brutality"],"picked":"Immolate","floor":10.0},{"not_picked":["Demon Form","Offering","Exhume"],"picked":"SKIP","floor":12.0},{"not_picked":["Sword Boomerang","Entrench","Dual Wield"],"picked":"SKIP","floor":13.0},{"not_picked":["Battle Trance","Warcry"],"picked":"Seeing Red","floor":14.0},{"not_picked":["Limit Break","Offering"],"picked":"Double Tap","floor":16.0},{"not_picked":["Disarm","Dual Wield+1","Sword Boomerang"],"picked":"SKIP","floor":18.0},{"not_picked":["Impervious","Offering","Barricade"],"picked":"SKIP","floor":24.0},{"not_picked":["Corruption","Exhume","Juggernaut"],"picked":"SKIP","floor":27.0},{"not_picked":["Armaments","Infernal Blade","Cleave"],"picked":"SKIP","floor":28.0},{"not_picked":["Limit Break","Juggernaut","Brutality"],"picked":"SKIP","floor":29.0},{"not_picked":["Warcry+1","Shrug It Off","Iron Wave+1"],"picked":"SKIP","floor":30.0},{"not_picked":["Limit Break","Juggernaut","Bludgeon"],"picked":"SKIP","floor":31.0},{"not_picked":["Anger+1","Heavy Blade","Power Through"],"picked":"SKIP","floor":35.0},{"not_picked":["Pommel Strike","True Grit+1"],"picked":"Uppercut+1","floor":39.0},{"not_picked":["Berserk","Double Tap","Impervious"],"picked":"SKIP","floor":40.0},{"not_picked":["Bloodletting","Shockwave+1","Reckless Charge+1"],"picked":"SKIP","floor":41},{"not_picked":["Exhume","Bludgeon"],"picked":"Reaper","floor":42},{"not_picked":["Juggernaut","Immolate","Feed"],"picked":"SKIP","floor":45},{"not_picked":["Demon Form","Berserk","Barricade"],"picked":"SKIP","floor":47}],"player_experience":148698,"relics_obtained":[{"floor":6.0,"key":"Vajra"},{"floor":8.0,"key":"Potion Belt"},{"floor":9.0,"key":"Pear"},{"floor":10.0,"key":"InkBottle"},{"floor":12.0,"key":"Red Skull"},{"floor":24.0,"key":"Centennial Puzzle"},{"floor":24.0,"key":"HornCleat"},{"floor":26.0,"key":"CeramicFish"},{"floor":27.0,"key":"Magic Flower"},{"floor":27.0,"key":"CaptainsWheel"},{"floor":29.0,"key":"Blue Candle"},{"floor":29.0,"key":"Bronze Scales"},{"floor":31.0,"key":"Orichalcum"},{"floor":31.0,"key":"Du-Vu Doll"},{"floor":40.0,"key":"Torii"},{"floor":40.0,"key":"Anchor"},{"floor":42,"key":"Lizard Tail"},{"floor":42,"key":"Charon\u0027s Ashes"},{"floor":43,"key":"Whetstone"},{"floor":45,"key":"Strawberry"},{"floor":45,"key":"White Beast Statue"},{"floor":47,"key":"Mummified Hand"},{"floor":47,"key":"Kunai"}],"event_choices":[{"damage_healed":0.0,"max_hp_gain":0.0,"max_hp_loss":0.0,"gold_gain":0.0,"event_name":"Wheel of Change","player_choice":"Cursed","floor":2.0,"gold_loss":0.0,"damage_taken":0.0,"cards_obtained":["Decay"]},{"damage_healed":0.0,"max_hp_gain":0.0,"max_hp_loss":0.0,"gold_gain":75.0,"event_name":"World of Goop","player_choice":"Gather Gold","floor":11.0,"gold_loss":0.0,"damage_taken":11.0},{"damage_healed":0.0,"max_hp_gain":0.0,"max_hp_loss":0.0,"gold_gain":0.0,"event_name":"Drug Dealer","player_choice":"Obtain J.A.X.","floor":19.0,"gold_loss":0.0,"damage_taken":0.0,"cards_obtained":["J.A.X."]},{"damage_healed":0.0,"max_hp_gain":0.0,"max_hp_loss":0.0,"gold_gain":0.0,"event_name":"Vampires","player_choice":"Ignored","floor":21.0,"gold_loss":0.0,"damage_taken":0.0},{"damage_healed":0.0,"max_hp_gain":0.0,"max_hp_loss":0.0,"gold_gain":0.0,"event_name":"Winding Halls","player_choice":"Embrace Madness","floor":37.0,"gold_loss":0.0,"damage_taken":12.0,"cards_obtained":["Madness","Madness"]},{"cards_removed":["Disarm"],"damage_healed":0.0,"max_hp_gain":0.0,"max_hp_loss":0.0,"gold_gain":0.0,"event_name":"Falling","player_choice":"Removed Skill","floor":38.0,"gold_loss":0.0,"damage_taken":0.0},{"damage_healed":0,"gold_gain":0,"player_choice":"Ignored","damage_taken":0,"max_hp_gain":0,"max_hp_loss":0,"event_name":"SecretPortal","floor":48,"gold_loss":0}],"is_beta":false,"boss_relics":[{"not_picked":["SacredBark","Astrolabe"],"picked":"Black Star"},{"not_picked":["Busted Crown","Coffee Dripper"],"picked":"Cursed Key"}],"items_purged_floors":[],"is_endless":false,"potions_floor_spawned":[5,7,8,12,14,29,30,31,40,42,45,47],"ascension_level":0}}