{"host":"ormi09wwzv7sq47a","time":1608954515,"event":{"mods":["2.2 Compatiblity","AchievementEnabler","Act Like it!","BaseMod","Bestiary","Better Altar","Better Note","Better Sensory Stone","Better Skull","Better Third Choice","Better Vampires","BetterRewards","Block Reminder","Colored Map","Colored Powertips","Curses Come First","DeckTracker","Downfall","Highlight Path","Minty Spire (QoL Compilation)","Permanent Neow","Quick Restart","Rare Cards Sparkle","Relic Stats","Shop Mod","StSLib","The Jungle","The Servant 0.9.4"],"gold_per_floor":[111,36,48,48,63,63,389,389,389,420,420,432,44,72,72,149,149,162,162,87,87,12,12,28,28,28,45,2,2,31,31,31,109,109,126,141,166,166,214,214,247,247,247,247,29,10,21,32,32,32,32,32,7,41,41,41],"floor_reached":55,"playtime":2107,"items_purged":["Strike_B","Strike_B","Defend_B"],"score":1517,"play_id":"6ce3c4f8-70c2-4e8c-bba4-8382cd9ab974","local_time":"20201226004835","is_ascension_mode":true,"campfire_choices":[{"floor":6.0,"key":"REST"},{"data":"Reinforced Body","floor":8.0,"key":"SMITH"},{"data":"Zap","floor":11.0,"key":"SMITH"},{"data":"Dualcast","floor":15.0,"key":"SMITH"},{"data":"Echo Form","floor":23.0,"key":"SMITH"},{"data":"Turbo","floor":25.0,"key":"SMITH"},{"floor":29.0,"key":"REST"},{"floor":32.0,"key":"REST"},{"data":"Stack","floor":40.0,"key":"SMITH"},{"data":"Self Repair","floor":44.0,"key":"SMITH"},{"floor":49,"key":"RECALL"},{"data":"Auto Shields","floor":52,"key":"SMITH"}],"circlet_count":0,"master_deck":["AscendersBane","Defend_B+1","Zap+1","Dualcast+1","Go for the Eyes+1","Rip and Tear+1","Reinforced Body+1","BootSequence+1","Compile Driver+1","Beam Cell+1","Doom and Gloom+1","Echo Form+1","Steam","Turbo+1","Cold Snap+1","Meteor Strike+1","Turbo+1","Self Repair+1","All For One+1","Shame","Meteor Strike+1","Lockon+1","Stack+1","Thunder Strike+1","expansioncontent:Flail+1","Multi-Cast","Auto Shields+1","Parasite","Biased Cognition"],"relics":["Cracked Core","Molten Egg 2","Pear","Bottled Lightning","Membership Card","Mercury Hourglass","Odd Mushroom","Empty Cage","Enchiridion","Nloth\u0027s Gift","Guardian:PocketSentry","Shuriken","Anchor","Ice Cream","Busted Crown","Calipers","Thread and Needle","Mummified Hand","Ornamental Fan","Gambling Chip"],"acts_visited":["Exordium","TheCity","TheBeyond","TheEnding"],"potions_floor_usage":[48,50,54],"damage_taken":[{"damage":8.0,"enemies":"Small Slimes","floor":1.0,"turns":2.0},{"damage":0.0,"enemies":"Jaw Worm","floor":3.0,"turns":2.0},{"damage":0.0,"enemies":"2 Louse","floor":5.0,"turns":2.0},{"damage":16.0,"enemies":"Lagavulin","floor":7.0,"turns":4.0},{"damage":12.0,"enemies":"Gremlin Nob","floor":10.0,"turns":3.0},{"damage":0.0,"enemies":"Looter","floor":12.0,"turns":2.0},{"damage":0.0,"enemies":"The Mushroom Lair","floor":14.0,"turns":2.0},{"damage":5.0,"enemies":"The Guardian","floor":16.0,"turns":10.0},{"damage":0.0,"enemies":"3 Byrds","floor":18.0,"turns":3.0},{"damage":11.0,"enemies":"2 Thieves","floor":24.0,"turns":3.0},{"damage":0.0,"enemies":"3 Cultists","floor":27.0,"turns":4.0},{"damage":17.0,"enemies":"Gremlin Leader","floor":30.0,"turns":3.0},{"damage":39.0,"enemies":"Collector","floor":33.0,"turns":7.0},{"damage":0.0,"enemies":"3 Shapes","floor":35.0,"turns":3.0},{"damage":0.0,"enemies":"Orb Walker","floor":36.0,"turns":2.0},{"damage":0.0,"enemies":"Mind Bloom Boss Battle","floor":37.0,"turns":3.0},{"damage":12.0,"enemies":"2 Orb Walkers","floor":39.0,"turns":4.0},{"damage":32.0,"enemies":"Nemesis","floor":41.0,"turns":5.0},{"damage":0.0,"enemies":"4 Shapes","floor":47.0,"turns":2.0},{"damage":6,"enemies":"Writhing Mass","floor":48,"turns":4},{"damage":37,"enemies":"Donu and Deca","floor":50,"turns":5},{"damage":42,"enemies":"Shield and Spear","floor":54,"turns":4},{"damage":42,"enemies":"The Heart","floor":55,"turns":3}],"seed_played":"-2300567849033263716","potions_obtained":[{"floor":3.0,"key":"LiquidMemories"},{"floor":14.0,"key":"DuplicationPotion"},{"floor":33.0,"key":"SteroidPotion"},{"floor":36.0,"key":"Regen Potion"},{"floor":39.0,"key":"AttackPotion"},{"floor":54,"key":"FearPotion"}],"is_trial":false,"path_per_floor":["M","?","M","?","M","R","E","R","T","E","R","M","$","?","R","B",null,"M","?","?","?","$","R","M","R","T","M","$","R","E","?","R","B",null,"M","M","?","?","?","R","E","T","T","R","$","$","M","M","R","B",null,"R","$","E","B"],"character_chosen":"DEFECT","items_purchased":["Molten Egg 2","Go for the Eyes+1","Rip and Tear+1","Reinforced Body","Membership Card","Mercury Hourglass","Turbo","EssenceOfSteel","Guardian:PocketSentry","Self Repair","Energy Potion","expansioncontent:Flail+1","Multi-Cast","EssenceOfSteel","Auto Shields","FocusPotion"],"campfire_rested":3,"item_purchase_floors":[0,0,0,0,13,13,13,13,22,28,28,45,45,45,46,53],"current_hp_per_floor":[56,56,56,35,35,56,40,40,50,38,38,38,38,38,38,33,69,69,48,48,48,48,48,37,37,37,37,37,61,44,44,68,36,70,77,77,81,81,76,76,63,63,63,63,63,63,63,67,67,50,73,73,73,41,0,0],"gold":41,"neow_bonus":"","is_daily":false,"chose_seed":false,"campfire_upgraded":8,"win_rate":0.0,"timestamp":1608954515,"path_taken":["M","?","M","?","M","R","E","R","T","E","R","M","$","?","R","BOSS","M","?","?","?","$","R","M","R","T","?","?","R","E","?","R","BOSS","M","M","?","?","?","R","E","?","T","R","?","$","M","M","R","BOSS","R","$","E","BOSS"],"items_purchased_type":["Relic","Card","Card","Card","Relic","Relic","Card","Potion","Relic","Card","Potion","Card","Card","Potion","Card","Potion"],"build_version":"2020-12-22","purchased_purges":3,"victory":false,"max_hp_per_floor":[71,71,71,71,71,71,71,71,81,81,81,81,81,81,81,81,81,81,81,81,81,81,81,81,81,81,81,81,81,81,81,81,81,81,81,81,81,81,81,81,81,81,81,81,81,81,81,81,81,81,81,81,81,81,81,81],"relic_stats":{"Busted Crown":20,"counters":[47,192],"Shuriken":[22],"Mummified Hand":[32],"Ornamental Fan":[36],"Gambling Chip":[4],"Nloth\u0027s Gift":3,"obtain_stats":[{"Ice Cream":31,"Calipers":37,"Enchiridion":19,"Empty Cage":17,"Old Coin":7,"Mummified Hand":41,"Gambling Chip":54,"Philosopher\u0027s Stone":34,"Red Mask":31,"Cracked Core":0,"Pear":9,"Blue Candle":23,"Thread and Needle":39,"Omamori":43,"Guardian:PocketSentry":22,"Odd Mushroom":14,"Question Card":9,"Medical Kit":36,"Mercury Hourglass":13,"Anchor":30,"Busted Crown":34,"Shuriken":26,"Ornamental Fan":43,"MutagenicStrength":27,"Pandora\u0027s Box":17,"Molten Egg 2":0,"Nloth\u0027s Gift":21,"Bottled Lightning":44,"Membership Card":13},{"Ice Cream":36,"Calipers":40,"Enchiridion":33,"Empty Cage":32,"Old Coin":28,"Mummified Hand":42,"Gambling Chip":46,"Philosopher\u0027s Stone":16,"Red Mask":15,"Cracked Core":0,"Pear":28,"Blue Candle":13,"Thread and Needle":41,"Omamori":20,"Guardian:PocketSentry":33,"Odd Mushroom":31,"Question Card":5,"Medical Kit":17,"Mercury Hourglass":30,"Anchor":36,"Busted Crown":37,"Shuriken":34,"Ornamental Fan":42,"MutagenicStrength":13,"Pandora\u0027s Box":9,"Molten Egg 2":24,"Nloth\u0027s Gift":33,"Bottled Lightning":21,"Membership Card":30},{"Ice Cream":151,"Calipers":166,"Enchiridion":141,"Empty Cage":138,"Old Coin":121,"Mummified Hand":174,"Gambling Chip":189,"Philosopher\u0027s Stone":70,"Red Mask":62,"Cracked Core":0,"Pear":121,"Blue Candle":55,"Thread and Needle":169,"Omamori":85,"Guardian:PocketSentry":141,"Odd Mushroom":128,"Question Card":18,"Medical Kit":73,"Mercury Hourglass":126,"Anchor":151,"Busted Crown":158,"Shuriken":144,"Ornamental Fan":174,"MutagenicStrength":55,"Pandora\u0027s Box":35,"Molten Egg 2":111,"Nloth\u0027s Gift":141,"Bottled Lightning":96,"Membership Card":126}],"Mercury Hourglass":[313]},"card_choices":[{"not_picked":["Stack","Chaos"],"picked":"BootSequence","floor":1.0},{"not_picked":["White Noise","Conserve Battery"],"picked":"Compile Driver+1","floor":3.0},{"not_picked":["Hello World","Steam"],"picked":"Beam Cell+1","floor":5.0},{"not_picked":["Turbo","Biased Cognition"],"picked":"Doom and Gloom+1","floor":7.0},{"not_picked":["Force Field","Fusion"],"picked":"Echo Form","floor":10.0},{"not_picked":["Ball Lightning+1","Stack"],"picked":"Steam","floor":12.0},{"not_picked":["Heatsinks","Ball Lightning+1"],"picked":"Cold Snap+1","floor":14.0},{"not_picked":["Creative AI","Thunder Strike+1"],"picked":"Meteor Strike+1","floor":16.0},{"not_picked":["Coolheaded","Ball Lightning+1","Doom and Gloom+1"],"picked":"SKIP","floor":18.0},{"not_picked":["Streamline+1","Chaos","Fusion"],"picked":"SKIP","floor":24.0},{"not_picked":["Loop","Stack"],"picked":"Turbo+1","floor":27.0},{"not_picked":["Glacier+1","Thunder Strike+1"],"picked":"All For One+1","floor":30.0},{"not_picked":["Reboot","Multi-Cast"],"picked":"Meteor Strike+1","floor":33.0},{"not_picked":["Beam Cell+1"],"picked":"SKIP","floor":35.0},{"not_picked":["Compile Driver+1"],"picked":"SKIP","floor":36.0},{"not_picked":[],"picked":"Lockon+1","floor":37.0},{"not_picked":[],"picked":"Stack","floor":39.0},{"not_picked":[],"picked":"Thunder Strike+1","floor":41.0},{"not_picked":["Reprogram"],"picked":"SKIP","floor":47.0},{"not_picked":["Turbo+1"],"picked":"SKIP","floor":48},{"not_picked":[],"picked":"Biased Cognition","floor":54}],"player_experience":767052,"relics_obtained":[{"floor":7.0,"key":"Old Coin"},{"floor":9.0,"key":"Pear"},{"floor":10.0,"key":"Bottled Lightning"},{"floor":14.0,"key":"Odd Mushroom"},{"floor":19.0,"key":"Enchiridion"},{"floor":26.0,"key":"Shuriken"},{"floor":30.0,"key":"Anchor"},{"floor":37.0,"key":"Calipers"},{"floor":39.0,"key":"Thread and Needle"},{"floor":41.0,"key":"Mummified Hand"},{"floor":43.0,"key":"Ornamental Fan"},{"floor":54,"key":"Gambling Chip"}],"event_choices":[{"cards_removed":["Strike_B"],"damage_healed":0.0,"max_hp_gain":0.0,"max_hp_loss":0.0,"gold_gain":0.0,"event_name":"The Cleric","player_choice":"Card Removal","floor":2.0,"gold_loss":75.0,"damage_taken":0.0},{"damage_healed":56.0,"max_hp_gain":0.0,"max_hp_loss":71.0,"gold_gain":0.0,"event_name":"betterThird:BetterShining","player_choice":"Upgrade","floor":4.0,"gold_loss":0.0,"damage_taken":21.0,"cards_upgraded":["Defend_B","BootSequence"]},{"damage_healed":0.0,"max_hp_gain":0.0,"max_hp_loss":0.0,"gold_gain":0.0,"event_name":"Mushrooms","player_choice":"Fought Mushrooms","floor":14.0,"gold_loss":0.0,"damage_taken":0.0},{"damage_healed":0.0,"max_hp_gain":0.0,"max_hp_loss":0.0,"gold_gain":0.0,"event_name":"Cursed Tome","player_choice":"Obtained Book","floor":19.0,"gold_loss":0.0,"damage_taken":21.0},{"cards_removed":["Defend_B"],"damage_healed":0.0,"max_hp_gain":0.0,"max_hp_loss":0.0,"gold_gain":0.0,"event_name":"Beggar","player_choice":"Gave Gold","floor":20.0,"gold_loss":75.0,"damage_taken":0.0},{"damage_healed":0.0,"max_hp_gain":0.0,"max_hp_loss":0.0,"gold_gain":0.0,"event_name":"N\u0027loth","player_choice":"Traded Relic","floor":21.0,"relics_lost":["Old Coin"],"gold_loss":0.0,"damage_taken":0.0,"relics_obtained":["Nloth\u0027s Gift"]},{"damage_healed":0.0,"max_hp_gain":0.0,"max_hp_loss":0.0,"gold_gain":0.0,"event_name":"Addict","player_choice":"Stole Relic","floor":31.0,"gold_loss":0.0,"damage_taken":0.0,"relics_obtained":["Ice Cream"],"cards_obtained":["Shame"]},{"damage_healed":0.0,"max_hp_gain":0.0,"max_hp_loss":0.0,"gold_gain":0.0,"event_name":"MindBloom","player_choice":"Fight","floor":37.0,"gold_loss":0.0,"damage_taken":0.0},{"damage_healed":0.0,"max_hp_gain":0.0,"max_hp_loss":0.0,"gold_gain":3.0,"event_name":"betterStone:BetterStone","player_choice":"1","floor":38.0,"gold_loss":0.0,"damage_taken":0.0},{"damage_healed":0.0,"max_hp_gain":0.0,"max_hp_loss":0.0,"gold_gain":0.0,"event_name":"Mysterious Sphere","player_choice":"Fight","floor":39.0,"gold_loss":0.0,"damage_taken":0.0}],"is_beta":false,"boss_relics":[{"not_picked":["Nuclear Battery","Philosopher\u0027s Stone"],"picked":"Empty Cage"},{"not_picked":["Cursed Key","SlaversCollar"],"picked":"Busted Crown"}],"items_purged_floors":[0,13,45],"is_endless":false,"potions_floor_spawned":[3,14,16,33,36,39,54],"killed_by":"The Heart","ascension_level":15}}