{"host":"5fasz840ryq7obdf","time":1608998077,"event":{"mods":["AchievementEnabler","BaseMod","Bestiary","Better Altar","Better Skull","Better Third Choice","BetterRewards","Block Reminder","Colored Powertips","Curses Come First","Minty Spire (QoL Compilation)","Quick Restart","Relic Stats","Shop Mod","Spicy Shops","StSLib"],"gold_per_floor":[130,160,160,197,252,252,319,5,5,79,106,65,109,119,119,213,213,226,267,267,323,360,360,414,329,329,329,243,363,36,73,73,147,147,167,226,271,271,11,11,42,42,67,112,112,172,172,172],"floor_reached":47,"playtime":4346,"items_purged":["Strike_P"],"score":1143,"play_id":"8e7a9d3f-780a-4365-bc62-0d4583b81d03","local_time":"20201226155437","is_ascension_mode":true,"campfire_choices":[{"floor":6.0,"key":"REST"},{"data":"Eruption","floor":15.0,"key":"SMITH"},{"floor":23.0,"key":"REST"},{"floor":27.0,"key":"REST"},{"floor":32.0,"key":"RECALL"},{"data":"1","floor":40.0,"key":"LIFT"},{"data":"2","floor":45.0,"key":"LIFT"}],"circlet_count":0,"master_deck":["AscendersBane","Strike_P","Strike_P","Defend_P","Defend_P","Defend_P","Defend_P","Eruption+1","Vigilance","DevaForm","HandOfGreed","Wallop","CutThroughFate","Weave","Indignation","FlurryOfBlows","EmptyBody","Panache","Consecrate","WheelKick","Wish","FlurryOfBlows","ConjureBlade","CutThroughFate","ReachHeaven+1","MentalFortress+1","CrushJoints","WaveOfTheHand","Study","Adaptation","Panache","Adaptation","Protect","Scrawl","Collect","LikeWater+1","JustLucky","Mind Blast","WheelKick","Thinking Ahead","SashWhip","MasterReality"],"relics":["PureWater","Ice Cream","Unceasing Top","FaceOfCleric","Eternal Feather","Gambling Chip","Pantograph","Odd Mushroom","Fusion Hammer","Dream Catcher","Pear","Regal Pillow","FossilizedHelix","Yang","VioletLotus","Girya","HandDrill","Boot","CloakClasp","Damaru"],"acts_visited":["Exordium","TheCity","TheBeyond"],"potions_floor_usage":[],"damage_taken":[{"damage":0.0,"enemies":"2 Louse","floor":1.0,"turns":2.0},{"damage":0.0,"enemies":"Cultist","floor":2.0,"turns":3.0},{"damage":14.0,"enemies":"Jaw Worm","floor":4.0,"turns":5.0},{"damage":4.0,"enemies":"Large Slime","floor":5.0,"turns":4.0},{"damage":7.0,"enemies":"3 Sentries","floor":7.0,"turns":4.0},{"damage":11.0,"enemies":"Lagavulin","floor":11.0,"turns":5.0},{"damage":8.0,"enemies":"The Mushroom Lair","floor":13.0,"turns":3.0},{"damage":0.0,"enemies":"Blue Slaver","floor":14.0,"turns":2.0},{"damage":18.0,"enemies":"Hexaghost","floor":16.0,"turns":5.0},{"damage":12.0,"enemies":"Shell Parasite","floor":18.0,"turns":2.0},{"damage":17.0,"enemies":"2 Thieves","floor":19.0,"turns":2.0},{"damage":8.0,"enemies":"Snecko","floor":21.0,"turns":3.0},{"damage":23.0,"enemies":"Shelled Parasite and Fungi","floor":22.0,"turns":3.0},{"damage":26.0,"enemies":"Book of Stabbing","floor":24.0,"turns":4.0},{"damage":8.0,"enemies":"Colosseum Slavers","floor":29.0,"turns":2.0},{"damage":11.0,"enemies":"Colosseum Nobs","floor":29.0,"turns":3.0},{"damage":0.0,"enemies":"Centurion and Healer","floor":31.0,"turns":4.0},{"damage":26.0,"enemies":"Champ","floor":33.0,"turns":7.0},{"damage":0.0,"enemies":"3 Darklings","floor":35.0,"turns":2.0},{"damage":0.0,"enemies":"3 Shapes","floor":36.0,"turns":5.0},{"damage":101.0,"enemies":"2 Orb Walkers","floor":37.0,"turns":5.0},{"damage":31.0,"enemies":"Giant Head","floor":41.0,"turns":6.0},{"damage":16.0,"enemies":"Mind Bloom Boss Battle","floor":44.0,"turns":6.0},{"damage":32.0,"enemies":"Reptomancer","floor":46.0,"turns":5.0},{"damage":50,"enemies":"Spire Growth","floor":47,"turns":2}],"seed_played":"-7932745479637237779","potions_obtained":[{"floor":2.0,"key":"BottledMiracle"},{"floor":5.0,"key":"LiquidBronze"},{"floor":7.0,"key":"ColorlessPotion"},{"floor":11.0,"key":"DistilledChaos"},{"floor":13.0,"key":"ColorlessPotion"},{"floor":14.0,"key":"FairyPotion"},{"floor":18.0,"key":"DuplicationPotion"},{"floor":21.0,"key":"BottledMiracle"},{"floor":31.0,"key":"BottledMiracle"},{"floor":37.0,"key":"SkillPotion"},{"floor":44.0,"key":"Dexterity Potion"},{"floor":46.0,"key":"SpeedPotion"}],"is_trial":false,"path_per_floor":["M","M","?","M","M","R","E","$","T","?","E","$","?","M","R","B",null,"M","M","?","M","M","R","E","?","T","R","$","?","$","M","R","B",null,"M","M","?","?","$","R","E","?","T","?","R","E","M"],"character_chosen":"WATCHER","items_purchased":["Ice Cream","DevaForm","HandOfGreed","Wallop","Panache","WheelKick","Study","Panache","Adaptation","Mind Blast","HandDrill"],"campfire_rested":3,"item_purchase_floors":[0,0,0,0,8,12,28,30,30,39,39],"current_hp_per_floor":[30,30,30,17,14,35,29,29,29,29,19,19,12,13,25,33,65,54,38,38,31,9,47,22,32,32,89,89,72,72,73,91,68,88,89,90,29,29,29,50,20,20,20,30,54,23,0,0],"gold":172,"neow_bonus":"","is_daily":false,"chose_seed":false,"campfire_upgraded":1,"win_rate":0.0,"timestamp":1608998077,"path_taken":["M","M","?","?","M","R","E","$","T","?","E","$","?","M","R","BOSS","M","M","?","?","M","R","E","?","T","R","$","?","$","M","R","BOSS","M","M","?","?","$","R","E","?","T","?","R","E","M"],"items_purchased_type":["Relic","Card","Card","Card","Card","Card","Card","Card","Card","Card","Relic"],"build_version":"2020-12-22","purchased_purges":1,"victory":false,"max_hp_per_floor":[68,68,68,69,70,70,71,71,71,71,72,72,73,74,74,75,75,76,77,77,78,79,79,80,90,90,90,90,92,92,93,93,94,94,95,96,97,92,92,92,93,93,93,94,94,95,95,95],"relic_stats":{"Regal Pillow":15,"counters":[41,154],"Eternal Feather":105,"Yang":[116],"CloakClasp":[12],"Boot":[6],"Dream Catcher":1,"FaceOfCleric":22,"Gambling Chip":[35],"Pantograph":52,"VioletLotus":[2],"HandDrill":[4],"obtain_stats":[{"Ice Cream":0,"Lantern":13,"Regal Pillow":26,"Torii":0,"CeramicFish":0,"StoneCalendar":5,"Yang":29,"CloakClasp":44,"Boot":41,"Nunchaku":5,"Centennial Puzzle":11,"Dream Catcher":24,"FaceOfCleric":3,"Mummified Hand":0,"Gambling Chip":9,"Pantograph":11,"Tiny Chest":13,"Fusion Hammer":17,"VioletLotus":34,"HandDrill":0,"Runic Pyramid":17,"Girya":37,"Pear":25,"Happy Flower":0,"Damaru":0,"Eternal Feather":7,"PreservedInsect":2,"Pen Nib":0,"Orichalcum":3,"Odd Mushroom":13,"Mercury Hourglass":7,"CaptainsWheel":13,"Anchor":0,"Ornamental Fan":0,"Orrery":0,"Molten Egg 2":0,"CultistMask":5,"Art of War":7,"Membership Card":0,"PureWater":0,"FossilizedHelix":9,"Toy Ornithopter":13,"Unceasing Top":0,"Meat on the Bone":0},{"Ice Cream":16,"Lantern":5,"Regal Pillow":30,"Torii":0,"CeramicFish":9,"StoneCalendar":1,"Yang":32,"CloakClasp":39,"Boot":38,"Nunchaku":1,"Centennial Puzzle":5,"Dream Catcher":30,"FaceOfCleric":18,"Mummified Hand":9,"Gambling Chip":21,"Pantograph":22,"Tiny Chest":5,"Fusion Hammer":25,"VioletLotus":34,"HandDrill":9,"Runic Pyramid":7,"Girya":37,"Pear":30,"Happy Flower":9,"Damaru":9,"Eternal Feather":21,"PreservedInsect":1,"Pen Nib":9,"Orichalcum":1,"Odd Mushroom":23,"Mercury Hourglass":2,"CaptainsWheel":5,"Anchor":9,"Ornamental Fan":0,"Orrery":9,"Molten Egg 2":9,"CultistMask":11,"Art of War":12,"Membership Card":0,"PureWater":0,"FossilizedHelix":3,"Toy Ornithopter":15,"Unceasing Top":16,"Meat on the Bone":0},{"Ice Cream":60,"Lantern":14,"Regal Pillow":107,"Torii":0,"CeramicFish":34,"StoneCalendar":2,"Yang":112,"CloakClasp":147,"Boot":141,"Nunchaku":2,"Centennial Puzzle":14,"Dream Catcher":107,"FaceOfCleric":65,"Mummified Hand":34,"Gambling Chip":78,"Pantograph":83,"Tiny Chest":14,"Fusion Hammer":93,"VioletLotus":123,"HandDrill":34,"Runic Pyramid":24,"Girya":135,"Pear":107,"Happy Flower":34,"Damaru":34,"Eternal Feather":78,"PreservedInsect":2,"Pen Nib":34,"Orichalcum":2,"Odd Mushroom":86,"Mercury Hourglass":5,"CaptainsWheel":14,"Anchor":34,"Ornamental Fan":0,"Orrery":34,"Molten Egg 2":34,"CultistMask":39,"Art of War":44,"Membership Card":0,"PureWater":0,"FossilizedHelix":8,"Toy Ornithopter":52,"Unceasing Top":60,"Meat on the Bone":0}],"Unceasing Top":[15]},"card_choices":[{"not_picked":["WindmillStrike","ForeignInfluence"],"picked":"CutThroughFate","floor":1.0},{"not_picked":["ForeignInfluence","Prostrate"],"picked":"Weave","floor":2.0},{"not_picked":["Worship","Crescendo"],"picked":"Indignation","floor":4.0},{"not_picked":["ForeignInfluence","Consecrate"],"picked":"FlurryOfBlows","floor":5.0},{"not_picked":["FearNoEvil","SashWhip"],"picked":"EmptyBody","floor":7.0},{"not_picked":["FlyingSleeves","Meditate"],"picked":"Consecrate","floor":11.0},{"not_picked":["FollowUp","PathToVictory"],"picked":"Wish","floor":13.0},{"not_picked":["FlyingSleeves","LikeWater"],"picked":"FlurryOfBlows","floor":14.0},{"not_picked":["Establishment","Blasphemy"],"picked":"ConjureBlade","floor":16.0},{"not_picked":["Crescendo","EmptyFist"],"picked":"CutThroughFate","floor":18.0},{"not_picked":["Consecrate","SignatureMove"],"picked":"ReachHeaven+1","floor":19.0},{"not_picked":["BowlingBash+1","FollowUp","FlyingSleeves"],"picked":"SKIP","floor":21.0},{"not_picked":["Judgement","FlyingSleeves"],"picked":"MentalFortress+1","floor":22.0},{"not_picked":["Halt","DevaForm"],"picked":"CrushJoints","floor":24.0},{"not_picked":["Halt","SashWhip"],"picked":"WaveOfTheHand","floor":27.0},{"not_picked":["Worship+1","PathToVictory+1"],"picked":"Adaptation","floor":29.0},{"not_picked":["Worship","FearNoEvil"],"picked":"Protect","floor":31.0},{"not_picked":["Judgement","DeusExMachina"],"picked":"Scrawl","floor":33.0},{"not_picked":["LikeWater","PathToVictory"],"picked":"Collect","floor":35.0},{"not_picked":["Adaptation","Consecrate"],"picked":"LikeWater+1","floor":36.0},{"not_picked":["PathToVictory","WreathOfFlame"],"picked":"JustLucky","floor":37.0},{"not_picked":["JustLucky","WindmillStrike+1"],"picked":"WheelKick","floor":41.0},{"not_picked":["Discovery","Finesse"],"picked":"Thinking Ahead","floor":42.0},{"not_picked":["Sanctity","SignatureMove"],"picked":"SashWhip","floor":44.0},{"not_picked":["Fasting2","EmptyFist"],"picked":"MasterReality","floor":46.0}],"player_experience":1122567,"relics_obtained":[{"floor":7.0,"key":"Eternal Feather"},{"floor":9.0,"key":"Gambling Chip"},{"floor":11.0,"key":"Pantograph"},{"floor":13.0,"key":"Odd Mushroom"},{"floor":24.0,"key":"Dream Catcher"},{"floor":26.0,"key":"Regal Pillow"},{"floor":29.0,"key":"FossilizedHelix"},{"floor":29.0,"key":"Yang"},{"floor":37.0,"key":"Girya"},{"floor":41.0,"key":"Boot"},{"floor":44.0,"key":"CloakClasp"},{"floor":46.0,"key":"Damaru"}],"event_choices":[{"damage_healed":0.0,"max_hp_gain":0.0,"max_hp_loss":0.0,"gold_gain":0.0,"event_name":"FaceTrader","player_choice":"Trade","floor":3.0,"gold_loss":0.0,"damage_taken":0.0,"relics_obtained":["FaceOfCleric"]},{"damage_healed":0.0,"max_hp_gain":0.0,"max_hp_loss":0.0,"gold_gain":74.0,"event_name":"Golden Wing","player_choice":"Gained Gold","floor":10.0,"gold_loss":0.0,"damage_taken":0.0},{"damage_healed":0.0,"max_hp_gain":0.0,"max_hp_loss":0.0,"gold_gain":0.0,"event_name":"Mushrooms","player_choice":"Fought Mushrooms","floor":13.0,"gold_loss":0.0,"damage_taken":0.0},{"cards_removed":["Strike_P"],"damage_healed":0.0,"max_hp_gain":0.0,"max_hp_loss":0.0,"gold_gain":0.0,"event_name":"Bonfire Elementals","player_choice":"Offered Basic","floor":20.0,"gold_loss":0.0,"damage_taken":0.0},{"damage_healed":0.0,"max_hp_gain":0.0,"max_hp_loss":0.0,"gold_gain":0.0,"event_name":"Addict","player_choice":"Obtained Relic","floor":25.0,"gold_loss":85.0,"damage_taken":0.0,"relics_obtained":["Pear"]},{"damage_healed":0.0,"max_hp_gain":0.0,"max_hp_loss":0.0,"gold_gain":0.0,"event_name":"Colosseum","player_choice":"Fight","floor":29.0,"gold_loss":0.0,"damage_taken":0.0},{"damage_healed":0.0,"max_hp_gain":0.0,"max_hp_loss":0.0,"gold_gain":0.0,"event_name":"Colosseum","player_choice":"Fought Nobs","floor":29.0,"gold_loss":0.0,"damage_taken":0.0},{"damage_healed":0.0,"max_hp_gain":0.0,"max_hp_loss":0.0,"gold_gain":0.0,"event_name":"Mysterious Sphere","player_choice":"Fight","floor":37.0,"gold_loss":0.0,"damage_taken":0.0},{"damage_healed":0.0,"max_hp_gain":0.0,"max_hp_loss":5.0,"gold_gain":0.0,"event_name":"Winding Halls","player_choice":"Max HP","floor":38.0,"gold_loss":0.0,"damage_taken":0.0},{"damage_healed":0.0,"max_hp_gain":0.0,"max_hp_loss":0.0,"gold_gain":0.0,"event_name":"SensoryStone","player_choice":"Memory 1","floor":42.0,"gold_loss":0.0,"damage_taken":0.0},{"damage_healed":0.0,"max_hp_gain":0.0,"max_hp_loss":0.0,"gold_gain":0.0,"event_name":"MindBloom","player_choice":"Fight","floor":44.0,"gold_loss":0.0,"damage_taken":0.0}],"is_beta":false,"boss_relics":[{"not_picked":["Snecko Eye","Velvet Choker"],"picked":"Fusion Hammer"},{"not_picked":["Tiny House","Sozu"],"picked":"VioletLotus"}],"items_purged_floors":[0],"is_endless":false,"potions_floor_spawned":[2,5,7,11,13,14,18,21,31,37,44,46],"killed_by":"Spire Growth","ascension_level":20}}