{"host":"u0f5uy314yz7olfc","time":1608974276,"event":{"mods":["AchievementEnabler","Aspiration","BaseMod","Better Altar","Better Match","Better Note","Better Sensory Stone","Better Skull","Better Third Choice","BetterRewards","Block Reminder","Colored Map","Colored Powertips","DeckTracker","Dota2Spire","Emptier Cage","Gold Saver","Highlight Path","Hubris","Infinite Spire","Marked Mod","Mimic Mod","Minty Spire (QoL Compilation)","Permanent Neow","Quick Restart","Rare Cards Sparkle","Relic Sorter","Shop Mod","StSLib","The Bladedancer","The Blue Laboratory","Watcher Patcher"],"gold_per_floor":[803,822,102,121,99,99,105,105],"floor_reached":7,"playtime":384,"items_purged":[],"score":41,"play_id":"56a12ce7-31ad-4789-9ede-32796550d74f","local_time":"20201226161756","is_ascension_mode":false,"campfire_choices":[{"floor":6,"key":"REST"}],"circlet_count":0,"master_deck":["Strike_P","Strike_P","Strike_P","Strike_P","Defend_P","Defend_P","Defend_P","Defend_P","Eruption","Vigilance","LikeWater","MarkedMod:OneThousandNeedles","Metamorphosis","CutThroughFate","ClearTheMind","MarkedMod:FirstStrike","Berserk","MarkedMod:Acupuncture","MarkedMod:GentlePulse","Study","Metamorphosis","PathToVictory"],"relics":["PureWater","Dota2Spire:ShadowBlade","TeardropLocket","MerchantsRug","Frozen Eye","Omamori","infinitespire:Midas Blood","betterThird:SlimedRelic"],"acts_visited":["Exordium"],"potions_floor_usage":[2,4],"damage_taken":[{"damage":0,"enemies":"Small Slimes","floor":1,"turns":4},{"damage":6,"enemies":"Cultist","floor":2,"turns":5},{"damage":11,"enemies":"2 Louse","floor":4,"turns":3},{"damage":32,"enemies":"3 Sentries","floor":7,"turns":3}],"seed_played":"-7883736000805819935","potions_obtained":[{"floor":1,"key":"blueLaboratory:PolymorphPotion"},{"floor":2,"key":"ColorlessPotion"}],"is_trial":false,"path_per_floor":["M","M","$","M","?","R","E"],"character_chosen":"WATCHER","items_purchased":["TeardropLocket","LikeWater","MarkedMod:OneThousandNeedles","Metamorphosis","MerchantsRug","Frozen Eye","CutThroughFate","ClearTheMind","MarkedMod:Acupuncture","MarkedMod:GentlePulse","Study","Dota2Spire:ShadowBlade","Metamorphosis","infinitespire:Midas Blood"],"campfire_rested":1,"item_purchase_floors":[0,0,0,0,0,0,0,0,3,3,3,3,3,3],"current_hp_per_floor":[38,32,32,21,10,31,0,0],"gold":105,"neow_bonus":"","is_daily":false,"chose_seed":false,"campfire_upgraded":0,"win_rate":0.0,"timestamp":1608974276,"path_taken":["M","M","$","M","?","R","E"],"items_purchased_type":["Relic","Card","Card","Card","Relic","Relic","Card","Card","Card","Card","Card","Relic","Card","Relic"],"build_version":"2020-12-22","purchased_purges":0,"victory":false,"max_hp_per_floor":[72,72,72,72,72,72,72,72],"card_choices":[{"not_picked":["Halt","MarkedMod:GentlePulse"],"picked":"MarkedMod:FirstStrike","floor":1},{"not_picked":["FearNoEvil","Halt"],"picked":"Berserk","floor":2},{"not_picked":["LikeWater","Halt"],"picked":"PathToVictory","floor":4}],"player_experience":307587,"relics_obtained":[],"event_choices":[{"damage_healed":0,"gold_gain":0,"player_choice":"Slimed","damage_taken":11,"max_hp_gain":0,"max_hp_loss":0,"event_name":"betterThird:BetterGoop","floor":5,"gold_loss":24}],"is_beta":false,"boss_relics":[],"items_purged_floors":[],"is_endless":false,"potions_floor_spawned":[1,2],"killed_by":"3 Sentries","ascension_level":0}}