{"host":"6pgtslebjnyv5xmi","time":1608985766,"event":{"mods":["AchievementEnabler","BaseMod","Colored Map","Minty Spire (QoL Compilation)","Rare Cards Sparkle","StSLib","SuperFastMode","Td1madao Mod","everything is the same but u backflip on backflip"],"gold_per_floor":[13,28,45,65,65,65,65,65,65,78,91,91,106,106,106,202,202,215,130,229,248,248,248],"floor_reached":22,"playtime":829,"items_purged":[],"score":249,"play_id":"67011611-a29b-4105-9297-b73a026fd8dd","local_time":"20201226212926","is_ascension_mode":true,"campfire_choices":[{"data":"Barricade","floor":6,"key":"SMITH"},{"data":"Body Slam","floor":8,"key":"SMITH"},{"data":"Body Slam","floor":12,"key":"SMITH"},{"floor":15,"key":"REST"}],"circlet_count":0,"master_deck":["Strike_R","Strike_R","Strike_R","Strike_R+1","Strike_R","Defend_R","Defend_R","Defend_R","Defend_R","Bash+1","Barricade+1","Headbutt","Body Slam+1","Body Slam+1","Corruption","Sentinel+1"],"relics":["Burning Blood","Self Forming Clay","Shuriken","Whetstone","Mark of Pain","White Beast Statue"],"acts_visited":["Exordium","TheCity"],"potions_floor_usage":[16,18],"damage_taken":[{"damage":6,"enemies":"Small Slimes","floor":1,"turns":5},{"damage":16,"enemies":"Jaw Worm","floor":2,"turns":5},{"damage":0,"enemies":"2 Louse","floor":3,"turns":3},{"damage":29,"enemies":"Exordium Thugs","floor":4,"turns":5},{"damage":12,"enemies":"2 Fungi Beasts","floor":10,"turns":5},{"damage":10,"enemies":"Exordium Wildlife","floor":11,"turns":3},{"damage":6,"enemies":"Looter","floor":13,"turns":4},{"damage":51,"enemies":"Slime Boss","floor":16,"turns":13},{"damage":27,"enemies":"Chosen","floor":18,"turns":5},{"damage":18,"enemies":"Spheric Guardian","floor":21,"turns":5},{"damage":36,"enemies":"Snake Plant","floor":22,"turns":4}],"seed_played":"-6231726408322064881","potions_obtained":[{"floor":1,"key":"SmokeBomb"},{"floor":4,"key":"Swift Potion"},{"floor":16,"key":"Weak Potion"},{"floor":21,"key":"EssenceOfSteel"}],"is_trial":false,"path_per_floor":["M","M","M","M","?","R","$","R","T","M","M","R","M","T","R","B",null,"M","?","?","M","M"],"character_chosen":"IRONCLAD","items_purchased":[],"campfire_rested":1,"item_purchase_floors":[],"current_hp_per_floor":[72,62,68,45,38,38,38,38,38,32,28,28,28,28,52,7,62,41,41,41,29,0,0],"gold":248,"neow_bonus":"THREE_RARE_CARDS","is_daily":false,"chose_seed":false,"campfire_upgraded":3,"win_rate":0.0,"timestamp":1608985766,"path_taken":["M","M","M","M","?","R","$","R","T","M","M","R","M","?","R","BOSS","M","?","?","M","M"],"items_purchased_type":[],"build_version":"2020-12-22","purchased_purges":0,"victory":false,"max_hp_per_floor":[80,80,80,80,80,80,80,80,80,80,80,80,80,80,80,80,80,80,80,80,80,80,80],"card_choices":[{"not_picked":["Bludgeon","Fiend Fire"],"picked":"Barricade","floor":0},{"not_picked":["Sword Boomerang","Havoc","Cleave"],"picked":"SKIP","floor":1},{"not_picked":["Spot Weakness","Twin Strike"],"picked":"Headbutt","floor":2},{"not_picked":["Clash","Havoc","Iron Wave"],"picked":"SKIP","floor":3},{"not_picked":["Anger","Iron Wave"],"picked":"Body Slam","floor":4},{"not_picked":["Brutality","Hemokinesis"],"picked":"Body Slam","floor":10},{"not_picked":["Spot Weakness","Sword Boomerang","Searing Blow"],"picked":"SKIP","floor":11},{"not_picked":["Anger","Perfected Strike","Clash"],"picked":"SKIP","floor":13},{"not_picked":["Bludgeon","Juggernaut"],"picked":"Corruption","floor":16},{"not_picked":["Perfected Strike","Whirlwind+1"],"picked":"Sentinel+1","floor":18},{"not_picked":["Anger","Whirlwind","Dual Wield"],"picked":"SKIP","floor":21}],"player_experience":489078,"relics_obtained":[{"floor":9,"key":"Shuriken"},{"floor":14,"key":"Whetstone"}],"event_choices":[{"damage_healed":0,"gold_gain":0,"player_choice":"Success","damage_taken":7,"relics_obtained":["Self Forming Clay"],"max_hp_gain":0,"max_hp_loss":0,"event_name":"Scrap Ooze","floor":5,"gold_loss":0},{"damage_healed":0,"gold_gain":0,"player_choice":"Obtained Relic","damage_taken":0,"relics_obtained":["White Beast Statue"],"max_hp_gain":0,"max_hp_loss":0,"event_name":"Addict","floor":19,"gold_loss":85},{"damage_healed":0,"gold_gain":99,"player_choice":"Stole From Cult","damage_taken":0,"max_hp_gain":0,"max_hp_loss":0,"event_name":"Nest","floor":20,"gold_loss":0}],"is_beta":false,"boss_relics":[{"not_picked":["Fusion Hammer","Philosopher\u0027s Stone"],"picked":"Mark of Pain"}],"items_purged_floors":[],"is_endless":false,"potions_floor_spawned":[1,4,16,21],"killed_by":"Snake Plant","ascension_level":8}}