{"host":"yd9r7zy2pq4z3cad","time":1608982681,"event":{"mods":["AchievementEnabler","Act Like it!","Astrologer","BaseMod","Beaked The Cultist","Better Third Choice","BetterRewards","Colored Map","Colored Powertips","Conspire","Curses Come First","Displayed Cursed Tome","Downfall","Elementarium","GifTheSpireLib","Halation","Hallownest","Hermit","Highlight Path","Hubris","Infinite Spire","Jorbs\u0027s Wanderer Trilogy","Menagerie","Minty Spire (QoL Compilation)","Pale of the Ancients","Permanent Neow","Rare Cards Sparkle","Relic Sorter","Relic Stats","Replay The Spire","Shade Mod","StSLib","Stuff the Spire","The Alterego","The Blackbeard","The Bladedancer","The Bug Knight","The Cursed","The Dragon Tamer","The Exalted","The Factory","The Forsaken","The Gatherer","The Hierophant","The Jungle","The Mystic","The Necromancer","The Problem Sleuth","The Runesmith","The Servant 0.9.4","The Spell Scribe","vexMod"],"gold_per_floor":[112,62,75,104,121,212,248,260,321,359,371,415,427,470,482,611,623,671,699,744,790,802,814,826,826],"floor_reached":24,"playtime":1601,"items_purged":[],"score":200,"play_id":"224f844f-ed40-4258-b213-706cf14193f6","local_time":"20201226163801","is_ascension_mode":false,"campfire_choices":[{"floor":8,"key":"REST"},{"data":"Runesmith:EnergizedChisel","floor":11,"key":"SMITH"},{"data":"Runesmith:HeatedChisel","floor":13,"key":"SMITH"},{"floor":23,"key":"REST"}],"circlet_count":0,"master_deck":["Runesmith:Strike_RS","Runesmith:Strike_RS","Runesmith:Strike_RS","Runesmith:Strike_RS","Runesmith:Defend_RS","Runesmith:Defend_RS","Runesmith:Defend_RS","Runesmith:Defend_RS","Runesmith:CraftFirestone","Runesmith:Fortify","Runesmith:HeatedChisel+1","conspire:SpireCoStock","Runesmith:Firewall","Runesmith:EnergizedChisel+1","Runesmith:CraftProtectio","Runesmith:RuneHurl+1","Runesmith:CraftMagma","Runesmith:CraftObretio","Runesmith:CraftPrismatica","Runesmith:UnstableHammer"],"relics":["Runesmith:BrokenRuby","Blood Vial","Bromod:ArcaneMomentum","MawBank","halation:PromiseList","Bromod:ArcaneDeflection"],"acts_visited":["Menagerie:Menagerie","TheCity"],"potions_floor_usage":[3,4,12,16,20],"damage_taken":[{"damage":0,"enemies":"Menagerie:StygianBoar","floor":1,"turns":4},{"damage":0,"enemies":"Menagerie:WhisperingWraith","floor":3,"turns":3},{"damage":2,"enemies":"conspire:MimicChest","floor":4,"turns":6},{"damage":4,"enemies":"Menagerie:2_RABBITS","floor":5,"turns":4},{"damage":4,"enemies":"Menagerie:MaskedSummoner","floor":7,"turns":8},{"damage":0,"enemies":"Menagerie:RedMage","floor":10,"turns":6},{"damage":0,"enemies":"Menagerie:MeltingSalamander","floor":12,"turns":4},{"damage":3,"enemies":"Menagerie:EntropyWarlock","floor":14,"turns":5},{"damage":29,"enemies":"Menagerie:AVATARS","floor":16,"turns":8},{"damage":17,"enemies":"3 Byrds","floor":18,"turns":6},{"damage":19,"enemies":"Shell Parasite","floor":19,"turns":5},{"damage":4,"enemies":"Centurion and Healer","floor":20,"turns":7},{"damage":34,"enemies":"Sentry and Sphere","floor":21,"turns":7},{"damage":29,"enemies":"Book of Stabbing","floor":24,"turns":5}],"seed_played":"8908310047914499016","potions_obtained":[{"floor":1,"key":"Energy Potion"},{"floor":3,"key":"Block Potion"},{"floor":10,"key":"hexamod:EctoCoolerPotion"},{"floor":14,"key":"BlessingOfTheForge"},{"floor":19,"key":"sneckomod:MuddlingPotion"}],"is_trial":false,"path_per_floor":["M","?","M","?","M","?","E","R","T","M","R","M","R","M","R_BF","B",null,"M","M","M","M","?","R","E"],"character_chosen":"RUNESMITH_CLASS","items_purchased":[],"campfire_rested":2,"item_purchase_floors":[],"current_hp_per_floor":[73,73,73,71,69,40,38,59,59,61,61,63,63,62,73,44,73,56,39,37,5,5,26,0,0],"gold":826,"neow_bonus":"RANDOM_EVENT","is_daily":false,"chose_seed":false,"campfire_upgraded":2,"win_rate":0.0,"timestamp":1608982681,"path_taken":["M","?","?","?","?","?","E","R","T","M","R","M","R","M","R_BF","BOSS","M","M","M","M","?","R","E"],"items_purchased_type":[],"build_version":"2020-12-22","purchased_purges":0,"victory":false,"max_hp_per_floor":[73,73,73,73,73,73,73,73,73,73,73,73,73,73,73,73,73,73,73,73,73,73,73,73,73],"relic_stats":{"Blood Vial":42,"counters":[29,156],"MawBank":204,"obtain_stats":[{"Blood Vial":4,"Runesmith:BrokenRuby":0,"HollowMod:LifeEnderRelic":11,"hubris:HerbalPaste":31,"Bronze Scales":4,"Bromod:ArcaneDeflection":22,"halation:PromiseList":9,"Replay:Kaleidoscope":9,"hubris:MysteriousPyramids":26,"vexMod:RockOfEvil":17,"MawBank":7,"Bromod:ArcaneMomentum":6},{"Blood Vial":18,"Runesmith:BrokenRuby":0,"HollowMod:LifeEnderRelic":5,"hubris:HerbalPaste":14,"Bronze Scales":2,"Bromod:ArcaneDeflection":28,"halation:PromiseList":20,"Replay:Kaleidoscope":4,"hubris:MysteriousPyramids":12,"vexMod:RockOfEvil":8,"MawBank":20,"Bromod:ArcaneMomentum":19},{"Blood Vial":91,"Runesmith:BrokenRuby":0,"HollowMod:LifeEnderRelic":21,"hubris:HerbalPaste":70,"Bronze Scales":8,"Bromod:ArcaneDeflection":151,"halation:PromiseList":103,"Replay:Kaleidoscope":16,"hubris:MysteriousPyramids":61,"vexMod:RockOfEvil":39,"MawBank":103,"Bromod:ArcaneMomentum":95}]},"card_choices":[{"not_picked":["Runesmith:FieryHammer","Runesmith:HeatExchange"],"picked":"Runesmith:HeatedChisel","floor":1},{"not_picked":["Runesmith:GoWithTheFlow","Runesmith:UnstableHammer"],"picked":"Runesmith:Firewall","floor":3},{"not_picked":["Runesmith:MakeshiftArmor","Runesmith:Retool"],"picked":"Runesmith:EnergizedChisel","floor":4},{"not_picked":["Runesmith:PoweredAnvil","Runesmith:HeatExchange"],"picked":"Runesmith:CraftProtectio","floor":5},{"not_picked":["Runesmith:ShiftingStrike","Runesmith:Malloc"],"picked":"Runesmith:RuneHurl","floor":6},{"not_picked":["Runesmith:CraftReservo","Runesmith:ChiselStab"],"picked":"Runesmith:CraftMagma","floor":6},{"not_picked":["Runesmith:OneForEveryone","Runesmith:Refine","Runesmith:CraftMagma"],"picked":"SKIP","floor":7},{"not_picked":["Runesmith:ShiftingStrike","Runesmith:HeatedChisel"],"picked":"Runesmith:CraftObretio","floor":10},{"not_picked":["Runesmith:DoubleUp","Runesmith:CraftMagma","Runesmith:RuneHurl"],"picked":"SKIP","floor":12},{"not_picked":["Runesmith:MakeshiftArmor","Runesmith:HeatExchange","Runesmith:Supernova"],"picked":"SKIP","floor":14},{"not_picked":["Runesmith:CraftMedicinae","Runesmith:GrandSlam"],"picked":"Runesmith:CraftPrismatica","floor":16},{"not_picked":["Runesmith:ShiftingStrike","Runesmith:HeatedChisel","Runesmith:Electrocute+1"],"picked":"SKIP","floor":18},{"not_picked":["Runesmith:StaticCage","Runesmith:Overpower+1"],"picked":"Runesmith:UnstableHammer","floor":19},{"not_picked":["Runesmith:MakeshiftArmor","Runesmith:StaticCage+1","Runesmith:HammerThrow"],"picked":"SKIP","floor":20},{"not_picked":["Runesmith:WhiteBalance","Runesmith:Terraform+1","Runesmith:MakeshiftArmor"],"picked":"SKIP","floor":21}],"player_experience":173369,"relics_obtained":[{"floor":4,"key":"Blood Vial"},{"floor":6,"key":"Bromod:ArcaneMomentum"},{"floor":7,"key":"MawBank"},{"floor":9,"key":"halation:PromiseList"},{"floor":22,"key":"Bromod:ArcaneDeflection"}],"event_choices":[{"damage_healed":0,"gold_gain":0,"player_choice":"Invest 1","damage_taken":0,"max_hp_gain":0,"max_hp_loss":0,"event_name":"conspire:Investor","floor":2,"gold_loss":0},{"damage_healed":0,"gold_gain":0,"player_choice":"Relic","damage_taken":0,"max_hp_gain":0,"max_hp_loss":0,"event_name":"Wheel of Change","floor":22,"gold_loss":0}],"is_beta":false,"boss_relics":[{"not_picked":["Honey Jar","StuffTheSpire:ModemDavis","halation:SmartPhone"]}],"items_purged_floors":[],"is_endless":false,"potions_floor_spawned":[1,3,10,14,19],"killed_by":"Book of Stabbing","ascension_level":0}}