{"host":"ln38befi3ugo1bsw","time":1608955978,"event":{"mods":["BaseMod","BetterRewards","Colored Map","Colored Powertips","Downfall","Hermit","Jorbs\u0027s Wanderer Trilogy","Lobotomy","Minty Spire (QoL Compilation)","READ ME - Guardian Mod","READ ME - Snecko Mod","StSLib","SuperFastMode","The Cursed","The Disciple","The Hierophant","The Servant 0.9.4"],"gold_per_floor":[117,136,156,166,184,184,184,209,209,228,240,240,275,275,275,380,380,391,241,251,251,251],"floor_reached":21,"playtime":1333,"items_purged":[],"score":193,"play_id":"520cc82b-dd0f-47cc-bdd0-d3a20026a47b","local_time":"20201225231258","is_ascension_mode":false,"campfire_choices":[{"data":"Distraction","floor":6,"key":"SMITH"},{"floor":12,"key":"REST"},{"floor":15,"key":"REST"}],"circlet_count":0,"master_deck":["Strike_G","Strike_G+1","Strike_G","Strike_G","Strike_G","Defend_G","Defend_G","Defend_G","Defend_G+1","Defend_G","Survivor","Neutralize","Outmaneuver","Deadly Poison","Slice","Poisoned Stab","Distraction+1","Noxious Fumes","Backflip","Backflip","Cloak And Dagger","Envenom","Deadly Poison+1","Slice"],"relics":["Ring of the Snake","Blood Vial","Lantern","White Beast Statue","Bottled Tornado","Letter Opener","Snecko Eye","Oddly Smooth Stone"],"acts_visited":["Exordium","TheCity"],"potions_floor_usage":[18],"damage_taken":[{"damage":0,"enemies":"Jaw Worm","floor":1,"turns":4},{"damage":6,"enemies":"Cultist","floor":2,"turns":5},{"damage":0,"enemies":"Small Slimes","floor":3,"turns":5},{"damage":2,"enemies":"2 Fungi Beasts","floor":4,"turns":5},{"damage":2,"enemies":"Looter","floor":5,"turns":3},{"damage":26,"enemies":"Gremlin Nob","floor":8,"turns":4},{"damage":5,"enemies":"Large Slime","floor":10,"turns":6},{"damage":4,"enemies":"Exordium Thugs","floor":11,"turns":4},{"damage":12,"enemies":"3 Sentries","floor":13,"turns":8},{"damage":30,"enemies":"The Guardian","floor":16,"turns":10},{"damage":26,"enemies":"3 Byrds","floor":18,"turns":5},{"damage":12,"enemies":"Shell Parasite","floor":20,"turns":6},{"damage":38,"enemies":"Shelled Parasite and Fungi","floor":21,"turns":5}],"seed_played":"3404735838173613053","potions_obtained":[{"floor":2,"key":"SteroidPotion"},{"floor":3,"key":"Swift Potion"},{"floor":10,"key":"LiquidMemories"},{"floor":16,"key":"Strength Potion"},{"floor":18,"key":"champ:CounterPotion"}],"is_trial":false,"path_per_floor":["M","M","M","M","M","R","?","E","T","M","M","R","E","?","R","B",null,"M","$","M","M"],"character_chosen":"THE_SILENT","items_purchased":["Oddly Smooth Stone"],"campfire_rested":2,"item_purchase_floors":[19],"current_hp_per_floor":[70,64,66,66,66,66,52,28,28,25,23,44,34,34,55,27,70,44,44,34,0,0],"gold":251,"neow_bonus":"RANDOM_COMMON_RELIC","is_daily":false,"chose_seed":false,"campfire_upgraded":1,"win_rate":0.0,"timestamp":1608955978,"path_taken":["M","M","M","M","M","R","?","E","T","M","M","R","E","?","R","BOSS","M","$","M","M"],"items_purchased_type":["Relic"],"build_version":"2020-12-22","purchased_purges":0,"victory":false,"max_hp_per_floor":[70,70,70,70,70,70,70,70,70,70,70,70,70,70,70,70,70,70,70,70,70,70],"card_choices":[{"not_picked":["Endless Agony","Calculated Gamble"],"picked":"Outmaneuver","floor":1},{"not_picked":["PiercingWail","Flying Knee"],"picked":"Deadly Poison","floor":2},{"not_picked":["Unload","Tactician"],"picked":"Slice","floor":3},{"not_picked":["Dagger Spray","Riddle With Holes"],"picked":"Poisoned Stab","floor":4},{"not_picked":["Tactician","Backflip"],"picked":"Distraction","floor":5},{"not_picked":["Infinite Blades","Predator"],"picked":"Noxious Fumes","floor":8},{"not_picked":["Blur","Slice"],"picked":"Backflip","floor":10},{"not_picked":["Leg Sweep","Acrobatics"],"picked":"Backflip","floor":11},{"not_picked":["Dagger Throw","Dash"],"picked":"Cloak And Dagger","floor":13},{"not_picked":["Glass Knife","Storm of Steel"],"picked":"Envenom","floor":16},{"not_picked":["Backflip","Masterful Stab"],"picked":"Deadly Poison+1","floor":18},{"not_picked":["Expertise","Dagger Spray"],"picked":"Slice","floor":20}],"player_experience":57129,"relics_obtained":[{"floor":8,"key":"Lantern"},{"floor":9,"key":"White Beast Statue"},{"floor":13,"key":"Bottled Tornado"}],"event_choices":[{"damage_healed":0,"gold_gain":0,"player_choice":"Entered Light","damage_taken":14,"max_hp_gain":0,"max_hp_loss":0,"event_name":"Shining Light","floor":7,"gold_loss":0,"cards_upgraded":["Strike_G","Defend_G"]},{"damage_healed":0,"gold_gain":0,"player_choice":"Gave Potion","damage_taken":0,"relics_obtained":["Letter Opener"],"max_hp_gain":0,"max_hp_loss":0,"event_name":"WeMeetAgain","floor":14,"gold_loss":0}],"is_beta":false,"boss_relics":[{"not_picked":["Runic Dome","SlaversCollar"],"picked":"Snecko Eye"}],"items_purged_floors":[],"is_endless":false,"potions_floor_spawned":[2,3,10,11,13,16,18,20],"killed_by":"Shelled Parasite and Fungi","ascension_level":0}}