{"host":"qxeepl7ydvsgmfdb","time":1608996590,"event":{"mods":["AchievementEnabler","BaseMod","Colored Powertips","Minty Spire (QoL Compilation)","Quick Restart","slay the spire mod where everything is the same but ironclad has a cowboy hat"],"gold_per_floor":[117,117,36,36,36,62,62,93,93,122,133,133,143,74,74,177,177,188,215,215,231,18,18,30,45,45,45,45,45,75,75,75],"floor_reached":31,"playtime":1706,"items_purged":[],"score":415,"play_id":"d320eeb7-d900-4cd6-ae3e-221d5b23bc58","local_time":"20201226102950","is_ascension_mode":true,"campfire_choices":[{"data":"Noxious Fumes","floor":7,"key":"SMITH"},{"data":"Distraction","floor":12,"key":"SMITH"},{"floor":15,"key":"REST"},{"data":"Tools of the Trade","floor":23,"key":"SMITH"},{"floor":29,"key":"REST"}],"circlet_count":0,"master_deck":["Strike_G+1","Strike_G+1","Strike_G","Defend_G","Defend_G","Defend_G","Defend_G","Survivor","Neutralize","Noxious Fumes+1","Sucker Punch","Distraction+1","Cloak And Dagger","Dagger Spray","Footwork","Tools of the Trade+1","Terror+1","Distraction+1","Die Die Die+1","All Out Attack","Deadly Poison","Noxious Fumes","Cloak And Dagger"],"relics":["Ring of the Snake","NeowsBlessing","Nunchaku","Pantograph","Pocketwatch","Bird Faced Urn","Sundial","Astrolabe","Red Mask","Lee\u0027s Waffle","Kunai","Whetstone"],"acts_visited":["Exordium","TheCity"],"potions_floor_usage":[16,21,31,31],"damage_taken":[{"damage":0,"enemies":"2 Louse","floor":1,"turns":1},{"damage":0,"enemies":"3 Sentries","floor":6,"turns":1},{"damage":0,"enemies":"Gremlin Nob","floor":8,"turns":1},{"damage":13,"enemies":"3 Sentries","floor":10,"turns":7},{"damage":2,"enemies":"Cultist","floor":11,"turns":4},{"damage":1,"enemies":"Small Slimes","floor":13,"turns":3},{"damage":52,"enemies":"Slime Boss","floor":16,"turns":10},{"damage":32,"enemies":"Spheric Guardian","floor":18,"turns":6},{"damage":0,"enemies":"Masked Bandits","floor":19,"turns":2},{"damage":15,"enemies":"3 Byrds","floor":21,"turns":4},{"damage":39,"enemies":"Shelled Parasite and Fungi","floor":24,"turns":6},{"damage":19,"enemies":"Chosen and Byrds","floor":25,"turns":6},{"damage":37,"enemies":"Gremlin Leader","floor":30,"turns":6},{"damage":24,"enemies":"Snake Plant","floor":31,"turns":3}],"seed_played":"-7376251901809353516","potions_obtained":[{"floor":2,"key":"EssenceOfSteel"},{"floor":2,"key":"Explosive Potion"},{"floor":2,"key":"Energy Potion"},{"floor":16,"key":"DuplicationPotion"},{"floor":18,"key":"Poison Potion"}],"is_trial":false,"path_per_floor":["M","?","$","$","?","E","R","E","T","E","M","R","M","$","R","B",null,"M","?","?","M","$","R","M","M","T","?","?","R","E","M"],"character_chosen":"THE_SILENT","items_purchased":["Noxious Fumes","Footwork","Lee\u0027s Waffle","Noxious Fumes"],"campfire_rested":2,"item_purchase_floors":[3,14,22,22],"current_hp_per_floor":[63,63,63,63,63,63,63,63,63,52,50,50,49,49,70,20,58,32,32,26,15,77,77,42,31,31,31,17,41,12,0,0],"gold":75,"neow_bonus":"THREE_ENEMY_KILL","is_daily":false,"chose_seed":false,"campfire_upgraded":3,"win_rate":0.0,"timestamp":1608996590,"path_taken":["M","?","?","$","?","E","R","E","T","E","M","R","?","$","R","BOSS","M","?","?","M","$","R","?","M","T","?","?","R","E","M"],"items_purchased_type":["Card","Card","Relic","Card"],"build_version":"2020-12-22","purchased_purges":0,"victory":false,"max_hp_per_floor":[70,70,70,70,70,70,70,70,70,70,70,70,70,70,70,70,70,70,70,70,70,77,77,77,77,77,77,82,82,82,82,82],"card_choices":[{"not_picked":["Dodge and Roll","Deflect"],"picked":"Sucker Punch","floor":1},{"not_picked":["Finisher","Concentrate","Dodge and Roll"],"picked":"SKIP","floor":6},{"not_picked":["Dodge and Roll","Riddle With Holes"],"picked":"Sucker Punch","floor":8},{"not_picked":["Dodge and Roll","All Out Attack"],"picked":"Distraction","floor":10},{"not_picked":["All Out Attack","Acrobatics"],"picked":"Cloak And Dagger","floor":11},{"not_picked":["Acrobatics","Slice"],"picked":"Dagger Spray","floor":13},{"not_picked":["Glass Knife","Doppelganger"],"picked":"Tools of the Trade","floor":16},{"not_picked":["Dodge and Roll","Deflect","Finisher"],"picked":"SKIP","floor":18},{"not_picked":["Dodge and Roll+1","Skewer+1"],"picked":"All Out Attack","floor":19},{"not_picked":["Bouncing Flask","Distraction"],"picked":"Deadly Poison","floor":21},{"not_picked":["Dagger Throw","Heel Hook","Predator"],"picked":"SKIP","floor":24},{"not_picked":["Backflip","Prepared"],"picked":"Cloak And Dagger","floor":25},{"not_picked":["Bullet Time","Dagger Throw","Dodge and Roll"],"picked":"SKIP","floor":30}],"player_experience":388367,"relics_obtained":[{"floor":6,"key":"Pantograph"},{"floor":8,"key":"Pocketwatch"},{"floor":9,"key":"Bird Faced Urn"},{"floor":10,"key":"Sundial"},{"floor":19,"key":"Red Mask"},{"floor":26,"key":"Kunai"},{"floor":30,"key":"Whetstone"}],"event_choices":[{"damage_healed":0,"gold_gain":0,"player_choice":"Got Potions","damage_taken":0,"max_hp_gain":0,"max_hp_loss":0,"event_name":"Lab","floor":2,"gold_loss":0},{"cards_removed":["Sucker Punch"],"damage_healed":0,"gold_gain":0,"player_choice":"Gave Card","damage_taken":0,"relics_obtained":["Nunchaku"],"max_hp_gain":0,"max_hp_loss":0,"event_name":"WeMeetAgain","floor":5,"gold_loss":0},{"damage_healed":0,"gold_gain":0,"player_choice":"Fought Bandits","damage_taken":0,"max_hp_gain":0,"max_hp_loss":0,"event_name":"Masked Bandits","floor":19,"gold_loss":0},{"damage_healed":0,"gold_gain":0,"player_choice":"","damage_taken":6,"max_hp_gain":0,"max_hp_loss":0,"event_name":"Knowing Skull","floor":20,"potions_obtained":[],"gold_loss":0,"cards_obtained":[]},{"damage_healed":0,"gold_gain":0,"player_choice":"Ignored","damage_taken":0,"max_hp_gain":0,"max_hp_loss":0,"event_name":"Ghosts","floor":27,"gold_loss":0},{"damage_healed":0,"gold_gain":0,"player_choice":"Shed Blood","damage_taken":19,"max_hp_gain":5,"max_hp_loss":0,"event_name":"Forgotten Altar","floor":28,"gold_loss":0}],"is_beta":false,"boss_relics":[{"not_picked":["Busted Crown","Sozu"],"picked":"Astrolabe"}],"items_purged_floors":[],"is_endless":false,"potions_floor_spawned":[8,13,16,18,19],"killed_by":"Snake Plant","ascension_level":6}}