{"host":"2qdrd1k0srhz2le1","time":1608958190,"event":{"mods":["ATMod(阿瑾Mod)","Ascension Reborn","BaseMod","Better Vampires","Challenge The Spire","Colored Powertips","Conspire","Lobotomy","LobotomyExtend","Marisa（F雨　魔理沙）","Minty Spire (QoL Compilation)","MostiFishMod","Quick Restart","Relic Stats","Replay The Spire","Robot Space Explorer","SOS（斯巴达之子）","Shop Mod","Spicy Shops","StSLib","TestMod","The Edgeheg","Yakumo Yukari mod","篝火指南"],"gold_per_floor":[0,56,71,71,85,85,111,111,176,198,210,237,237,74,74,137,137,147,163,210,219,219,219,233,256,256,6,22,22,22,33,33,92,92,106,119,131,22,22,44,54,66,66,102,128,88,110,157,167,196,201,212,222,1,50,64],"floor_reached":57,"playtime":2700,"items_purged":[],"score":1934,"play_id":"ab14e0e9-5e81-40dd-91fc-7f595250bd79","local_time":"20201226124950","is_ascension_mode":true,"campfire_choices":[{"data":"AT_RealColorLess","floor":6.0,"key":"SMITH"},{"data":"AT_ShrugMaster","floor":8.0,"key":"SMITH"},{"data":"Armaments","floor":13.0,"key":"SMITH"},{"data":"Pummel","floor":15.0,"key":"SMITH"},{"data":"MostiFishMod:FlyOverUtopia","floor":23.0,"key":"SMITH"},{"floor":29,"key":"REST"},{"floor":32,"key":"REST"},{"floor":49,"key":"RECALL"},{"data":"MostiFishMod:FireWorks","floor":53,"key":"SMITH"}],"circlet_count":0,"master_deck":["Strike_R+1","Strike_R+1","Strike_R+1","Defend_R","Defend_R","Defend_R","Defend_R","Bash","AscMod:ascendersbane","AT_RealColorLess+1","AT_ShrugMaster+1","AT_IchimonjiDouble","Strike_R+1","Burning Pact","Pummel+1","Armaments+1","MostiFishMod:FlyOverUtopia+1","Rage","True Grit","Reaper","Dark Embrace","Disarm+1","Battle Trance","MostiFishMod:FireWorks+1","MostiFishMod:ChineseTea","Intimidate+1","Second Wind+1","Limit Break","Power Through","conspire:SpireCoStock","Barricade+1","Feel No Pain+1","MostiFishMod:RainCloud"],"relics":["testmod-TestBox","AT_ATBox","DaveBox","testmod-ConstraintPeriapt","SynthV:MejaisSoulstealer","BloodWine","SynthV:TestCard","LetterFromLob","Gremlin Horn","Dream Catcher","Omamori","Turnip","SynthV","Self Forming Clay","RedMistMask","ReplayTheSpireMod:Spearhead","Bottled Tornado","testmod-Déjàvu","AT_ChloranthyRing","Enchiridion","Singing Bowl","HornCleat","Pear","MawBank","Frozen Egg 2","conspire:GlowingRock","Dead Branch","Replay:Bottled Eggs"],"acts_visited":["Exordium","TheCity","TheBeyond","TheEnding"],"potions_floor_usage":[],"damage_taken":[{"damage":1.0,"enemies":"Cultist","floor":1.0,"turns":3.0},{"damage":0.0,"enemies":"conspire:RoseBush","floor":3.0,"turns":1.0},{"damage":0.0,"enemies":"Jaw Worm","floor":5.0,"turns":2.0},{"damage":4.0,"enemies":"Replay:BlueRogue","floor":7.0,"turns":3.0},{"damage":3.0,"enemies":"3 Sentries","floor":10.0,"turns":3.0},{"damage":0.0,"enemies":"Red Slaver","floor":11.0,"turns":1.0},{"damage":6.0,"enemies":"Lagavulin","floor":12.0,"turns":3.0},{"damage":0.0,"enemies":"Hexaghost","floor":16.0,"turns":3.0},{"damage":16.0,"enemies":"Shell Parasite","floor":18.0,"turns":2.0},{"damage":4.0,"enemies":"Chosen","floor":19.0,"turns":3.0},{"damage":4.0,"enemies":"Sentry and Sphere","floor":21.0,"turns":2.0},{"damage":19.0,"enemies":"Centurion and Healer","floor":24.0,"turns":3.0},{"damage":5.0,"enemies":"Gremlin Leader","floor":25.0,"turns":3.0},{"damage":7,"enemies":"conspire:HollyBat","floor":28,"turns":4},{"damage":4,"enemies":"Sentry and Sphere","floor":31,"turns":1},{"damage":6,"enemies":"Pondfish","floor":33,"turns":4},{"damage":9,"enemies":"3 Shapes","floor":35,"turns":1},{"damage":5,"enemies":"Orb Walker","floor":36,"turns":2},{"damage":20,"enemies":"Writhing Mass","floor":37,"turns":3},{"damage":4,"enemies":"R_Hoarder","floor":40,"turns":3},{"damage":8,"enemies":"Spire Growth","floor":41,"turns":3},{"damage":9,"enemies":"Sphere and 2 Shapes","floor":42,"turns":3},{"damage":4,"enemies":"Reptomancer","floor":44,"turns":1},{"damage":21,"enemies":"Jaw Worm Horde","floor":45,"turns":2},{"damage":15,"enemies":"4 Shapes","floor":47,"turns":2},{"damage":8,"enemies":"Giant Head","floor":48,"turns":3},{"damage":8,"enemies":"Time Eater","floor":50,"turns":4},{"damage":12,"enemies":"Replay:Hell Engine","floor":51,"turns":3},{"damage":4,"enemies":"Shield and Spear","floor":55,"turns":3},{"damage":16,"enemies":"The Heart","floor":56,"turns":5}],"seed_played":"-4832244276618662059","potions_obtained":[{"floor":1.0,"key":"FairyPotion"},{"floor":3.0,"key":"Block Potion"},{"floor":16.0,"key":"Block Potion"},{"floor":20.0,"key":"DuplicationPotion"}],"is_trial":false,"path_per_floor":["M","T","M","?","M","R","E","R","T","E","M","E","R","$","R","B",null,"M","M","?","M","?","R","M","E","T","$","M","R","?","M","R","B",null,"M","M","M","$","?","E","M","M","T","E","M","?","M","E","R","B","B",null,"R","$","E","B",null],"character_chosen":"IRONCLAD","items_purchased":["SynthV","AT_ChloranthyRing","Dark Embrace","Singing Bowl","Feel No Pain+1","Dead Branch"],"campfire_rested":2,"item_purchase_floors":[14,27,27,38,54,54],"current_hp_per_floor":[79,79,79,79,79,79,76,76,76,75,77,74,74,74,74,76,78,64,61,61,61,61,61,46,43,43,43,45,64,43,39,58,67,75,66,71,52,52,52,66,74,74,74,87,70,70,96,96,96,96,88,93,93,93,96,96],"gold":64,"neow_bonus":"BOSS_RELIC","is_daily":false,"chose_seed":false,"campfire_upgraded":6,"win_rate":0.0,"timestamp":1608958190,"path_taken":["M","?","M","?","M","R","E","R","T","E","?","E","R","?","R","BOSS","M","M","?","M","?","R","M","E","T","$","M","R","?","M","R","BOSS","M","M","M","$","?","E","?","M","T","E","M","?","M","E","R","BOSS","BOSS","R","$","E","BOSS"],"items_purchased_type":["Relic","Relic","Card","Relic","Card","Relic"],"build_version":"2020-12-22","purchased_purges":0,"victory":true,"max_hp_per_floor":[80,80,80,80,80,80,80,80,80,80,80,80,80,80,80,80,80,80,80,80,80,80,80,80,80,80,80,80,80,80,80,80,80,80,80,80,80,80,80,90,92,94,94,94,94,94,96,96,96,96,96,96,96,96,96,96],"relic_stats":{"Dream Catcher":2,"Gremlin Horn":[17,20],"Singing Bowl":6,"counters":[30,79],"Self Forming Clay":[111],"Dead Branch":[30],"Turnip":[12],"MawBank":113,"obtain_stats":[{"AT_ATBox":0,"DaveBox":0,"Gremlin Horn":2,"Singing Bowl":38,"SynthV":14,"Enchiridion":30,"BloodWine":0,"Bottled Tornado":25,"Burning Blood":0,"Dream Catcher":7,"conspire:GlowingRock":48,"HornCleat":39,"testmod-Déjàvu":26,"Replay:Bottled Eggs":55,"AT_ChloranthyRing":27,"testmod-TestBox":0,"SynthV:MejaisSoulstealer":0,"Pear":40,"Self Forming Clay":20,"Dead Branch":54,"Omamori":10,"testmod-ConstraintPeriapt":0,"Frozen Egg 2":44,"MawBank":43,"ReplayTheSpireMod:Spearhead":22,"SynthV:TestCard":1,"Turnip":12,"RedMistMask":21,"LetterFromLob":1},{"AT_ATBox":0,"DaveBox":0,"Gremlin Horn":1,"Singing Bowl":19,"SynthV":7,"Enchiridion":14,"BloodWine":0,"Bottled Tornado":13,"Burning Blood":0,"Dream Catcher":4,"conspire:GlowingRock":26,"HornCleat":19,"testmod-Déjàvu":13,"Replay:Bottled Eggs":29,"AT_ChloranthyRing":13,"testmod-TestBox":0,"SynthV:MejaisSoulstealer":0,"Pear":20,"Self Forming Clay":10,"Dead Branch":28,"Omamori":5,"testmod-ConstraintPeriapt":0,"Frozen Egg 2":23,"MawBank":22,"ReplayTheSpireMod:Spearhead":11,"SynthV:TestCard":1,"Turnip":7,"RedMistMask":11,"LetterFromLob":1},{"AT_ATBox":0,"DaveBox":0,"Gremlin Horn":3,"Singing Bowl":47,"SynthV":16,"Enchiridion":36,"BloodWine":0,"Bottled Tornado":32,"Burning Blood":0,"Dream Catcher":9,"conspire:GlowingRock":64,"HornCleat":47,"testmod-Déjàvu":32,"Replay:Bottled Eggs":74,"AT_ChloranthyRing":32,"testmod-TestBox":0,"SynthV:MejaisSoulstealer":0,"Pear":50,"Self Forming Clay":24,"Dead Branch":71,"Omamori":12,"testmod-ConstraintPeriapt":0,"Frozen Egg 2":57,"MawBank":56,"ReplayTheSpireMod:Spearhead":26,"SynthV:TestCard":3,"Turnip":16,"RedMistMask":26,"LetterFromLob":3}]},"card_choices":[{"not_picked":["Pommel Strike","Cleave"],"picked":"AT_ShrugMaster","floor":1.0},{"not_picked":["Heavy Blade","Carnage","Clothesline","Havoc"],"picked":"AT_IchimonjiDouble","floor":3.0},{"not_picked":["Thunderclap","AT_BodySlamDance","ReplayTheSpireMod:Stacked","Blood for Blood","ReplayReversal"],"picked":"SKIP","floor":5.0},{"not_picked":["Sever Soul","ReplayTheSpireMod:LeadingStrike","Pommel Strike","Shrug It Off"],"picked":"Burning Pact","floor":7.0},{"not_picked":["MostiFishMod:UltimateDefense","Anger","Run Through","Clash"],"picked":"Pummel","floor":10.0},{"not_picked":["Wild Strike","Whirlwind","Second Wind","Dual Wield"],"picked":"Power Through","floor":11.0},{"not_picked":["Sword Boomerang","Havoc","Blood for Blood","Iron Wave"],"picked":"Armaments","floor":12.0},{"not_picked":["Limit Break","Immolate","MostiFishMod:FireWorks","Juggernaut"],"picked":"MostiFishMod:FlyOverUtopia","floor":16.0},{"not_picked":["ReplayTheSpireMod:Corrosion Curse","Entrench","Warcry","conspire:Charge","Burning Pact"],"picked":"SKIP","floor":18.0},{"not_picked":["Thunderclap","Shrug It Off","Metallicize","ReplayTheSpireMod:Corrosion Curse"],"picked":"Rage","floor":19.0},{"not_picked":["ReplayTheSpireMod:Strike From Hell","Heavy Blade","Blood for Blood","Power Through+1"],"picked":"True Grit","floor":21.0},{"not_picked":["AT_ShrugMaster","MostiFishMod:Mania","Life Link","Havoc","Replay:Undeath\u0027s Touch"],"picked":"SKIP","floor":24.0},{"not_picked":["Havoc","Wild Strike","Intimidate","Clash"],"picked":"Reaper","floor":25.0},{"not_picked":["True Grit","Shockwave","Carnage","MostiFishMod:BrandingRite"],"picked":"Disarm+1","floor":28},{"not_picked":["Clash","ReplayTheSpireMod:Muscle Training","True Grit","ReplayTheSpireMod:Strike From Hell"],"picked":"Battle Trance","floor":29},{"not_picked":["Replay:Undeath\u0027s Touch","Rage","Body Slam","Pommel Strike","Run Through"],"picked":"SKIP","floor":31},{"not_picked":["Reaper","MostiFishMod:RainCloud","MostiFishMod:UltimateDefense","MostiFishMod:OrdinaryWorld"],"picked":"MostiFishMod:FireWorks","floor":33},{"not_picked":["Warcry","ReplayTheSpireMod:Strike From Hell","Defy Death+1","Iron Wave","Cleave"],"picked":"SKIP","floor":35},{"not_picked":["Thunderclap+1","Shrug It Off","Replay:Undeath\u0027s Touch","ReplayTheSpireMod:Strike From Hell+1"],"picked":"MostiFishMod:ChineseTea","floor":36},{"not_picked":["Run Through","Disarm+1","Metallicize+1","Shrug It Off+1"],"picked":"Intimidate+1","floor":37},{"not_picked":["Bloodletting","AT_CaressingTears","Sword Boomerang","Defy Death"],"picked":"Second Wind+1","floor":40},{"not_picked":["Cleave","Blood for Blood","Heavy Blade","AT_BodySlamDance+1","Fire Breathing"],"picked":"Singing Bowl","floor":41},{"not_picked":["Evolve+1","Anger+1","Shrug It Off","Clothesline","ReplayTheSpireMod:Muscle Training"],"picked":"Singing Bowl","floor":42},{"not_picked":["Anger","Massacre","Whirlwind","Clothesline"],"picked":"Limit Break","floor":44},{"not_picked":["ReplayTheSpireMod:Stacked","Perfected Strike","Inflame+1","Headbutt"],"picked":"Power Through","floor":45},{"not_picked":["Body Slam","Infernal Blade","ReplayTheSpireMod:Strike From Hell+1","True Grit+1","Intimidate"],"picked":"Singing Bowl","floor":47},{"not_picked":["Sword Boomerang","Body Slam","Heavy Blade+1","Clothesline"],"picked":"Barricade+1","floor":48},{"not_picked":["Iron Wave","Thunderclap","Evolve+1","Fire Breathing+1"],"picked":"MostiFishMod:RainCloud","floor":55}],"player_experience":330023,"relics_obtained":[{"floor":1.0,"key":"SynthV:TestCard"},{"floor":1.0,"key":"LetterFromLob"},{"floor":2.0,"key":"Gremlin Horn"},{"floor":7.0,"key":"Dream Catcher"},{"floor":10.0,"key":"Omamori"},{"floor":12.0,"key":"Turnip"},{"floor":20.0,"key":"Self Forming Clay"},{"floor":21.0,"key":"RedMistMask"},{"floor":25.0,"key":"Bottled Tornado"},{"floor":26.0,"key":"testmod-Déjàvu"},{"floor":30,"key":"Enchiridion"},{"floor":40,"key":"Pear"},{"floor":43,"key":"MawBank"},{"floor":44,"key":"Frozen Egg 2"},{"floor":48,"key":"conspire:GlowingRock"},{"floor":55,"key":"Replay:Bottled Eggs"}],"event_choices":[{"cards_removed":["Strike_R"],"damage_healed":0.0,"max_hp_gain":0.0,"max_hp_loss":0.0,"gold_gain":0.0,"event_name":"NoteForYourself","player_choice":"Took Card","floor":4.0,"gold_loss":0.0,"damage_taken":0.0,"cards_obtained":["Strike_R"]},{"damage_healed":0,"gold_gain":0,"player_choice":"Obtained Book","damage_taken":21,"max_hp_gain":0,"max_hp_loss":0,"event_name":"Cursed Tome","floor":30,"gold_loss":0},{"cards_removed":["Power Through"],"damage_healed":0,"gold_gain":0,"player_choice":"Gave Card","damage_taken":0,"relics_obtained":["HornCleat"],"max_hp_gain":0,"max_hp_loss":0,"event_name":"WeMeetAgain","floor":39,"gold_loss":0},{"damage_healed":0,"gold_gain":0,"player_choice":"Invest 1","damage_taken":0,"max_hp_gain":0,"max_hp_loss":0,"event_name":"conspire:Investor","floor":46,"gold_loss":0}],"is_beta":false,"boss_relics":[{"not_picked":["Accursed"],"picked":"TwistingMind"},{"not_picked":["Accursed"],"picked":"TwistingMind"},{"not_picked":["BlightedDurian"],"picked":"MetallicRebirth"},{"not_picked":["BlightedDurian"],"picked":"MetallicRebirth"}],"items_purged_floors":[],"is_endless":false,"potions_floor_spawned":[1,3,12,16,18,25,28,33,35,40,41,44,47,48],"ascension_level":0}}