{"host":"s0rqbuvjzggdtc2s","time":1608996665,"event":{"mods":["ATMod(°¢èªMod)","BaseMod","Hermit","Minty Spire (QoL Compilation)","StSLib","¡¾ÒÅÎï¿¨ÅÆ¡¿REMEMod"],"gold_per_floor":[113,113,54,74,86,117,136,136,189,216,216,216,68,103,103,205,205,219,219,235,110,127,153,153,153,176,193,193,210,210,210,210,398,398,432,432,497,63,63,63,121,121,121,151,169,169,192,0,0,36],"floor_reached":51,"playtime":1830,"items_purged":[],"score":742,"play_id":"f0a8984f-ee88-445e-82ab-be93076083ad","local_time":"20201226233105","is_ascension_mode":true,"campfire_choices":[{"data":"hermit:Showdown","floor":8.0,"key":"SMITH"},{"data":"AT_Dispersion","floor":11.0,"key":"SMITH"},{"floor":15.0,"key":"REST"},{"floor":24.0,"key":"REST"},{"floor":28.0,"key":"REST"},{"data":"hermit:Maintenance","floor":32.0,"key":"SMITH"},{"data":"hermit:Virtue","floor":40.0,"key":"SMITH"},{"floor":42.0,"key":"REST"},{"floor":46.0,"key":"REST"},{"data":"hermit:Gambit","floor":49.0,"key":"SMITH"}],"circlet_count":0,"master_deck":["hermit:Strike_Hermit","hermit:Strike_Hermit","hermit:Strike_Hermit","hermit:Strike_Hermit","hermit:Defend_Hermit","hermit:Defend_Hermit","hermit:Defend_Hermit","hermit:Defend_Hermit","hermit:Snapshot","hermit:Covet","REME_ProfessionalPlagiarism","AT_Dispersion+1","hermit:Shortfuse","Regret","hermit:Virtue+1","hermit:Feint+1","hermit:Feint+1","hermit:Showdown+1","hermit:Shortfuse","hermit:Showdown","hermit:Desperado+1","hermit:WideOpen","Decay","hermit:Snipe","hermit:Snipe+1","hermit:Maintenance+1","hermit:Gambit","hermit:Desperado+1","hermit:Feint+1","hermit:LowProfile+1","hermit:Gambit+1","hermit:Manifest+1"],"relics":["hermit:ClaspedLocket","AT_ATBox","REME_ComplimentaryCards","NeowsBlessing","The Courier","Orichalcum","AT_ArcaneBoots","AT_LudenTempest","PreservedInsect","Incense Burner","Question Card","War Paint","Anchor","Juzu Bracelet","REME_ArchaeologicalTools","SacredBark","Prayer Wheel","Vajra","AT_ImmortalShieldbow","Akabeko","Smiling Mask","Peace Pipe","Blood Vial","Red Mask"],"acts_visited":["Exordium","TheCity","TheBeyond"],"potions_floor_usage":[50,50,50],"damage_taken":[{"damage":2.0,"enemies":"2 Louse","floor":1.0,"turns":2.0},{"damage":0.0,"enemies":"Small Slimes","floor":4.0,"turns":1.0},{"damage":0.0,"enemies":"Jaw Worm","floor":5.0,"turns":1.0},{"damage":25.0,"enemies":"3 Sentries","floor":6.0,"turns":9.0},{"damage":2.0,"enemies":"Blue Slaver","floor":7.0,"turns":2.0},{"damage":14.0,"enemies":"Gremlin Nob","floor":10.0,"turns":5.0},{"damage":6.0,"enemies":"3 Sentries","floor":14.0,"turns":4.0},{"damage":19.0,"enemies":"Hexaghost","floor":16.0,"turns":11.0},{"damage":8.0,"enemies":"2 Thieves","floor":18.0,"turns":3.0},{"damage":0.0,"enemies":"Chosen","floor":20.0,"turns":4.0},{"damage":26.0,"enemies":"Shelled Parasite and Fungi","floor":22.0,"turns":5.0},{"damage":19.0,"enemies":"Slavers","floor":23.0,"turns":5.0},{"damage":0.0,"enemies":"Snecko","floor":27.0,"turns":3.0},{"damage":13.0,"enemies":"Sentry and Sphere","floor":29.0,"turns":4.0},{"damage":43.0,"enemies":"Champ","floor":33.0,"turns":9.0},{"damage":25.0,"enemies":"3 Darklings","floor":35.0,"turns":8.0},{"damage":0.0,"enemies":"Mind Bloom Boss Battle","floor":37.0,"turns":7.0},{"damage":43.0,"enemies":"Nemesis","floor":41.0,"turns":7.0},{"damage":5.0,"enemies":"Orb Walker","floor":44.0,"turns":4.0},{"damage":0.0,"enemies":"Spire Growth","floor":45.0,"turns":3.0},{"damage":86,"enemies":"Time Eater","floor":50,"turns":15}],"seed_played":"7801127534728981538","potions_obtained":[{"floor":1.0,"key":"Block Potion"},{"floor":5.0,"key":"Ancient Potion"},{"floor":10.0,"key":"Dexterity Potion"},{"floor":20.0,"key":"FearPotion"},{"floor":37.0,"key":"SkillPotion"},{"floor":44.0,"key":"hermit:Eclipse"}],"is_trial":false,"path_per_floor":["M","?","$","M","M","E","M","R","T","E","R","?","$","E","R","B",null,"M","?","M","$","M","E","R","?","T","M","R","M","?","T","R","B",null,"M","?","?","$","?","R","E","R","T","M","M","R","T","?","R","B",null],"character_chosen":"HERMIT","items_purchased":["hermit:Virtue","PreservedInsect","hermit:Showdown","War Paint","Vajra","AT_ImmortalShieldbow","Akabeko"],"campfire_rested":5,"item_purchase_floors":[3,13,13,21,38,38,38],"current_hp_per_floor":[75,75,75,75,75,50,48,48,48,34,34,34,34,28,51,32,77,69,69,70,70,45,27,50,50,50,51,74,63,63,63,63,22,77,54,54,56,56,56,56,36,57,57,53,54,73,73,73,73,10],"gold":36,"neow_bonus":"THREE_ENEMY_KILL","is_daily":false,"chose_seed":false,"campfire_upgraded":5,"win_rate":0.0,"timestamp":1608996665,"path_taken":["M","?","$","M","M","E","M","R","T","E","R","?","?","E","R","BOSS","M","?","M","$","M","E","R","?","T","M","R","M","?","?","R","BOSS","M","?","?","$","?","R","E","R","T","M","M","R","?","?","R","BOSS"],"items_purchased_type":["Card","Relic","Card","Relic","Relic","Relic","Relic"],"build_version":"2020-12-22","purchased_purges":0,"victory":true,"max_hp_per_floor":[77,77,77,77,77,77,77,77,77,77,77,77,77,77,77,77,77,77,77,77,77,77,77,77,77,77,77,77,77,77,77,77,77,77,77,77,77,77,73,73,73,73,73,73,73,73,73,73,73,73],"card_choices":[{"not_picked":["hermit:Spite","hermit:Dive"],"picked":"hermit:Shortfuse","floor":1.0},{"not_picked":["hermit:Virtue","hermit:Roulette"],"picked":"hermit:Feint","floor":4.0},{"not_picked":["hermit:Coalescence","hermit:Malice","hermit:TakeCover"],"picked":"SKIP","floor":5.0},{"not_picked":["hermit:TakeAim","hermit:TakeCover"],"picked":"hermit:Feint","floor":6.0},{"not_picked":["hermit:Quickdraw","hermit:Scavenge"],"picked":"hermit:Showdown","floor":7.0},{"not_picked":["hermit:NoHoldsBarred","hermit:Quickdraw"],"picked":"hermit:Shortfuse","floor":10.0},{"not_picked":["hermit:Roulette","hermit:FatalDesire","hermit:Misfire"],"picked":"SKIP","floor":14.0},{"not_picked":["hermit:Headshot","hermit:NoHoldsBarred"],"picked":"hermit:Desperado+1","floor":18.0},{"not_picked":["hermit:Roulette","hermit:Roughhouse","hermit:Glare"],"picked":"hermit:WideOpen","floor":20.0},{"not_picked":["hermit:WideOpen+1","hermit:Grudge","hermit:CursedWeapon"],"picked":"hermit:Ricochet","floor":22.0},{"not_picked":["hermit:WideOpen","hermit:Spite+1","hermit:FromBeyond","hermit:NoHoldsBarred"],"picked":"SKIP","floor":23.0},{"not_picked":["hermit:WideOpen","hermit:BodyArmor+1","hermit:SprayPray"],"picked":"hermit:Snipe","floor":27.0},{"not_picked":["hermit:Magnum","hermit:Grudge","hermit:FlashPowder+1"],"picked":"hermit:Snipe+1","floor":29.0},{"not_picked":["hermit:RoundhouseKick","hermit:HeroicBravado","hermit:Roughhouse"],"picked":"hermit:Gambit","floor":33.0},{"not_picked":["hermit:Feint","hermit:Cheat","hermit:Showdown"],"picked":"hermit:Desperado+1","floor":35.0},{"not_picked":["hermit:ItchyTrigger+1","hermit:Vantage","hermit:ShadowCloak+1"],"picked":"hermit:Feint+1","floor":37.0},{"not_picked":["hermit:LuckOfTheDraw","hermit:TrackingShot+1","hermit:ItchyTrigger+1","hermit:Ricochet"],"picked":"SKIP","floor":41.0},{"not_picked":["hermit:Vantage","hermit:Glare","hermit:Coalescence+1"],"picked":"hermit:LowProfile+1","floor":44.0},{"not_picked":["hermit:Spite","hermit:ShadowCloak","hermit:Dive"],"picked":"hermit:Gambit","floor":44.0},{"not_picked":["hermit:ItchyTrigger+1","hermit:BodyArmor+1","hermit:Malice+1"],"picked":"hermit:Manifest+1","floor":45.0},{"not_picked":["hermit:BodyArmor","hermit:Scavenge","hermit:BigShot+1","hermit:Quickdraw"],"picked":"SKIP","floor":45.0}],"player_experience":201259,"relics_obtained":[{"floor":6.0,"key":"Orichalcum"},{"floor":9.0,"key":"AT_SpeedBoots"},{"floor":10.0,"key":"AT_LudenTempest"},{"floor":14.0,"key":"Incense Burner"},{"floor":23.0,"key":"Anchor"},{"floor":26.0,"key":"Juzu Bracelet"},{"floor":31.0,"key":"REME_ArchaeologicalTools"},{"floor":37.0,"key":"Prayer Wheel"},{"floor":41.0,"key":"Smiling Mask"},{"floor":43.0,"key":"Peace Pipe"},{"floor":47.0,"key":"Blood Vial"}],"event_choices":[{"damage_healed":0.0,"max_hp_gain":0.0,"max_hp_loss":0.0,"gold_gain":0.0,"event_name":"Big Fish","player_choice":"Box","floor":2.0,"gold_loss":0.0,"damage_taken":0.0,"relics_obtained":["The Courier"],"cards_obtained":["Regret"]},{"damage_healed":0.0,"max_hp_gain":0.0,"max_hp_loss":0.0,"gold_gain":0.0,"event_name":"Dead Adventurer","player_choice":"Searched \u00270\u0027 times","floor":12.0,"gold_loss":0.0,"damage_taken":0.0},{"damage_healed":0.0,"max_hp_gain":0.0,"max_hp_loss":0.0,"gold_gain":0.0,"event_name":"The Mausoleum","player_choice":"Opened","floor":19.0,"gold_loss":0.0,"damage_taken":0.0,"relics_obtained":["Question Card"]},{"damage_healed":0.0,"max_hp_gain":0.0,"max_hp_loss":0.0,"gold_gain":0.0,"event_name":"Forgotten Altar","player_choice":"Smashed Altar","floor":25.0,"gold_loss":0.0,"damage_taken":0.0,"cards_obtained":["Decay"]},{"damage_healed":0.0,"max_hp_gain":0.0,"max_hp_loss":0.0,"gold_gain":0.0,"event_name":"The Library","player_choice":"Read","floor":30.0,"gold_loss":0.0,"damage_taken":0.0,"cards_obtained":["hermit:Maintenance"]},{"cards_removed":["hermit:Ricochet"],"damage_healed":0.0,"max_hp_gain":0.0,"max_hp_loss":0.0,"gold_gain":0.0,"event_name":"Falling","player_choice":"Removed Attack","floor":36.0,"gold_loss":0.0,"damage_taken":0.0},{"damage_healed":0.0,"max_hp_gain":0.0,"max_hp_loss":0.0,"gold_gain":0.0,"event_name":"MindBloom","player_choice":"Fight","floor":37.0,"gold_loss":0.0,"damage_taken":0.0},{"damage_healed":0.0,"max_hp_gain":0.0,"max_hp_loss":4.0,"gold_gain":0.0,"event_name":"Winding Halls","player_choice":"Max HP","floor":39.0,"gold_loss":0.0,"damage_taken":0.0},{"damage_healed":0.0,"max_hp_gain":0.0,"max_hp_loss":0.0,"gold_gain":0.0,"event_name":"Tomb of Lord Red Mask","player_choice":"Paid","floor":48.0,"gold_loss":192.0,"damage_taken":0.0,"relics_obtained":["Red Mask"]}],"is_beta":false,"boss_relics":[{"not_picked":["Empty Cage","REME_DemonsWealth"],"picked":"hermit:ClaspedLocket"},{"not_picked":["Runic Dome","Snecko Eye"],"picked":"SacredBark"}],"items_purged_floors":[],"is_endless":false,"potions_floor_spawned":[1,5,10,20,22,37,44],"ascension_level":1}}