{"host":"6pgtslebjnyv5xmi","time":1608980090,"event":{"mods":["AchievementEnabler","BaseMod","Colored Map","Minty Spire (QoL Compilation)","Rare Cards Sparkle","StSLib","SuperFastMode","Td1madao Mod","everything is the same but u backflip on backflip"],"gold_per_floor":[112,124,124,124,124,199,199,222,300,323,323,358,136,157,157,157,157],"floor_reached":16,"playtime":472,"items_purged":["Strike_R"],"score":140,"play_id":"e9646d18-7178-44d8-9b39-905f732ff375","local_time":"20201226195450","is_ascension_mode":true,"campfire_choices":[{"data":"Shockwave","floor":7,"key":"SMITH"},{"data":"Whirlwind","floor":11,"key":"SMITH"},{"data":"Feed","floor":15,"key":"SMITH"}],"circlet_count":0,"master_deck":["Strike_R","Strike_R","Strike_R","Defend_R","Defend_R","Defend_R","Defend_R","Bash","Double Tap","Shockwave+1","Combust","Whirlwind+1","Feed+1"],"relics":["Burning Blood","Golden Idol","Mercury Hourglass","Calipers","ClockworkSouvenir"],"acts_visited":["Exordium"],"potions_floor_usage":[12,16,16],"damage_taken":[{"damage":6,"enemies":"Cultist","floor":1,"turns":3},{"damage":13,"enemies":"2 Louse","floor":2,"turns":3},{"damage":2,"enemies":"Small Slimes","floor":8,"turns":4},{"damage":4,"enemies":"3 Louse","floor":10,"turns":2},{"damage":19,"enemies":"Gremlin Nob","floor":12,"turns":4},{"damage":0,"enemies":"Large Slime","floor":14,"turns":4},{"damage":78,"enemies":"The Guardian","floor":16,"turns":9}],"seed_played":"1491300587270304254","potions_obtained":[{"floor":1,"key":"Strength Potion"},{"floor":8,"key":"FairyPotion"},{"floor":10,"key":"Fruit Juice"},{"floor":12,"key":"Swift Potion"}],"is_trial":false,"path_per_floor":["M","M","?","?","?","?","R","M","T","M","R","E","$","M","R","B"],"character_chosen":"IRONCLAD","items_purchased":["ClockworkSouvenir"],"campfire_rested":0,"item_purchase_floors":[13],"current_hp_per_floor":[72,65,45,50,43,32,32,36,36,38,38,25,25,34,34,0,0],"gold":157,"neow_bonus":"ONE_RANDOM_RARE_CARD","is_daily":false,"chose_seed":false,"campfire_upgraded":3,"win_rate":0.0,"timestamp":1608980090,"path_taken":["M","M","?","?","?","?","R","M","T","M","R","E","$","M","R","BOSS"],"items_purchased_type":["Relic"],"build_version":"2020-12-22","purchased_purges":1,"victory":false,"max_hp_per_floor":[80,80,80,85,85,85,85,85,85,85,85,85,85,88,88,93,93],"card_choices":[{"not_picked":["True Grit","Headbutt"],"picked":"Shockwave","floor":1},{"not_picked":["Entrench","Headbutt","Infernal Blade"],"picked":"SKIP","floor":2},{"not_picked":["Dark Embrace","Flex"],"picked":"Combust","floor":8},{"not_picked":["Body Slam","Combust"],"picked":"Whirlwind","floor":10},{"not_picked":["Evolve","Intimidate"],"picked":"Feed","floor":12},{"not_picked":["Cleave","Sword Boomerang","Shrug It Off"],"picked":"SKIP","floor":14}],"player_experience":483821,"relics_obtained":[{"floor":9,"key":"Mercury Hourglass"},{"floor":12,"key":"Calipers"}],"event_choices":[{"damage_healed":0,"gold_gain":0,"player_choice":"Take Damage","damage_taken":20,"relics_obtained":["Golden Idol"],"max_hp_gain":0,"max_hp_loss":0,"event_name":"Golden Idol","floor":3,"gold_loss":0},{"damage_healed":0,"gold_gain":0,"player_choice":"Donut","damage_taken":0,"max_hp_gain":5,"max_hp_loss":0,"event_name":"Big Fish","floor":4,"gold_loss":0},{"cards_removed":["Strike_R"],"damage_healed":0,"gold_gain":0,"player_choice":"Card Removal","damage_taken":7,"max_hp_gain":0,"max_hp_loss":0,"event_name":"Golden Wing","floor":5,"gold_loss":0},{"damage_healed":0,"gold_gain":75,"player_choice":"Gather Gold","damage_taken":11,"max_hp_gain":0,"max_hp_loss":0,"event_name":"World of Goop","floor":6,"gold_loss":0}],"is_beta":false,"boss_relics":[],"items_purged_floors":[13],"is_endless":false,"potions_floor_spawned":[1,8,10,12],"killed_by":"The Guardian","ascension_level":8}}