{"host":"6pgtslebjnyv5xmi","time":1608976194,"event":{"mods":["AchievementEnabler","BaseMod","Colored Map","Minty Spire (QoL Compilation)","Rare Cards Sparkle","StSLib","SuperFastMode","Td1madao Mod","everything is the same but u backflip on backflip"],"gold_per_floor":[109,109,119,52,52,85,85,116,116,116,128,128,128,147,147,242,242,257,34,60,60,60,60,79,29,29,55,81,81,93,113,113,213,213,224,124,124,140,140,171,171,46,70,95,106,140,30,48,48,48],"floor_reached":51,"playtime":2651,"items_purged":["Strike_R","Strike_R","Defend_R"],"score":779,"play_id":"40d2cff0-af6c-4042-bd95-9c66bd7b300c","local_time":"20201226184954","is_ascension_mode":false,"campfire_choices":[{"data":"Fire Breathing","floor":7.0,"key":"SMITH"},{"data":"Evolve","floor":10.0,"key":"SMITH"},{"data":"Armaments","floor":15.0,"key":"SMITH"},{"data":"Feel No Pain","floor":23.0,"key":"SMITH"},{"data":"Exhume","floor":32,"key":"SMITH"},{"data":"Fire Breathing","floor":41,"key":"SMITH"},{"floor":49,"key":"REST"}],"circlet_count":0,"master_deck":["Strike_R","Strike_R","Strike_R","Defend_R","Defend_R","Bash","Twin Strike","Fire Breathing+1","Evolve+1","Exhume+1","Swift Strike","Feel No Pain+1","Seeing Red","Armaments+1","Double Tap","Sentinel","Parasite","Ghostly","Ghostly+1","Ghostly","Ghostly","Ghostly","Impervious","Madness","Madness+1","Ghostly","Fire Breathing+1","Shame","Writhe","Reckless Charge","Reckless Charge","Feel No Pain","Fire Breathing+1"],"relics":["Burning Blood","NeowsBlessing","Tiny Chest","Pen Nib","Juzu Bracelet","Meat on the Bone","Cursed Key","Art of War","Omamori","Letter Opener","Dream Catcher","Lantern","Nilry\u0027s Codex","Busted Crown","Regal Pillow","Blood Vial","Oddly Smooth Stone","War Paint"],"acts_visited":["Exordium","TheCity","TheBeyond"],"potions_floor_usage":[31,50,50,50],"damage_taken":[{"damage":0.0,"enemies":"Small Slimes","floor":1.0,"turns":1.0},{"damage":0.0,"enemies":"2 Louse","floor":3.0,"turns":1.0},{"damage":0.0,"enemies":"Lagavulin","floor":6.0,"turns":1.0},{"damage":46.0,"enemies":"Gremlin Nob","floor":8.0,"turns":5.0},{"damage":0.0,"enemies":"Cultist","floor":11.0,"turns":2.0},{"damage":16.0,"enemies":"Blue Slaver","floor":14.0,"turns":4.0},{"damage":14.0,"enemies":"Slime Boss","floor":16.0,"turns":7.0},{"damage":23.0,"enemies":"Shell Parasite","floor":18.0,"turns":7.0},{"damage":11.0,"enemies":"3 Byrds","floor":24.0,"turns":9.0},{"damage":2.0,"enemies":"Slavers","floor":27.0,"turns":6.0},{"damage":18,"enemies":"Snecko","floor":30,"turns":7},{"damage":0,"enemies":"Centurion and Healer","floor":31,"turns":8},{"damage":35,"enemies":"Champ","floor":33,"turns":14},{"damage":17,"enemies":"3 Shapes","floor":35,"turns":6},{"damage":13,"enemies":"Orb Walker","floor":38,"turns":4},{"damage":10,"enemies":"Giant Head","floor":40,"turns":12},{"damage":0,"enemies":"3 Darklings","floor":45,"turns":6},{"damage":20,"enemies":"Nemesis","floor":46,"turns":9},{"damage":3,"enemies":"Transient","floor":48,"turns":5},{"damage":4,"enemies":"Donu and Deca","floor":50,"turns":8}],"seed_played":"-8259553946793571257","potions_obtained":[{"floor":3.0,"key":"SpeedPotion"},{"floor":6.0,"key":"SkillPotion"},{"floor":16.0,"key":"Explosive Potion"},{"floor":18.0,"key":"Swift Potion"},{"floor":30,"key":"BlessingOfTheForge"},{"floor":31,"key":"FairyPotion"},{"floor":33,"key":"HeartOfIron"},{"floor":35,"key":"EssenceOfSteel"},{"floor":38,"key":"CultistPotion"}],"is_trial":false,"path_per_floor":["M","?","M","$","?","E","R","E","T","R","M","?","?","M","R","B",null,"M","$","T","?","?","R","M","?","T","E","T","?","M","M","R","B",null,"M","$","?","M","?","E","R","$","T","T","M","E","$","M","R","B",null],"character_chosen":"IRONCLAD","items_purchased":["Evolve","Art of War","Reckless Charge","Feel No Pain"],"campfire_rested":1,"item_purchase_floors":[4,19,47,47],"current_hp_per_floor":[80,68,74,74,74,80,80,40,40,40,58,63,63,53,53,57,85,68,68,68,68,42,42,37,37,37,41,41,25,25,31,31,30,42,31,31,26,31,31,39,39,39,39,39,42,28,28,33,42,42],"gold":48,"neow_bonus":"THREE_ENEMY_KILL","is_daily":false,"chose_seed":false,"campfire_upgraded":6,"win_rate":0.0,"timestamp":1608976194,"path_taken":["M","?","M","$","?","E","R","E","T","R","M","?","?","M","R","BOSS","M","$","?","?","?","R","M","?","T","E","?","?","M","M","R","BOSS","M","$","?","M","?","E","R","$","T","?","M","E","$","M","R","BOSS"],"items_purchased_type":["Card","Relic","Card","Card"],"build_version":"2020-12-22","purchased_purges":3,"victory":true,"max_hp_per_floor":[80,80,80,80,80,80,80,80,80,80,80,85,85,85,85,85,85,85,85,85,85,42,42,42,42,42,42,42,42,42,42,42,42,42,42,42,42,42,42,42,42,42,42,42,42,42,42,42,42,42],"card_choices":[{"not_picked":["Clash","Cleave"],"picked":"Twin Strike","floor":1.0},{"not_picked":["Havoc","Body Slam"],"picked":"Fire Breathing","floor":3.0},{"not_picked":["Pommel Strike","Combust"],"picked":"Feel No Pain","floor":6.0},{"not_picked":["Spot Weakness","Pommel Strike"],"picked":"Seeing Red","floor":8.0},{"not_picked":["Ghostly Armor","Sword Boomerang"],"picked":"Armaments","floor":11.0},{"not_picked":["Sword Boomerang","Perfected Strike","Spot Weakness"],"picked":"SKIP","floor":14.0},{"not_picked":["Corruption","Feed"],"picked":"Double Tap","floor":16.0},{"not_picked":["Blood for Blood","Flex"],"picked":"Sentinel","floor":18.0},{"not_picked":["Cleave","Searing Blow","Body Slam"],"picked":"SKIP","floor":24.0},{"not_picked":["Heavy Blade","Thunderclap","Cleave"],"picked":"SKIP","floor":27.0},{"not_picked":["Rage","Shockwave","Disarm"],"picked":"SKIP","floor":30},{"not_picked":["Anger","Flex","Heavy Blade"],"picked":"SKIP","floor":31},{"not_picked":["Demon Form","Brutality"],"picked":"Impervious","floor":33},{"not_picked":["Twin Strike+1"],"picked":"SKIP","floor":35},{"not_picked":["Cleave"],"picked":"SKIP","floor":38},{"not_picked":[],"picked":"Fire Breathing","floor":40},{"not_picked":["Blood for Blood+1"],"picked":"SKIP","floor":45},{"not_picked":[],"picked":"Reckless Charge","floor":46},{"not_picked":[],"picked":"Fire Breathing+1","floor":48}],"player_experience":477850,"relics_obtained":[{"floor":6.0,"key":"Pen Nib"},{"floor":8.0,"key":"Juzu Bracelet"},{"floor":9.0,"key":"Meat on the Bone"},{"floor":20.0,"key":"Omamori"},{"floor":26.0,"key":"Letter Opener"},{"floor":27.0,"key":"Dream Catcher"},{"floor":28.0,"key":"Lantern"},{"floor":29,"key":"Nilry\u0027s Codex"},{"floor":40,"key":"Regal Pillow"},{"floor":43,"key":"Blood Vial"},{"floor":44,"key":"Oddly Smooth Stone"},{"floor":46,"key":"War Paint"}],"event_choices":[{"damage_healed":0.0,"max_hp_gain":0.0,"max_hp_loss":0.0,"gold_gain":0.0,"event_name":"Scrap Ooze","player_choice":"Success","floor":2.0,"gold_loss":0.0,"damage_taken":12.0,"relics_obtained":["Tiny Chest"]},{"damage_healed":0.0,"max_hp_gain":0.0,"max_hp_loss":0.0,"gold_gain":0.0,"event_name":"Match and Keep!","player_choice":"2 cards matched","floor":5.0,"gold_loss":0.0,"damage_taken":0.0,"cards_obtained":["Exhume","Swift Strike"]},{"damage_healed":0.0,"max_hp_gain":5.0,"max_hp_loss":0.0,"gold_gain":0.0,"event_name":"Big Fish","player_choice":"Donut","floor":12.0,"gold_loss":0.0,"damage_taken":0.0},{"damage_healed":0.0,"max_hp_gain":0.0,"max_hp_loss":0.0,"gold_gain":0.0,"event_name":"NoteForYourself","player_choice":"Ignored","floor":13.0,"gold_loss":0.0,"damage_taken":0.0},{"cards_removed":["Defend_R"],"damage_healed":0.0,"max_hp_gain":0.0,"max_hp_loss":0.0,"gold_gain":0.0,"event_name":"Purifier","player_choice":"Purged","floor":21.0,"gold_loss":0.0,"damage_taken":0.0},{"damage_healed":0.0,"max_hp_gain":0.0,"max_hp_loss":43.0,"gold_gain":0.0,"event_name":"Ghosts","player_choice":"Became a Ghost","floor":22.0,"gold_loss":0.0,"damage_taken":0.0,"cards_obtained":["Ghostly","Ghostly","Ghostly","Ghostly","Ghostly"]},{"damage_healed":0.0,"max_hp_gain":0.0,"max_hp_loss":0.0,"gold_gain":0.0,"event_name":"The Joust","player_choice":"Bet on Owner","floor":25.0,"gold_loss":50.0,"damage_taken":0.0},{"damage_healed":0,"gold_gain":0,"player_choice":"Obtained Book","damage_taken":16,"max_hp_gain":0,"max_hp_loss":0,"event_name":"Cursed Tome","floor":29,"gold_loss":0},{"damage_healed":0,"gold_gain":0,"player_choice":"Embrace Madness","damage_taken":5,"max_hp_gain":0,"max_hp_loss":0,"event_name":"Winding Halls","floor":37,"gold_loss":0,"cards_obtained":["Madness","Madness"]},{"damage_healed":0,"gold_gain":0,"player_choice":"Copied","damage_taken":0,"max_hp_gain":0,"max_hp_loss":0,"event_name":"Duplicator","floor":39,"gold_loss":0,"cards_obtained":["Ghostly"]}],"is_beta":false,"boss_relics":[{"not_picked":["Runic Cube","Sozu"],"picked":"Cursed Key"},{"not_picked":["Philosopher\u0027s Stone","Velvet Choker"],"picked":"Busted Crown"}],"items_purged_floors":[19,36,42],"is_endless":false,"potions_floor_spawned":[3,6,16,18,30,31,33,35,38,46],"ascension_level":0}}