{"host":"z9811rt50ti81n54","time":1608951801,"event":{"mods":["BaseMod","Minty Spire (QoL Compilation)"],"gold_per_floor":[366,316,362,637,19,39,71,71,71,71,71,102,102,116,116,211,211,197,40,57,0,0,0,16,32,32,32,32,43,43,60,60,60,60],"floor_reached":33,"playtime":1118,"items_purged":["Regret"],"score":304,"play_id":"c646974a-9799-41d2-9516-248d028761be","local_time":"20201226120321","is_ascension_mode":true,"campfire_choices":[{"data":"1","floor":8,"key":"LIFT"},{"data":"2","floor":10,"key":"LIFT"},{"data":"3","floor":15,"key":"LIFT"},{"data":"Tools of the Trade","floor":23,"key":"SMITH"},{"floor":28,"key":"REST"},{"floor":30,"key":"REST"},{"data":"Catalyst","floor":32,"key":"SMITH"}],"circlet_count":0,"master_deck":["Strike_G","Strike_G","Defend_G","Defend_G","Defend_G","Defend_G","Defend_G","Survivor","Neutralize","Poisoned Stab","Masterful Stab","Skewer+1","Cloak And Dagger+1","Leg Sweep","Well Laid Plans","Blind","Dodge and Roll","Deadly Poison","Tools of the Trade+1","PiercingWail","Unload","Bullet Time","Corpse Explosion","Caltrops","Predator","Catalyst+1","Backflip+1","PiercingWail"],"relics":["Ring of the Snake","Juzu Bracelet","Blood Vial","Girya","Matryoshka","Sundial","Empty Cage","Art of War","Eternal Feather"],"acts_visited":["Exordium","TheCity"],"potions_floor_usage":[7,20,33,33],"damage_taken":[{"damage":0.0,"enemies":"2 Louse","floor":1.0,"turns":3.0},{"damage":0.0,"enemies":"Jaw Worm","floor":6.0,"turns":3.0},{"damage":25,"enemies":"3 Sentries","floor":7,"turns":12},{"damage":14,"enemies":"Lagavulin","floor":12,"turns":7},{"damage":0,"enemies":"Cultist","floor":14,"turns":1},{"damage":12,"enemies":"Hexaghost","floor":16,"turns":9},{"damage":12,"enemies":"2 Thieves","floor":18,"turns":4},{"damage":10,"enemies":"3 Byrds","floor":20,"turns":7},{"damage":7,"enemies":"Snake Plant","floor":24,"turns":4},{"damage":21,"enemies":"Sentry and Sphere","floor":25,"turns":4},{"damage":40,"enemies":"Shelled Parasite and Fungi","floor":29,"turns":7},{"damage":6,"enemies":"Centurion and Healer","floor":31,"turns":5},{"damage":75,"enemies":"Champ","floor":33,"turns":14}],"seed_played":"5796559523201065976","potions_obtained":[{"floor":1.0,"key":"LiquidBronze"},{"floor":12,"key":"GhostInAJar"},{"floor":24,"key":"Energy Potion"},{"floor":25,"key":"Strength Potion"}],"is_trial":false,"path_per_floor":["M","?","T","?","$","M","E","R","T","R","?","E","?","M","R","B",null,"M","$","M","?","?","R","M","M","T","?","R","M","R","M","R","B"],"character_chosen":"THE_SILENT","items_purchased":["Masterful Stab","Skewer","Cloak And Dagger","Leg Sweep","Well Laid Plans","Blood Vial","Blind","Corpse Explosion"],"campfire_rested":2,"item_purchase_floors":[5,5,5,5,5,5,5,19],"current_hp_per_floor":[70,70,70,70,70,70,45,45,45,45,45,33,19,21,21,11,70,58,58,50,50,37,37,32,13,13,13,50,12,49,45,60,0,0],"gold":60,"neow_bonus":"TWO_FIFTY_GOLD","is_daily":false,"chose_seed":false,"campfire_upgraded":2,"win_rate":0.0,"timestamp":1608951801,"path_taken":["M","?","?","?","$","M","E","R","T","R","?","E","?","M","R","BOSS","M","$","M","?","?","R","M","M","T","?","R","M","R","M","R","BOSS"],"items_purchased_type":["Card","Card","Card","Card","Card","Relic","Card","Card"],"build_version":"2020-12-22","purchased_purges":1,"victory":false,"max_hp_per_floor":[70,70,70,70,70,70,70,70,70,70,70,70,70,70,70,70,70,70,70,70,70,75,75,75,75,75,75,75,75,75,75,75,75,75],"card_choices":[{"not_picked":["Dodge and Roll","Prepared"],"picked":"Poisoned Stab","floor":1.0},{"not_picked":["Underhanded Strike","Eviscerate"],"picked":"Dodge and Roll","floor":6.0},{"not_picked":["Riddle With Holes","Flechettes"],"picked":"Deadly Poison","floor":7},{"not_picked":["Tactician","Deadly Poison"],"picked":"PiercingWail","floor":12},{"not_picked":["Distraction","Leg Sweep"],"picked":"Unload","floor":14},{"not_picked":["Grand Finale","Venomology"],"picked":"Bullet Time","floor":16},{"not_picked":["Skewer+1","Sucker Punch","Cloak And Dagger"],"picked":"SKIP","floor":18},{"not_picked":["Acrobatics","Dagger Spray+1"],"picked":"Caltrops","floor":20},{"not_picked":["Noxious Fumes","Bane+1"],"picked":"Predator","floor":24},{"not_picked":["Noxious Fumes","Prepared+1"],"picked":"Catalyst","floor":25},{"not_picked":["Underhanded Strike","Leg Sweep"],"picked":"Backflip+1","floor":29},{"not_picked":["Skewer+1","Quick Slash+1"],"picked":"PiercingWail","floor":31}],"player_experience":227634,"relics_obtained":[{"floor":3.0,"key":"Juzu Bracelet"},{"floor":7,"key":"Girya"},{"floor":9,"key":"Matryoshka"},{"floor":12,"key":"Sundial"},{"floor":26,"key":"Art of War"},{"floor":26,"key":"Eternal Feather"}],"event_choices":[{"cards_removed":["Decay"],"damage_healed":0.0,"max_hp_gain":0.0,"max_hp_loss":0.0,"gold_gain":0.0,"event_name":"The Cleric","player_choice":"Card Removal","floor":2.0,"gold_loss":50.0,"damage_taken":0.0},{"damage_healed":0.0,"max_hp_gain":0.0,"max_hp_loss":0.0,"gold_gain":275.0,"event_name":"Golden Shrine","player_choice":"Desecrate","floor":4.0,"gold_loss":0.0,"damage_taken":0.0,"cards_obtained":["Regret"]},{"damage_healed":0,"gold_gain":0,"cards_transformed":["Strike_G"],"player_choice":"Change","damage_taken":0,"max_hp_gain":0,"max_hp_loss":0,"event_name":"Living Wall","floor":11,"gold_loss":0,"cards_obtained":["Tools of the Trade"]},{"damage_healed":0,"gold_gain":0,"player_choice":"Entered Light","damage_taken":14,"max_hp_gain":0,"max_hp_loss":0,"event_name":"Shining Light","floor":13,"gold_loss":0,"cards_upgraded":["Cloak And Dagger","Skewer"]},{"damage_healed":0,"gold_gain":0,"player_choice":"Paid Fearfully","damage_taken":0,"max_hp_gain":0,"max_hp_loss":0,"event_name":"Masked Bandits","floor":21,"gold_loss":57},{"damage_healed":0,"gold_gain":0,"player_choice":"Shed Blood","damage_taken":18,"max_hp_gain":5,"max_hp_loss":0,"event_name":"Forgotten Altar","floor":22,"gold_loss":0},{"damage_healed":0,"gold_gain":0,"player_choice":"Ignored","damage_taken":0,"max_hp_gain":0,"max_hp_loss":0,"event_name":"Ghosts","floor":27,"gold_loss":0}],"is_beta":false,"boss_relics":[{"not_picked":["HoveringKite","Cursed Key"],"picked":"Empty Cage"}],"items_purged_floors":[5],"is_endless":false,"potions_floor_spawned":[1,12,24,25],"killed_by":"Champ","ascension_level":4}}