{"host":"aq6j0shg22k0vr7s","time":1608972206,"event":{"mods":["2.2 Compatiblity","AchievementEnabler","BaseMod","Better Note","Colored Map","Hermit","Marisa????????","Minty Spire (QoL Compilation)","Quick Restart","StSLib","The Bug Knight","The Cursed"],"gold_per_floor":[112,130,144,41,41,41,41,41],"floor_reached":7,"playtime":288,"items_purged":[],"score":41,"play_id":"2e08192e-4224-4c2e-af3a-a5676a038a68","local_time":"20201226004326","is_ascension_mode":false,"campfire_choices":[{"data":"hermit:Determination","floor":6.0,"key":"SMITH"}],"circlet_count":0,"master_deck":["hermit:Strike_Hermit","hermit:Strike_Hermit","hermit:Strike_Hermit","hermit:Strike_Hermit","hermit:Defend_Hermit","hermit:Defend_Hermit+1","hermit:Defend_Hermit+1","hermit:Defend_Hermit","hermit:Snapshot","hermit:Covet","Parasite","hermit:Dissolve","hermit:TakeAim","hermit:Showdown","hermit:LuckOfTheDraw","hermit:Dive","hermit:Determination+1"],"relics":["hermit:Momento"],"acts_visited":["Exordium"],"potions_floor_usage":[],"damage_taken":[{"damage":0.0,"enemies":"2 Louse","floor":1.0,"turns":4.0},{"damage":7.0,"enemies":"Jaw Worm","floor":2.0,"turns":5.0},{"damage":0.0,"enemies":"Small Slimes","floor":3.0,"turns":3.0},{"damage":0,"enemies":"Lagavulin","floor":7,"turns":1}],"seed_played":"-5703920022402319536","potions_obtained":[{"floor":2.0,"key":"GamblersBrew"}],"is_trial":false,"path_per_floor":["M","M","M","$","?","R","E"],"character_chosen":"HERMIT","items_purchased":["hermit:Dive","hermit:Determination"],"campfire_rested":0,"item_purchase_floors":[4,4],"current_hp_per_floor":[75,68,68,68,53,53,53,53],"gold":41,"neow_bonus":"THREE_RARE_CARDS","is_daily":false,"chose_seed":false,"campfire_upgraded":1,"win_rate":0.0,"timestamp":1608972206,"path_taken":["M","M","M","$","?","R","E"],"items_purchased_type":["Card","Card"],"build_version":"2020-12-22","purchased_purges":0,"victory":false,"max_hp_per_floor":[75,75,75,75,75,75,75,75],"card_choices":[{"not_picked":["hermit:Gambit","hermit:Purgatory"],"picked":"hermit:Dissolve","floor":0.0},{"not_picked":["hermit:BigShot","hermit:Ricochet"],"picked":"hermit:TakeAim","floor":1.0},{"not_picked":["hermit:Deadeye","hermit:PistolWhip"],"picked":"hermit:Showdown","floor":2.0},{"not_picked":["hermit:Manifest","hermit:Vantage"],"picked":"hermit:LuckOfTheDraw","floor":3.0}],"player_experience":65938,"relics_obtained":[],"event_choices":[{"damage_healed":0.0,"max_hp_gain":0.0,"max_hp_loss":0.0,"gold_gain":0.0,"event_name":"Shining Light","player_choice":"Entered Light","floor":5.0,"gold_loss":0.0,"damage_taken":15.0,"cards_upgraded":["hermit:Defend_Hermit","hermit:Defend_Hermit"]}],"is_beta":false,"boss_relics":[],"items_purged_floors":[],"is_endless":false,"potions_floor_spawned":[2],"killed_by":"Lagavulin","ascension_level":0}}