{"host":"03a85bwj0a5skoit","time":1608989070,"event":{"mods":["BaseMod","Block Reminder","Minty Spire (QoL Compilation)","Relic Stats","StSLib"],"gold_per_floor":[110,122,122,143,46,86,34,78,123,123,123,123,146,171,171,260,260,245,245,258,273,51,51,85,85,108,108,108,108,128,143,143,143,143],"floor_reached":33,"playtime":998,"items_purged":["Strike_G"],"score":546,"play_id":"510b5729-da25-4a25-9dbf-8f31703f912f","local_time":"20201226235430","is_ascension_mode":true,"campfire_choices":[{"floor":10,"key":"REST"},{"data":"Footwork","floor":12,"key":"SMITH"},{"data":"Footwork","floor":15,"key":"SMITH"},{"floor":23,"key":"REST"},{"data":"Phantasmal Killer","floor":25,"key":"SMITH"},{"data":"Footwork","floor":29,"key":"SMITH"},{"floor":32,"key":"REST"}],"circlet_count":0,"master_deck":["AscendersBane","Strike_G","Strike_G","Strike_G","Strike_G","Defend_G","Defend_G","Defend_G","Defend_G","Defend_G","Survivor","Neutralize","Riddle With Holes","Footwork+1","Deadly Poison","Bandage Up","Quick Slash+1","Slice+1","Predator+1","Footwork+1","Phantasmal Killer+1","Backflip+1","Die Die Die+1","Footwork+1","Flechettes+1","Dodge and Roll","Adrenaline"],"relics":["Velvet Choker","Bloody Idol","Molten Egg 2","Nunchaku","Toy Ornithopter","Tiny Chest","Runic Pyramid","Torii","Ancient Tea Set","Frozen Egg 2"],"acts_visited":["Exordium","TheCity"],"potions_floor_usage":[6,8,8,16,21,24,24,24,24,33],"damage_taken":[{"damage":8,"enemies":"2 Louse","floor":1,"turns":4},{"damage":0,"enemies":"Jaw Worm","floor":2,"turns":3},{"damage":0,"enemies":"Cultist","floor":4,"turns":4},{"damage":25,"enemies":"3 Sentries","floor":6,"turns":12},{"damage":27,"enemies":"Lagavulin","floor":8,"turns":7},{"damage":3,"enemies":"Blue Slaver","floor":13,"turns":3},{"damage":50,"enemies":"Hexaghost","floor":16,"turns":10},{"damage":17,"enemies":"2 Thieves","floor":18,"turns":4},{"damage":28,"enemies":"Shell Parasite","floor":20,"turns":5},{"damage":1,"enemies":"3 Cultists","floor":21,"turns":3},{"damage":29,"enemies":"Gremlin Leader","floor":24,"turns":5},{"damage":15,"enemies":"Snake Plant","floor":30,"turns":5},{"damage":22,"enemies":"Cultist and Chosen","floor":31,"turns":7},{"damage":68,"enemies":"Collector","floor":33,"turns":9}],"seed_played":"-3607608040450126506","potions_obtained":[{"floor":2,"key":"Fire Potion"},{"floor":4,"key":"Weak Potion"},{"floor":6,"key":"SkillPotion"},{"floor":13,"key":"Regen Potion"},{"floor":20,"key":"PowerPotion"},{"floor":21,"key":"SpeedPotion"},{"floor":30,"key":"LiquidBronze"},{"floor":31,"key":"SpeedPotion"}],"is_trial":false,"path_per_floor":["M","M","?","M","$","E","$","E","T","R","?","R","M","T","R","B",null,"M","?","M","M","$","R","E","R","T","?","T","R","M","M","R","B"],"character_chosen":"THE_SILENT","items_purchased":["Bandage Up","Slice+1","Flechettes+1","EntropicBrew"],"campfire_rested":3,"item_purchase_floors":[5,7,22,22],"current_hp_per_floor":[51,51,51,51,51,30,30,7,7,25,45,45,46,46,46,20,50,37,37,13,21,21,39,33,33,33,33,33,33,27,14,32,0,0],"gold":143,"neow_bonus":"BOSS_RELIC","is_daily":false,"chose_seed":false,"campfire_upgraded":4,"win_rate":0.0,"timestamp":1608989070,"path_taken":["M","M","?","M","$","E","$","E","T","R","?","R","M","?","R","BOSS","M","?","M","?","$","R","E","R","T","?","?","R","M","M","R","BOSS"],"items_purchased_type":["Card","Card","Card","Potion"],"build_version":"2020-12-22","purchased_purges":1,"victory":false,"max_hp_per_floor":[66,66,60,60,60,60,60,60,60,60,60,60,60,60,60,60,60,60,60,60,60,60,60,60,60,60,60,60,60,60,60,60,60,60],"relic_stats":{"Nunchaku":[10],"Torii":8,"counters":[14,81],"Bloody Idol":10,"Tiny Chest":1,"obtain_stats":[{"Nunchaku":8,"Torii":24,"Golden Idol":3,"Bloody Idol":27,"Velvet Choker":0,"Molten Egg 2":6,"Tiny Chest":14,"Frozen Egg 2":28,"Ancient Tea Set":26,"Toy Ornithopter":9,"Ring of the Snake":0,"Runic Pyramid":17},{"Nunchaku":5,"Torii":11,"Golden Idol":2,"Bloody Idol":11,"Velvet Choker":0,"Molten Egg 2":4,"Tiny Chest":6,"Frozen Egg 2":11,"Ancient Tea Set":11,"Toy Ornithopter":5,"Ring of the Snake":0,"Runic Pyramid":7},{"Nunchaku":30,"Torii":60,"Golden Idol":7,"Bloody Idol":60,"Velvet Choker":0,"Molten Egg 2":23,"Tiny Chest":33,"Frozen Egg 2":60,"Ancient Tea Set":60,"Toy Ornithopter":30,"Ring of the Snake":0,"Runic Pyramid":43}],"Toy Ornithopter":34},"card_choices":[{"not_picked":["Deadly Poison","Quick Slash"],"picked":"Riddle With Holes","floor":1},{"not_picked":["Riddle With Holes","PiercingWail"],"picked":"Footwork","floor":2},{"not_picked":["Escape Plan","Bane"],"picked":"Deadly Poison","floor":4},{"not_picked":["Infinite Blades","All Out Attack+1"],"picked":"Quick Slash+1","floor":6},{"not_picked":["Outmaneuver","Backstab+1"],"picked":"Predator+1","floor":8},{"not_picked":["Leg Sweep","Distraction"],"picked":"Footwork","floor":13},{"not_picked":["A Thousand Cuts","Grand Finale+1"],"picked":"Phantasmal Killer","floor":16},{"not_picked":["Poisoned Stab+1","Prepared"],"picked":"Backflip+1","floor":18},{"not_picked":["All Out Attack+1","Masterful Stab+1","Crippling Poison"],"picked":"SKIP","floor":20},{"not_picked":["Distraction","Escape Plan"],"picked":"Footwork","floor":21},{"not_picked":["Deflect","Predator+1"],"picked":"Dodge and Roll","floor":24},{"not_picked":["Deadly Poison","Acrobatics"],"picked":"Adrenaline","floor":30},{"not_picked":["Masterful Stab+1","Slice+1","Finisher+1"],"picked":"SKIP","floor":31}],"player_experience":2322241,"relics_obtained":[{"floor":6,"key":"Molten Egg 2"},{"floor":8,"key":"Nunchaku"},{"floor":9,"key":"Toy Ornithopter"},{"floor":14,"key":"Tiny Chest"},{"floor":24,"key":"Torii"},{"floor":26,"key":"Ancient Tea Set"},{"floor":28,"key":"Frozen Egg 2"}],"event_choices":[{"damage_healed":0,"gold_gain":0,"player_choice":"Lose Max HP","damage_taken":0,"relics_obtained":["Golden Idol"],"max_hp_gain":0,"max_hp_loss":6,"event_name":"Golden Idol","floor":3,"gold_loss":0},{"damage_healed":20,"gold_gain":0,"player_choice":"Banana","damage_taken":0,"max_hp_gain":0,"max_hp_loss":0,"event_name":"Big Fish","floor":11,"gold_loss":0},{"damage_healed":0,"gold_gain":0,"player_choice":"1 cards matched","damage_taken":0,"max_hp_gain":0,"max_hp_loss":0,"event_name":"Match and Keep!","floor":19,"gold_loss":0,"cards_obtained":["Die Die Die"]},{"damage_healed":0,"gold_gain":0,"player_choice":"Gave Idol","damage_taken":0,"relics_obtained":["Bloody Idol"],"max_hp_gain":0,"max_hp_loss":0,"event_name":"Forgotten Altar","floor":27,"relics_lost":["Golden Idol"],"gold_loss":0}],"is_beta":false,"boss_relics":[{"not_picked":["Black Star","Fusion Hammer"],"picked":"Runic Pyramid"}],"items_purged_floors":[22],"is_endless":false,"potions_floor_spawned":[2,4,6,13,20,21,30,31],"killed_by":"Collector","ascension_level":20}}