{"host":"4w8ocelhatf0iefc","time":1608966452,"event":{"mods":["AchievementEnabler","Act Like it!","Aspiration","BaseMod","Colored Map","Colored Powertips","Hubris","Minty Spire (QoL Compilation)","Replay The Spire","StSLib"],"gold_per_floor":[116,134,134,145,157,185,135,148,223,223,251,268,268,284,284,383,383,396,123,73,54,65,65,65],"floor_reached":23,"playtime":701,"items_purged":["Injury","Strike_B"],"score":233,"play_id":"c190db5d-f62a-45ab-bcbb-69a0e026eda4","local_time":"20201226150732","is_ascension_mode":true,"campfire_choices":[{"floor":13,"key":"REST"},{"data":"Turbo","floor":15,"key":"SMITH"}],"circlet_count":0,"master_deck":["Strike_B","Strike_B","Defend_B","Defend_B","Defend_B","Defend_B","Zap","Dualcast","Ball Lightning","Doom and Gloom","Conserve Battery","Glacier","Hologram","Storm+1","Leap","Turbo+1","Core Surge","Force Field","ReplayTheSpireMod:GoodbyeWorld+1","ReplayTheSpireMod:GoodbyeWorld+1","Writhe","Storm+1","Cold Snap"],"relics":["Cracked Core","Frozen Egg 2","hubris:ToyBattleship","hubris:TinFlute","Ancient Tea Set","Cursed Key","Runic Capacitor","ReplayTheSpireMod:CursedCoin"],"acts_visited":["Exordium","TheCity"],"potions_floor_usage":[16,16,18,23],"damage_taken":[{"damage":9.0,"enemies":"Jaw Worm","floor":1.0,"turns":3.0},{"damage":0.0,"enemies":"Small Slimes","floor":2.0,"turns":2.0},{"damage":0.0,"enemies":"Cultist","floor":4.0,"turns":2.0},{"damage":27.0,"enemies":"Exordium Thugs","floor":5.0,"turns":3.0},{"damage":19.0,"enemies":"Gremlin Nob","floor":6.0,"turns":4.0},{"damage":0.0,"enemies":"Lots of Slimes","floor":8.0,"turns":2.0},{"damage":25.0,"enemies":"3 Sentries","floor":11.0,"turns":8.0},{"damage":3,"enemies":"Gremlin Gang","floor":12,"turns":3},{"damage":0,"enemies":"Looter","floor":14,"turns":3},{"damage":45,"enemies":"Fading Forest","floor":16,"turns":11},{"damage":35,"enemies":"3 Byrds","floor":18,"turns":3},{"damage":0,"enemies":"Spheric Guardian","floor":22,"turns":3},{"damage":58,"enemies":"Slavers","floor":23,"turns":3}],"seed_played":"-2403033079270706245","potions_obtained":[{"floor":1.0,"key":"FocusPotion"},{"floor":8.0,"key":"Swift Potion"},{"floor":12,"key":"Weak Potion"},{"floor":14,"key":"Block Potion"},{"floor":16,"key":"PowerPotion"},{"floor":22,"key":"FearPotion"}],"is_trial":false,"path_per_floor":["M","M","?","M","M","E","?","M","T","?","E","M","R","M","R","B",null,"M","$","?","$","M","E"],"character_chosen":"DEFECT","items_purchased":["Runic Capacitor","ReplayTheSpireMod:GoodbyeWorld+1","ReplayTheSpireMod:CursedCoin","Storm+1"],"campfire_rested":1,"item_purchase_floors":[19,19,21,21],"current_hp_per_floor":[73,73,73,73,46,27,27,27,27,35,10,7,31,31,31,2,82,47,47,47,47,47,0,0],"gold":65,"neow_bonus":"TEN_PERCENT_HP_BONUS","is_daily":false,"chose_seed":false,"campfire_upgraded":1,"win_rate":0.0,"timestamp":1608966452,"path_taken":["M","M","?","M","M","E","?","M","T","?","E","M","R","M","R","BOSS","M","$","?","?","?","E"],"items_purchased_type":["Relic","Card","Relic","Card"],"build_version":"2020-12-22","purchased_purges":2,"victory":false,"max_hp_per_floor":[82,82,82,82,82,82,82,82,82,82,82,82,82,82,82,82,82,82,82,82,82,82,82,82],"card_choices":[{"not_picked":["ReplayTheSpireMod:Repulse","ReplayGash"],"picked":"Ball Lightning","floor":1.0},{"not_picked":["Turbo","ReplayTheSpireMod:GoodbyeWorld"],"picked":"Doom and Gloom","floor":2.0},{"not_picked":["Doom and Gloom","Rebound","Steam"],"picked":"SKIP","floor":4.0},{"not_picked":["Coolheaded","Steam"],"picked":"Conserve Battery","floor":5.0},{"not_picked":["Barrage","ReplaySort"],"picked":"Glacier","floor":6.0},{"not_picked":["Rebound","Barrage"],"picked":"Hologram","floor":8.0},{"not_picked":["ReplayTheSpireMod:Calculation Training","Turbo"],"picked":"Storm+1","floor":11.0},{"not_picked":["Aggregate","Barrage"],"picked":"Leap","floor":12},{"not_picked":["Tempest","Leap"],"picked":"Turbo","floor":14},{"not_picked":["Mirror Shield","hubris:DoWhile"],"picked":"Core Surge","floor":16},{"not_picked":["Steam","Reinforced Body"],"picked":"Force Field","floor":18},{"not_picked":["Sunder","BootSequence"],"picked":"Cold Snap","floor":22}],"player_experience":292136,"relics_obtained":[{"floor":6.0,"key":"hubris:ToyBattleship"},{"floor":9.0,"key":"hubris:TinFlute"},{"floor":11.0,"key":"Ancient Tea Set"}],"event_choices":[{"cards_removed":["Strike_B"],"damage_healed":0.0,"max_hp_gain":0.0,"max_hp_loss":0.0,"gold_gain":0.0,"event_name":"The Cleric","player_choice":"Card Removal","floor":7.0,"gold_loss":50.0,"damage_taken":0.0},{"damage_healed":0,"gold_gain":0,"player_choice":"Bet on Murderer","damage_taken":0,"max_hp_gain":0,"max_hp_loss":0,"event_name":"The Joust","floor":20,"gold_loss":50}],"is_beta":false,"boss_relics":[{"not_picked":["Black Star","Philosopher\u0027s Stone"],"picked":"Cursed Key"}],"items_purged_floors":[19,21],"is_endless":false,"potions_floor_spawned":[1,8,12,14,16,22],"killed_by":"Slavers","ascension_level":3}}