{"host":"03a85bwj0a5skoit","time":1608975647,"event":{"mods":["BaseMod","Block Reminder","Minty Spire (QoL Compilation)","Relic Stats","StSLib"],"gold_per_floor":[117,117,117,132,97,97,107,32,59,88,8,35,35,35,35,110,110,122,149,74,74,91,91,101,101,156,156,182,182,182],"floor_reached":29,"playtime":902,"items_purged":["Strike_P"],"score":494,"play_id":"9dee9e1b-edc3-4a45-8946-040ed75f5a49","local_time":"20201226201047","is_ascension_mode":true,"campfire_choices":[{"data":"Eruption","floor":6,"key":"SMITH"},{"floor":13,"key":"REST"},{"data":"Blasphemy","floor":15,"key":"SMITH"},{"floor":23,"key":"REST"},{"floor":25,"key":"REST"}],"circlet_count":0,"master_deck":["AscendersBane","Strike_P","Defend_P","Defend_P","Defend_P+1","Defend_P","Eruption+1","Vigilance+1","BattleHymn+1","EmptyFist+1","Wallop+1","Blasphemy+1","EmptyBody","LikeWater+1","ReachHeaven","LessonLearned+1","CurseOfTheBell","FlyingSleeves+1","CrushJoints+1","Sanctity+1","DeusExMachina","CutThroughFate+1","Evaluate+1","Perseverance","ThirdEye+1"],"relics":["SacredBark","MealTicket","Dream Catcher","Juzu Bracelet","Centennial Puzzle","Calling Bell","Molten Egg 2","Strawberry","Incense Burner","Red Mask","Regal Pillow","Omamori"],"acts_visited":["Exordium","TheCity"],"potions_floor_usage":[10,12,18,28,28,29],"damage_taken":[{"damage":12,"enemies":"2 Louse","floor":1,"turns":3},{"damage":4,"enemies":"Jaw Worm","floor":4,"turns":3},{"damage":0,"enemies":"Small Slimes","floor":7,"turns":2},{"damage":5,"enemies":"3 Sentries","floor":10,"turns":4},{"damage":20,"enemies":"Gremlin Nob","floor":12,"turns":4},{"damage":29,"enemies":"The Guardian","floor":16,"turns":6},{"damage":3,"enemies":"Chosen","floor":18,"turns":3},{"damage":24,"enemies":"Masked Bandits","floor":19,"turns":4},{"damage":22,"enemies":"2 Thieves","floor":22,"turns":4},{"damage":1,"enemies":"Centurion and Healer","floor":24,"turns":5},{"damage":28,"enemies":"Slavers","floor":28,"turns":5},{"damage":100015,"enemies":"3 Cultists","floor":29,"turns":5}],"seed_played":"-2633100344435266456","potions_obtained":[{"floor":4,"key":"SteroidPotion"},{"floor":7,"key":"AttackPotion"},{"floor":24,"key":"EntropicBrew"},{"floor":28,"key":"Swift Potion"}],"is_trial":false,"path_per_floor":["M","?","T","M","?","R","M","$","T","E","$","E","R","?","R","B",null,"M","?","?","?","M","R","M","R","T","?","E","M"],"character_chosen":"WATCHER","items_purchased":["PowerPotion","EmptyBody"],"campfire_rested":3,"item_purchase_floors":[11,11],"current_hp_per_floor":[49,29,29,25,42,42,42,57,57,52,67,47,67,60,60,31,66,63,39,39,39,17,39,38,60,60,60,32,0,0],"gold":182,"neow_bonus":"BOSS_RELIC","is_daily":false,"chose_seed":false,"campfire_upgraded":2,"win_rate":0.0,"timestamp":1608975647,"path_taken":["M","?","?","?","?","R","M","$","T","E","?","E","R","?","R","BOSS","M","?","?","?","M","R","M","R","T","?","E","M"],"items_purchased_type":["Potion","Card"],"build_version":"2020-12-22","purchased_purges":1,"victory":false,"max_hp_per_floor":[68,68,68,68,68,68,68,68,68,68,68,68,68,68,68,68,75,75,75,75,75,75,75,75,75,75,75,75,75,75],"relic_stats":{"Dream Catcher":3,"Centennial Puzzle":[22],"Regal Pillow":0,"counters":[12,47],"MealTicket":30,"Juzu Bracelet":0,"obtain_stats":[{"Regal Pillow":26,"SacredBark":0,"Juzu Bracelet":10,"Incense Burner":17,"Omamori":28,"Calling Bell":17,"Dream Catcher":9,"Centennial Puzzle":12,"Strawberry":17,"MealTicket":3,"Molten Egg 2":17,"Red Mask":19,"PureWater":0},{"Regal Pillow":10,"SacredBark":0,"Juzu Bracelet":4,"Incense Burner":6,"Omamori":11,"Calling Bell":6,"Dream Catcher":3,"Centennial Puzzle":5,"Strawberry":6,"MealTicket":1,"Molten Egg 2":6,"Red Mask":8,"PureWater":0},{"Regal Pillow":38,"SacredBark":0,"Juzu Bracelet":12,"Incense Burner":22,"Omamori":43,"Calling Bell":22,"Dream Catcher":8,"Centennial Puzzle":16,"Strawberry":22,"MealTicket":3,"Molten Egg 2":22,"Red Mask":29,"PureWater":0}]},"card_choices":[{"not_picked":["JustLucky","FollowUp"],"picked":"BattleHymn","floor":1},{"not_picked":["Crescendo","FollowUp"],"picked":"EmptyFist","floor":4},{"not_picked":["Protect","FlyingSleeves"],"picked":"Wallop","floor":7},{"not_picked":["LikeWater","Meditate"],"picked":"Blasphemy","floor":10},{"not_picked":["ClearTheMind","EmptyBody"],"picked":"LikeWater","floor":12},{"not_picked":["FlyingSleeves","Crescendo"],"picked":"ReachHeaven","floor":13},{"not_picked":["Devotion","Scrawl"],"picked":"LessonLearned","floor":16},{"not_picked":["Meditate","Consecrate+1"],"picked":"FlyingSleeves+1","floor":18},{"not_picked":["Crescendo","JustLucky+1"],"picked":"CrushJoints+1","floor":19},{"not_picked":["JustLucky+1","Protect"],"picked":"Sanctity+1","floor":22},{"not_picked":["Consecrate+1","CrushJoints+1"],"picked":"DeusExMachina","floor":23},{"not_picked":["Fasting2","EmptyFist+1"],"picked":"CutThroughFate+1","floor":24},{"not_picked":["ClearTheMind","BowlingBash+1"],"picked":"Evaluate+1","floor":25},{"not_picked":["Evaluate","Consecrate+1"],"picked":"ThirdEye+1","floor":28}],"player_experience":2317707,"relics_obtained":[{"floor":3,"key":"MealTicket"},{"floor":9,"key":"Dream Catcher"},{"floor":10,"key":"Juzu Bracelet"},{"floor":12,"key":"Centennial Puzzle"},{"floor":17,"key":"Molten Egg 2"},{"floor":17,"key":"Strawberry"},{"floor":17,"key":"Incense Burner"},{"floor":19,"key":"Red Mask"},{"floor":26,"key":"Regal Pillow"},{"floor":28,"key":"Omamori"}],"event_choices":[{"damage_healed":0,"gold_gain":0,"player_choice":"Entered Light","damage_taken":20,"max_hp_gain":0,"max_hp_loss":0,"event_name":"Shining Light","floor":2,"gold_loss":0,"cards_upgraded":["BattleHymn","Defend_P"]},{"damage_healed":17,"gold_gain":0,"player_choice":"Healed","damage_taken":0,"max_hp_gain":0,"max_hp_loss":0,"event_name":"The Cleric","floor":5,"gold_loss":35},{"cards_removed":["Strike_P"],"damage_healed":0,"gold_gain":0,"player_choice":"Card Removal","damage_taken":7,"max_hp_gain":0,"max_hp_loss":0,"event_name":"Golden Wing","floor":14,"gold_loss":0},{"damage_healed":0,"gold_gain":0,"player_choice":"Fought Bandits","damage_taken":0,"max_hp_gain":0,"max_hp_loss":0,"event_name":"Masked Bandits","floor":19,"gold_loss":0},{"cards_removed":["Strike_P"],"damage_healed":0,"gold_gain":0,"player_choice":"Gave Gold","damage_taken":0,"max_hp_gain":0,"max_hp_loss":0,"event_name":"Beggar","floor":20,"gold_loss":75},{"damage_healed":0,"gold_gain":0,"player_choice":"Ignored","damage_taken":0,"max_hp_gain":0,"max_hp_loss":0,"event_name":"Vampires","floor":21,"gold_loss":0},{"damage_healed":0,"gold_gain":0,"player_choice":"Read","damage_taken":0,"max_hp_gain":0,"max_hp_loss":0,"event_name":"The Library","floor":27,"gold_loss":0,"cards_obtained":["Perseverance"]}],"is_beta":false,"boss_relics":[{"not_picked":["Velvet Choker","Runic Dome"],"picked":"Calling Bell"}],"items_purged_floors":[8],"is_endless":false,"potions_floor_spawned":[4,7,24,28],"killed_by":"3 Cultists","ascension_level":20}}