{"host":"uxq2rly8rxtwffuf","time":1608963714,"event":{"mods":["BaseMod","Koishi","Minty Spire (QoL Compilation)","StSLib","The Judge","The Servant 0.9.4"],"gold_per_floor":[109,125,137,62,75,101,111,111,111,111,111,186,186,186],"floor_reached":13,"playtime":419,"items_purged":["Strike_S"],"score":166,"play_id":"52d5bbea-7638-4426-a31e-d69d3000ab14","local_time":"20201226092154","is_ascension_mode":true,"campfire_choices":[{"floor":8,"key":"REST"},{"data":"Ricochet","floor":10,"key":"SMITH"}],"circlet_count":0,"master_deck":["AscendersBane","Strike_S","Strike_S","Defend_S","Defend_S","Defend_S","Defend_S","KidneyShot","Exchange","FanOfKnives","BottledTime","BottledTime","Starlight","Ricochet+1","TimeWarp","Contraction"],"relics":["Uniform","Blood Vial","Gremlin Horn","StoneCalendar"],"acts_visited":["Exordium"],"potions_floor_usage":[6],"damage_taken":[{"damage":0,"enemies":"2 Louse","floor":1,"turns":1},{"damage":8,"enemies":"Small Slimes","floor":2,"turns":2},{"damage":2,"enemies":"Jaw Worm","floor":3,"turns":4},{"damage":9,"enemies":"Looter","floor":5,"turns":3},{"damage":14,"enemies":"3 Sentries","floor":6,"turns":5},{"damage":0,"enemies":"3 Louse","floor":7,"turns":2},{"damage":50,"enemies":"Gremlin Nob","floor":13,"turns":4}],"seed_played":"-6668627163620781363","potions_obtained":[{"floor":5,"key":"SkillPotion"},{"floor":7,"key":"Energy Potion"}],"is_trial":false,"path_per_floor":["M","M","M","$","M","E","M","R","T","R","?","?","E"],"character_chosen":"THE_SERVANT","items_purchased":[],"campfire_rested":1,"item_purchase_floors":[],"current_hp_per_floor":[54,46,44,44,35,21,23,41,41,41,41,30,0,0],"gold":186,"neow_bonus":"TRANSFORM_CARD","is_daily":false,"chose_seed":false,"campfire_upgraded":1,"win_rate":0.0,"timestamp":1608963714,"path_taken":["M","M","M","$","M","E","M","R","T","R","?","?","E"],"items_purchased_type":[],"build_version":"2020-12-22","purchased_purges":1,"victory":false,"max_hp_per_floor":[60,60,60,60,60,60,60,60,60,60,60,60,60,60],"card_choices":[{"not_picked":["FastForward","Orbit"],"picked":"BottledTime","floor":1},{"not_picked":["Ricochet","Replace"],"picked":"BottledTime","floor":2},{"not_picked":["BestPractice","DoubleEdge"],"picked":"Starlight","floor":3},{"not_picked":["Desolation","LightFlow"],"picked":"Ricochet","floor":5},{"not_picked":["WasteNot","FastForward"],"picked":"TimeWarp","floor":6},{"not_picked":["DoubleEdge","Unruled"],"picked":"Contraction","floor":7}],"player_experience":1367304,"relics_obtained":[{"floor":6,"key":"Blood Vial"},{"floor":9,"key":"Gremlin Horn"}],"event_choices":[{"damage_healed":0,"gold_gain":0,"player_choice":"Searched \u00272\u0027 times","damage_taken":0,"relics_obtained":["StoneCalendar"],"max_hp_gain":0,"max_hp_loss":0,"event_name":"Dead Adventurer","floor":11,"gold_loss":0},{"damage_healed":0,"gold_gain":75,"player_choice":"Gather Gold","damage_taken":11,"max_hp_gain":0,"max_hp_loss":0,"event_name":"World of Goop","floor":12,"gold_loss":0}],"is_beta":false,"boss_relics":[],"items_purged_floors":[4],"is_endless":false,"potions_floor_spawned":[5,7],"killed_by":"Gremlin Nob","ascension_level":19}}