{"host":"0vd2boh2oi7jm085","time":1608975525,"event":{"mods":["BaseMod","Colored Map","Colored Powertips","Highlight Path","Minty Spire (QoL Compilation)","Quick Restart","StSLib","The IronCluck"],"gold_per_floor":[109,119,84,84,84,84,125,125,150,182,240,2,2,26,26,122,122,141,154,154,79,79,79,79],"floor_reached":23,"playtime":440,"items_purged":["Injury"],"score":355,"play_id":"d791888e-cd89-41fd-8cfa-b949876bdab3","local_time":"20201226013845","is_ascension_mode":true,"campfire_choices":[{"data":"Infernal Blade","floor":6,"key":"SMITH"},{"floor":8,"key":"REST"},{"floor":13,"key":"REST"},{"data":"Double Tap","floor":15,"key":"SMITH"}],"circlet_count":0,"master_deck":["AscendersBane","Strike_R","Strike_R","Strike_R","Strike_R","Strike_R+1","Defend_R","Defend_R","Defend_R","Bash+1","Heavy Blade","Infernal Blade+1","Cleave","Double Tap+1","Flex","Reaper","Seeing Red"],"relics":["Burning Blood","Bloody Idol","Whetstone","MawBank","Vajra","Runic Pyramid"],"acts_visited":["Exordium","TheCity"],"potions_floor_usage":[7,16,16],"damage_taken":[{"damage":17,"enemies":"Cultist","floor":1,"turns":4},{"damage":12,"enemies":"2 Louse","floor":2,"turns":3},{"damage":44,"enemies":"Gremlin Nob","floor":7,"turns":4},{"damage":12,"enemies":"Jaw Worm","floor":10,"turns":3},{"damage":13,"enemies":"Blue Slaver","floor":14,"turns":2},{"damage":34,"enemies":"Slime Boss","floor":16,"turns":10},{"damage":23,"enemies":"Chosen","floor":18,"turns":5},{"damage":48,"enemies":"3 Byrds","floor":19,"turns":5},{"damage":29,"enemies":"Slavers","floor":23,"turns":1}],"seed_played":"8536326160002697639","potions_obtained":[{"floor":1,"key":"LiquidMemories"},{"floor":2,"key":"SteroidPotion"},{"floor":7,"key":"EssenceOfSteel"},{"floor":19,"key":"SpeedPotion"}],"is_trial":false,"path_per_floor":["M","M","?","?","$","R","E","R","T","M","T","$","R","M","R","B",null,"M","M","?","?","?","E"],"character_chosen":"IRONCLAD","items_purchased":["Double Tap"],"campfire_rested":2,"item_purchase_floors":[12],"current_hp_per_floor":[64,58,78,78,78,78,40,64,64,58,58,58,82,75,75,47,73,65,29,29,29,29,0,0],"gold":79,"neow_bonus":"TEN_PERCENT_HP_BONUS","is_daily":false,"chose_seed":false,"campfire_upgraded":2,"win_rate":0.0,"timestamp":1608975525,"path_taken":["M","?","?","?","$","R","E","R","T","M","?","$","R","M","R","BOSS","M","M","?","?","?","E"],"items_purchased_type":["Card"],"build_version":"2020-12-22","purchased_purges":1,"victory":false,"max_hp_per_floor":[82,82,82,82,82,82,82,82,82,82,82,82,82,82,82,82,82,82,82,82,82,82,82,82],"card_choices":[{"not_picked":["Rupture","True Grit"],"picked":"Heavy Blade","floor":1},{"not_picked":["Shrug It Off","Thunderclap"],"picked":"Infernal Blade","floor":2},{"not_picked":["Feel No Pain","Reckless Charge"],"picked":"Cleave","floor":7},{"not_picked":["Rupture","Wild Strike","Shrug It Off"],"picked":"SKIP","floor":10},{"not_picked":["Barricade","Havoc"],"picked":"Flex","floor":14},{"not_picked":["Berserk","Impervious"],"picked":"Reaper","floor":16},{"not_picked":["Searing Blow+1","Shrug It Off","Heavy Blade"],"picked":"SKIP","floor":18},{"not_picked":["Pommel Strike","Sentinel","Power Through"],"picked":"SKIP","floor":19}],"player_experience":103231,"relics_obtained":[{"floor":7,"key":"Whetstone"},{"floor":9,"key":"MawBank"},{"floor":11,"key":"Vajra"}],"event_choices":[{"damage_healed":20,"gold_gain":0,"player_choice":"Healed","damage_taken":0,"max_hp_gain":0,"max_hp_loss":0,"event_name":"The Cleric","floor":3,"gold_loss":35},{"damage_healed":0,"gold_gain":0,"player_choice":"Take Wound","damage_taken":0,"relics_obtained":["Golden Idol"],"max_hp_gain":0,"max_hp_loss":0,"event_name":"Golden Idol","floor":4,"gold_loss":0,"cards_obtained":["Injury"]},{"damage_healed":0,"gold_gain":0,"player_choice":"Gave Idol","damage_taken":0,"relics_obtained":["Bloody Idol"],"max_hp_gain":0,"max_hp_loss":0,"event_name":"Forgotten Altar","floor":20,"relics_lost":["Golden Idol"],"gold_loss":0},{"cards_removed":["Defend_R"],"damage_healed":0,"gold_gain":0,"player_choice":"Gave Gold","damage_taken":0,"max_hp_gain":0,"max_hp_loss":0,"event_name":"Beggar","floor":21,"gold_loss":75},{"damage_healed":0,"gold_gain":0,"player_choice":"Read","damage_taken":0,"max_hp_gain":0,"max_hp_loss":0,"event_name":"The Library","floor":22,"gold_loss":0,"cards_obtained":["Seeing Red"]}],"is_beta":false,"boss_relics":[{"not_picked":["Mark of Pain","Busted Crown"],"picked":"Runic Pyramid"}],"items_purged_floors":[12],"is_endless":false,"potions_floor_spawned":[1,2,7,19],"killed_by":"Slavers","ascension_level":18}}