{"host":"daa8jqyg4gqfaysm","time":1608972910,"event":{"mods":["BaseMod","Colored Powertips","Minty Spire (QoL Compilation)","StSLib"],"gold_per_floor":[114,133,3,18,18,18,45,45,117,117,145,172,3,14,14,14,14],"floor_reached":16,"playtime":505,"items_purged":[],"score":216,"play_id":"552e5024-410d-4d92-9855-0e655ad1f88c","local_time":"20201226165510","is_ascension_mode":true,"campfire_choices":[{"data":"Zap","floor":6,"key":"SMITH"},{"data":"All For One","floor":8,"key":"SMITH"},{"floor":10,"key":"REST"},{"data":"Hologram","floor":15,"key":"SMITH"}],"circlet_count":0,"master_deck":["AscendersBane","Strike_B","Strike_B","Strike_B","Strike_B","Defend_B","Defend_B","Defend_B","Defend_B","Zap+1","Dualcast","All For One+1","Go for the Eyes","Rebound","Sunder+1","Gash","Turbo","Hologram+1","Beam Cell","Self Repair","White Noise"],"relics":["Cracked Core","Art of War","Letter Opener","Odd Mushroom","Mercury Hourglass"],"acts_visited":["Exordium"],"potions_floor_usage":[11,12,16],"damage_taken":[{"damage":7,"enemies":"Cultist","floor":1,"turns":4},{"damage":1,"enemies":"2 Louse","floor":2,"turns":2},{"damage":0,"enemies":"Jaw Worm","floor":4,"turns":3},{"damage":20,"enemies":"3 Sentries","floor":7,"turns":5},{"damage":17,"enemies":"The Mushroom Lair","floor":11,"turns":3},{"damage":17,"enemies":"Lagavulin","floor":12,"turns":5},{"damage":0,"enemies":"3 Louse","floor":14,"turns":2},{"damage":31,"enemies":"The Guardian","floor":16,"turns":8}],"seed_played":"3862447800285389463","potions_obtained":[{"floor":7,"key":"PowerPotion"},{"floor":12,"key":"Regen Potion"}],"is_trial":false,"path_per_floor":["M","M","$","M","?","R","E","R","T","R","?","E","$","M","R","B"],"character_chosen":"DEFECT","items_purchased":["Sunder","Explosive Potion","Self Repair","PotionOfCapacity"],"campfire_rested":1,"item_purchase_floors":[3,3,13,13],"current_hp_per_floor":[57,56,56,56,56,56,36,36,36,57,40,23,23,23,23,6,6],"gold":14,"neow_bonus":"ONE_RANDOM_RARE_CARD","is_daily":false,"chose_seed":false,"campfire_upgraded":3,"win_rate":0.0,"timestamp":1608972910,"path_taken":["M","M","$","M","?","R","E","R","T","R","?","E","?","M","R","BOSS"],"items_purchased_type":["Card","Potion","Card","Potion"],"build_version":"2020-12-22","purchased_purges":0,"victory":false,"max_hp_per_floor":[71,71,71,71,71,71,71,71,71,71,71,71,71,71,71,71,71],"card_choices":[{"not_picked":["Coolheaded","Turbo"],"picked":"Go for the Eyes","floor":1},{"not_picked":["Glacier","Stack"],"picked":"Rebound","floor":2},{"not_picked":["Go for the Eyes","Rip and Tear"],"picked":"Gash","floor":4},{"not_picked":["Leap","Force Field"],"picked":"Turbo","floor":7},{"not_picked":["Blizzard","Fission"],"picked":"Hologram","floor":11},{"not_picked":["Static Discharge","Heatsinks"],"picked":"Beam Cell","floor":12},{"not_picked":["Recycle","Barrage"],"picked":"White Noise","floor":14}],"player_experience":736249,"relics_obtained":[{"floor":7,"key":"Art of War"},{"floor":9,"key":"Letter Opener"},{"floor":11,"key":"Odd Mushroom"},{"floor":12,"key":"Mercury Hourglass"}],"event_choices":[{"damage_healed":0,"gold_gain":0,"player_choice":"Grow","damage_taken":0,"max_hp_gain":0,"max_hp_loss":0,"event_name":"Living Wall","floor":5,"gold_loss":0,"cards_upgraded":["Sunder"]},{"damage_healed":0,"gold_gain":0,"player_choice":"Fought Mushrooms","damage_taken":0,"max_hp_gain":0,"max_hp_loss":0,"event_name":"Mushrooms","floor":11,"gold_loss":0}],"is_beta":false,"boss_relics":[],"items_purged_floors":[],"is_endless":false,"potions_floor_spawned":[7,12,14],"killed_by":"The Guardian","ascension_level":20}}