{"host":"jwbw4f4imxd0v0b0","time":1608949675,"event":{"mods":["BaseMod","Colored Map","Highlight Path","Minty Spire (QoL Compilation)","Relic Stats","StSLib"],"gold_per_floor":[367,379,379,391,33,33,63,63,89,89,106,181,218,243,243,326,326,338,263,287,287,45,45,75,93,120,120,220,220,220,220,220,297,297,313,313,364,389,96,127,127,162,162,196,156,171,171,186,186,186],"floor_reached":51,"playtime":2509,"items_purged":["Strike_R"],"score":1502,"play_id":"18ef6284-1550-441b-a2e8-07fff3465243","local_time":"20201225202754","is_ascension_mode":true,"campfire_choices":[{"floor":6.0,"key":"REST"},{"data":"Pommel Strike","floor":8.0,"key":"SMITH"},{"floor":10.0,"key":"REST"},{"data":"Spot Weakness","floor":15.0,"key":"SMITH"},{"data":"Corruption","floor":23.0,"key":"SMITH"},{"data":"Feel No Pain","floor":27.0,"key":"SMITH"},{"floor":29.0,"key":"REST"},{"data":"Juggernaut","floor":32.0,"key":"SMITH"},{"data":"Fiend Fire","floor":41,"key":"SMITH"},{"floor":47,"key":"REST"},{"data":"Juggernaut","floor":49,"key":"SMITH"}],"circlet_count":0,"master_deck":["AscendersBane","Strike_R","Strike_R","Strike_R","Defend_R","Defend_R","Defend_R","Defend_R","Bash+1","Headbutt","Ghostly Armor","Pommel Strike+1","Offering","Feel No Pain+1","Anger","Corruption+1","Spot Weakness+1","Juggernaut+1","Pummel+1","Fire Breathing","Wild Strike+1","J.A.X.","Offering","Brutality","Discovery","Fiend Fire+1","Pummel","Flame Barrier","Disarm","Pummel","Juggernaut+1"],"relics":["Burning Blood","Paper Frog","Vajra","Anchor","Mark of Pain","Nloth\u0027s Gift","Sling","Blue Candle","Bag of Preparation","WingedGreaves","White Beast Statue","Letter Opener","Runic Cube","Lizard Tail","StoneCalendar","Membership Card","Mummified Hand","Smiling Mask","Pantograph","Self Forming Clay"],"acts_visited":["Exordium","TheCity","TheBeyond"],"potions_floor_usage":[37,39,50],"damage_taken":[{"damage":12.0,"enemies":"Jaw Worm","floor":1.0,"turns":4.0},{"damage":4.0,"enemies":"Small Slimes","floor":2.0,"turns":3.0},{"damage":15.0,"enemies":"2 Louse","floor":4.0,"turns":3.0},{"damage":31.0,"enemies":"3 Sentries","floor":7.0,"turns":11.0},{"damage":5.0,"enemies":"Exordium Thugs","floor":11.0,"turns":5.0},{"damage":17.0,"enemies":"Gremlin Nob","floor":13.0,"turns":3.0},{"damage":2.0,"enemies":"Looter","floor":14.0,"turns":3.0},{"damage":22.0,"enemies":"The Guardian","floor":16.0,"turns":9.0},{"damage":10.0,"enemies":"3 Byrds","floor":18.0,"turns":4.0},{"damage":9.0,"enemies":"Chosen","floor":20.0,"turns":5.0},{"damage":27.0,"enemies":"Gremlin Leader","floor":24.0,"turns":5.0},{"damage":6.0,"enemies":"3 Cultists","floor":25.0,"turns":4.0},{"damage":6.0,"enemies":"Colosseum Slavers","floor":28.0,"turns":3.0},{"damage":9.0,"enemies":"Colosseum Nobs","floor":28.0,"turns":3.0},{"damage":30.0,"enemies":"Collector","floor":33.0,"turns":6.0},{"damage":0.0,"enemies":"3 Shapes","floor":35.0,"turns":2.0},{"damage":19,"enemies":"2 Orb Walkers","floor":37,"turns":4},{"damage":11,"enemies":"Mind Bloom Boss Battle","floor":38,"turns":3},{"damage":20,"enemies":"Reptomancer","floor":40,"turns":4},{"damage":15,"enemies":"Giant Head","floor":42,"turns":3},{"damage":35,"enemies":"Reptomancer","floor":44,"turns":4},{"damage":0,"enemies":"Orb Walker","floor":46,"turns":2},{"damage":6,"enemies":"Sphere and 2 Shapes","floor":48,"turns":2},{"damage":60,"enemies":"Time Eater","floor":50,"turns":6}],"seed_played":"-235261579052129132","potions_obtained":[{"floor":1.0,"key":"Energy Potion"},{"floor":2.0,"key":"SpeedPotion"},{"floor":13.0,"key":"Dexterity Potion"},{"floor":16.0,"key":"FearPotion"},{"floor":18.0,"key":"PowerPotion"},{"floor":28.0,"key":"BlessingOfTheForge"},{"floor":33.0,"key":"SteroidPotion"},{"floor":35.0,"key":"BlessingOfTheForge"},{"floor":37,"key":"HeartOfIron"},{"floor":38,"key":"BloodPotion"},{"floor":45,"key":"FairyPotion"}],"is_trial":false,"path_per_floor":["M","M","?","M","$","R","E","R","T","R","M","?","E","M","R","B",null,"M","?","M","?","$","R","E","M","T","R","?","R","?","T","R","B",null,"M","?","?","?","$","E","R","E","T","E","?","M","R","M","R","B",null],"character_chosen":"IRONCLAD","items_purchased":["Paper Frog","Offering","Sling","Fire Breathing","Membership Card","CultistPotion","Flame Barrier"],"campfire_rested":4,"item_purchase_floors":[5,5,22,22,39,39,39],"current_hp_per_floor":[44,46,46,37,37,59,34,34,34,56,57,46,35,39,39,23,62,58,58,55,55,55,55,34,34,34,34,31,53,53,53,53,29,64,70,70,57,52,67,53,53,44,44,15,15,21,43,43,43,14],"gold":186,"neow_bonus":"TWO_FIFTY_GOLD","is_daily":false,"chose_seed":false,"campfire_upgraded":7,"win_rate":0.0,"timestamp":1608949674,"path_taken":["M","M","?","M","$","R","E","R","T","R","M","?","E","M","R","BOSS","M","?","M","?","$","R","E","?","T","R","?","R","?","?","R","BOSS","M","?","?","?","$","E","R","E","T","E","?","M","R","M","R","BOSS"],"items_purchased_type":["Relic","Card","Relic","Card","Relic","Potion","Card"],"build_version":"2020-12-22","purchased_purges":1,"victory":true,"max_hp_per_floor":[75,75,75,75,75,75,75,75,75,75,75,75,75,75,75,75,75,75,75,75,75,75,75,75,75,75,75,75,75,75,75,75,75,75,75,75,75,75,75,75,75,75,75,75,75,75,75,75,75,75],"relic_stats":{"counters":[24,101],"Self Forming Clay":[18],"Blue Candle":[0],"StoneCalendar":[0],"Bag of Preparation":[24],"Letter Opener":[110],"Smiling Mask":0,"Burning Blood":144,"Lizard Tail":0,"Mummified Hand":[14],"Pantograph":25,"Nloth\u0027s Gift":3,"obtain_stats":[{"Self Forming Clay":44,"CeramicFish":13,"Blue Candle":24,"Vajra":7,"StoneCalendar":38,"Bag of Preparation":26,"Letter Opener":31,"Sling":22,"Smiling Mask":42,"Burning Blood":0,"White Beast Statue":28,"Anchor":9,"Lizard Tail":37,"Mummified Hand":40,"Pantograph":43,"Mark of Pain":17,"WingedGreaves":28,"Nloth\u0027s Gift":21,"Membership Card":39,"Paper Frog":5,"Runic Cube":34},{"Self Forming Clay":21,"CeramicFish":6,"Blue Candle":11,"Vajra":4,"StoneCalendar":18,"Bag of Preparation":12,"Letter Opener":14,"Sling":10,"Smiling Mask":20,"Burning Blood":0,"White Beast Statue":14,"Anchor":4,"Lizard Tail":17,"Mummified Hand":19,"Pantograph":20,"Mark of Pain":8,"WingedGreaves":14,"Nloth\u0027s Gift":10,"Membership Card":18,"Paper Frog":3,"Runic Cube":15},{"Self Forming Clay":91,"CeramicFish":29,"Blue Candle":55,"Vajra":21,"StoneCalendar":80,"Bag of Preparation":59,"Letter Opener":65,"Sling":50,"Smiling Mask":87,"Burning Blood":0,"White Beast Statue":65,"Anchor":21,"Lizard Tail":77,"Mummified Hand":84,"Pantograph":87,"Mark of Pain":41,"WingedGreaves":65,"Nloth\u0027s Gift":50,"Membership Card":80,"Paper Frog":10,"Runic Cube":71}],"Runic Cube":[30]},"card_choices":[{"not_picked":["Intimidate","Reckless Charge"],"picked":"Headbutt","floor":1.0},{"not_picked":["Body Slam","True Grit"],"picked":"Ghostly Armor","floor":2.0},{"not_picked":["Shrug It Off","Flex"],"picked":"Pommel Strike","floor":4.0},{"not_picked":["Seeing Red","Havoc"],"picked":"Feel No Pain","floor":7.0},{"not_picked":["Havoc","Rupture"],"picked":"Anger","floor":11.0},{"not_picked":["Infernal Blade","Carnage"],"picked":"Corruption","floor":13.0},{"not_picked":["Clothesline","Pommel Strike"],"picked":"Spot Weakness","floor":14.0},{"not_picked":["Barricade","Fiend Fire"],"picked":"Juggernaut","floor":16.0},{"not_picked":["Searing Blow","Wild Strike","Sword Boomerang"],"picked":"SKIP","floor":18.0},{"not_picked":["Pommel Strike+1","Spot Weakness+1"],"picked":"Pummel+1","floor":20.0},{"not_picked":["Clothesline","Bludgeon"],"picked":"Wild Strike+1","floor":24.0},{"not_picked":["Bloodletting+1","Clash","Body Slam"],"picked":"SKIP","floor":25.0},{"not_picked":["Impervious","Demon Form"],"picked":"Offering","floor":33.0},{"not_picked":["Immolate","Sever Soul"],"picked":"Brutality","floor":35.0},{"not_picked":["PanicButton","Metamorphosis"],"picked":"Discovery","floor":36.0},{"not_picked":["Shrug It Off","Cleave"],"picked":"Fiend Fire","floor":37},{"not_picked":["Twin Strike","Warcry+1"],"picked":"Pummel","floor":38},{"not_picked":["Pommel Strike","Inflame"],"picked":"Disarm","floor":40},{"not_picked":["Perfected Strike","Headbutt"],"picked":"Pummel","floor":42},{"not_picked":["Brutality","Searing Blow","Uppercut"],"picked":"SKIP","floor":44},{"not_picked":["Pommel Strike","Anger","Heavy Blade"],"picked":"SKIP","floor":46},{"not_picked":["Cleave","Warcry"],"picked":"Juggernaut","floor":48}],"player_experience":953150,"relics_obtained":[{"floor":7.0,"key":"Vajra"},{"floor":9.0,"key":"Anchor"},{"floor":13.0,"key":"CeramicFish"},{"floor":24.0,"key":"Blue Candle"},{"floor":26.0,"key":"Bag of Preparation"},{"floor":28.0,"key":"WingedGreaves"},{"floor":28.0,"key":"White Beast Statue"},{"floor":31.0,"key":"Letter Opener"},{"floor":37,"key":"Lizard Tail"},{"floor":38,"key":"StoneCalendar"},{"floor":40,"key":"Mummified Hand"},{"floor":42,"key":"Smiling Mask"},{"floor":43,"key":"Pantograph"},{"floor":44,"key":"Self Forming Clay"}],"event_choices":[{"damage_healed":0.0,"max_hp_gain":0.0,"max_hp_loss":0.0,"gold_gain":0.0,"event_name":"Living Wall","player_choice":"Grow","floor":3.0,"gold_loss":0.0,"damage_taken":0.0,"cards_upgraded":["Bash"]},{"damage_healed":0.0,"max_hp_gain":0.0,"max_hp_loss":0.0,"gold_gain":75.0,"event_name":"World of Goop","player_choice":"Gather Gold","floor":12.0,"gold_loss":0.0,"damage_taken":11.0},{"cards_removed":["Strike_R"],"damage_healed":0.0,"max_hp_gain":0.0,"max_hp_loss":0.0,"gold_gain":0.0,"event_name":"Beggar","player_choice":"Gave Gold","floor":19.0,"gold_loss":75.0,"damage_taken":0.0},{"damage_healed":0.0,"max_hp_gain":0.0,"max_hp_loss":0.0,"gold_gain":0.0,"event_name":"N\u0027loth","player_choice":"Traded Relic","floor":21.0,"relics_lost":["CeramicFish"],"gold_loss":0.0,"damage_taken":0.0,"relics_obtained":["Nloth\u0027s Gift"]},{"damage_healed":0.0,"max_hp_gain":0.0,"max_hp_loss":0.0,"gold_gain":0.0,"event_name":"Colosseum","player_choice":"Fight","floor":28.0,"gold_loss":0.0,"damage_taken":0.0},{"damage_healed":0.0,"max_hp_gain":0.0,"max_hp_loss":0.0,"gold_gain":0.0,"event_name":"Colosseum","player_choice":"Fought Nobs","floor":28.0,"gold_loss":0.0,"damage_taken":0.0},{"damage_healed":0.0,"max_hp_gain":0.0,"max_hp_loss":0.0,"gold_gain":0.0,"event_name":"Drug Dealer","player_choice":"Obtain J.A.X.","floor":30.0,"gold_loss":0.0,"damage_taken":0.0,"cards_obtained":["J.A.X."]},{"damage_healed":0.0,"max_hp_gain":0.0,"max_hp_loss":0.0,"gold_gain":0.0,"event_name":"SensoryStone","player_choice":"Memory 1","floor":36.0,"gold_loss":0.0,"damage_taken":0.0},{"damage_healed":0,"gold_gain":0,"player_choice":"Fight","damage_taken":0,"max_hp_gain":0,"max_hp_loss":0,"event_name":"Mysterious Sphere","floor":37,"gold_loss":0},{"damage_healed":0,"gold_gain":0,"player_choice":"Fight","damage_taken":0,"max_hp_gain":0,"max_hp_loss":0,"event_name":"MindBloom","floor":38,"gold_loss":0},{"damage_healed":0,"gold_gain":0,"player_choice":"Bought 3 Potions","damage_taken":0,"max_hp_gain":0,"max_hp_loss":0,"event_name":"The Woman in Blue","floor":45,"gold_loss":0}],"is_beta":false,"boss_relics":[{"not_picked":["Astrolabe","Busted Crown"],"picked":"Mark of Pain"},{"not_picked":["Velvet Choker","Sozu"],"picked":"Runic Cube"}],"items_purged_floors":[39],"is_endless":false,"potions_floor_spawned":[1,2,13,14,16,18,24,28,33,35,37,38,40,42,44,46,48],"ascension_level":19}}