{"host":"qxeepl7ydvsgmfdb","time":1608999742,"event":{"mods":["AchievementEnabler","BaseMod","Colored Powertips","Minty Spire (QoL Compilation)","Quick Restart","slay the spire mod where everything is the same but ironclad has a cowboy hat"],"gold_per_floor":[111,111,186,146,158,185,185,203,203,223,173,203,219,83,83,184,184,172,172,172,189,189,189,63,95,95,95,95,95],"floor_reached":28,"playtime":734,"items_purged":["Catalyst+1"],"score":339,"play_id":"250277fd-71dd-46e0-8494-d4bd1ce573a1","local_time":"20201226112222","is_ascension_mode":true,"campfire_choices":[{"data":"Distraction","floor":7.0,"key":"SMITH"},{"floor":15.0,"key":"REST"},{"floor":23.0,"key":"REST"}],"circlet_count":0,"master_deck":["Strike_G+1","Strike_G+1","Strike_G+1","Defend_G+1","Defend_G+1","Defend_G+1","Defend_G+1","Survivor","Neutralize","Sucker Punch","Distraction+1","Dagger Spray","Slice","Deadly Poison","Dagger Spray","Tactician+1","After Image+1","Caltrops+1","Burst","Cloak And Dagger"],"relics":["Ring of the Snake","NeowsBlessing","Bird Faced Urn","Ginger","Odd Mushroom","Darkstone Periapt","Astrolabe","Art of War","Bottled Tornado"],"acts_visited":["Exordium","TheCity"],"potions_floor_usage":[28],"damage_taken":[{"damage":0.0,"enemies":"Small Slimes","floor":1.0,"turns":1.0},{"damage":0.0,"enemies":"Cultist","floor":5.0,"turns":1.0},{"damage":0.0,"enemies":"Lagavulin","floor":6.0,"turns":1.0},{"damage":4.0,"enemies":"Jaw Worm","floor":8.0,"turns":3.0},{"damage":0.0,"enemies":"3 Louse","floor":10.0,"turns":2.0},{"damage":8.0,"enemies":"The Mushroom Lair","floor":12.0,"turns":3.0},{"damage":15.0,"enemies":"Exordium Thugs","floor":13.0,"turns":4.0},{"damage":43.0,"enemies":"Slime Boss","floor":16.0,"turns":10.0},{"damage":10.0,"enemies":"2 Thieves","floor":18.0,"turns":4.0},{"damage":3.0,"enemies":"Chosen","floor":21.0,"turns":6.0},{"damage":7.0,"enemies":"Shelled Parasite and Fungi","floor":22.0,"turns":2.0},{"damage":38.0,"enemies":"Gremlin Leader","floor":25.0,"turns":7.0},{"damage":21,"enemies":"Centurion and Healer","floor":28,"turns":7}],"seed_played":"5286194650066636763","potions_obtained":[{"floor":4.0,"key":"SneckoOil"},{"floor":4.0,"key":"Energy Potion"},{"floor":4.0,"key":"GhostInAJar"},{"floor":10.0,"key":"AttackPotion"},{"floor":12.0,"key":"Fire Potion"},{"floor":13.0,"key":"SmokeBomb"},{"floor":25.0,"key":"Dexterity Potion"}],"is_trial":false,"path_per_floor":["M","$","?","?","M","E","R","M","T","M","$","?","M","?","R","B",null,"M","?","?","M","M","R","$","E","T","?","M"],"character_chosen":"THE_SILENT","items_purchased":["Slice","AttackPotion"],"campfire_rested":2,"item_purchase_floors":[11,24],"current_hp_per_floor":[63,63,52,52,52,52,52,48,48,48,48,40,25,25,46,3,53,45,45,45,46,41,62,62,28,28,15,0,0],"gold":95,"neow_bonus":"THREE_ENEMY_KILL","is_daily":false,"chose_seed":false,"campfire_upgraded":1,"win_rate":0.0,"timestamp":1608999742,"path_taken":["M","$","?","?","M","E","R","M","T","?","$","?","M","?","R","BOSS","M","?","?","M","?","R","?","E","T","?","M"],"items_purchased_type":["Card","Potion"],"build_version":"2020-12-22","purchased_purges":1,"victory":false,"max_hp_per_floor":[70,70,70,70,70,70,70,70,70,70,70,70,70,70,70,70,70,70,70,70,70,70,70,70,70,70,75,75,75],"card_choices":[{"not_picked":["Setup","Deflect"],"picked":"Sucker Punch","floor":1.0},{"not_picked":["Blur","Sucker Punch"],"picked":"Distraction","floor":5.0},{"not_picked":["Backflip","Flying Knee"],"picked":"Dagger Spray","floor":6.0},{"not_picked":["Backflip","Dodge and Roll"],"picked":"Backstab","floor":8.0},{"not_picked":["Crippling Poison","Concentrate","Flechettes"],"picked":"SKIP","floor":10.0},{"not_picked":["Underhanded Strike","Expertise"],"picked":"Deadly Poison","floor":12.0},{"not_picked":["Sucker Punch","Concentrate"],"picked":"Dagger Spray","floor":13.0},{"not_picked":["Expertise","Flying Knee"],"picked":"Caltrops+1","floor":18.0},{"not_picked":["Dagger Throw+1","Masterful Stab"],"picked":"Cloak And Dagger","floor":21.0},{"not_picked":["Endless Agony","Acrobatics","Expertise"],"picked":"SKIP","floor":25.0}],"player_experience":388367,"relics_obtained":[{"floor":6.0,"key":"Bird Faced Urn"},{"floor":9.0,"key":"Ginger"},{"floor":12.0,"key":"Odd Mushroom"},{"floor":25.0,"key":"Art of War"},{"floor":26.0,"key":"Bottled Tornado"}],"event_choices":[{"damage_healed":0.0,"max_hp_gain":0.0,"max_hp_loss":0.0,"gold_gain":75.0,"event_name":"World of Goop","player_choice":"Gather Gold","floor":3.0,"gold_loss":0.0,"damage_taken":11.0},{"damage_healed":0.0,"max_hp_gain":0.0,"max_hp_loss":0.0,"gold_gain":0.0,"event_name":"The Woman in Blue","player_choice":"Bought 3 Potions","floor":4.0,"gold_loss":0.0,"damage_taken":0.0},{"damage_healed":0.0,"max_hp_gain":0.0,"max_hp_loss":0.0,"gold_gain":0.0,"event_name":"Mushrooms","player_choice":"Fought Mushrooms","floor":12.0,"gold_loss":0.0,"damage_taken":0.0},{"damage_healed":0.0,"max_hp_gain":0.0,"max_hp_loss":0.0,"gold_gain":0.0,"event_name":"WeMeetAgain","player_choice":"Paid Gold","floor":14.0,"gold_loss":136.0,"damage_taken":0.0,"relics_obtained":["Darkstone Periapt"]},{"damage_healed":0.0,"max_hp_gain":0.0,"max_hp_loss":0.0,"gold_gain":0.0,"event_name":"Back to Basics","player_choice":"Simplicity","floor":19.0,"gold_loss":0.0,"damage_taken":0.0,"cards_upgraded":["Strike_G","Strike_G","Strike_G","Defend_G","Defend_G","Defend_G","Defend_G"]},{"damage_healed":0.0,"max_hp_gain":0.0,"max_hp_loss":0.0,"gold_gain":0.0,"cards_transformed":["Backstab"],"event_name":"Transmorgrifier","player_choice":"Transformed","floor":20.0,"gold_loss":0.0,"damage_taken":0.0,"cards_obtained":["Burst"]},{"damage_healed":0.0,"max_hp_gain":5.0,"max_hp_loss":0.0,"gold_gain":0.0,"event_name":"Forgotten Altar","player_choice":"Shed Blood","floor":27.0,"gold_loss":0.0,"damage_taken":18.0}],"is_beta":false,"boss_relics":[{"not_picked":["Sozu","Cursed Key"],"picked":"Astrolabe"}],"items_purged_floors":[24],"is_endless":false,"potions_floor_spawned":[5,10,12,13,22,25],"killed_by":"Centurion and Healer","ascension_level":6}}