{"host":"ormi09wwzv7sq47a","time":1608958847,"event":{"mods":["2.2 Compatiblity","AchievementEnabler","Act Like it!","BaseMod","Bestiary","Better Altar","Better Note","Better Sensory Stone","Better Skull","Better Third Choice","Better Vampires","BetterRewards","Block Reminder","Colored Map","Colored Powertips","Curses Come First","DeckTracker","Downfall","Highlight Path","Minty Spire (QoL Compilation)","Permanent Neow","Quick Restart","Rare Cards Sparkle","Relic Stats","Shop Mod","StSLib","The Jungle","The Servant 0.9.4"],"gold_per_floor":[119,139,139,139,155,155,171,171,194,215,259,259,259,259,259,259,259],"floor_reached":16,"playtime":757,"items_purged":["Strike_G"],"score":233,"play_id":"8379bf2a-2fc3-48fe-b6b1-15bfe9013147","local_time":"20201226020047","is_ascension_mode":true,"campfire_choices":[{"data":"Cloak And Dagger","floor":6.0,"key":"SMITH"},{"data":"Neutralize","floor":8.0,"key":"SMITH"},{"data":"Crippling Poison","floor":12,"key":"SMITH"},{"floor":15,"key":"REST"}],"circlet_count":0,"master_deck":["AscendersBane","Strike_G","Strike_G","Strike_G","Strike_G","Defend_G","Defend_G","Defend_G","Defend_G","Survivor","Neutralize+1","Cloak And Dagger+1","Terror","Catalyst","Deflect","Bane","Crippling Poison+1","Caltrops"],"relics":["Ring of the Snake","Strawberry","Golden Idol","Art of War","MealTicket"],"acts_visited":["Exordium"],"potions_floor_usage":[10,16],"damage_taken":[{"damage":5.0,"enemies":"2 Louse","floor":1.0,"turns":4.0},{"damage":0.0,"enemies":"Jaw Worm","floor":2.0,"turns":4.0},{"damage":14.0,"enemies":"Small Slimes","floor":5.0,"turns":6.0},{"damage":7.0,"enemies":"2 Fungi Beasts","floor":7.0,"turns":4.0},{"damage":6,"enemies":"Red Slaver","floor":10,"turns":4},{"damage":29,"enemies":"3 Sentries","floor":11,"turns":16},{"damage":41,"enemies":"Slime Boss","floor":16,"turns":10}],"seed_played":"-3203322518785984602","potions_obtained":[{"floor":7.0,"key":"Ancient Potion"},{"floor":11,"key":"CunningPotion"}],"is_trial":false,"path_per_floor":["M","M","?","?","M","R","M","R","T","M","E","R","?","?","R","B"],"character_chosen":"THE_SILENT","items_purchased":["Strawberry","Cloak And Dagger"],"campfire_rested":1,"item_purchase_floors":[0,0],"current_hp_per_floor":[65,65,65,70,56,56,49,49,49,43,14,14,14,14,36,0,0],"gold":259,"neow_bonus":"","is_daily":false,"chose_seed":false,"campfire_upgraded":3,"win_rate":0.0,"timestamp":1608958847,"path_taken":["M","M","?","?","M","R","M","R","T","M","E","R","?","?","R","BOSS"],"items_purchased_type":["Relic","Card"],"build_version":"2020-12-22","purchased_purges":1,"victory":false,"max_hp_per_floor":[77,77,71,76,76,76,76,76,76,76,76,76,76,76,76,76,76],"relic_stats":{"counters":[19,109],"Golden Idol":19,"MealTicket":0,"Art of War":[7],"obtain_stats":[{"The Specimen":9,"Golden Idol":3,"Strawberry":0,"MealTicket":11,"Snake Skull":2,"Pen Nib":7,"Art of War":9,"StrikeDummy":12,"Empty Cage":17,"Ring of the Snake":0},{"The Specimen":3,"Golden Idol":14,"Strawberry":12,"MealTicket":18,"Snake Skull":1,"Pen Nib":3,"Art of War":16,"StrikeDummy":5,"Empty Cage":7,"Ring of the Snake":0},{"The Specimen":13,"Golden Idol":69,"Strawberry":61,"MealTicket":99,"Snake Skull":4,"Pen Nib":13,"Art of War":79,"StrikeDummy":24,"Empty Cage":40,"Ring of the Snake":0}],"Ring of the Snake":[38]},"card_choices":[{"not_picked":["Flying Knee","Blade Dance"],"picked":"Terror","floor":1.0},{"not_picked":["Slice","Outmaneuver"],"picked":"Catalyst","floor":2.0},{"not_picked":["Flying Knee","Slice"],"picked":"Deflect","floor":5.0},{"not_picked":["Concentrate","Infinite Blades"],"picked":"Bane","floor":7.0},{"not_picked":["Prepared","Blade Dance"],"picked":"Crippling Poison","floor":10},{"not_picked":["Slice","Finisher"],"picked":"Caltrops","floor":11}],"player_experience":772526,"relics_obtained":[{"floor":9.0,"key":"Art of War"},{"floor":11,"key":"MealTicket"}],"event_choices":[{"damage_healed":0.0,"max_hp_gain":0.0,"max_hp_loss":6.0,"gold_gain":0.0,"event_name":"Golden Idol","player_choice":"Lose Max HP","floor":3.0,"gold_loss":0.0,"damage_taken":0.0,"relics_obtained":["Golden Idol"]},{"damage_healed":0.0,"max_hp_gain":5.0,"max_hp_loss":0.0,"gold_gain":0.0,"event_name":"Big Fish","player_choice":"Donut","floor":4.0,"gold_loss":0.0,"damage_taken":0.0},{"damage_healed":14,"gold_gain":0,"player_choice":"Leave","damage_taken":0,"max_hp_gain":0,"max_hp_loss":76,"event_name":"betterThird:BetterShining","floor":13,"gold_loss":0},{"cards_removed":["Defend_G"],"damage_healed":0,"gold_gain":0,"player_choice":"Forget","damage_taken":0,"max_hp_gain":0,"max_hp_loss":0,"event_name":"Living Wall","floor":14,"gold_loss":0}],"is_beta":false,"boss_relics":[],"items_purged_floors":[0],"is_endless":false,"potions_floor_spawned":[7,11],"killed_by":"Slime Boss","ascension_level":11}}