{"host":"qhhcmep1unj6mpf7","time":1608987015,"event":{"mods":["2.2 Compatiblity","AchievementEnabler","BaseMod","Colored Map","DeckTracker","Highlight Path","Keyboard Shortcuts","Minty Spire (QoL Compilation)","Permanent Neow","Quick Restart","Random Character Button","StSLib","SuperFastMode","everything is the same but u backflip on backflip"],"gold_per_floor":[115,40,56,73,73,73,23,51,51,64,64,79,79,154,154,233,233,248,188,188],"floor_reached":19,"playtime":654,"items_purged":["Pain"],"score":284,"play_id":"c233ed6d-2ace-4dbd-93d2-1543827dded0","local_time":"20201226215015","is_ascension_mode":true,"campfire_choices":[{"data":"Bash","floor":6,"key":"SMITH"},{"data":"Burning Pact","floor":13,"key":"SMITH"},{"data":"Rage","floor":15,"key":"SMITH"}],"circlet_count":0,"master_deck":["AscendersBane","Strike_R","Strike_R","Strike_R","Strike_R","Defend_R","Defend_R","Defend_R","Defend_R","Bash+1","Dropkick","Rage+1","Burning Pact+1","Feed"],"relics":["Burning Blood","Unceasing Top","Frozen Egg 2","HornCleat","Runic Cube"],"acts_visited":["Exordium","TheCity"],"potions_floor_usage":[8],"damage_taken":[{"damage":14,"enemies":"Jaw Worm","floor":1,"turns":3},{"damage":7,"enemies":"Small Slimes","floor":3,"turns":3},{"damage":13,"enemies":"2 Louse","floor":4,"turns":3},{"damage":5,"enemies":"Gremlin Nob","floor":8,"turns":3},{"damage":6,"enemies":"Looter","floor":10,"turns":3},{"damage":0,"enemies":"2 Fungi Beasts","floor":12,"turns":4},{"damage":33,"enemies":"The Guardian","floor":16,"turns":18},{"damage":54,"enemies":"Spheric Guardian","floor":18,"turns":9},{"damage":30,"enemies":"2 Thieves","floor":19,"turns":3}],"seed_played":"1712149510305415600","potions_obtained":[{"floor":3,"key":"DistilledChaos"},{"floor":16,"key":"Weak Potion"}],"is_trial":false,"path_per_floor":["M","$","M","M","?","R","?","E","T","M","$","M","R","?","R","B",null,"M","M"],"character_chosen":"IRONCLAD","items_purchased":[],"campfire_rested":0,"item_purchase_floors":[],"current_hp_per_floor":[60,60,59,52,52,52,52,53,53,53,53,59,59,48,48,21,62,14,0,0],"gold":188,"neow_bonus":"ONE_RARE_RELIC","is_daily":false,"chose_seed":false,"campfire_upgraded":3,"win_rate":0.0,"timestamp":1608987015,"path_taken":["M","$","M","M","?","R","?","E","T","M","$","M","R","?","R","BOSS","M","M"],"items_purchased_type":[],"build_version":"2020-12-22","purchased_purges":1,"victory":false,"max_hp_per_floor":[75,75,75,75,75,75,75,75,75,75,75,75,75,75,75,75,75,75,75,75],"card_choices":[{"not_picked":["True Grit","Anger"],"picked":"Dropkick","floor":1},{"not_picked":["Dark Embrace","Headbutt","Pommel Strike"],"picked":"SKIP","floor":3},{"not_picked":["Clothesline","Wild Strike"],"picked":"Rage","floor":4},{"not_picked":["Flex","Sentinel"],"picked":"Burning Pact","floor":8},{"not_picked":["Inflame+1","Pommel Strike","Rage"],"picked":"SKIP","floor":10},{"not_picked":["Sword Boomerang","Pommel Strike","Clothesline"],"picked":"SKIP","floor":12},{"not_picked":["Exhume","Bludgeon"],"picked":"Feed","floor":16},{"not_picked":["Pommel Strike+1","Perfected Strike","Flex"],"picked":"SKIP","floor":18}],"player_experience":325844,"relics_obtained":[{"floor":8,"key":"Frozen Egg 2"},{"floor":9,"key":"HornCleat"}],"event_choices":[{"damage_healed":0,"gold_gain":0,"player_choice":"Ignored","damage_taken":0,"max_hp_gain":0,"max_hp_loss":0,"event_name":"Liars Game","floor":5,"gold_loss":0},{"cards_removed":["Strike_R"],"damage_healed":0,"gold_gain":0,"player_choice":"Card Removal","damage_taken":0,"max_hp_gain":0,"max_hp_loss":0,"event_name":"The Cleric","floor":7,"gold_loss":50},{"damage_healed":0,"gold_gain":75,"player_choice":"Gather Gold","damage_taken":11,"max_hp_gain":0,"max_hp_loss":0,"event_name":"World of Goop","floor":14,"gold_loss":0}],"is_beta":false,"boss_relics":[{"not_picked":["Mark of Pain","Calling Bell"],"picked":"Runic Cube"}],"items_purged_floors":[2],"is_endless":false,"potions_floor_spawned":[3,16],"killed_by":"2 Thieves","ascension_level":14}}