{"host":"3jpwrwmmgyabjceh","time":1608986198,"event":{"mods":["AchievementEnabler","BaseMod","Colored Map","Colored Powertips","Highlight Path","Minty Spire (QoL Compilation)","Quick Restart","StSLib"],"gold_per_floor":[113,113,42,57,57,85,95,122,203,203,223,233,289,299,299,395,395,415,425,425,475,324,324,357,106,106,119,119,119,152,166,166,265,265,283,1,47,62,75,110,110,110,136,169,179,192,192,209,209,209,209,209,59,90,90],"floor_reached":56,"playtime":4258,"items_purged":["Unload","Flechettes","Bouncing Flask+1","Cloak And Dagger+1"],"score":1728,"play_id":"95df34d4-a642-460e-8c81-67b36843f05a","local_time":"20201226153638","is_ascension_mode":true,"campfire_choices":[{"data":"Footwork","floor":10,"key":"SMITH"},{"floor":15,"key":"REST"},{"data":"Tools of the Trade","floor":23,"key":"SMITH"},{"data":"Footwork","floor":29,"key":"SMITH"},{"data":"A Thousand Cuts","floor":32,"key":"SMITH"},{"data":"After Image","floor":41,"key":"SMITH"},{"data":"Noxious Fumes","floor":47,"key":"SMITH"},{"floor":49,"key":"RECALL"},{"data":"Noxious Fumes","floor":52,"key":"SMITH"}],"circlet_count":0,"master_deck":["Survivor","Neutralize+1","Prepared+1","Footwork+1","Skewer+1","Noxious Fumes+1","Backflip+1","Backflip+1","Noxious Fumes+1","Tools of the Trade+1","Tactician+1","Concentrate+1","Prepared+1","Well Laid Plans","Reflex+1","A Thousand Cuts+1","Noxious Fumes+1","Footwork+1","After Image+1"],"relics":["Ring of the Snake","NeowsBlessing","Bird Faced Urn","Ancient Tea Set","Toxic Egg 2","Centennial Puzzle","Pandora\u0027s Box","Blood Vial","Oddly Smooth Stone","Whetstone","Pear","Sozu","Art of War","StoneCalendar","Darkstone Periapt","Lantern","Torii","Eternal Feather"],"acts_visited":["Exordium","TheCity","TheBeyond","TheEnding"],"potions_floor_usage":[8,8,11,16,37,44,55],"damage_taken":[{"damage":0,"enemies":"Jaw Worm","floor":1,"turns":1},{"damage":0,"enemies":"Cultist","floor":4,"turns":1},{"damage":0,"enemies":"3 Sentries","floor":6,"turns":1},{"damage":0,"enemies":"Small Slimes","floor":7,"turns":3},{"damage":33,"enemies":"Lagavulin","floor":8,"turns":5},{"damage":0,"enemies":"Looter","floor":11,"turns":2},{"damage":2,"enemies":"Exordium Wildlife","floor":12,"turns":4},{"damage":14,"enemies":"Lagavulin Event","floor":13,"turns":10},{"damage":1,"enemies":"2 Fungi Beasts","floor":14,"turns":4},{"damage":15,"enemies":"Hexaghost","floor":16,"turns":10},{"damage":2,"enemies":"Spheric Guardian","floor":18,"turns":4},{"damage":4,"enemies":"Shell Parasite","floor":19,"turns":3},{"damage":0,"enemies":"Book of Stabbing","floor":24,"turns":3},{"damage":1,"enemies":"Centurion and Healer","floor":27,"turns":3},{"damage":0,"enemies":"Gremlin Leader","floor":30,"turns":3},{"damage":4,"enemies":"Shelled Parasite and Fungi","floor":31,"turns":2},{"damage":0,"enemies":"Champ","floor":33,"turns":3},{"damage":14,"enemies":"3 Darklings","floor":35,"turns":3},{"damage":0,"enemies":"2 Orb Walkers","floor":37,"turns":4},{"damage":27,"enemies":"3 Shapes","floor":38,"turns":4},{"damage":1,"enemies":"Spire Growth","floor":39,"turns":3},{"damage":0,"enemies":"Giant Head","floor":40,"turns":3},{"damage":18,"enemies":"Reptomancer","floor":44,"turns":3},{"damage":22,"enemies":"3 Darklings","floor":45,"turns":3},{"damage":0,"enemies":"Maw","floor":46,"turns":3},{"damage":0,"enemies":"Spire Growth","floor":48,"turns":2},{"damage":0,"enemies":"Time Eater","floor":50,"turns":4},{"damage":0,"enemies":"Shield and Spear","floor":54,"turns":3},{"damage":40,"enemies":"The Heart","floor":55,"turns":5}],"seed_played":"1313312028267093354","potions_obtained":[{"floor":4,"key":"FearPotion"},{"floor":7,"key":"SkillPotion"},{"floor":8,"key":"DistilledChaos"},{"floor":13,"key":"Energy Potion"},{"floor":16,"key":"Block Potion"},{"floor":18,"key":"Block Potion"},{"floor":19,"key":"Block Potion"},{"floor":30,"key":"BlessingOfTheForge"}],"is_trial":false,"path_per_floor":["M","?","$","M","$","E","M","E","T","R","M","M","?","M","R","B",null,"M","M","?","T","$","R","E","$","T","M","$","R","E","M","R","B",null,"M","$","?","M","M","E","R","$","T","E","M","M","R","M","R","B",null,"R","$","E","B",null],"character_chosen":"THE_SILENT","items_purchased":["Footwork","Footwork","Oddly Smooth Stone","Art of War"],"campfire_rested":1,"item_purchase_floors":[3,22,25,36],"current_hp_per_floor":[70,70,70,70,70,70,70,39,39,39,41,43,33,38,59,50,65,68,70,70,70,70,70,70,70,70,70,70,70,80,80,80,80,80,70,70,80,53,72,80,80,80,80,64,62,80,80,80,80,80,80,80,80,80,41],"gold":90,"neow_bonus":"THREE_ENEMY_KILL","is_daily":false,"chose_seed":false,"campfire_upgraded":7,"win_rate":0.0,"timestamp":1608986198,"path_taken":["M","?","$","M","$","E","M","E","T","R","?","M","?","M","R","BOSS","M","M","?","?","$","R","E","$","T","M","$","R","E","M","R","BOSS","M","$","?","M","M","E","R","$","T","E","M","M","R","M","R","BOSS","R","$","E","BOSS"],"items_purchased_type":["Card","Card","Relic","Relic"],"build_version":"2020-12-22","purchased_purges":4,"victory":true,"max_hp_per_floor":[70,70,70,70,70,70,70,70,70,70,70,70,70,70,70,70,70,70,70,70,70,70,70,70,70,70,70,70,70,80,80,80,80,80,80,80,80,80,80,80,80,80,80,80,80,80,80,80,80,80,80,80,80,80,80],"card_choices":[{"not_picked":["Flying Knee","Crippling Poison"],"picked":"Prepared","floor":1},{"not_picked":["Setup","Dodge and Roll","Sucker Punch"],"picked":"SKIP","floor":4},{"not_picked":["Bouncing Flask","Bane"],"picked":"Skewer","floor":6},{"not_picked":["Reflex","Bane"],"picked":"Noxious Fumes","floor":7},{"not_picked":["Bane","Riddle With Holes","Predator"],"picked":"SKIP","floor":8},{"not_picked":["Distraction+1","Deadly Poison+1"],"picked":"Backflip+1","floor":11},{"not_picked":["Deflect+1","Calculated Gamble+1"],"picked":"Backflip+1","floor":12},{"not_picked":["Accuracy","Flying Knee"],"picked":"Noxious Fumes","floor":13},{"not_picked":["Bullet Time+1","Blade Dance+1","Riddle With Holes"],"picked":"SKIP","floor":14},{"not_picked":["Envenom","Grand Finale"],"picked":"Tools of the Trade","floor":16},{"not_picked":["Bane","PiercingWail+1"],"picked":"Noxious Fumes+1","floor":18},{"not_picked":["Noxious Fumes+1","Sucker Punch","Backflip+1"],"picked":"SKIP","floor":19},{"not_picked":["Envenom","Deadly Poison+1","Sucker Punch"],"picked":"SKIP","floor":24},{"not_picked":["Dodge and Roll+1","Bouncing Flask+1","Slice"],"picked":"SKIP","floor":27},{"not_picked":["Underhanded Strike+1","Flechettes","Dodge and Roll+1"],"picked":"SKIP","floor":30},{"not_picked":["Flying Knee+1","Dodge and Roll+1"],"picked":"After Image","floor":31},{"not_picked":["Prepared+1","Backflip+1","Bouncing Flask+1"],"picked":"SKIP","floor":35},{"not_picked":["PiercingWail+1","Backflip+1","Bouncing Flask+1"],"picked":"SKIP","floor":38},{"not_picked":["Crippling Poison+1","Endless Agony+1","Choke+1"],"picked":"SKIP","floor":39},{"not_picked":["Malaise+1","Dagger Spray+1","Noxious Fumes"],"picked":"SKIP","floor":40},{"not_picked":["Dagger Throw+1","Flying Knee+1","Blade Dance+1"],"picked":"SKIP","floor":44},{"not_picked":["Die Die Die","Flying Knee","Acrobatics+1"],"picked":"SKIP","floor":45},{"not_picked":["Dodge and Roll+1","Tactician+1","Backstab+1"],"picked":"SKIP","floor":46},{"not_picked":["Flying Knee","Quick Slash+1","Backflip+1"],"picked":"SKIP","floor":48},{"not_picked":["Unload","PiercingWail+1","A Thousand Cuts"],"picked":"SKIP","floor":54}],"player_experience":285420,"relics_obtained":[{"floor":6,"key":"Bird Faced Urn"},{"floor":8,"key":"Ancient Tea Set"},{"floor":9,"key":"Toxic Egg 2"},{"floor":24,"key":"Blood Vial"},{"floor":26,"key":"Whetstone"},{"floor":30,"key":"Pear"},{"floor":37,"key":"StoneCalendar"},{"floor":40,"key":"Darkstone Periapt"},{"floor":43,"key":"Lantern"},{"floor":44,"key":"Torii"},{"floor":54,"key":"Eternal Feather"}],"event_choices":[{"damage_healed":0,"gold_gain":0,"player_choice":"Forge","damage_taken":0,"max_hp_gain":0,"max_hp_loss":0,"event_name":"Accursed Blacksmith","floor":2,"gold_loss":0,"cards_upgraded":["Prepared"]},{"damage_healed":0,"gold_gain":0,"player_choice":"Searched \u00273\u0027 times","damage_taken":0,"relics_obtained":["Centennial Puzzle"],"max_hp_gain":0,"max_hp_loss":0,"event_name":"Dead Adventurer","floor":13,"gold_loss":0},{"damage_healed":0,"gold_gain":0,"player_choice":"Ignored","damage_taken":0,"max_hp_gain":0,"max_hp_loss":0,"event_name":"Ghosts","floor":20,"gold_loss":0},{"damage_healed":0,"gold_gain":0,"player_choice":"Fight","damage_taken":0,"max_hp_gain":0,"max_hp_loss":0,"event_name":"Mysterious Sphere","floor":37,"gold_loss":0}],"is_beta":false,"boss_relics":[{"not_picked":["Snecko Eye","Runic Pyramid"],"picked":"Pandora\u0027s Box"},{"not_picked":["Coffee Dripper","SlaversCollar"],"picked":"Sozu"}],"items_purged_floors":[22,25,36,53],"is_endless":false,"potions_floor_spawned":[4,7,8,13,16,18,19,30,31,37,39,40,48],"ascension_level":5}}