{"host":"5bdt6s51dmpd4l3v","time":1608980609,"event":{"mods":["AchievementEnabler","BaseMod","Colored Map","Colored Powertips","Highlight Path","Minty Spire (QoL Compilation)","Quick Restart","Rare Cards Sparkle","StSLib"],"gold_per_floor":[114,114,134,134,157,157,122,122,122,122,155,100,100,136,136,229,229,244,264,264,264,264,264,179,179,179,192,139,157,157,178,178,178,178],"floor_reached":33,"playtime":688,"items_purged":[],"score":464,"play_id":"d017c9af-a9eb-4b18-a259-206b17e9206e","local_time":"20201226190329","is_ascension_mode":true,"campfire_choices":[{"data":"Pommel Strike","floor":6,"key":"SMITH"},{"data":"Warcry","floor":8,"key":"SMITH"},{"data":"Twin Strike","floor":10,"key":"SMITH"},{"data":"Flex","floor":13,"key":"SMITH"},{"data":"Whirlwind","floor":15,"key":"SMITH"},{"data":"Limit Break","floor":23,"key":"SMITH"},{"data":"Hemokinesis","floor":25,"key":"SMITH"},{"data":"Body Slam","floor":30,"key":"SMITH"},{"floor":32,"key":"REST"}],"circlet_count":0,"master_deck":["AscendersBane","Strike_R","Strike_R","Strike_R","Strike_R","Strike_R","Defend_R","Defend_R","Defend_R","Bash","Twin Strike+1","Warcry+1","Pommel Strike+1","Whirlwind+1","Flex+1","Battle Trance","Limit Break+1","Iron Wave+1","Hemokinesis+1","Body Slam+1","Burning Pact","Sword Boomerang"],"relics":["Burning Blood","NeowsBlessing","Golden Idol","Pantograph","Omamori","Ancient Tea Set","SlaversCollar","MutagenicStrength","Art of War","Pear"],"acts_visited":["Exordium","TheCity"],"potions_floor_usage":[11,19,29,29],"damage_taken":[{"damage":0,"enemies":"Small Slimes","floor":1,"turns":1},{"damage":0,"enemies":"2 Louse","floor":3,"turns":1},{"damage":0,"enemies":"Jaw Worm","floor":5,"turns":1},{"damage":8,"enemies":"Gremlin Nob","floor":11,"turns":3},{"damage":25,"enemies":"3 Sentries","floor":14,"turns":5},{"damage":73,"enemies":"The Guardian","floor":16,"turns":8},{"damage":30,"enemies":"3 Byrds","floor":18,"turns":4},{"damage":22,"enemies":"2 Thieves","floor":19,"turns":4},{"damage":14,"enemies":"Centurion and Healer","floor":27,"turns":3},{"damage":18,"enemies":"3 Cultists","floor":29,"turns":4},{"damage":35,"enemies":"Cultist and Chosen","floor":31,"turns":6},{"damage":85,"enemies":"Champ","floor":33,"turns":5}],"seed_played":"845738406964208033","potions_obtained":[{"floor":5,"key":"AttackPotion"},{"floor":11,"key":"BloodPotion"},{"floor":27,"key":"Explosive Potion"},{"floor":29,"key":"ElixirPotion"}],"is_trial":false,"path_per_floor":["M","?","M","?","M","R","?","R","T","R","E","$","R","E","R","B",null,"M","M","?","?","$","R","?","R","T","M","$","M","R","M","R","B"],"character_chosen":"IRONCLAD","items_purchased":["Flex","BloodPotion"],"campfire_rested":1,"item_purchase_floors":[12,28],"current_hp_per_floor":[74,48,54,47,53,53,71,71,71,71,69,69,69,50,50,8,58,34,33,33,33,33,33,33,33,43,35,35,40,40,11,36,0,0],"gold":178,"neow_bonus":"THREE_ENEMY_KILL","is_daily":false,"chose_seed":false,"campfire_upgraded":8,"win_rate":0.0,"timestamp":1608980609,"path_taken":["M","?","M","?","M","R","?","R","T","R","E","?","R","E","R","BOSS","M","M","?","?","$","R","?","R","T","M","$","?","R","M","R","BOSS"],"items_purchased_type":["Card","Potion"],"build_version":"2020-12-22","purchased_purges":0,"victory":false,"max_hp_per_floor":[75,75,75,75,75,75,75,75,75,75,75,75,75,75,75,75,75,75,75,75,75,75,75,75,75,85,85,85,85,85,85,85,85,85],"card_choices":[{"not_picked":["Wild Strike","Havoc"],"picked":"Twin Strike","floor":1},{"not_picked":["Wild Strike","Havoc"],"picked":"Warcry","floor":3},{"not_picked":["Reckless Charge","Twin Strike"],"picked":"Pommel Strike","floor":5},{"not_picked":["Dual Wield","Iron Wave"],"picked":"Whirlwind","floor":11},{"not_picked":["Heavy Blade","Sword Boomerang"],"picked":"Battle Trance","floor":14},{"not_picked":["Immolate","Double Tap"],"picked":"Limit Break","floor":16},{"not_picked":["Havoc","Wild Strike"],"picked":"Iron Wave+1","floor":18},{"not_picked":["Intimidate","Anger"],"picked":"Hemokinesis","floor":19},{"not_picked":["Armaments","Blood for Blood"],"picked":"Body Slam","floor":27},{"not_picked":["Clash","Cleave"],"picked":"Burning Pact","floor":29},{"not_picked":["Brutality","Clash"],"picked":"Sword Boomerang","floor":31}],"player_experience":245720,"relics_obtained":[{"floor":9,"key":"Pantograph"},{"floor":11,"key":"Omamori"},{"floor":14,"key":"Ancient Tea Set"},{"floor":26,"key":"Pear"}],"event_choices":[{"damage_healed":0,"gold_gain":0,"player_choice":"Take Damage","damage_taken":26,"relics_obtained":["Golden Idol"],"max_hp_gain":0,"max_hp_loss":0,"event_name":"Golden Idol","floor":2,"gold_loss":0},{"cards_removed":["Defend_R"],"damage_healed":0,"gold_gain":0,"player_choice":"Card Removal","damage_taken":7,"max_hp_gain":0,"max_hp_loss":0,"event_name":"Golden Wing","floor":4,"gold_loss":0},{"damage_healed":18,"gold_gain":0,"player_choice":"Healed","damage_taken":0,"max_hp_gain":0,"max_hp_loss":0,"event_name":"The Cleric","floor":7,"gold_loss":35},{"damage_healed":0,"gold_gain":0,"player_choice":"Inject Mutagens","damage_taken":0,"relics_obtained":["MutagenicStrength"],"max_hp_gain":0,"max_hp_loss":0,"event_name":"Drug Dealer","floor":20,"gold_loss":0},{"damage_healed":0,"gold_gain":0,"player_choice":"Ignored","damage_taken":0,"max_hp_gain":0,"max_hp_loss":0,"event_name":"Beggar","floor":21,"gold_loss":0},{"damage_healed":0,"gold_gain":0,"player_choice":"Obtained Relic","damage_taken":0,"relics_obtained":["Art of War"],"max_hp_gain":0,"max_hp_loss":0,"event_name":"Addict","floor":24,"gold_loss":85}],"is_beta":false,"boss_relics":[{"not_picked":["Black Blood","Velvet Choker"],"picked":"SlaversCollar"}],"items_purged_floors":[],"is_endless":false,"potions_floor_spawned":[5,11,27,29],"killed_by":"Champ","ascension_level":17}}