{"host":"6ld56ls1xbe0aj21","time":1608967273,"event":{"mods":["AchievementEnabler","BaseMod","Colored Powertips","Minty Spire (QoL Compilation)","Quick Restart","Rare Cards Sparkle","StSLib","SuperFastMode","everything is the same but u backflip on backflip","slay the spire mod where everything is the same but ironclad has a cowboy hat"],"gold_per_floor":[111,91,107,122,122,148,12,41,41,51,67,79,79,89,89,189,189,254,7,77,102,102],"floor_reached":21,"playtime":711,"items_purged":[],"score":280,"play_id":"9e1b5775-b8b8-4f94-b5bc-5c7c77115e48","local_time":"20201226182113","is_ascension_mode":true,"campfire_choices":[{"floor":15,"key":"REST"}],"circlet_count":0,"master_deck":["Strike_P","Strike_P+1","Defend_P","Defend_P","Defend_P","Defend_P+1","Eruption+1","Vigilance","FlyingSleeves","Conclude","FlurryOfBlows+1","Tantrum","LessonLearned","MentalFortress","ClearTheMind+1","SandsOfTime","Wish","Impatience+1","LikeWater","Wish","EmptyBody+1"],"relics":["Empty Cage","Matryoshka","Pear","Centennial Puzzle","Yang","Black Star","TeardropLocket"],"acts_visited":["Exordium","TheCity"],"potions_floor_usage":[20],"damage_taken":[{"damage":12.0,"enemies":"2 Louse","floor":1.0,"turns":3.0},{"damage":7.0,"enemies":"Cultist","floor":3.0,"turns":3.0},{"damage":2.0,"enemies":"Jaw Worm","floor":4.0,"turns":3.0},{"damage":10.0,"enemies":"3 Sentries","floor":6.0,"turns":2.0},{"damage":10.0,"enemies":"Lagavulin","floor":8.0,"turns":3.0},{"damage":0.0,"enemies":"Blue Slaver","floor":10.0,"turns":1.0},{"damage":8.0,"enemies":"Lots of Slimes","floor":11.0,"turns":2.0},{"damage":0.0,"enemies":"Large Slime","floor":12.0,"turns":4.0},{"damage":13,"enemies":"Blue Slaver","floor":14,"turns":2},{"damage":17,"enemies":"Hexaghost","floor":16,"turns":8},{"damage":23,"enemies":"Shell Parasite","floor":18,"turns":8},{"damage":30,"enemies":"Chosen","floor":20,"turns":6},{"damage":8,"enemies":"Centurion and Healer","floor":21,"turns":3}],"seed_played":"-3481163001788520106","potions_obtained":[{"floor":2.0,"key":"SpeedPotion"},{"floor":4.0,"key":"Ambrosia"},{"floor":6.0,"key":"AttackPotion"},{"floor":8.0,"key":"Explosive Potion"},{"floor":10.0,"key":"DuplicationPotion"}],"is_trial":false,"path_per_floor":["M","?","M","M","?","E","$","E","T","M","M","M","?","M","R","B",null,"M","$","M","M"],"character_chosen":"WATCHER","items_purchased":["LessonLearned","TeardropLocket"],"campfire_rested":1,"item_purchase_floors":[7,19],"current_hp_per_floor":[53,53,46,44,44,34,34,34,34,34,26,26,26,13,37,20,67,44,44,14,6,6],"gold":102,"neow_bonus":"BOSS_RELIC","is_daily":false,"chose_seed":false,"campfire_upgraded":0,"win_rate":0.0,"timestamp":1608967273,"path_taken":["M","?","?","M","?","E","?","E","T","?","M","M","?","M","R","BOSS","M","$","M","M"],"items_purchased_type":["Card","Relic"],"build_version":"2020-12-22","purchased_purges":0,"victory":false,"max_hp_per_floor":[72,72,72,72,72,72,72,82,82,82,82,82,82,82,82,82,82,82,82,82,82,82],"card_choices":[{"not_picked":["Halt","FlurryOfBlows"],"picked":"FlyingSleeves","floor":1.0},{"not_picked":["Crescendo","JustLucky"],"picked":"Conclude","floor":3.0},{"not_picked":["Evaluate","EmptyBody"],"picked":"FlurryOfBlows","floor":4.0},{"not_picked":["SignatureMove","EmptyMind"],"picked":"Tantrum","floor":6.0},{"not_picked":["DeceiveReality","WindmillStrike","Protect"],"picked":"SKIP","floor":8.0},{"not_picked":["Judgement","ReachHeaven"],"picked":"MentalFortress","floor":10.0},{"not_picked":["Consecrate","FlyingSleeves"],"picked":"ClearTheMind","floor":11.0},{"not_picked":["PathToVictory","Evaluate"],"picked":"SandsOfTime","floor":12.0},{"not_picked":["Wireheading","Wallop"],"picked":"LikeWater","floor":14},{"not_picked":["Scrawl","Ragnarok"],"picked":"Wish","floor":16},{"not_picked":["EmptyFist+1","CutThroughFate"],"picked":"EmptyBody+1","floor":18},{"not_picked":["ThirdEye","Evaluate","Worship"],"picked":"SKIP","floor":20},{"not_picked":["ThirdEye","Evaluate","Worship"],"picked":"SKIP","floor":20}],"player_experience":255260,"relics_obtained":[{"floor":6.0,"key":"Matryoshka"},{"floor":8.0,"key":"Pear"},{"floor":9.0,"key":"Centennial Puzzle"},{"floor":9.0,"key":"Yang"}],"event_choices":[{"damage_healed":0.0,"max_hp_gain":0.0,"max_hp_loss":0.0,"gold_gain":0.0,"event_name":"The Woman in Blue","player_choice":"Bought 1 Potion","floor":2.0,"gold_loss":0.0,"damage_taken":0.0},{"damage_healed":0.0,"max_hp_gain":0.0,"max_hp_loss":0.0,"gold_gain":0.0,"event_name":"Upgrade Shrine","player_choice":"Upgraded","floor":5.0,"gold_loss":0.0,"damage_taken":0.0,"cards_upgraded":["Eruption"]},{"damage_healed":0,"gold_gain":0,"player_choice":"2 cards matched","damage_taken":0,"max_hp_gain":0,"max_hp_loss":0,"event_name":"Match and Keep!","floor":13,"gold_loss":0,"cards_obtained":["Wish","Impatience"]}],"is_beta":false,"boss_relics":[{"not_picked":["Busted Crown","Ectoplasm"],"picked":"Black Star"}],"items_purged_floors":[],"is_endless":false,"potions_floor_spawned":[4,6,8,10],"killed_by":"Centurion and Healer","ascension_level":9}}