{"host":"fm9e0lfunjlbhzxv","time":1608949708,"event":{"mods":["2.2 Compatiblity","Astrologer","BaseMod","Better Match","Better Third Choice","Colored Map","Colored Powertips","Downfall","Energized Spire","Gremlin Mod","Key Reminder","Minty Spire (QoL Compilation)","Permanent Neow","Rare Cards Sparkle","Relic Stats","StSLib","The Administrix","The Bug Knight","The Disciple","The Mystic","The Vixen","slay the spire mod where everything is the same but ironclad has a cowboy hat"],"gold_per_floor":[99,112,18,37,37,49,49,49,34,34,44,44,44,74,85,187,187,187,203,44,14,24,59,82,94,104,104,135,60,79,79,95,191,191,191,205,224,238,4,15,39,54,54,54,66,66,66,166,180,180],"floor_reached":51,"playtime":5819,"items_purged":[],"score":841,"play_id":"0607b1d8-be9f-4151-86f3-1fbd226b6795","local_time":"20201225182828","is_ascension_mode":false,"campfire_choices":[{"data":"sneckomod:TailWhip","floor":1.0,"key":"SMITH"},{"data":"sneckomod:TrashToTreasure","floor":13.0,"key":"SMITH"},{"data":"sneckomod:Nope","floor":18.0,"key":"SMITH"},{"data":"sneckomod:SnekBite","floor":29.0,"key":"SMITH"},{"data":"sneckomod:Restock","floor":35.0,"key":"SMITH"},{"data":"sneckomod:PureSnecko","floor":44,"key":"SMITH"},{"floor":46,"key":"RECALL"}],"circlet_count":0,"master_deck":["sneckomod:TailWhip+1","sneckomod:SnekBite+1","sneckomod:Unknown","sneckomod:Unknown","sneckomod:UnknownCommonAttack","sneckomod:Nope+1","sneckomod:MasterEye+1","sneckomod:UnknownCommonSkill","sneckomod:Unknown2Cost","sneckomod:TrashToTreasure+1","sneckomod:MorePower","sneckomod:UnknownDexterity+1","sneckomod:UnknownDexterity+1","sneckomod:UnknownRareAttack","sneckomod:UnknownStrength+1","sneckomod:Restock+1","sneckomod:UnknownBlock","sneckomod:UnknownExhaust+1","sneckomod:UnknownClassBUGKNIGHT_GRAY_COLOR+1","sneckomod:DiceBoulder","sneckomod:UnknownClassGREEN+1","sneckomod:UnknownStrike+1","sneckomod:UnknownRareAttack+1","sneckomod:UnknownUncommonAttack+1","sneckomod:UnknownWeak+1","sneckomod:UnknownUncommonPower+1","sneckomod:UnknownClassBLUE","sneckomod:UnknownExhaust+1","sneckomod:Unknown3Cost+1","sneckomod:SoulExchange","sneckomod:UnknownColorless","sneckomod:UnknownExhaust+1","sneckomod:CheapStock","sneckomod:DiceCrush","sneckomod:Unknown3Cost","sneckomod:ImprovisedAttack","sneckomod:UnknownClassMYSTIC_PURPLE","sneckomod:QuickBite+1","sneckomod:SerpentMind","sneckomod:UnknownUncommonPower","expansioncontent:DecasProtection","sneckomod:UnknownRarePower","sneckomod:PureSnecko+1","Doubt","sneckomod:Nope","sneckomod:UnknownClassPURPLE","sneckomod:UnknownExhaust+1","sneckomod:UnknownWeak+1"],"relics":["Velvet Choker","Meat on the Bone","PreservedInsect","Black Star","Lee\u0027s Waffle","TheVixenMod:UmbreonRelic","Ancient Tea Set","FossilizedHelix","Centennial Puzzle","Nilry\u0027s Codex","Darkstone Periapt","Letter Opener","downfall:HeartBlessingBlue","Pandora\u0027s Box","Medical Kit","Sundial","Akabeko","Toy Ornithopter"],"acts_visited":["Exordium","TheCity","TheBeyond"],"potions_floor_usage":[45,49],"damage_taken":[{"damage":0.0,"enemies":"2 Louse","floor":2.0,"turns":2.0},{"damage":6.0,"enemies":"downfall:FleeingMerchant","floor":3.0,"turns":4.0},{"damage":0.0,"enemies":"Cultist","floor":4.0,"turns":2.0},{"damage":6.0,"enemies":"Jaw Worm","floor":6.0,"turns":4.0},{"damage":0.0,"enemies":"downfall:FleeingMerchant","floor":9.0,"turns":4.0},{"damage":0.0,"enemies":"Blue Slaver","floor":11.0,"turns":2.0},{"damage":32.0,"enemies":"Gremlin Nob","floor":14.0,"turns":4.0},{"damage":0.0,"enemies":"3 Louse","floor":15.0,"turns":2.0},{"damage":22.0,"enemies":"downfall:Silent","floor":16.0,"turns":7.0},{"damage":31.0,"enemies":"Snake Plant","floor":19.0,"turns":5.0},{"damage":0.0,"enemies":"downfall:FleeingMerchant","floor":20.0,"turns":4.0},{"damage":21.0,"enemies":"downfall:FleeingMerchant","floor":21.0,"turns":6.0},{"damage":0.0,"enemies":"Centurion and Healer","floor":22.0,"turns":8.0},{"damage":0.0,"enemies":"HollowMod:Nosk","floor":23.0,"turns":6.0},{"damage":5.0,"enemies":"Snecko","floor":25.0,"turns":4.0},{"damage":0.0,"enemies":"3 Cultists","floor":26.0,"turns":4.0},{"damage":39.0,"enemies":"Slavers","floor":28.0,"turns":5.0},{"damage":3.0,"enemies":"Chosen and Byrds","floor":30.0,"turns":7.0},{"damage":27.0,"enemies":"Snecko","floor":32.0,"turns":6.0},{"damage":0.0,"enemies":"downfall:Defect","floor":33.0,"turns":8.0},{"damage":11.0,"enemies":"Orb Walker","floor":36.0,"turns":3.0},{"damage":9.0,"enemies":"3 Shapes","floor":37.0,"turns":3.0},{"damage":5.0,"enemies":"Transient","floor":38.0,"turns":5.0},{"damage":15.0,"enemies":"downfall:FleeingMerchant","floor":39.0,"turns":4.0},{"damage":36,"enemies":"Giant Head","floor":40,"turns":8},{"damage":42,"enemies":"4 Shapes","floor":42,"turns":5},{"damage":13,"enemies":"Jaw Worm Horde","floor":45,"turns":4},{"damage":8,"enemies":"downfall:LadyInBlue","floor":48,"turns":5},{"damage":49,"enemies":"Spire Growth","floor":49,"turns":5},{"damage":68,"enemies":"downfall:Ironclad","floor":50,"turns":11}],"seed_played":"5179050138911287532","potions_obtained":[{"floor":4.0,"key":"DuplicationPotion"},{"floor":11.0,"key":"DuplicationPotion"},{"floor":14.0,"key":"hexamod:EctoCoolerPotion"},{"floor":25.0,"key":"ColorlessPotion"},{"floor":26.0,"key":"GamblersBrew"},{"floor":32.0,"key":"SkillPotion"},{"floor":45,"key":"EntropicBrew"},{"floor":48,"key":"SmokeBomb"},{"floor":48,"key":"Weak Potion"},{"floor":48,"key":"SteroidPotion"},{"floor":49,"key":"PowerPotion"}],"is_trial":false,"path_per_floor":["R","M","$","M","?","M","T","?","$","?","M","?","R","E","M","B",null,"R","M","$","?","M","E","T","M","M","?","E","R","M","?","M","B",null,"R","M","M","M","$","E","T","M","?","R","M","R","$","?","M","B",null],"character_chosen":"THE_SNECKO","items_purchased":["sneckomod:MasterEye","Lee\u0027s Waffle","sneckomod:UnknownUncommonPower","Medical Kit","Sundial","expansioncontent:DecasProtection"],"campfire_rested":0,"item_purchase_floors":[3,20,39,39,39,39],"current_hp_per_floor":[90,90,84,84,84,78,78,78,78,83,83,76,76,56,56,46,95,95,64,102,84,84,84,84,85,85,69,42,52,61,61,67,67,115,115,106,97,92,77,53,53,33,121,121,108,108,108,107,63,35],"gold":180,"neow_bonus":"BOSS_RELIC","is_daily":false,"chose_seed":false,"campfire_upgraded":6,"win_rate":0.0,"timestamp":1608949708,"path_taken":["R","M","$","M","?","?","T","?","$","?","M","?","R","E","M","BOSS","R","M","$","?","M","E","T","M","M","?","E","R","?","?","M","BOSS","R","M","?","M","$","E","T","M","?","R","M","R","$","?","M","BOSS"],"items_purchased_type":["Card","Relic","Card","Relic","Relic","Card"],"build_version":"2020-12-22","purchased_purges":0,"victory":true,"max_hp_per_floor":[90,90,90,90,90,90,90,90,90,95,95,95,95,95,95,95,95,95,95,102,105,105,105,105,105,105,105,105,115,115,115,115,115,115,115,115,115,115,115,115,115,115,121,121,121,121,121,121,121,121],"relic_stats":{"Darkstone Periapt":6,"Lee\u0027s Waffle":38,"counters":[30,147],"PreservedInsect":220,"Letter Opener":[83],"Medical Kit":[1],"Centennial Puzzle":[43],"Sundial":[2],"Pandora\u0027s Box":["sneckomod:CheapStock","sneckomod:DiceCrush","sneckomod:Unknown3Cost","sneckomod:ImprovisedAttack","sneckomod:UnknownClassMYSTIC_PURPLE"],"Black Star":3,"obtain_stats":[{"Darkstone Periapt":28,"Lee\u0027s Waffle":20,"Nilry\u0027s Codex":27,"Velvet Choker":0,"PreservedInsect":14,"Letter Opener":28,"sneckomod:SneckoSoul":0,"Ancient Tea Set":23,"Medical Kit":39,"Akabeko":41,"keyreminder:keyreminder":7,"Centennial Puzzle":24,"downfall:BrokenWingStatue":8,"downfall:HeartBlessingBlue":29,"Sundial":39,"Pandora\u0027s Box":34,"Black Star":17,"TheVixenMod:UmbreonRelic":21,"FossilizedHelix":23,"Toy Ornithopter":48,"Meat on the Bone":12},{"Darkstone Periapt":17,"Lee\u0027s Waffle":11,"Nilry\u0027s Codex":16,"Velvet Choker":0,"PreservedInsect":7,"Letter Opener":17,"sneckomod:SneckoSoul":0,"Ancient Tea Set":14,"Medical Kit":24,"Akabeko":25,"keyreminder:keyreminder":4,"Centennial Puzzle":14,"downfall:BrokenWingStatue":4,"downfall:HeartBlessingBlue":17,"Sundial":24,"Pandora\u0027s Box":20,"Black Star":9,"TheVixenMod:UmbreonRelic":11,"FossilizedHelix":14,"Toy Ornithopter":28,"Meat on the Bone":6},{"Darkstone Periapt":73,"Lee\u0027s Waffle":40,"Nilry\u0027s Codex":68,"Velvet Choker":0,"PreservedInsect":22,"Letter Opener":73,"sneckomod:SneckoSoul":0,"Ancient Tea Set":60,"Medical Kit":109,"Akabeko":117,"keyreminder:keyreminder":12,"Centennial Puzzle":60,"downfall:BrokenWingStatue":12,"downfall:HeartBlessingBlue":73,"Sundial":109,"Pandora\u0027s Box":94,"Black Star":31,"TheVixenMod:UmbreonRelic":40,"FossilizedHelix":60,"Toy Ornithopter":131,"Meat on the Bone":18}],"Toy Ornithopter":5,"Meat on the Bone":96},"card_choices":[{"not_picked":["sneckomod:UnknownStrike","sneckomod:DiceCrush"],"picked":"sneckomod:UnknownCommonAttack","floor":2.0},{"not_picked":["sneckomod:UnknownStrike","sneckomod:RainOfDice"],"picked":"sneckomod:Nope","floor":3.0},{"not_picked":["sneckomod:Unknown1Cost","sneckomod:Nope"],"picked":"sneckomod:UnknownCommonSkill","floor":4.0},{"not_picked":["sneckomod:DiceCrush","sneckomod:SoulDraw"],"picked":"sneckomod:Unknown2Cost","floor":6.0},{"not_picked":["sneckomod:Nope","sneckomod:SlitherStrike"],"picked":"sneckomod:TrashToTreasure","floor":9.0},{"not_picked":["sneckomod:UnknownClassGREEN","sneckomod:DiceCrush"],"picked":"sneckomod:MorePower","floor":11.0},{"not_picked":["sneckomod:UnknownEthereal+1","sneckomod:UnknownStrike+1"],"picked":"sneckomod:UnknownDexterity+1","floor":14.0},{"not_picked":["sneckomod:WideSting","sneckomod:Unknown1Cost","sneckomod:DiceBlock"],"picked":"SKIP","floor":14.0},{"not_picked":["sneckomod:UnknownVulnerable+1","sneckomod:UnknownCommonAttack+1"],"picked":"sneckomod:UnknownDexterity+1","floor":15.0},{"not_picked":["sneckomod:SoulCleanse","sneckomod:UnknownClassASTROLOGER"],"picked":"sneckomod:UnknownRareAttack","floor":15.0},{"not_picked":["sneckomod:Unknown+1","sneckomod:UnknownClassLichGold+1"],"picked":"sneckomod:UnknownStrength+1","floor":16.0},{"not_picked":["sneckomod:SoulExchange","sneckomod:Mudshield"],"picked":"sneckomod:Restock","floor":16.0},{"not_picked":["sneckomod:UnknownClassTHE_CHAMP_GRAY","sneckomod:SoulCleanse"],"picked":"sneckomod:UnknownBlock","floor":19.0},{"not_picked":["sneckomod:UnknownClassGREEN+1","sneckomod:UnknownCommonSkill+1"],"picked":"sneckomod:UnknownExhaust+1","floor":19.0},{"not_picked":["sneckomod:UnknownEthereal+1","sneckomod:UnknownStrength+1"],"picked":"sneckomod:UnknownClassBUGKNIGHT_GRAY_COLOR+1","floor":20.0},{"not_picked":["sneckomod:SoulRoll","sneckomod:UnknownBlock","sneckomod:Restock"],"picked":"SKIP","floor":20.0},{"not_picked":["sneckomod:UnknownClassRED","sneckomod:SoulExchange"],"picked":"sneckomod:DiceBoulder","floor":22.0},{"not_picked":["sneckomod:UnknownClassTHE_CHAMP_GRAY+1","sneckomod:UnknownClassASTROLOGER+1"],"picked":"sneckomod:UnknownClassGREEN+1","floor":22.0},{"not_picked":["sneckomod:Restock","sneckomod:Rotation"],"picked":"sneckomod:UnknownStrike+1","floor":23.0},{"not_picked":["sneckomod:UnknownClassPURPLE+1","sneckomod:UnknownClassBLUE+1"],"picked":"sneckomod:UnknownRareAttack+1","floor":23.0},{"not_picked":["sneckomod:UnknownVulnerable+1","sneckomod:UnknownClassTHE_VIXEN_ORANGE+1"],"picked":"sneckomod:UnknownUncommonAttack+1","floor":25.0},{"not_picked":["sneckomod:UnknownStrike","sneckomod:Restock","sneckomod:IronFang"],"picked":"SKIP","floor":25.0},{"not_picked":["sneckomod:Unknown1Cost","sneckomod:DiceBlock"],"picked":"sneckomod:UnknownWeak+1","floor":26.0},{"not_picked":["sneckomod:UnknownClassBUGKNIGHT_GRAY_COLOR+1","sneckomod:UnknownDexterity+1"],"picked":"sneckomod:UnknownUncommonPower+1","floor":28.0},{"not_picked":["sneckomod:SerpentIdol","sneckomod:UnknownCommonSkill","sneckomod:UnknownBlock"],"picked":"SKIP","floor":28.0},{"not_picked":["sneckomod:UnknownCommonSkill","sneckomod:UnknownStrike"],"picked":"sneckomod:UnknownClassBLUE","floor":30.0},{"not_picked":["sneckomod:Unknown0Cost+1","sneckomod:UnknownCommonAttack+1"],"picked":"sneckomod:UnknownExhaust+1","floor":30.0},{"not_picked":["sneckomod:UnknownClassBUGKNIGHT_GRAY_COLOR+1","sneckomod:UnknownBlock+1"],"picked":"sneckomod:Unknown3Cost+1","floor":32.0},{"not_picked":["sneckomod:UnknownCommonSkill+1","sneckomod:SoulRoll"],"picked":"sneckomod:SoulExchange","floor":32.0},{"not_picked":["sneckomod:Mudshield","sneckomod:SoulExchange"],"picked":"sneckomod:UnknownColorless","floor":33.0},{"not_picked":["sneckomod:UnknownClassTHE_CHAMP_GRAY+1","sneckomod:UnknownVulnerable+1"],"picked":"sneckomod:UnknownExhaust+1","floor":33.0},{"not_picked":["sneckomod:DiceBlock","sneckomod:UnknownClassHEXA_GHOST_PURPLE"],"picked":"sneckomod:QuickBite+1","floor":36.0},{"not_picked":["sneckomod:SoulDraw","sneckomod:UnknownStrike","sneckomod:DiceBlock+1"],"picked":"SKIP","floor":37.0},{"not_picked":["sneckomod:Nope+1","sneckomod:DiceCrush"],"picked":"sneckomod:SerpentMind","floor":38.0},{"not_picked":["sneckomod:DiceBlock+1","sneckomod:CheapStock+1"],"picked":"sneckomod:UnknownRarePower","floor":40},{"not_picked":["sneckomod:UnknownClassLichGold","sneckomod:UnknownEthereal"],"picked":"sneckomod:PureSnecko","floor":42},{"not_picked":["sneckomod:Unknown1Cost+1","sneckomod:UnknownStrike+1"],"picked":"sneckomod:Nope","floor":45},{"not_picked":["sneckomod:Nope","sneckomod:CheapStock"],"picked":"sneckomod:UnknownClassPURPLE","floor":48},{"not_picked":["sneckomod:UnknownClassASTROLOGER+1","sneckomod:UnknownCommonAttack+1"],"picked":"sneckomod:UnknownExhaust+1","floor":49},{"not_picked":["sneckomod:UnknownCommonSkill+1","sneckomod:Unknown1Cost"],"picked":"sneckomod:UnknownWeak+1","floor":49}],"player_experience":640484,"relics_obtained":[{"floor":14.0,"key":"PreservedInsect"},{"floor":23.0,"key":"Ancient Tea Set"},{"floor":23.0,"key":"FossilizedHelix"},{"floor":24.0,"key":"Centennial Puzzle"},{"floor":27.0,"key":"Nilry\u0027s Codex"},{"floor":28.0,"key":"Darkstone Periapt"},{"floor":28.0,"key":"Letter Opener"},{"floor":41,"key":"Akabeko"},{"floor":48,"key":"Toy Ornithopter"}],"event_choices":[{"damage_healed":0.0,"max_hp_gain":0.0,"max_hp_loss":0.0,"gold_gain":0.0,"event_name":"Upgrade Shrine","player_choice":"Upgraded","floor":5.0,"gold_loss":0.0,"damage_taken":0.0,"cards_upgraded":["sneckomod:MasterEye"]},{"damage_healed":0.0,"max_hp_gain":5.0,"max_hp_loss":0.0,"gold_gain":0.0,"event_name":"Big Fish","player_choice":"Donut","floor":10.0,"gold_loss":0.0,"damage_taken":0.0},{"damage_healed":0.0,"max_hp_gain":0.0,"max_hp_loss":0.0,"gold_gain":0.0,"event_name":"Scrap Ooze","player_choice":"Success","floor":12.0,"gold_loss":0.0,"damage_taken":7.0,"relics_obtained":["Meat on the Bone"]},{"damage_healed":0.0,"max_hp_gain":0.0,"max_hp_loss":0.0,"gold_gain":0.0,"event_name":"Creature of the Night","player_choice":"Fight the Beast\u0027s assailants","floor":21.0,"gold_loss":0.0,"damage_taken":0.0,"relics_obtained":["TheVixenMod:UmbreonRelic"]},{"cards_removed":["sneckomod:Strike"],"damage_healed":0.0,"max_hp_gain":0.0,"max_hp_loss":0.0,"gold_gain":0.0,"event_name":"Purifier","player_choice":"Purged","floor":31.0,"gold_loss":0.0,"damage_taken":0.0}],"is_beta":false,"boss_relics":[{"not_picked":["Busted Crown","Tiny House"],"picked":"Black Star"},{"not_picked":["energizedSpire:RedRose","Coffee Dripper"],"picked":"Pandora\u0027s Box"}],"items_purged_floors":[],"is_endless":false,"potions_floor_spawned":[4,11,14,25,26,32,33,36,37,45,49],"ascension_level":0}}