{"host":"1tmagqyeywr2w44t","time":1608970913,"event":{"mods":["2.2 Compatiblity","BaseMod","Colored Powertips","Downfall","Marisa£¨Ùöéë¡¡Øª×âÞÞ£©","Minty Spire (QoL Compilation)","Rare Cards Sparkle","Replay The Spire","StSLib","SuperFastMode","The Marked"],"gold_per_floor":[99,114,129,146,156,188,188,113,139,139,159,159,177,192,210,312,312,312,312,312,312,312,312,312,312,312,66,66,66,66,66,66,66,66,66,66,66,51,51,51,51,51,51,51,51],"floor_reached":43,"playtime":1705,"items_purged":["Guardian:Strike_Guardian"],"score":510,"play_id":"a7e1dddd-1908-46d9-9969-c9566fe2996f","local_time":"20201226172153","is_ascension_mode":true,"campfire_choices":[{"data":"Guardian:TwinSlam","floor":1.0,"key":"SMITH"},{"data":"Guardian:CurlUp","floor":8.0,"key":"SMITH"},{"floor":10.0,"key":"RECALL"},{"data":"Guardian:BronzeArmor","floor":18.0,"key":"SMITH"},{"data":"Guardian:Planning","floor":23.0,"key":"SMITH"},{"floor":30.0,"key":"REST"},{"floor":35.0,"key":"REST"}],"circlet_count":0,"master_deck":["Guardian:Strike_Guardian","Guardian:Strike_Guardian","Guardian:Strike_Guardian","Guardian:Defend_Guardian","Guardian:Defend_Guardian","Guardian:Defend_Guardian","Guardian:Defend_Guardian","Guardian:CurlUp+1","Guardian:TwinSlam+1","Guardian:PrismaticBeam","Guardian:Preprogram","Guardian:BronzeArmor+1","Guardian:TimeSifter","Guardian:Planning+1","Guardian:RevengeProtocol","Guardian:WalkerClaw","Guardian:TemporalShield+1","Guardian:StasisStrike","Guardian:SpikerProtocol","Guardian:TimeCapacitor","Guardian:Clone+1","Guardian:Incinerate+1","Guardian:GemFire","Guardian:SentryBeam","Guardian:AncientConstruct","Guardian:Gem_Red","Guardian:Gem_White","Guardian:Gem_Blue"],"relics":["Guardian:ModeShifter","Nunchaku","Dream Catcher","downfall:HeartBlessingBlue","downfall:Hecktoplasm","downfall:HeartBlessingRed","Happy Flower","White Beast Statue","Regal Pillow","Fusion Hammer","downfall:HeartBlessingGreen","Bag of Marbles","Art of War"],"acts_visited":["Exordium","TheCity","TheBeyond"],"potions_floor_usage":[],"damage_taken":[{"damage":7.0,"enemies":"2 Louse","floor":2.0,"turns":2.0},{"damage":0.0,"enemies":"Cultist","floor":3.0,"turns":4.0},{"damage":0.0,"enemies":"Small Slimes","floor":4.0,"turns":3.0},{"damage":0.0,"enemies":"Blue Slaver","floor":5.0,"turns":3.0},{"damage":45.0,"enemies":"Gremlin Nob","floor":6.0,"turns":7.0},{"damage":31.0,"enemies":"3 Sentries","floor":9.0,"turns":11.0},{"damage":1.0,"enemies":"Large Slime","floor":11.0,"turns":6.0},{"damage":0.0,"enemies":"Exordium Wildlife","floor":13.0,"turns":4.0},{"damage":0.0,"enemies":"2 Fungi Beasts","floor":14.0,"turns":4.0},{"damage":3.0,"enemies":"Blue Slaver","floor":15.0,"turns":4.0},{"damage":7.0,"enemies":"downfall:Watcher","floor":16.0,"turns":10.0},{"damage":16.0,"enemies":"Spheric Guardian","floor":19.0,"turns":5.0},{"damage":19.0,"enemies":"Shell Parasite","floor":21.0,"turns":6.0},{"damage":7.0,"enemies":"Snake Plant","floor":22.0,"turns":4.0},{"damage":15.0,"enemies":"Slavers","floor":25.0,"turns":5.0},{"damage":0.0,"enemies":"Centurion and Healer","floor":26.0,"turns":4.0},{"damage":0.0,"enemies":"downfall:FleeingMerchant","floor":27.0,"turns":4.0},{"damage":8.0,"enemies":"Shelled Parasite and Fungi","floor":29.0,"turns":4.0},{"damage":7.0,"enemies":"Chosen and Byrds","floor":31.0,"turns":5.0},{"damage":1.0,"enemies":"Centurion and Healer","floor":32.0,"turns":4.0},{"damage":21.0,"enemies":"downfall:Ironclad","floor":33.0,"turns":7.0},{"damage":0.0,"enemies":"Orb Walker","floor":36.0,"turns":3.0},{"damage":0.0,"enemies":"downfall:FleeingMerchant","floor":38.0,"turns":4.0},{"damage":15.0,"enemies":"3 Shapes","floor":39.0,"turns":2.0},{"damage":40.0,"enemies":"Transient","floor":42.0,"turns":5.0},{"damage":21,"enemies":"Nemesis","floor":43,"turns":2}],"seed_played":"-1527404329637545708","potions_obtained":[{"floor":4.0,"key":"Regen Potion"},{"floor":9.0,"key":"BlessingOfTheForge"},{"floor":14.0,"key":"LiquidMemories"},{"floor":15.0,"key":"BlessingOfTheForge"},{"floor":16.0,"key":"LiquidMemories"},{"floor":21.0,"key":"sneckomod:MuddlingPotion"},{"floor":22.0,"key":"sneckomod:MuddlingPotion"},{"floor":25.0,"key":"SkillPotion"},{"floor":26.0,"key":"Dexterity Potion"},{"floor":29.0,"key":"sneckomod:MuddlingPotion"},{"floor":31.0,"key":"CultistPotion"},{"floor":32.0,"key":"Weak Potion"},{"floor":38.0,"key":"Fruit Juice"},{"floor":39.0,"key":"Regen Potion"}],"is_trial":false,"path_per_floor":["R","M","M","M","M","E","T","R","E","R","M","?","M","M","M","B",null,"R","M","?","M","M","R","T","E","M","$","?","M","R","M","M","B",null,"R","M","?","$","M","?","T","M","E"],"character_chosen":"GUARDIAN","items_purchased":["Regal Pillow"],"campfire_rested":2,"item_purchase_floors":[27],"current_hp_per_floor":[80,73,73,73,73,28,28,38,22,22,21,21,21,21,18,11,90,90,74,56,37,30,30,30,15,15,15,15,7,50,43,42,21,95,95,95,95,100,85,45,45,5,0,0,0],"gold":51,"neow_bonus":"RANDOM_COMMON_RELIC","is_daily":false,"chose_seed":false,"campfire_upgraded":4,"win_rate":0.0,"timestamp":1608970913,"path_taken":["R","M","M","M","M","E","T","R","E","R","M","?","?","M","M","BOSS","R","M","?","M","M","R","T","E","M","$","?","M","R","M","M","BOSS","R","M","?","$","M","?","T","M","E"],"items_purchased_type":["Relic"],"build_version":"2020-12-22","purchased_purges":1,"victory":false,"max_hp_per_floor":[80,80,80,80,80,80,80,90,90,90,90,90,90,90,90,90,90,90,90,95,95,95,95,95,95,95,95,95,95,95,95,95,95,95,95,95,95,100,100,100,100,100,100,100,100],"card_choices":[{"not_picked":["Guardian:PiercingHide","Guardian:Incinerate"],"picked":"Guardian:PrismaticBeam","floor":2.0},{"not_picked":["Guardian:Gem_Cyan","Guardian:Planning"],"picked":"Guardian:Gem_Crimson","floor":3.0},{"not_picked":["Guardian:VentSteam","Guardian:Emergency"],"picked":"Guardian:Gem_Cyan","floor":4.0},{"not_picked":["Guardian:TemporalShield","Guardian:ConstructionForm"],"picked":"Guardian:Preprogram","floor":5.0},{"not_picked":["Guardian:SentryBeam","Guardian:Gem_Purple"],"picked":"Guardian:Gem_Yellow","floor":6.0},{"not_picked":["Guardian:Gem_Red","Guardian:Gem_Purple"],"picked":"Guardian:Gem_Blue","floor":9.0},{"not_picked":["Guardian:Incinerate","Guardian:Reroute"],"picked":"Guardian:BronzeArmor","floor":11.0},{"not_picked":["Guardian:Gem_Cyan","Guardian:Reroute"],"picked":"Guardian:Planning","floor":13.0},{"not_picked":["Guardian:ChargeCore","Guardian:Gem_Cyan"],"picked":"Guardian:Gem_Crimson","floor":14.0},{"not_picked":["Guardian:RefractedBeam","Guardian:Harden"],"picked":"Guardian:Gem_Purple","floor":15.0},{"not_picked":["Guardian:StasisField","Guardian:GemFinder"],"picked":"Guardian:RevengeProtocol","floor":16.0},{"not_picked":["Guardian:Gem_Cyan","Guardian:PrismaticBeam"],"picked":"Guardian:WalkerClaw","floor":19.0},{"not_picked":["Guardian:Suspension+1","Guardian:GuardianWhirl"],"picked":"Guardian:TemporalShield+1","floor":21.0},{"not_picked":["Guardian:EvasiveProtocol","Guardian:ChargeUp+1"],"picked":"Guardian:Gem_Yellow","floor":22.0},{"not_picked":["Guardian:Recover","Guardian:Gem_Purple"],"picked":"Guardian:StasisStrike","floor":25.0},{"not_picked":["Guardian:Gem_Lightblue","Guardian:MultiBeam+1","Guardian:Planning"],"picked":"SKIP","floor":26.0},{"not_picked":["Guardian:TimeBomb","Guardian:WalkerClaw","Guardian:TemporalShield"],"picked":"SKIP","floor":27.0},{"not_picked":["Guardian:Clone","Guardian:CrystalBeam"],"picked":"Guardian:SpikerProtocol","floor":29.0},{"not_picked":["Guardian:PrismaticBeam+1","Guardian:VentSteam"],"picked":"Guardian:TimeCapacitor","floor":30.0},{"not_picked":["Guardian:RefractedBeam+1","Guardian:Planning"],"picked":"Guardian:Clone+1","floor":31.0},{"not_picked":["Guardian:Gem_Fragmented","Guardian:TimeBomb+1"],"picked":"Guardian:Incinerate+1","floor":32.0},{"not_picked":["Guardian:FastForward","Guardian:StasisStrike"],"picked":"Guardian:GemFire","floor":33.0},{"not_picked":["Guardian:Gem_Lightblue","Guardian:ChargeCore+1"],"picked":"Guardian:SentryBeam","floor":35.0},{"not_picked":["Guardian:PrimingBeam","Guardian:Gem_Green"],"picked":"Guardian:AncientConstruct","floor":36.0},{"not_picked":["Guardian:WalkerClaw+1","Guardian:ChargeCore+1","Guardian:TemporalStrike+1"],"picked":"SKIP","floor":38.0},{"not_picked":["Guardian:TemporalStrike","Guardian:Gem_Lightblue","Guardian:PrismaticBeam+1"],"picked":"SKIP","floor":39.0},{"not_picked":["Guardian:TemporalShield","Guardian:RollAttack"],"picked":"Guardian:Gem_Red","floor":40.0},{"not_picked":["Guardian:PrimingBeam+1","Guardian:Reroute+1"],"picked":"Guardian:Gem_White","floor":40.0},{"not_picked":["Guardian:PiercingHide+1","Guardian:TimeSifter"],"picked":"Guardian:Gem_Blue","floor":42.0}],"player_experience":206238,"relics_obtained":[{"floor":6.0,"key":"Dream Catcher"},{"floor":9.0,"key":"The Courier"},{"floor":24.0,"key":"Happy Flower"},{"floor":25.0,"key":"White Beast Statue"},{"floor":37.0,"key":"Bag of Marbles"},{"floor":41.0,"key":"Art of War"}],"event_choices":[{"damage_healed":0.0,"max_hp_gain":0.0,"max_hp_loss":0.0,"gold_gain":0.0,"event_name":"Ghosts","player_choice":"Ignored","floor":28.0,"gold_loss":0.0,"damage_taken":0.0}],"is_beta":false,"boss_relics":[{"not_picked":["Abe\u0027s Treasure","Guardian:StasisSlotReductionRelic"],"picked":"downfall:Hecktoplasm"},{"not_picked":["Snecko Eye","Astrolabe"],"picked":"Fusion Hammer"}],"items_purged_floors":[27],"is_endless":false,"potions_floor_spawned":[4,9,14,15,16,21,22,25,26,27,29,31,32,33,36,38,39,42],"killed_by":"Nemesis","ascension_level":2}}