{"host":"kw4o7b3ro2ktmmbe","time":1608994170,"event":{"mods":["BaseMod","Evolution","Fireblade Mod","Minty Spire (QoL Compilation)","StSLib","Treasure Hunter"],"gold_per_floor":[342,353,428,441,441,473,473,224,224,259,259,274,291,318,318,416,416,435,435,452,452,472,472,486,519,569,588,109,119,144,162,162,265,265,276,293,142,102,119,152,152,184,184,184,203,214,225,245,245,245],"floor_reached":51,"playtime":4284,"items_purged":[],"score":938,"play_id":"ce6a7370-c678-4e8e-a2ee-ce7699b50200","local_time":"20201227034930","is_ascension_mode":true,"campfire_choices":[{"floor":7.0,"key":"REST"},{"floor":11.0,"key":"REST"},{"floor":15.0,"key":"REST"},{"floor":23.0,"key":"REST"},{"floor":32.0,"key":"REST"},{"floor":41.0,"key":"REST"},{"floor":44.0,"key":"REST"},{"floor":49,"key":"REST"}],"circlet_count":0,"master_deck":["FireBladeMod:ScorchingStrike","FireBladeMod:ScorchingStrike","FireBladeMod:ScorchingStrike","FireBladeMod:ScorchingStrike","FireBladeMod:Turtle","FireBladeMod:DefendFireBlade+1","FireBladeMod:DefendFireBlade","FireBladeMod:FlamingSword","FireBladeMod:FireBarrier","FireBladeMod:SmashingEndurance","FireBladeMod:Accelerant+1","FireBladeMod:SoulSword+1","TH:ArmorSpikes","FireBladeMod:ThirstForBlood","TH:DeckOfManyThings","TH:ElvenBoots","FireBladeMod:SmokySwing+1","FireBladeMod:Robust+1","FireBladeMod:FinalSmash+1","TH:ArmorSpikes","FireBladeMod:GetPumped","TH:DeckOfManyThings","FireBladeMod:LearnTells","FireBladeMod:SmashingEndurance+1","FireBladeMod:DeathBlade+1","FireBladeMod:LightningCombo+1","FireBladeMod:RapidDodges+1","FireBladeMod:GetPumped+1","FireBladeMod:LearnTells","TH:BikiniMail","FireBladeMod:Flames+1","TH:CursedSword","FireBladeMod:Refreshment+1","FireBladeMod:Accelerant+1","FireBladeMod:Refreshment+1","TH:CursedSword","FireBladeMod:QuickJabs+1","FireBladeMod:ComboCleave+1","TH:TreasureMap","FireBladeMod:HellFire+1","FireBladeMod:PyromancerForm","FireBladeMod:Wildfire+1","FireBladeMod:Turtle+1","TH:ElvenBoots","FireBladeMod:Arson+1","TH:TreasureMap","FireBladeMod:FinalSmash+1","TH:Mimic","FireBladeMod:SpinningSmash+1","FireBladeMod:HealthyEndurance+1"],"relics":["EVO:Axolotl","Fusion Hammer","StoneCalendar","Molten Egg 2","FireBladeMod:FirePoi","Toxic Egg 2","Matryoshka","Black Star","TH:Strongbox","Anchor","Art of War","Ancient Tea Set","Gremlin Horn","FireBladeMod:BronzeKnuckles","The Courier","Bird Faced Urn","SacredBark","Regal Pillow","Omamori","Meat on the Bone","PreservedInsect","Bottled Flame","Pen Nib","Sundial"],"acts_visited":["Exordium","TheCity","TheBeyond"],"potions_floor_usage":[46,50,50,50],"damage_taken":[{"damage":0.0,"enemies":"Cultist","floor":1.0,"turns":2.0},{"damage":0.0,"enemies":"2 Louse","floor":2.0,"turns":2.0},{"damage":1.0,"enemies":"Jaw Worm","floor":4.0,"turns":3.0},{"damage":7.0,"enemies":"Lagavulin","floor":6.0,"turns":5.0},{"damage":11.0,"enemies":"3 Sentries","floor":10.0,"turns":7.0},{"damage":6.0,"enemies":"Exordium Wildlife","floor":12.0,"turns":3.0},{"damage":0.0,"enemies":"Exordium Thugs","floor":13.0,"turns":3.0},{"damage":0.0,"enemies":"Lagavulin","floor":14.0,"turns":6.0},{"damage":1.0,"enemies":"The Guardian","floor":16.0,"turns":7.0},{"damage":28.0,"enemies":"2 Thieves","floor":18.0,"turns":4.0},{"damage":0.0,"enemies":"Spheric Guardian","floor":20.0,"turns":3.0},{"damage":11.0,"enemies":"Shelled Parasite and Fungi","floor":22.0,"turns":5.0},{"damage":0.0,"enemies":"Snecko","floor":24.0,"turns":4.0},{"damage":10.0,"enemies":"Book of Stabbing","floor":25.0,"turns":2.0},{"damage":0.0,"enemies":"Snake Plant","floor":27.0,"turns":2.0},{"damage":0.0,"enemies":"Chosen and Byrds","floor":29.0,"turns":3.0},{"damage":0.0,"enemies":"Gremlin Leader","floor":30.0,"turns":2.0},{"damage":24.0,"enemies":"3 Cultists","floor":31.0,"turns":4.0},{"damage":58.0,"enemies":"Collector","floor":33.0,"turns":6.0},{"damage":1.0,"enemies":"Orb Walker","floor":35.0,"turns":4.0},{"damage":5.0,"enemies":"3 Darklings","floor":36.0,"turns":5.0},{"damage":5.0,"enemies":"Writhing Mass","floor":39.0,"turns":2.0},{"damage":18.0,"enemies":"Reptomancer","floor":40.0,"turns":5.0},{"damage":43.0,"enemies":"Giant Head","floor":42.0,"turns":8.0},{"damage":1.0,"enemies":"4 Shapes","floor":45.0,"turns":4.0},{"damage":7,"enemies":"Jaw Worm Horde","floor":46,"turns":4},{"damage":9,"enemies":"Writhing Mass","floor":47,"turns":5},{"damage":9,"enemies":"3 Darklings","floor":48,"turns":4},{"damage":69,"enemies":"Awakened One","floor":50,"turns":12}],"seed_played":"-3388220631417799513","potions_obtained":[{"floor":2.0,"key":"Weak Potion"},{"floor":4.0,"key":"EntropicBrew"},{"floor":10.0,"key":"ColorlessPotion"},{"floor":18.0,"key":"Regen Potion"},{"floor":27.0,"key":"Swift Potion"},{"floor":29.0,"key":"LiquidMemories"},{"floor":30.0,"key":"Explosive Potion"},{"floor":31.0,"key":"GamblersBrew"},{"floor":33.0,"key":"Dexterity Potion"},{"floor":40.0,"key":"SteroidPotion"},{"floor":42.0,"key":"EssenceOfSteel"},{"floor":47,"key":"SpeedPotion"}],"is_trial":false,"path_per_floor":["M","M","?","M","?","E","R","$","T","E","R","M","M","E","R","B",null,"M","?","M","?","M","R","M","E","T","M","$","M","E","M","R","B",null,"M","M","$","?","M","E","R","E","T","R","M","M","M","M","R","B",null],"character_chosen":"THE_FIREBLADE","items_purchased":["Molten Egg 2","Gremlin Horn","FireBladeMod:Accelerant+1","FireBladeMod:BronzeKnuckles","Regal Pillow","FireBladeMod:Wildfire+1"],"campfire_rested":8,"item_purchase_floors":[8,28,28,28,37,37],"current_hp_per_floor":[70,70,59,58,44,37,58,58,58,47,68,62,62,62,70,69,70,42,42,42,42,45,66,66,56,56,56,56,56,56,40,61,13,70,70,70,70,70,67,53,70,43,43,70,70,65,64,55,70,37],"gold":245,"neow_bonus":"BOSS_RELIC","is_daily":false,"chose_seed":false,"campfire_upgraded":0,"win_rate":0.0,"timestamp":1608994170,"path_taken":["M","?","?","M","?","E","R","?","T","E","R","M","M","E","R","BOSS","M","?","?","?","M","R","M","E","T","M","$","M","E","M","R","BOSS","M","M","$","?","M","E","R","E","T","R","M","?","M","M","R","BOSS"],"items_purchased_type":["Relic","Relic","Card","Relic","Relic","Card"],"build_version":"2020-12-22","purchased_purges":0,"victory":true,"max_hp_per_floor":[70,70,70,70,70,70,70,70,70,70,70,70,70,70,70,70,70,70,70,70,70,70,70,70,70,70,70,70,70,70,70,70,70,70,70,70,70,70,70,70,70,70,70,70,70,70,70,70,70,70],"card_choices":[{"not_picked":["FireBladeMod:SmokeInTheEyes","FireBladeMod:StunningBlow"],"picked":"FireBladeMod:SmashingEndurance","floor":1.0},{"not_picked":["FireBladeMod:SpinningSmash","FireBladeMod:Turtle"],"picked":"FireBladeMod:Accelerant","floor":2.0},{"not_picked":["FireBladeMod:SpinningSmash","FireBladeMod:BasicSmash"],"picked":"FireBladeMod:SoulSword","floor":4.0},{"not_picked":["TH:CursedSword"],"picked":"TH:ArmorSpikes","floor":6.0},{"not_picked":["FireBladeMod:Turtle","FireBladeMod:StunningBlow"],"picked":"FireBladeMod:ThirstForBlood","floor":6.0},{"not_picked":["TH:PixieDust"],"picked":"TH:DeckOfManyThings","floor":9.0},{"not_picked":["TH:Mimic"],"picked":"TH:ElvenBoots","floor":10.0},{"not_picked":["FireBladeMod:BasicSmash+1","FireBladeMod:Reposition+1"],"picked":"FireBladeMod:SmokySwing+1","floor":10.0},{"not_picked":["FireBladeMod:WellPrepared+1","FireBladeMod:Turtle+1"],"picked":"FireBladeMod:Robust+1","floor":12.0},{"not_picked":["FireBladeMod:SteadyEndurance+1","FireBladeMod:ComboSlashes+1"],"picked":"FireBladeMod:FinalSmash+1","floor":13.0},{"not_picked":["TH:ElvenBoots"],"picked":"TH:ArmorSpikes","floor":14.0},{"not_picked":["FireBladeMod:Robust+1","FireBladeMod:ComplexDefense+1"],"picked":"FireBladeMod:GetPumped","floor":14.0},{"not_picked":["TH:Mimic"],"picked":"TH:DeckOfManyThings","floor":16.0},{"not_picked":["FireBladeMod:RapidHits","FireBladeMod:FinalSmash+1"],"picked":"FireBladeMod:LearnTells","floor":16.0},{"not_picked":["FireBladeMod:Tempo+1","FireBladeMod:ComboSlashes+1"],"picked":"FireBladeMod:SmashingEndurance+1","floor":18.0},{"not_picked":["FireBladeMod:ComboCleave+1","FireBladeMod:ComplexAttack+1"],"picked":"FireBladeMod:LightningCombo+1","floor":20.0},{"not_picked":["FireBladeMod:StingingSlash+1","FireBladeMod:SmashingEndurance+1"],"picked":"FireBladeMod:GetPumped+1","floor":22.0},{"not_picked":["FireBladeMod:SoulStrike+1","FireBladeMod:Robust+1"],"picked":"FireBladeMod:LearnTells","floor":24.0},{"not_picked":["TH:Mimic"],"picked":"TH:BikiniMail","floor":25.0},{"not_picked":["FireBladeMod:Tempo+1","FireBladeMod:FerventSlash+1"],"picked":"FireBladeMod:Flames+1","floor":25.0},{"not_picked":["TH:Mimic"],"picked":"TH:CursedSword","floor":26.0},{"not_picked":["FireBladeMod:Robust+1","FireBladeMod:StunningBlow+1"],"picked":"FireBladeMod:Refreshment+1","floor":27.0},{"not_picked":["FireBladeMod:BasicSmash+1","FireBladeMod:DoubleDash+1"],"picked":"FireBladeMod:Refreshment+1","floor":29.0},{"not_picked":["TH:PixieDust"],"picked":"TH:CursedSword","floor":30.0},{"not_picked":["FireBladeMod:ScorchingStrike+1","FireBladeMod:TorsoSmash+1"],"picked":"FireBladeMod:QuickJabs+1","floor":30.0},{"not_picked":["FireBladeMod:BackhandSwing+1","FireBladeMod:Robust+1"],"picked":"FireBladeMod:ComboCleave+1","floor":31.0},{"not_picked":["TH:BikiniMail"],"picked":"TH:TreasureMap","floor":33.0},{"not_picked":["FireBladeMod:AfterBurn","FireBladeMod:Blitzkreig"],"picked":"FireBladeMod:HellFire+1","floor":33.0},{"not_picked":["FireBladeMod:BasicSmash+1","FireBladeMod:StingingSlash+1","FireBladeMod:FerventSlash+1"],"picked":"SKIP","floor":35.0},{"not_picked":["FireBladeMod:BasicSmash+1","FireBladeMod:ScorchingStrike+1"],"picked":"FireBladeMod:PyromancerForm","floor":36.0},{"not_picked":["FireBladeMod:WellPrepared+1","FireBladeMod:ComboSlashes+1"],"picked":"FireBladeMod:Turtle+1","floor":39.0},{"not_picked":["TH:Mimic"],"picked":"TH:ElvenBoots","floor":40.0},{"not_picked":["FireBladeMod:IronEndurance+1","FireBladeMod:Speed"],"picked":"FireBladeMod:Arson+1","floor":40.0},{"not_picked":["TH:CopperCoins"],"picked":"TH:TreasureMap","floor":42.0},{"not_picked":["FireBladeMod:ComboCleave+1","FireBladeMod:SmashingEndurance+1"],"picked":"FireBladeMod:FinalSmash+1","floor":42.0},{"not_picked":["TH:PixieDust"],"picked":"TH:Mimic","floor":43.0},{"not_picked":["FireBladeMod:OverCharge+1","FireBladeMod:DoubleDash+1"],"picked":"FireBladeMod:SpinningSmash+1","floor":45.0},{"not_picked":["FireBladeMod:OverCharge+1","FireBladeMod:StingingSlash+1","FireBladeMod:ComboSlashes+1"],"picked":"SKIP","floor":46},{"not_picked":["FireBladeMod:ComboSlashes+1","FireBladeMod:LearnTells"],"picked":"FireBladeMod:HealthyEndurance+1","floor":47},{"not_picked":["FireBladeMod:WellPrepared+1","FireBladeMod:FerventSlash+1","FireBladeMod:OverCharge+1"],"picked":"SKIP","floor":48}],"player_experience":1808642,"relics_obtained":[{"floor":6.0,"key":"StoneCalendar"},{"floor":9.0,"key":"FireBladeMod:FirePoi"},{"floor":10.0,"key":"Toxic Egg 2"},{"floor":14.0,"key":"Matryoshka"},{"floor":25.0,"key":"TH:Strongbox"},{"floor":25.0,"key":"Anchor"},{"floor":26.0,"key":"Art of War"},{"floor":26.0,"key":"Ancient Tea Set"},{"floor":30.0,"key":"The Courier"},{"floor":30.0,"key":"Bird Faced Urn"},{"floor":40.0,"key":"Omamori"},{"floor":40.0,"key":"Meat on the Bone"},{"floor":42.0,"key":"PreservedInsect"},{"floor":42.0,"key":"Bottled Flame"},{"floor":43.0,"key":"Pen Nib"},{"floor":43.0,"key":"Sundial"}],"event_choices":[{"damage_healed":0.0,"max_hp_gain":0.0,"max_hp_loss":0.0,"gold_gain":75.0,"event_name":"World of Goop","player_choice":"Gather Gold","floor":3.0,"gold_loss":0.0,"damage_taken":11.0},{"damage_healed":0.0,"max_hp_gain":0.0,"max_hp_loss":0.0,"gold_gain":0.0,"event_name":"Shining Light","player_choice":"Entered Light","floor":5.0,"gold_loss":0.0,"damage_taken":14.0,"cards_upgraded":["FireBladeMod:SoulSword","FireBladeMod:DefendFireBlade"]},{"damage_healed":0.0,"max_hp_gain":0.0,"max_hp_loss":0.0,"gold_gain":0.0,"cards_transformed":["FireBladeMod:DefendFireBlade"],"event_name":"Transmorgrifier","player_choice":"Transformed","floor":19.0,"gold_loss":0.0,"damage_taken":0.0,"cards_obtained":["FireBladeMod:DeathBlade"]},{"damage_healed":0.0,"max_hp_gain":0.0,"max_hp_loss":0.0,"gold_gain":0.0,"event_name":"The Library","player_choice":"Read","floor":21.0,"gold_loss":0.0,"damage_taken":0.0,"cards_obtained":["FireBladeMod:RapidDodges"]},{"damage_healed":0.0,"max_hp_gain":0.0,"max_hp_loss":0.0,"gold_gain":0.0,"event_name":"Designer","player_choice":"Upgrade","floor":38.0,"gold_loss":40.0,"damage_taken":0.0,"cards_upgraded":["FireBladeMod:Accelerant"]}],"is_beta":false,"boss_relics":[{"not_picked":["Snecko Eye","Cursed Key"],"picked":"Black Star"},{"not_picked":["Busted Crown","Astrolabe"],"picked":"SacredBark"}],"items_purged_floors":[],"is_endless":false,"potions_floor_spawned":[2,4,10,12,18,27,29,30,31,33,40,42,45,47,48],"ascension_level":1}}