{"host":"raai0vtvcfkt8csp","time":1608986598,"event":{"mods":["2.2 Compatiblity","AchievementEnabler","BaseMod","Block Reminder","DeckTracker","Defective Defect","GifTheSpireLib","Minty Spire (QoL Compilation)","Quick Restart","Random Character Button","Rare Cards Sparkle","StSLib","Unceasing Turn Reminder"],"gold_per_floor":[117,136,149,159,159,191,202,219,290,315,326,326,338,353,353,448,448,462,481,491,505,5,31,31,60,87,104,114,142,159,192,192,287,287,302,313,326,326,0,35,35,68,68,0,0,0,0,0,0,0],"floor_reached":51,"playtime":2560,"items_purged":[],"score":968,"play_id":"f0f73405-f7eb-4c46-b603-330268ef2557","local_time":"20201226134318","is_ascension_mode":true,"campfire_choices":[{"data":"Spot Weakness","floor":15,"key":"SMITH"},{"data":"Inflame","floor":24,"key":"SMITH"},{"floor":32,"key":"RECALL"},{"floor":41,"key":"REST"},{"data":"Demon Form","floor":45,"key":"SMITH"},{"data":"Impervious","floor":47,"key":"SMITH"},{"data":"Combust","floor":49,"key":"SMITH"}],"circlet_count":0,"master_deck":["Strike_R+1","Defend_R","Defend_R+1","Defend_R","Defend_R","Bash","Cleave","Iron Wave","Inflame+1","Heavy Blade","Evolve","Spot Weakness+1","Rage","Immolate+1","Infernal Blade","Reaper","Dual Wield","Iron Wave","Flame Barrier+1","Impervious+1","Hemokinesis","Iron Wave+1","Anger","Combust+1","Demon Form+1","Carnage+1","Fire Breathing+1","Fiend Fire+1","Clash+1","Wild Strike","Combust+1","Flash of Steel","Wild Strike","Spot Weakness+1","Armaments+1"],"relics":["Burning Blood","Bag of Marbles","Anchor","Mummified Hand","Ancient Tea Set","Black Star","Boot","Lee\u0027s Waffle","Calipers","Toy Ornithopter","White Beast Statue","MealTicket","Strawberry","War Paint","Incense Burner","Whetstone","HornCleat","Astrolabe","Meat on the Bone","Orichalcum","Centennial Puzzle","Ice Cream","Pocketwatch","Blood Vial","Red Mask"],"acts_visited":["Exordium","TheCity","TheBeyond"],"potions_floor_usage":[7,20,20,23,27,29,29,31,33,37,40,50,50,50],"damage_taken":[{"damage":6,"enemies":"Cultist","floor":1,"turns":3},{"damage":0,"enemies":"Small Slimes","floor":2,"turns":3},{"damage":0,"enemies":"2 Louse","floor":3,"turns":1},{"damage":16,"enemies":"Red Slaver","floor":4,"turns":4},{"damage":23,"enemies":"Gremlin Nob","floor":6,"turns":4},{"damage":0,"enemies":"2 Fungi Beasts","floor":7,"turns":2},{"damage":7,"enemies":"Blue Slaver","floor":8,"turns":4},{"damage":13,"enemies":"Lagavulin","floor":10,"turns":3},{"damage":5,"enemies":"Large Slime","floor":11,"turns":5},{"damage":0,"enemies":"Exordium Thugs","floor":13,"turns":2},{"damage":0,"enemies":"Looter","floor":14,"turns":2},{"damage":47,"enemies":"Hexaghost","floor":16,"turns":9},{"damage":63,"enemies":"3 Byrds","floor":18,"turns":5},{"damage":28,"enemies":"Spheric Guardian","floor":19,"turns":6},{"damage":10,"enemies":"Snecko","floor":20,"turns":3},{"damage":24,"enemies":"Snake Plant","floor":21,"turns":5},{"damage":0,"enemies":"Slavers","floor":23,"turns":1},{"damage":52,"enemies":"Book of Stabbing","floor":25,"turns":7},{"damage":22,"enemies":"Chosen and Byrds","floor":27,"turns":6},{"damage":0,"enemies":"Snecko","floor":28,"turns":4},{"damage":31,"enemies":"Slavers","floor":29,"turns":5},{"damage":16,"enemies":"Cultist and Chosen","floor":30,"turns":5},{"damage":17,"enemies":"Book of Stabbing","floor":31,"turns":4},{"damage":71,"enemies":"Collector","floor":33,"turns":11},{"damage":9,"enemies":"3 Shapes","floor":35,"turns":6},{"damage":3,"enemies":"Orb Walker","floor":36,"turns":3},{"damage":19,"enemies":"Transient","floor":37,"turns":5},{"damage":75,"enemies":"Giant Head","floor":40,"turns":9},{"damage":9,"enemies":"Reptomancer","floor":42,"turns":7},{"damage":113,"enemies":"Awakened One","floor":50,"turns":9}],"seed_played":"-2719162777261051452","potions_obtained":[{"floor":6,"key":"BlessingOfTheForge"},{"floor":8,"key":"BloodPotion"},{"floor":10,"key":"LiquidMemories"},{"floor":14,"key":"BloodPotion"},{"floor":21,"key":"Dexterity Potion"},{"floor":23,"key":"SteroidPotion"},{"floor":27,"key":"SkillPotion"},{"floor":29,"key":"Explosive Potion"},{"floor":30,"key":"SneckoOil"},{"floor":31,"key":"AttackPotion"},{"floor":33,"key":"FearPotion"},{"floor":37,"key":"BloodPotion"},{"floor":40,"key":"SpeedPotion"}],"is_trial":false,"path_per_floor":["M","M","M","M","?","E","M","M","T","E","M","?","M","M","R","B",null,"M","M","M","M","$","E","R","E","T","M","M","E","M","E","R","B",null,"M","M","M","?","$","E","R","E","T","?","R","$","R","?","R","B",null],"character_chosen":"IRONCLAD","items_purchased":["Boot","Lee\u0027s Waffle","Block Potion","Impervious","Meat on the Bone","Metallicize","Wild Strike"],"campfire_rested":1,"item_purchase_floors":[22,22,22,22,39,39,39],"current_hp_per_floor":[80,80,80,70,70,53,59,58,58,51,52,52,58,64,64,23,80,32,10,38,25,87,87,87,41,48,46,61,46,54,58,58,13,94,91,94,85,85,94,55,83,80,80,80,80,94,94,94,94,32],"gold":0,"neow_bonus":"RANDOM_COMMON_RELIC","is_daily":false,"chose_seed":false,"campfire_upgraded":5,"win_rate":0.0,"timestamp":1608986598,"path_taken":["M","?","M","M","?","E","M","M","T","E","M","?","?","M","R","BOSS","M","M","M","M","$","E","R","E","T","M","M","E","M","E","R","BOSS","M","M","M","?","$","E","R","E","T","?","R","?","R","?","R","BOSS"],"items_purchased_type":["Relic","Relic","Potion","Card","Relic","Card","Card"],"build_version":"2020-12-22","purchased_purges":0,"victory":true,"max_hp_per_floor":[80,80,80,80,80,80,80,80,80,80,80,80,80,80,80,80,80,80,80,80,80,87,87,87,87,94,94,94,94,94,94,94,94,94,94,94,94,94,94,94,94,94,94,94,94,94,94,94,94,94],"card_choices":[{"not_picked":["Twin Strike","Body Slam"],"picked":"Cleave","floor":1},{"not_picked":["True Grit","Rupture"],"picked":"Iron Wave","floor":2},{"not_picked":["Iron Wave","Bloodletting"],"picked":"Inflame","floor":3},{"not_picked":["Twin Strike","Body Slam"],"picked":"Heavy Blade","floor":4},{"not_picked":["Heavy Blade","Pommel Strike"],"picked":"Evolve","floor":6},{"not_picked":["Whirlwind","Sword Boomerang"],"picked":"Spot Weakness","floor":7},{"not_picked":["Flex","Anger"],"picked":"Rage","floor":8},{"not_picked":["Perfected Strike","Heavy Blade"],"picked":"Immolate","floor":10},{"not_picked":["Sword Boomerang","Cleave","Pommel Strike"],"picked":"SKIP","floor":11},{"not_picked":["Perfected Strike","Warcry","Cleave"],"picked":"SKIP","floor":13},{"not_picked":["Havoc","True Grit","Cleave"],"picked":"SKIP","floor":14},{"not_picked":["Brutality","Fiend Fire"],"picked":"Reaper","floor":16},{"not_picked":["Heavy Blade","Sever Soul"],"picked":"Dual Wield","floor":18},{"not_picked":["Flex","Anger"],"picked":"Iron Wave","floor":19},{"not_picked":["Cleave","Sever Soul","Sword Boomerang+1"],"picked":"SKIP","floor":20},{"not_picked":["Power Through","Second Wind"],"picked":"Flame Barrier","floor":21},{"not_picked":["Flex","Clothesline+1"],"picked":"Hemokinesis","floor":23},{"not_picked":["Cleave","Bloodletting","Twin Strike"],"picked":"SKIP","floor":25},{"not_picked":["Flex","Power Through"],"picked":"Iron Wave+1","floor":27},{"not_picked":["Hemokinesis","Warcry+1"],"picked":"Anger","floor":28},{"not_picked":["Pummel","Fire Breathing+1"],"picked":"Combust+1","floor":29},{"not_picked":["Heavy Blade","Clothesline+1","Clash"],"picked":"SKIP","floor":30},{"not_picked":["Dual Wield","Fiend Fire","Warcry"],"picked":"SKIP","floor":31},{"not_picked":["Offering","Barricade"],"picked":"Demon Form","floor":33},{"not_picked":["Cleave+1","Warcry"],"picked":"Clash+1","floor":35},{"not_picked":["Fire Breathing+1","True Grit+1"],"picked":"Wild Strike","floor":36},{"not_picked":["Body Slam+1","True Grit"],"picked":"Combust","floor":37},{"not_picked":["Panacea","Swift Strike"],"picked":"Flash of Steel","floor":38},{"not_picked":["Body Slam+1","True Grit"],"picked":"Spot Weakness+1","floor":40},{"not_picked":["Exhume","Clash+1"],"picked":"Armaments+1","floor":42}],"player_experience":459081,"relics_obtained":[{"floor":6,"key":"Anchor"},{"floor":9,"key":"Mummified Hand"},{"floor":10,"key":"Ancient Tea Set"},{"floor":23,"key":"Calipers"},{"floor":23,"key":"Toy Ornithopter"},{"floor":25,"key":"White Beast Statue"},{"floor":25,"key":"MealTicket"},{"floor":26,"key":"Strawberry"},{"floor":29,"key":"War Paint"},{"floor":29,"key":"Incense Burner"},{"floor":31,"key":"Whetstone"},{"floor":31,"key":"HornCleat"},{"floor":40,"key":"Orichalcum"},{"floor":40,"key":"Centennial Puzzle"},{"floor":42,"key":"Ice Cream"},{"floor":42,"key":"Pocketwatch"},{"floor":43,"key":"Blood Vial"}],"event_choices":[{"damage_healed":0,"gold_gain":0,"player_choice":"Ignored","damage_taken":0,"max_hp_gain":0,"max_hp_loss":0,"event_name":"Liars Game","floor":5,"gold_loss":0},{"damage_healed":0,"gold_gain":0,"cards_transformed":["Strike_R"],"player_choice":"Transformed","damage_taken":0,"max_hp_gain":0,"max_hp_loss":0,"event_name":"Transmorgrifier","floor":12,"gold_loss":0,"cards_obtained":["Infernal Blade"]},{"damage_healed":0,"gold_gain":0,"player_choice":"Memory 1","damage_taken":0,"max_hp_gain":0,"max_hp_loss":0,"event_name":"SensoryStone","floor":38,"gold_loss":0},{"damage_healed":0,"gold_gain":0,"player_choice":"Paid","damage_taken":0,"relics_obtained":["Red Mask"],"max_hp_gain":0,"max_hp_loss":0,"event_name":"Tomb of Lord Red Mask","floor":44,"gold_loss":68},{"cards_removed":["Metallicize"],"damage_healed":0,"gold_gain":0,"player_choice":"Removed Power","damage_taken":0,"max_hp_gain":0,"max_hp_loss":0,"event_name":"Falling","floor":48,"gold_loss":0}],"is_beta":false,"boss_relics":[{"not_picked":["Snecko Eye","Ectoplasm"],"picked":"Black Star"},{"not_picked":["SlaversCollar","Empty Cage"],"picked":"Astrolabe"}],"items_purged_floors":[],"is_endless":false,"potions_floor_spawned":[6,8,10,14,16,18,21,23,27,28,29,30,31,33,35,36,37,40,42],"ascension_level":1}}