{"host":"4379nbizdl4j6782","time":1608953073,"event":{"mods":["BaseMod","Dota2Spire","GifTheSpireLib","Minty Spire (QoL Compilation)","Quick Restart","StSLib"],"gold_per_floor":[115,135,86,261,275,301,311,327,327,327,327,343,643,653,653,754,754,771,785,785,798,815,825,857,857,910,910,941,646,658,670,670,773,773,790,537,555,403,363,375,403,413,413,426,426,426,426,15,15,15],"floor_reached":51,"playtime":3936,"items_purged":["Caltrops"],"score":773,"play_id":"07df4ab4-21ee-4aea-873c-4352dbb51551","local_time":"20201226112433","daily_mods":["SealedDeck","Heirloom"],"is_ascension_mode":false,"campfire_choices":[{"data":"Noxious Fumes","floor":11.0,"key":"SMITH"},{"floor":15.0,"key":"REST"},{"data":"Concentrate","floor":25.0,"key":"SMITH"},{"data":"Bullet Time","floor":27.0,"key":"SMITH"},{"data":"Footwork","floor":32.0,"key":"SMITH"},{"data":"Bouncing Flask","floor":45,"key":"SMITH"},{"data":"Noxious Fumes","floor":47,"key":"SMITH"},{"data":"Burst","floor":49,"key":"SMITH"}],"circlet_count":0,"master_deck":["Footwork+1","Concentrate+1","Leg Sweep+1","Dodge and Roll","Bane+1","Footwork","Dodge and Roll","Crippling Poison","Noxious Fumes+1","Deadly Poison","Backflip","Crippling Poison","Blur","Bullet Time+1","Deflect","Bouncing Flask+1","Poisoned Stab","Heel Hook","PiercingWail","Burst+1","Noxious Fumes+1","Master of Strategy"],"relics":["Ring of the Snake","Ginger","Akabeko","Bottled Tornado","Old Coin","Black Star","Meat on the Bone","Dota2Spire:MantaStyle","MealTicket","Dota2Spire:BattleFury","Darkstone Periapt","Dota2Spire:DrumOfEndurance","Empty Cage","Oddly Smooth Stone","Dota2Spire:ArcaneBoots","Pocketwatch","Snake Skull","Dota2Spire:OrchidMalevolence","Dota2Spire:CrimsonGuard","Sling"],"acts_visited":["Exordium","TheCity","TheBeyond"],"potions_floor_usage":[35,41],"damage_taken":[{"damage":0.0,"enemies":"Jaw Worm","floor":1.0,"turns":5.0},{"damage":0.0,"enemies":"2 Louse","floor":2.0,"turns":3.0},{"damage":0.0,"enemies":"Cultist","floor":5.0,"turns":4.0},{"damage":24.0,"enemies":"Gremlin Nob","floor":6.0,"turns":6.0},{"damage":1.0,"enemies":"Large Slime","floor":7.0,"turns":8.0},{"damage":7.0,"enemies":"Gremlin Gang","floor":8.0,"turns":4.0},{"damage":5.0,"enemies":"Blue Slaver","floor":12.0,"turns":4.0},{"damage":9.0,"enemies":"Lots of Slimes","floor":14.0,"turns":3.0},{"damage":0.0,"enemies":"The Guardian","floor":16.0,"turns":9.0},{"damage":0.0,"enemies":"Shell Parasite","floor":18.0,"turns":6.0},{"damage":0.0,"enemies":"Spheric Guardian","floor":19.0,"turns":4.0},{"damage":17.0,"enemies":"Shelled Parasite and Fungi","floor":21.0,"turns":5.0},{"damage":1.0,"enemies":"Snake Plant","floor":22.0,"turns":5.0},{"damage":6.0,"enemies":"Snecko","floor":23.0,"turns":5.0},{"damage":19.0,"enemies":"Gremlin Leader","floor":24.0,"turns":6.0},{"damage":0.0,"enemies":"Slavers","floor":28.0,"turns":5.0},{"damage":3.0,"enemies":"Centurion and Healer","floor":30.0,"turns":4.0},{"damage":0.0,"enemies":"Cultist and Chosen","floor":31.0,"turns":4.0},{"damage":32.0,"enemies":"Champ","floor":33.0,"turns":13.0},{"damage":7,"enemies":"3 Shapes","floor":35,"turns":4},{"damage":11,"enemies":"Orb Walker","floor":37,"turns":5},{"damage":18,"enemies":"Transient","floor":40,"turns":5},{"damage":15,"enemies":"Nemesis","floor":41,"turns":9},{"damage":0,"enemies":"Jaw Worm Horde","floor":42,"turns":3},{"damage":6,"enemies":"3 Darklings","floor":44,"turns":3},{"damage":36,"enemies":"Time Eater","floor":50,"turns":10}],"seed_played":"1798811773669021850","potions_obtained":[{"floor":5.0,"key":"SkillPotion"},{"floor":7.0,"key":"Swift Potion"},{"floor":14.0,"key":"Weak Potion"},{"floor":21.0,"key":"Block Potion"},{"floor":22.0,"key":"Dexterity Potion"},{"floor":24.0,"key":"GamblersBrew"},{"floor":28.0,"key":"Ancient Potion"},{"floor":30.0,"key":"Energy Potion"},{"floor":40,"key":"DuplicationPotion"},{"floor":42,"key":"GamblersBrew"}],"is_trial":true,"path_per_floor":["M","M","$","?","M","E","M","M","T","?","R","M","T","M","R","B",null,"M","M","?","M","M","M","E","R","T","R","E","$","M","M","R","B",null,"M","$","M","$","?","M","E","M","T","M","R","?","R","$","R","B",null],"character_chosen":"THE_SILENT","items_purchased":["Backflip","Heel Hook","Dota2Spire:DrumOfEndurance","Oddly Smooth Stone","GhostInAJar","Dota2Spire:ArcaneBoots","Dota2Spire:CrimsonGuard","Sling"],"campfire_rested":1,"item_purchase_floors":[3,29,29,36,36,38,48,48],"current_hp_per_floor":[70,70,70,70,70,46,45,38,38,38,38,33,33,24,45,45,70,70,70,70,53,52,46,27,27,27,27,39,54,51,51,51,31,70,63,70,59,70,70,52,37,37,37,43,43,43,43,58,58,34],"gold":15,"neow_bonus":"","is_daily":false,"chose_seed":false,"campfire_upgraded":7,"win_rate":0.0,"timestamp":1608953073,"path_taken":["M","M","$","?","M","E","M","M","T","?","R","M","?","?","R","BOSS","M","M","?","?","M","M","E","R","T","R","E","$","M","M","R","BOSS","M","$","M","$","?","M","E","M","T","?","R","?","R","$","R","BOSS"],"items_purchased_type":["Card","Card","Relic","Relic","Potion","Relic","Relic","Relic"],"build_version":"2020-12-22","purchased_purges":1,"victory":true,"max_hp_per_floor":[70,70,70,70,70,70,70,70,70,70,70,70,70,70,70,70,70,70,70,70,70,70,70,70,70,70,70,70,70,70,70,70,70,70,70,70,70,70,70,70,70,70,70,70,70,70,70,70,70,70],"card_choices":[{"not_picked":["All Out Attack","Dagger Spray"],"picked":"Deadly Poison","floor":1.0},{"not_picked":["Outmaneuver","Poisoned Stab","All Out Attack"],"picked":"SKIP","floor":2.0},{"not_picked":["Underhanded Strike","Acrobatics"],"picked":"Crippling Poison","floor":5.0},{"not_picked":["Quick Slash","Deflect"],"picked":"Blur","floor":6.0},{"not_picked":["Finisher","Leg Sweep"],"picked":"Poisoned Stab","floor":7.0},{"not_picked":["Deadly Poison","Accuracy"],"picked":"Caltrops","floor":8.0},{"not_picked":["Finisher","Bane"],"picked":"Bullet Time","floor":12.0},{"not_picked":["Footwork","Predator"],"picked":"Deflect","floor":14.0},{"not_picked":["Flying Knee","Skewer+1","Setup"],"picked":"SKIP","floor":18.0},{"not_picked":["Dagger Throw+1","Setup"],"picked":"Bouncing Flask","floor":19.0},{"not_picked":["Dodge and Roll","Dagger Throw+1"],"picked":"Poisoned Stab","floor":21.0},{"not_picked":["Terror+1","Sucker Punch","Die Die Die"],"picked":"SKIP","floor":22.0},{"not_picked":["Quick Slash","Cloak And Dagger","Dagger Spray"],"picked":"SKIP","floor":23.0},{"not_picked":["Crippling Poison","Caltrops","Deadly Poison"],"picked":"SKIP","floor":24.0},{"not_picked":["Backflip","Cloak And Dagger","Skewer"],"picked":"SKIP","floor":28.0},{"not_picked":["Leg Sweep","Caltrops"],"picked":"PiercingWail","floor":30.0},{"not_picked":["Prepared","Dodge and Roll","Acrobatics"],"picked":"SKIP","floor":31.0},{"not_picked":["Malaise","Unload"],"picked":"Burst","floor":33.0},{"not_picked":["Outmaneuver","Blur","Dodge and Roll+1"],"picked":"SKIP","floor":35},{"not_picked":["Tactician+1","Quick Slash","Acrobatics"],"picked":"SKIP","floor":37},{"not_picked":["Cloak And Dagger","Outmaneuver","Slice"],"picked":"SKIP","floor":40},{"not_picked":["Unload","Cloak And Dagger+1"],"picked":"Noxious Fumes","floor":41},{"not_picked":["Heel Hook+1","Dagger Spray+1","Outmaneuver"],"picked":"SKIP","floor":42},{"not_picked":["Cloak And Dagger+1","Dagger Throw+1","Sucker Punch+1"],"picked":"SKIP","floor":44},{"not_picked":["Dramatic Entrance","Swift Strike"],"picked":"Master of Strategy","floor":46}],"player_experience":3732,"relics_obtained":[{"floor":6.0,"key":"Akabeko"},{"floor":9.0,"key":"Bottled Tornado"},{"floor":13.0,"key":"Old Coin"},{"floor":24.0,"key":"Meat on the Bone"},{"floor":24.0,"key":"Dota2Spire:MantaStyle"},{"floor":26.0,"key":"MealTicket"},{"floor":28.0,"key":"Dota2Spire:BattleFury"},{"floor":28.0,"key":"Darkstone Periapt"},{"floor":41,"key":"Pocketwatch"},{"floor":41,"key":"Snake Skull"},{"floor":43,"key":"Dota2Spire:OrchidMalevolence"}],"event_choices":[{"damage_healed":0.0,"max_hp_gain":0.0,"max_hp_loss":0.0,"gold_gain":175.0,"event_name":"Liars Game","player_choice":"AGREE","floor":4.0,"gold_loss":0.0,"damage_taken":0.0,"cards_obtained":["Doubt"]},{"cards_removed":["Doubt"],"damage_healed":0.0,"max_hp_gain":0.0,"max_hp_loss":0.0,"gold_gain":0.0,"event_name":"Living Wall","player_choice":"Forget","floor":10.0,"gold_loss":0.0,"damage_taken":0.0},{"damage_healed":0.0,"max_hp_gain":0.0,"max_hp_loss":0.0,"gold_gain":0.0,"event_name":"N\u0027loth","player_choice":"Ignored","floor":20.0,"gold_loss":0.0,"damage_taken":0.0},{"damage_healed":0,"gold_gain":0,"player_choice":"Upgraded Two","damage_taken":0,"max_hp_gain":0,"max_hp_loss":0,"event_name":"Designer","floor":39,"gold_loss":40,"cards_upgraded":["Bane","Leg Sweep"]},{"damage_healed":0,"gold_gain":0,"player_choice":"Memory 1","damage_taken":0,"max_hp_gain":0,"max_hp_loss":0,"event_name":"SensoryStone","floor":46,"gold_loss":0}],"is_beta":false,"boss_relics":[{"not_picked":["HoveringKite","Dota2Spire:RefresherOrb"],"picked":"Black Star"},{"not_picked":["Busted Crown","Philosopher\u0027s Stone"],"picked":"Empty Cage"}],"items_purged_floors":[29],"is_endless":false,"potions_floor_spawned":[5,7,14,21,22,24,28,30,40,42,44],"ascension_level":0}}