{"host":"s0d2u711fzg2n3il","time":1608996237,"event":{"mods":["2.2 Compatiblity","AchievementEnabler","Act Like it!","Aspiration","BaseMod","BetterRewards","Block Reminder","Conspire","Downfall","Duelist Mod","Ekko","GifTheSpireLib","Hermit","Hubris","JesterMod","Melee Mod","Minty Spire (QoL Compilation)","Nova Terra(??·??)","Pikachu Mod","Rare Cards Sparkle","Replay The Spire","Robot Space Explorer","Shade Mod","StSLib","The Bug Knight","The Death Knight","The Disciple","The Dragon Tamer","The Hierophant","The Necromancer","The Valiant","TheVacant","vexMod"],"gold_per_floor":[115,128,145,163,180,180,198,198,222,222,235,248,248,248],"floor_reached":13,"playtime":588,"items_purged":[],"score":81,"play_id":"db4e6df0-6b8e-46c2-b8b5-140dff75cfaf","local_time":"20201226162357","is_ascension_mode":false,"campfire_choices":[{"data":"Blur","floor":6,"key":"SMITH"},{"floor":10,"key":"REST"}],"circlet_count":0,"master_deck":["Strike_G","Strike_G","Strike_G","Strike_G","Strike_G","Defend_G","Defend_G","Defend_G","Defend_G","Defend_G","Survivor","Neutralize","Eviscerate","Poisoned Stab","Predator","Blur+1","Prepared","Leg Sweep"],"relics":["Ring of the Snake","NeowsBlessing","FaceOfCleric","Omamori"],"acts_visited":["Exordium"],"potions_floor_usage":[11],"damage_taken":[{"damage":0,"enemies":"Jaw Worm","floor":1,"turns":1},{"damage":0,"enemies":"Cultist","floor":2,"turns":1},{"damage":0,"enemies":"2 Louse","floor":3,"turns":1},{"damage":9,"enemies":"Blue Slaver","floor":4,"turns":5},{"damage":0,"enemies":"Looter","floor":5,"turns":3},{"damage":13,"enemies":"Lots of Slimes","floor":7,"turns":5},{"damage":12,"enemies":"Exordium Thugs","floor":11,"turns":4},{"damage":0,"enemies":"Large Slime","floor":12,"turns":4},{"damage":19,"enemies":"3 Sentries","floor":13,"turns":4}],"seed_played":"6303545273594272485","potions_obtained":[{"floor":2,"key":"Poison Potion"},{"floor":5,"key":"Strength Potion"},{"floor":12,"key":"DuplicationPotion"}],"is_trial":false,"path_per_floor":["M","M","M","M","M","R","M","?","T","R","M","M","E"],"character_chosen":"THE_SILENT","items_purchased":[],"campfire_rested":1,"item_purchase_floors":[],"current_hp_per_floor":[70,70,70,61,61,61,48,48,48,69,58,59,40,40],"gold":248,"neow_bonus":"THREE_ENEMY_KILL","is_daily":false,"chose_seed":false,"campfire_upgraded":1,"win_rate":0.0,"timestamp":1608996237,"path_taken":["M","M","M","M","M","R","M","?","T","R","?","M","E"],"items_purchased_type":[],"build_version":"2020-12-22","purchased_purges":0,"victory":false,"max_hp_per_floor":[70,70,70,70,70,70,70,70,70,70,71,72,72,72],"card_choices":[{"not_picked":["Hidden Blade","Deflect"],"picked":"Eviscerate","floor":1},{"not_picked":["Flying Knee","Hidden Blade","Acrobatics"],"picked":"SKIP","floor":2},{"not_picked":["PiercingWail","Bane"],"picked":"Poisoned Stab","floor":3},{"not_picked":["Backflip","Sucker Punch"],"picked":"Predator","floor":4},{"not_picked":["Outmaneuver","Deflect"],"picked":"Blur","floor":5},{"not_picked":["Dagger Throw","Bane"],"picked":"Prepared","floor":7},{"not_picked":["Deflect","Flechettes","Night Terror"],"picked":"SKIP","floor":11},{"not_picked":["Quick Slash","Backflip"],"picked":"Leg Sweep","floor":12}],"player_experience":524897,"relics_obtained":[{"floor":9,"key":"Omamori"}],"event_choices":[{"damage_healed":0,"gold_gain":0,"player_choice":"Trade","damage_taken":0,"relics_obtained":["FaceOfCleric"],"max_hp_gain":0,"max_hp_loss":0,"event_name":"FaceTrader","floor":8,"gold_loss":0}],"is_beta":false,"boss_relics":[],"items_purged_floors":[],"is_endless":false,"potions_floor_spawned":[2,5,12],"killed_by":"3 Sentries","ascension_level":0}}