{"host":"n8qcnfcud3b7cmys","time":1608951731,"event":{"mods":["BaseMod","Colored Map","Colored Powertips","Googly Eyes","Minty Spire (QoL Compilation)","Quick Restart","READ ME - Snecko Mod","StSLib","The IronCluck"],"gold_per_floor":[118,293,293,243,256,288,303,303,303,321,321,333,344,360,360,459,459,459,459,459,459,384,384,384],"floor_reached":23,"playtime":1187,"items_purged":[],"score":205,"play_id":"78926008-6898-4743-8616-fe7fb65bb622","local_time":"20201225210211","is_ascension_mode":true,"campfire_choices":[{"data":"FTL","floor":8,"key":"SMITH"},{"floor":11,"key":"REST"},{"floor":15,"key":"REST"}],"circlet_count":0,"master_deck":["Strike_B","Strike_B","Strike_B","Strike_B","Defend_B","Defend_B","Defend_B","Defend_B","Zap+1","Dualcast","Go for the Eyes","Hologram","Ball Lightning","FTL+1","Redo","Thunder Strike","Capacitor","Defragment","Core Surge","Go for the Eyes+1","Conserve Battery","Beam Cell+1"],"relics":["Cracked Core","Gremlin Horn","Regal Pillow","Ectoplasm","Darkstone Periapt"],"acts_visited":["Exordium","TheCity"],"potions_floor_usage":[6,10,16,21],"damage_taken":[{"damage":7,"enemies":"Small Slimes","floor":1,"turns":3},{"damage":0,"enemies":"Jaw Worm","floor":5,"turns":3},{"damage":30,"enemies":"Gremlin Nob","floor":6,"turns":5},{"damage":0,"enemies":"2 Louse","floor":7,"turns":2},{"damage":0,"enemies":"Large Slime","floor":10,"turns":3},{"damage":10,"enemies":"Looter","floor":12,"turns":3},{"damage":1,"enemies":"2 Fungi Beasts","floor":13,"turns":2},{"damage":11,"enemies":"3 Louse","floor":14,"turns":3},{"damage":45,"enemies":"Hexaghost","floor":16,"turns":8},{"damage":5,"enemies":"Spheric Guardian","floor":18,"turns":3},{"damage":1,"enemies":"Chosen","floor":19,"turns":4},{"damage":34,"enemies":"Snake Plant","floor":21,"turns":6},{"damage":55,"enemies":"Gremlin Leader","floor":23,"turns":4}],"seed_played":"-5803929908027923501","potions_obtained":[{"floor":5,"key":"Regen Potion"},{"floor":6,"key":"SpeedPotion"},{"floor":7,"key":"Block Potion"},{"floor":19,"key":"AttackPotion"}],"is_trial":false,"path_per_floor":["M","?","?","?","M","E","M","R","T","M","R","M","M","M","R","B",null,"M","M","?","M","?","E"],"character_chosen":"DEFECT","items_purchased":[],"campfire_rested":2,"item_purchase_floors":[],"current_hp_per_floor":[75,75,75,75,75,57,57,57,57,57,82,72,71,60,82,37,82,77,76,82,48,48,0,0],"gold":384,"neow_bonus":"TEN_PERCENT_HP_BONUS","is_daily":false,"chose_seed":false,"campfire_upgraded":1,"win_rate":0.0,"timestamp":1608951731,"path_taken":["M","?","?","?","M","E","M","R","T","?","R","M","M","M","R","BOSS","M","M","?","M","?","E"],"items_purchased_type":[],"build_version":"2020-12-22","purchased_purges":0,"victory":false,"max_hp_per_floor":[82,82,82,82,82,82,82,82,82,82,82,82,82,82,82,82,82,82,82,88,88,88,88,88],"card_choices":[{"not_picked":["Steam","Cold Snap"],"picked":"Go for the Eyes","floor":1},{"not_picked":["Biased Cognition","Compile Driver"],"picked":"Hologram","floor":5},{"not_picked":["Conserve Battery","Turbo"],"picked":"Ball Lightning","floor":6},{"not_picked":["Skim","Turbo"],"picked":"FTL","floor":7},{"not_picked":["Cold Snap","Hologram"],"picked":"Redo","floor":10},{"not_picked":["Undo","Stack"],"picked":"Thunder Strike","floor":12},{"not_picked":["Melter","Redo"],"picked":"Capacitor","floor":13},{"not_picked":["Rebound","Cold Snap"],"picked":"Defragment","floor":14},{"not_picked":["Seek","Meteor Strike"],"picked":"Core Surge","floor":16},{"not_picked":["Sunder+1","Leap"],"picked":"Go for the Eyes+1","floor":18},{"not_picked":["Cold Snap","Redo"],"picked":"Conserve Battery","floor":19},{"not_picked":["Compile Driver","Conserve Battery"],"picked":"Beam Cell+1","floor":21}],"player_experience":143245,"relics_obtained":[{"floor":6,"key":"Gremlin Horn"},{"floor":9,"key":"Regal Pillow"}],"event_choices":[{"damage_healed":0,"gold_gain":175,"player_choice":"AGREE","damage_taken":0,"max_hp_gain":0,"max_hp_loss":0,"event_name":"Liars Game","floor":2,"gold_loss":0,"cards_obtained":["Doubt"]},{"damage_healed":0,"gold_gain":0,"player_choice":"Grow","damage_taken":0,"max_hp_gain":0,"max_hp_loss":0,"event_name":"Living Wall","floor":3,"gold_loss":0,"cards_upgraded":["Zap"]},{"cards_removed":["Doubt"],"damage_healed":0,"gold_gain":0,"player_choice":"Card Removal","damage_taken":0,"max_hp_gain":0,"max_hp_loss":0,"event_name":"The Cleric","floor":4,"gold_loss":50},{"damage_healed":0,"gold_gain":0,"player_choice":"Opened","damage_taken":0,"relics_obtained":["Darkstone Periapt"],"max_hp_gain":0,"max_hp_loss":0,"event_name":"The Mausoleum","floor":20,"gold_loss":0,"cards_obtained":["Writhe"]},{"cards_removed":["Writhe"],"damage_healed":0,"gold_gain":0,"player_choice":"Gave Gold","damage_taken":0,"max_hp_gain":0,"max_hp_loss":0,"event_name":"Beggar","floor":22,"gold_loss":75}],"is_beta":false,"boss_relics":[{"not_picked":["Busted Crown","Empty Cage"],"picked":"Ectoplasm"}],"items_purged_floors":[],"is_endless":false,"potions_floor_spawned":[5,6,7,19],"killed_by":"Gremlin Leader","ascension_level":1}}