{"host":"7ttbe3gzet1mthv0","time":1608981548,"event":{"mods":["AchievementEnabler","BaseMod","Bestiary","Better Match","Better Note","Better Sensory Stone","Better Third Choice","BetterRewards","CapriCore","Colored Map","Colored Powertips","Custom Start","Downfall","Hermit","Highlight Path","Infinite Spire","Jorbs\u0027s Wanderer Trilogy","Luminous","Marisa????????","Minty Spire (QoL Compilation)","Rare Cards Sparkle","Relic Stats","Spicy Shops","StSLib","The Alterego","The Bug Knight","The Hierophant","The Marked","Wandering Minibosses"],"gold_per_floor":[110,110,129,147,147,147,200,45,114,114,143,57,94,114,114,213,213,235,219,144,165,173,173,207,207,207,207,238,238,240,251,251,351,351,368,386,388,390,418,432,432],"floor_reached":40,"playtime":2393,"items_purged":["Burn"],"score":517,"play_id":"e2cac544-364f-4b1b-b3f8-501d3356eaa6","local_time":"20201226121908","is_ascension_mode":true,"campfire_choices":[{"data":"Bash","floor":6,"key":"SMITH"},{"floor":10,"key":"REST"},{"data":"Corruption","floor":15,"key":"SMITH"},{"data":"Berserk","floor":23,"key":"SMITH"},{"data":"True Grit","floor":25,"key":"SMITH"},{"floor":27,"key":"REST"},{"data":"Uppercut","floor":29,"key":"SMITH"},{"data":"Dark Embrace","floor":32,"key":"SMITH"}],"circlet_count":0,"master_deck":["Strike_R","Strike_R+1","Strike_R+1","Defend_R","Defend_R","Defend_R","Defend_R","Bash+1","Battle Trance","Dark Embrace+1","Impervious","True Grit+1","Feel No Pain","Corruption+1","Feel No Pain","Ghostly Armor","Sever Soul","Berserk+1","CurseOfTheBell","Flex","Whirlwind+1","Inflame","Necronomicurse","Bludgeon","Uppercut+1","infinitespire:FutureSight","Carnage+1","Feed","Intimidate+1","Shrug It Off","Demon Form"],"relics":["Burning Blood","infinitespire:Midas Blood","infinitespire:Satchel","infinitespire:EmpoweringShard","Thread and Needle","Whetstone","Calling Bell","Oddly Smooth Stone","White Beast Statue","Magic Flower","Necronomicon","Centennial Puzzle","HollowMod:LifeEnderRelic","SlaversCollar"],"acts_visited":["Exordium","TheCity","TheBeyond"],"potions_floor_usage":[7,11,16,28,31,35,40,40,40],"damage_taken":[{"damage":6,"enemies":"Jaw Worm","floor":1,"turns":4},{"damage":4,"enemies":"Cultist","floor":3,"turns":4},{"damage":11,"enemies":"2 Louse","floor":4,"turns":4},{"damage":48,"enemies":"3 Sentries","floor":7,"turns":12},{"damage":35,"enemies":"Lagavulin","floor":11,"turns":7},{"damage":3,"enemies":"Gremlin Nob","floor":13,"turns":6},{"damage":0,"enemies":"Looter","floor":14,"turns":4},{"damage":12,"enemies":"Slime Boss","floor":16,"turns":12},{"damage":14,"enemies":"Chosen","floor":18,"turns":8},{"damage":4,"enemies":"2 Thieves","floor":19,"turns":4},{"damage":10,"enemies":"3 Cultists","floor":21,"turns":4},{"damage":16,"enemies":"Slavers","floor":24,"turns":2},{"damage":13,"enemies":"Nightmare","floor":28,"turns":5},{"damage":0,"enemies":"Snake Plant","floor":31,"turns":2},{"damage":0,"enemies":"Collector","floor":33,"turns":6},{"damage":9,"enemies":"Orb Walker","floor":35,"turns":3},{"damage":3,"enemies":"3 Shapes","floor":36,"turns":5},{"damage":22,"enemies":"Sphere and 2 Shapes","floor":39,"turns":6},{"damage":53,"enemies":"Nightmare","floor":40,"turns":6}],"seed_played":"-6482327988733020426","potions_obtained":[{"floor":1,"key":"LiquidMemories"},{"floor":7,"key":"CultistPotion"},{"floor":11,"key":"Swift Potion"},{"floor":13,"key":"BloodPotion"},{"floor":14,"key":"FearPotion"},{"floor":18,"key":"ColorlessPotion"},{"floor":28,"key":"Weak Potion"},{"floor":31,"key":"Fire Potion"},{"floor":35,"key":"CultistPotion"},{"floor":36,"key":"DuplicationPotion"}],"is_trial":false,"path_per_floor":["M","?","M","M","T","R","E","$","T","R","E","$","E","M","R","B",null,"M","M","?","M","?","R","E","R","T","R","NM","R","?","M","R","B",null,"M","M","?","?","M","NM"],"character_chosen":"IRONCLAD","items_purchased":["Feel No Pain","Feel No Pain"],"campfire_rested":2,"item_purchase_floors":[8,12],"current_hp_per_floor":[80,80,80,75,75,75,33,33,33,57,28,28,31,37,37,47,80,75,80,80,79,63,63,56,56,56,80,76,76,56,65,65,74,80,80,83,67,59,51,0,0],"gold":432,"neow_bonus":"TRANSFORM_CARD","is_daily":false,"chose_seed":false,"campfire_upgraded":6,"win_rate":0.0,"timestamp":1608981548,"path_taken":["M","?","M","M","?","R","E","$","T","R","E","$","E","M","R","BOSS","M","?","?","M","?","R","E","R","T","R","NM","R","?","M","R","BOSS","M","M","?","?","M","NM"],"items_purchased_type":["Card","Card"],"build_version":"2020-12-22","purchased_purges":1,"victory":false,"max_hp_per_floor":[80,80,80,80,80,80,80,80,80,80,80,80,80,80,80,80,80,80,80,80,80,80,80,80,80,80,80,80,80,80,80,80,80,80,80,83,83,83,86,86,86],"relic_stats":{"Centennial Puzzle":[15],"counters":[19,104],"Magic Flower":[31],"Necronomicon":[24],"Whetstone":["Strike_R","Strike_R"],"obtain_stats":[{"HollowMod:LifeEnderRelic":28,"Oddly Smooth Stone":17,"Magic Flower":17,"Thread and Needle":11,"Whetstone":13,"Burning Blood":0,"White Beast Statue":17,"Calling Bell":17,"SlaversCollar":34,"Centennial Puzzle":24,"infinitespire:Satchel":7,"infinitespire:EmpoweringShard":9,"Necronomicon":22,"infinitespire:Midas Blood":5},{"HollowMod:LifeEnderRelic":13,"Oddly Smooth Stone":8,"Magic Flower":8,"Thread and Needle":5,"Whetstone":6,"Burning Blood":0,"White Beast Statue":8,"Calling Bell":8,"SlaversCollar":15,"Centennial Puzzle":12,"infinitespire:Satchel":4,"infinitespire:EmpoweringShard":4,"Necronomicon":11,"infinitespire:Midas Blood":3},{"HollowMod:LifeEnderRelic":76,"Oddly Smooth Stone":53,"Magic Flower":53,"Thread and Needle":31,"Whetstone":37,"Burning Blood":0,"White Beast Statue":53,"Calling Bell":53,"SlaversCollar":84,"Centennial Puzzle":71,"infinitespire:Satchel":24,"infinitespire:EmpoweringShard":24,"Necronomicon":69,"infinitespire:Midas Blood":12}],"Burning Blood":128},"card_choices":[{"not_picked":["Sever Soul","Clash"],"picked":"Dark Embrace","floor":1},{"not_picked":["Thunderclap","Twin Strike","Headbutt"],"picked":"SKIP","floor":3},{"not_picked":["Perfected Strike","Anger"],"picked":"Impervious","floor":4},{"not_picked":["Headbutt","Pummel"],"picked":"True Grit","floor":7},{"not_picked":["Ghostly Armor","Thunderclap"],"picked":"Corruption","floor":11},{"not_picked":["Twin Strike","Pommel Strike"],"picked":"Ghostly Armor","floor":13},{"not_picked":["Warcry","Perfected Strike"],"picked":"Sever Soul","floor":14},{"not_picked":["Double Tap","Bludgeon"],"picked":"Berserk","floor":16},{"not_picked":["Armaments","Heavy Blade"],"picked":"Flex","floor":18},{"not_picked":["Flex","Dark Embrace"],"picked":"Whirlwind+1","floor":19},{"not_picked":["Pommel Strike+1","Armaments+1"],"picked":"Inflame","floor":21},{"not_picked":["Cleave","Disarm"],"picked":"Bludgeon","floor":24},{"not_picked":["Entrench","Hemokinesis"],"picked":"Uppercut","floor":28},{"not_picked":["infinitespire:Menacing","infinitespire:FinalStrike"],"picked":"infinitespire:FutureSight","floor":30},{"not_picked":["Rupture+1","Reckless Charge"],"picked":"Carnage+1","floor":31},{"not_picked":["Reaper","Barricade"],"picked":"Feed","floor":33},{"not_picked":["Second Wind+1","True Grit+1"],"picked":"Intimidate+1","floor":35},{"not_picked":["Anger+1","Iron Wave"],"picked":"Shrug It Off","floor":36},{"not_picked":["Perfected Strike+1","Pommel Strike","Cleave"],"picked":"SKIP","floor":39}],"player_experience":32313,"relics_obtained":[{"floor":5,"key":"infinitespire:Midas Blood"},{"floor":7,"key":"infinitespire:Satchel"},{"floor":9,"key":"infinitespire:EmpoweringShard"},{"floor":11,"key":"Thread and Needle"},{"floor":13,"key":"Whetstone"},{"floor":17,"key":"Oddly Smooth Stone"},{"floor":17,"key":"White Beast Statue"},{"floor":17,"key":"Magic Flower"},{"floor":22,"key":"Necronomicon"},{"floor":24,"key":"Centennial Puzzle"},{"floor":28,"key":"HollowMod:LifeEnderRelic"}],"event_choices":[{"damage_healed":80,"gold_gain":0,"player_choice":"Embrace Burn","damage_taken":0,"max_hp_gain":0,"max_hp_loss":80,"event_name":"betterThird:BetterShining","floor":2,"gold_loss":0},{"cards_removed":["Strike_R"],"damage_healed":0,"gold_gain":0,"player_choice":"Gave Gold","damage_taken":0,"max_hp_gain":0,"max_hp_loss":0,"event_name":"Beggar","floor":20,"gold_loss":75},{"damage_healed":0,"gold_gain":0,"player_choice":"Obtained Book","damage_taken":16,"max_hp_gain":0,"max_hp_loss":0,"event_name":"Cursed Tome","floor":22,"gold_loss":0},{"damage_healed":0,"gold_gain":3,"player_choice":"2","damage_taken":0,"max_hp_gain":0,"max_hp_loss":16,"event_name":"betterStone:BetterStone","floor":37,"gold_loss":0},{"damage_healed":0,"gold_gain":0,"player_choice":"Damaged","damage_taken":8,"max_hp_gain":0,"max_hp_loss":0,"event_name":"Wheel of Change","floor":38,"gold_loss":0}],"is_beta":false,"boss_relics":[{"not_picked":["Fusion Hammer","Black Blood"],"picked":"Calling Bell"},{"not_picked":["Empty Cage","Mark of Pain"],"picked":"SlaversCollar"}],"items_purged_floors":[8],"is_endless":true,"potions_floor_spawned":[1,7,11,13,14,18,19,21,24,28,31,33,35,36,39],"killed_by":"Nightmare","ascension_level":1}}