{"host":"kn32u0f2pym5bozc","time":1608978863,"event":{"mods":["2.2 Compatiblity","BaseMod","Better Third Choice","Minty Spire (QoL Compilation)","Permanent Neow","Relic Stats","StSLib","The Animator"],"gold_per_floor":[213,171,171,192,212,212,263,263,263,302,327,104,122,142,154,282,282,305,305,330,330,350,350,374,386,398,450,474,517,548,604,616,759,771,803,1148,644,655,674,702,702,702],"floor_reached":41,"playtime":3668,"items_purged":["animator:Strike","animator:MaesHughes"],"score":836,"play_id":"184fb5f1-2ddc-4f67-a9da-b59593025d5e","local_time":"20201226053423","is_ascension_mode":true,"campfire_choices":[{"data":"animator:Mikaela","floor":6.0,"key":"SMITH"},{"data":"animator:Shigure","floor":8.0,"key":"SMITH"},{"floor":15.0,"key":"REST"},{"floor":23.0,"key":"REST"},{"data":"animator:HiiragiShinya","floor":25.0,"key":"SMITH"},{"floor":28.0,"key":"REST"},{"floor":32,"key":"REST"}],"circlet_count":0,"master_deck":["AscendersBane","animator:Strike_OwariNoSeraph","animator:Defend_OwariNoSeraph","animator:Strike","animator:Strike","animator:Defend","animator:Defend","animator:Defend","animator:Shinoa","animator:Mikaela+1","animator:Gillette","Injury","animator:PandorasActor","animator:RinTohsaka","animator:Shigure+1","animator:RoyMustang","animator:Gluttony","animator:HiiragiShinya+1","animator:YuiTsuruno","animator:Sora","CurseOfTheBell","animator:Alexander+1","animator:HinaKagiyama","animator:Curse_Dizziness","animator:EmiyaShirou+1","animator:Spearman","animator:Mitsurugi","animator:Spearman","animator:Yoichi","animator:Priestess","animator:FeridBathory","animator:Yoichi","animator:GoblinSlayer","animator:Vanir+1","animator:HiiragiShinya","animator:Tet"],"relics":["animator:VividPicture","animator:TheMissingPiece","animator:PurgingStone","betterThird:SlimedRelic","Dream Catcher","Shuriken","Regal Pillow","Calling Bell","Tiny Chest","Sundial","Ice Cream","Nloth\u0027s Gift","MawBank","Ancient Tea Set","Centennial Puzzle","Anchor","Potion Belt","Bottled Lightning","Toy Ornithopter"],"acts_visited":["Exordium","TheCity","TheBeyond"],"potions_floor_usage":[40,40,40],"damage_taken":[{"damage":0.0,"enemies":"Small Slimes","floor":1.0,"turns":4.0},{"damage":0.0,"enemies":"Jaw Worm","floor":4.0,"turns":7.0},{"damage":0.0,"enemies":"Cultist","floor":5.0,"turns":3.0},{"damage":11.0,"enemies":"3 Sentries","floor":7.0,"turns":12.0},{"damage":18.0,"enemies":"Lagavulin","floor":10.0,"turns":7.0},{"damage":4.0,"enemies":"Large Slime","floor":11.0,"turns":5.0},{"damage":1.0,"enemies":"3 Louse","floor":13.0,"turns":3.0},{"damage":17.0,"enemies":"Exordium Thugs","floor":14.0,"turns":4.0},{"damage":12.0,"enemies":"The Guardian","floor":16.0,"turns":10.0},{"damage":3.0,"enemies":"3 Byrds","floor":18.0,"turns":4.0},{"damage":26.0,"enemies":"Spheric Guardian","floor":20.0,"turns":6.0},{"damage":15.0,"enemies":"Chosen and Byrds","floor":22.0,"turns":7.0},{"damage":40.0,"enemies":"Slavers","floor":27.0,"turns":7.0},{"damage":16.0,"enemies":"Book of Stabbing","floor":29.0,"turns":5.0},{"damage":3.0,"enemies":"Snake Plant","floor":30.0,"turns":2.0},{"damage":33.0,"enemies":"animator:HornedBat","floor":31.0,"turns":9.0},{"damage":54,"enemies":"Automaton","floor":33,"turns":11},{"damage":6,"enemies":"3 Darklings","floor":35,"turns":6},{"damage":0,"enemies":"Orb Walker","floor":38,"turns":4},{"damage":16,"enemies":"Jaw Worm Horde","floor":39,"turns":5},{"damage":27,"enemies":"Nemesis","floor":40,"turns":5},{"damage":12,"enemies":"Spire Growth","floor":41,"turns":2}],"seed_played":"4433725898632146803","potions_obtained":[{"floor":1.0,"key":"Regen Potion"},{"floor":13.0,"key":"FearPotion"},{"floor":14.0,"key":"SkillPotion"},{"floor":16.0,"key":"Explosive Potion"},{"floor":22.0,"key":"SkillPotion"},{"floor":29.0,"key":"SkillPotion"},{"floor":31.0,"key":"FairyPotion"},{"floor":33,"key":"SteroidPotion"},{"floor":38,"key":"Strength Potion"}],"is_trial":false,"path_per_floor":["M","?","?","M","M","R","E","R","T","E","M","$","M","M","R","B",null,"M","?","M","?","M","R","T","R","T","E","R","E","M","E","R","B",null,"M","?","$","M","M","E","M"],"character_chosen":"THE_ANIMATOR","items_purchased":["Regal Pillow","Bottled Lightning","BlessingOfTheForge","LiquidBronze","Fire Potion"],"campfire_rested":4,"item_purchase_floors":[12,37,37,37,37],"current_hp_per_floor":[59,48,48,48,48,48,37,37,37,31,27,27,26,10,45,37,60,57,57,35,35,20,55,55,55,55,19,54,42,39,11,46,20,56,54,54,54,54,38,11,0,0],"gold":702,"neow_bonus":"HUNDRED_GOLD","is_daily":false,"chose_seed":false,"campfire_upgraded":3,"win_rate":0.0,"timestamp":1608978863,"path_taken":["M","?","?","M","M","R","E","R","T","E","M","$","M","M","R","BOSS","M","?","M","?","?","R","?","R","T","E","R","E","M","E","R","BOSS","M","?","$","M","M","E","M"],"items_purchased_type":["Relic","Relic","Potion","Potion","Potion"],"build_version":"2020-12-22","purchased_purges":2,"victory":false,"max_hp_per_floor":[66,66,66,66,66,66,66,66,66,66,66,66,66,67,67,67,67,67,67,67,67,67,67,67,67,67,67,67,67,67,68,68,68,68,68,68,68,68,68,68,68,68],"relic_stats":{"Dream Catcher":4,"Regal Pillow":60,"Centennial Puzzle":[21],"counters":[22,128],"Shuriken":[23],"Sundial":[6],"Tiny Chest":1,"Nloth\u0027s Gift":2,"MawBank":156,"obtain_stats":[{"Ice Cream":17,"Potion Belt":31,"Lantern":9,"Regal Pillow":12,"Golden Idol":3,"animator:TheMissingPiece":0,"MawBank":24,"Ancient Tea Set":26,"Calling Bell":17,"Dream Catcher":7,"Centennial Puzzle":27,"Anchor":29,"animator:PurgingStone":0,"Shuriken":10,"Sundial":17,"betterThird:SlimedRelic":2,"Tiny Chest":17,"animator:LivingPicture":0,"Nloth\u0027s Gift":21,"Bottled Lightning":37,"animator:VividPicture":34,"Toy Ornithopter":40},{"Ice Cream":9,"Potion Belt":16,"Lantern":4,"Regal Pillow":6,"Golden Idol":1,"animator:TheMissingPiece":0,"MawBank":12,"Ancient Tea Set":12,"Calling Bell":9,"Dream Catcher":4,"Centennial Puzzle":13,"Anchor":14,"animator:PurgingStone":0,"Shuriken":5,"Sundial":9,"betterThird:SlimedRelic":1,"Tiny Chest":9,"animator:LivingPicture":0,"Nloth\u0027s Gift":11,"Bottled Lightning":18,"animator:VividPicture":17,"Toy Ornithopter":21},{"Ice Cream":55,"Potion Belt":95,"Lantern":26,"Regal Pillow":38,"Golden Idol":4,"animator:TheMissingPiece":0,"MawBank":72,"Ancient Tea Set":72,"Calling Bell":55,"Dream Catcher":26,"Centennial Puzzle":79,"Anchor":84,"animator:PurgingStone":0,"Shuriken":33,"Sundial":55,"betterThird:SlimedRelic":4,"Tiny Chest":55,"animator:LivingPicture":0,"Nloth\u0027s Gift":65,"Bottled Lightning":112,"animator:VividPicture":106,"Toy Ornithopter":126}],"Toy Ornithopter":0},"card_choices":[{"not_picked":["animator:Vesta","animator:Benimaru"],"picked":"animator:Gillette","floor":1.0},{"not_picked":["animator:Viivi","animator:Archer"],"picked":"animator:PandorasActor","floor":4.0},{"not_picked":["animator:Benimaru","animator:KrulTepes"],"picked":"animator:RinTohsaka","floor":5.0},{"not_picked":["animator:Yoichi","animator:Shinoa"],"picked":"animator:Shigure","floor":7.0},{"not_picked":["animator:Alexander","animator:OrikoMikuni"],"picked":"animator:RoyMustang","floor":10.0},{"not_picked":["animator:YachiyoNanami","animator:Shinoa"],"picked":"animator:Gluttony","floor":11.0},{"not_picked":["animator:Entoma","animator:Rider","animator:GazelDwargon"],"picked":"SKIP","floor":13.0},{"not_picked":["animator:Shinoa","animator:CrowleyEusford"],"picked":"animator:HiiragiShinya","floor":14.0},{"not_picked":["animator:Tet","animator:Entoma"],"picked":"animator:YuiTsuruno","floor":15.0},{"not_picked":["animator:Father","animator:ItamiYouji"],"picked":"animator:Sora","floor":16.0},{"not_picked":["animator:Chung","animator:Entoma"],"picked":"animator:Alexander+1","floor":18.0},{"not_picked":["animator:MetalKnight","animator:Assassin"],"picked":"animator:EmiyaShirou+1","floor":20.0},{"not_picked":["animator:Kuribayashi","animator:IzunaHatsuse+1"],"picked":"animator:Spearman","floor":22.0},{"not_picked":["animator:ChaikaTrabant","animator:Entoma+1"],"picked":"animator:Mitsurugi","floor":23.0},{"not_picked":["animator:DwarfShaman","animator:CowGirl"],"picked":"animator:Spearman","floor":27.0},{"not_picked":["animator:Ain+1","animator:RinTohsaka+1"],"picked":"animator:Yoichi","floor":28.0},{"not_picked":["animator:Konayuki","animator:Mitsurugi"],"picked":"animator:Priestess","floor":29.0},{"not_picked":["animator:Scar","animator:DolaRiku"],"picked":"animator:MaesHughes","floor":30.0},{"not_picked":["animator:MamiTomoe","animator:KyokoSakura"],"picked":"animator:FeridBathory","floor":31.0},{"not_picked":["animator:YuiTsuruno","animator:NarberalGamma+1"],"picked":"animator:Yoichi","floor":32},{"not_picked":["animator:Eris","animator:ChaikaTrabant"],"picked":"animator:GoblinSlayer","floor":33},{"not_picked":["animator:Kuribayashi","animator:Bozes"],"picked":"animator:Vanir+1","floor":38},{"not_picked":["animator:Azekura","animator:Togame"],"picked":"animator:HiiragiShinya","floor":39},{"not_picked":["animator:Chung","animator:Togame"],"picked":"animator:Tet","floor":40}],"player_experience":752209,"relics_obtained":[{"floor":7.0,"key":"Dream Catcher"},{"floor":9.0,"key":"Lantern"},{"floor":10.0,"key":"Shuriken"},{"floor":17.0,"key":"Tiny Chest"},{"floor":17.0,"key":"Sundial"},{"floor":17.0,"key":"Ice Cream"},{"floor":24.0,"key":"MawBank"},{"floor":26.0,"key":"Ancient Tea Set"},{"floor":27.0,"key":"Centennial Puzzle"},{"floor":29.0,"key":"Anchor"},{"floor":31.0,"key":"Potion Belt"},{"floor":40,"key":"Toy Ornithopter"}],"event_choices":[{"damage_healed":0.0,"max_hp_gain":0.0,"max_hp_loss":0.0,"gold_gain":0.0,"event_name":"betterThird:BetterGoop","player_choice":"Slimed","floor":2.0,"gold_loss":42.0,"damage_taken":11.0},{"damage_healed":0.0,"max_hp_gain":0.0,"max_hp_loss":0.0,"gold_gain":0.0,"event_name":"Golden Idol","player_choice":"Take Wound","floor":3.0,"gold_loss":0.0,"damage_taken":0.0,"relics_obtained":["Golden Idol"],"cards_obtained":["Injury"]},{"damage_healed":0.0,"max_hp_gain":0.0,"max_hp_loss":0.0,"gold_gain":0.0,"event_name":"N\u0027loth","player_choice":"Traded Relic","floor":21.0,"relics_lost":["Lantern"],"gold_loss":0.0,"damage_taken":0.0,"relics_obtained":["Nloth\u0027s Gift"]},{"damage_healed":0,"gold_gain":333,"player_choice":"Gave Idol","damage_taken":0,"max_hp_gain":0,"max_hp_loss":0,"event_name":"The Moai Head","floor":36,"relics_lost":["Golden Idol"],"gold_loss":0}],"is_beta":false,"boss_relics":[{"not_picked":["SlaversCollar","SacredBark"],"picked":"Calling Bell"},{"not_picked":["animator:HolyGrailRelic","Astrolabe"],"picked":"animator:VividPicture"}],"items_purged_floors":[12,37],"is_endless":false,"potions_floor_spawned":[1,13,14,16,22,29,31,33,38],"killed_by":"Spire Growth","ascension_level":12}}