{"host":"rcanb95qz4o6v6pp","time":1608945016,"event":{"mods":["AchievementEnabler","BaseMod","Better Third Choice","Colored Map","Downfall","Minty Spire (QoL Compilation)","Replay The Spire","Spicy Shops","StSLib","The Blue Laboratory"],"gold_per_floor":[99,119,119,29,29,47,47,59,94,116,238,238,263,38,66,78,78],"floor_reached":16,"playtime":1181,"items_purged":["Regret"],"score":102,"play_id":"ff2ce223-22d6-4819-8f0e-4f0673e40372","local_time":"20201225201016","daily_mods":["SealedDeck","Allstar","Diverse","downfall:Improvised"],"is_ascension_mode":false,"campfire_choices":[{"data":"Slimebound:Grow","floor":12,"key":"SMITH"}],"circlet_count":0,"master_deck":["sneckomod:UnknownCommonAttack","sneckomod:UnknownCommonAttack","sneckomod:UnknownCommonAttack","sneckomod:UnknownCommonSkill","sneckomod:UnknownCommonSkill","sneckomod:UnknownCommonSkill","sneckomod:UnknownUncommonAttack+1","sneckomod:UnknownUncommonSkill+1","sneckomod:UnknownUncommonPower","sneckomod:Unknown","Body Slam","Slimebound:SlimeSpikes","Cleave","SashWhip+1","Rip and Tear+1","Guardian:SpikerProtocol","Guardian:PiercingHide","sneckomod:UnknownStrike+1","Double Energy","Guardian:Gem_Red","sneckomod:DiceCrush","Regret","Heavy Blade","champ:CrookedStrike","Sword Boomerang","Slimebound:Grow+1","sneckomod:UnknownClassPURPLE","sneckomod:Unknown1Cost","champ:StanceDance"],"relics":["Burning Blood","Ring of Chaos","Bag of Marbles","Incense Burner","Replay:Bandana","White Beast Statue","Guide Book"],"acts_visited":["Exordium"],"potions_floor_usage":[9,16,16,16],"damage_taken":[{"damage":7,"enemies":"Jaw Worm","floor":2,"turns":4},{"damage":5,"enemies":"downfall:FleeingMerchant","floor":4,"turns":4},{"damage":1,"enemies":"Small Slimes","floor":6,"turns":2},{"damage":2,"enemies":"Cultist","floor":8,"turns":3},{"damage":9,"enemies":"Lagavulin","floor":9,"turns":3},{"damage":9,"enemies":"Gremlin Gang","floor":10,"turns":2},{"damage":3,"enemies":"downfall:LadyInBlue","floor":11,"turns":8},{"damage":9,"enemies":"Exordium Thugs","floor":13,"turns":2},{"damage":3,"enemies":"downfall:FleeingMerchant","floor":14,"turns":4},{"damage":4,"enemies":"Large Slime","floor":15,"turns":3},{"damage":81,"enemies":"downfall:Defect","floor":16,"turns":6}],"seed_played":"7766148868389049393","potions_obtained":[{"floor":1,"key":"Explosive Potion"},{"floor":1,"key":"SteroidPotion"},{"floor":6,"key":"Swift Potion"},{"floor":9,"key":"blueLaboratory:Moonshine"},{"floor":11,"key":"Slimebound:ThreeZeroPotion"}],"is_trial":true,"path_per_floor":["R_BF","M","?","$","?","M","T","M","E","M","?","R","M","$","M","B"],"character_chosen":"IRONCLAD","items_purchased":["Guide Book","champ:StanceDance"],"campfire_rested":0,"item_purchase_floors":[14,14],"current_hp_per_floor":[80,79,79,80,80,80,80,80,77,74,77,77,74,77,80,0,0],"gold":78,"neow_bonus":"","is_daily":false,"chose_seed":false,"campfire_upgraded":1,"win_rate":0.0,"timestamp":1608945016,"path_taken":["R_BF","M","?","$","?","M","T","M","E","M","?","R","?","$","M","BOSS"],"items_purchased_type":["Relic","Card"],"build_version":"2020-12-22","purchased_purges":1,"victory":false,"max_hp_per_floor":[80,80,80,80,80,80,80,80,80,80,80,80,80,80,80,80,80],"card_choices":[{"not_picked":["Flechettes","champ:GutPunch"],"picked":"Guardian:Gem_Red","floor":2},{"not_picked":["Guardian:PiercingHide","Iron Wave"],"picked":"sneckomod:DiceCrush","floor":4},{"not_picked":["Body Slam","Guardian:TemporalShield"],"picked":"Heavy Blade","floor":6},{"not_picked":["hexamod:CrushingStance","hexamod:HauntingEcho"],"picked":"champ:CrookedStrike","floor":8},{"not_picked":["hexamod:FastForward","sneckomod:QuickBite"],"picked":"Sword Boomerang","floor":9},{"not_picked":["Slimebound:WasteNot","champ:RapidStrikes","Slimebound:LeechingTouch"],"picked":"SKIP","floor":10},{"not_picked":["Life Link","Slimebound:ViciousTackle"],"picked":"Slimebound:Grow","floor":11},{"not_picked":["Slimebound:ComboTackle","SandsOfTime"],"picked":"sneckomod:UnknownClassPURPLE","floor":13},{"not_picked":["Shrug It Off","Collect"],"picked":"sneckomod:Unknown1Cost","floor":14},{"not_picked":["Recycle","hexamod:BacktrackSmack","Guardian:TemporalShield"],"picked":"SKIP","floor":15}],"player_experience":1618122,"relics_obtained":[{"floor":7,"key":"Incense Burner"},{"floor":9,"key":"Replay:Bandana"},{"floor":11,"key":"White Beast Statue"}],"event_choices":[{"damage_healed":0,"gold_gain":0,"player_choice":"Box","damage_taken":0,"relics_obtained":["Bag of Marbles"],"max_hp_gain":0,"max_hp_loss":0,"event_name":"Big Fish","floor":5,"gold_loss":0,"cards_obtained":["Regret"]}],"is_beta":false,"boss_relics":[],"items_purged_floors":[4],"is_endless":false,"potions_floor_spawned":[6,9,13,14,15],"killed_by":"downfall:Defect","ascension_level":0}}