{"host":"i09pxcjttd31eh4q","time":1608988874,"event":{"mods":["AchievementEnabler","BaseMod","Colored Map","Keyboard Shortcuts","Minty Spire (QoL Compilation)","StSLib","SuperFastMode"],"gold_per_floor":[118,133,113,38,51,51,69,89,116,116,128,128,128,161,161,237,237,248,248,258,270,270,270,301,301,301,301,329,329,12,12,12,12,12],"floor_reached":33,"playtime":823,"items_purged":["Strike_G","Strike_G"],"score":566,"play_id":"437344e4-2d9c-4dc2-8b1b-0d1b971550ee","local_time":"20201226222114","is_ascension_mode":true,"campfire_choices":[{"data":"Deadly Poison","floor":6.0,"key":"SMITH"},{"data":"Bouncing Flask","floor":10.0,"key":"SMITH"},{"floor":12.0,"key":"REST"},{"data":"Crippling Poison","floor":15.0,"key":"SMITH"},{"floor":23.0,"key":"REST"},{"data":"Well Laid Plans","floor":25.0,"key":"SMITH"},{"floor":27.0,"key":"REST"},{"floor":29.0,"key":"RECALL"},{"floor":32.0,"key":"REST"}],"circlet_count":0,"master_deck":["AscendersBane","Strike_G","Strike_G","Defend_G","Defend_G","Defend_G","Defend_G","Survivor","Neutralize","Deadly Poison+1","Escape Plan","Well Laid Plans+1","Bouncing Flask+1","Calculated Gamble","Crippling Poison+1","Venomology","Backflip","Backflip"],"relics":["Ring of the Snake","Snake Skull","Potion Belt","Snecko Eye","Toy Ornithopter","Mercury Hourglass","Bag of Marbles","ClockworkSouvenir"],"acts_visited":["Exordium","TheCity"],"potions_floor_usage":[33],"damage_taken":[{"damage":9.0,"enemies":"Small Slimes","floor":1.0,"turns":7.0},{"damage":2.0,"enemies":"Cultist","floor":2.0,"turns":4.0},{"damage":4.0,"enemies":"Jaw Worm","floor":5.0,"turns":5.0},{"damage":0.0,"enemies":"2 Fungi Beasts","floor":7.0,"turns":4.0},{"damage":9.0,"enemies":"Red Slaver","floor":8.0,"turns":3.0},{"damage":0.0,"enemies":"Large Slime","floor":11.0,"turns":7.0},{"damage":8.0,"enemies":"Gremlin Nob","floor":14.0,"turns":3.0},{"damage":22.0,"enemies":"Slime Boss","floor":16.0,"turns":9.0},{"damage":6.0,"enemies":"3 Byrds","floor":18.0,"turns":3.0},{"damage":21.0,"enemies":"2 Thieves","floor":20.0,"turns":4.0},{"damage":10.0,"enemies":"Snecko","floor":21.0,"turns":5.0},{"damage":6.0,"enemies":"Gremlin Leader","floor":24.0,"turns":4.0},{"damage":25.0,"enemies":"Slavers","floor":28.0,"turns":4.0},{"damage":46,"enemies":"Collector","floor":33,"turns":5}],"seed_played":"2168586141032285016","potions_obtained":[{"floor":3.0,"key":"PowerPotion"},{"floor":5.0,"key":"SkillPotion"},{"floor":18.0,"key":"Swift Potion"},{"floor":21.0,"key":"DistilledChaos"},{"floor":24.0,"key":"Fire Potion"}],"is_trial":false,"path_per_floor":["M","M","?","$","M","R","M","M","T","R","M","R","?","E","R","B",null,"M","?","M","M","?","R","E","R","T","R","E","R","$","T","R","B"],"character_chosen":"THE_SILENT","items_purchased":["ClockworkSouvenir","Backflip"],"campfire_rested":4,"item_purchase_floors":[30,30],"current_hp_per_floor":[35,33,33,33,29,29,29,20,20,20,20,39,39,31,31,9,52,46,46,25,15,15,34,28,28,28,47,32,32,32,32,51,10,10],"gold":12,"neow_bonus":"REMOVE_TWO","is_daily":false,"chose_seed":false,"campfire_upgraded":4,"win_rate":0.0,"timestamp":1608988874,"path_taken":["M","M","?","$","M","R","M","M","T","R","?","R","?","E","R","BOSS","M","?","M","?","?","R","E","R","T","R","E","R","$","?","R","BOSS"],"items_purchased_type":["Relic","Card"],"build_version":"2020-12-22","purchased_purges":2,"victory":false,"max_hp_per_floor":[66,66,66,66,66,66,66,66,66,66,66,66,66,66,66,66,66,66,66,66,66,66,66,66,66,66,66,66,66,66,66,66,66,66],"card_choices":[{"not_picked":["Infinite Blades","Riddle With Holes"],"picked":"Deadly Poison","floor":1.0},{"not_picked":["Leg Sweep","Accuracy"],"picked":"Escape Plan","floor":2.0},{"not_picked":["Dagger Spray","Predator"],"picked":"Well Laid Plans","floor":5.0},{"not_picked":["Flechettes","Flying Knee"],"picked":"Bouncing Flask","floor":7.0},{"not_picked":["Slice","Masterful Stab"],"picked":"Calculated Gamble","floor":8.0},{"not_picked":["Poisoned Stab","Setup"],"picked":"Crippling Poison","floor":11.0},{"not_picked":["Masterful Stab","Bane","Caltrops"],"picked":"SKIP","floor":14.0},{"not_picked":["Doppelganger","Wraith Form v2"],"picked":"Venomology","floor":16.0},{"not_picked":["Sucker Punch","Blade Dance"],"picked":"Backflip","floor":18.0},{"not_picked":["Quick Slash","Slice","Sucker Punch"],"picked":"SKIP","floor":20.0},{"not_picked":["Sucker Punch","Slice","Malaise"],"picked":"SKIP","floor":21.0},{"not_picked":["PiercingWail","Sucker Punch","Die Die Die"],"picked":"SKIP","floor":24.0},{"not_picked":["Cloak And Dagger","Adrenaline","Backstab"],"picked":"SKIP","floor":28.0}],"player_experience":776359,"relics_obtained":[{"floor":9.0,"key":"Snake Skull"},{"floor":14.0,"key":"Potion Belt"},{"floor":24.0,"key":"Toy Ornithopter"},{"floor":26.0,"key":"Mercury Hourglass"},{"floor":28.0,"key":"Bag of Marbles"}],"event_choices":[{"damage_healed":0.0,"max_hp_gain":0.0,"max_hp_loss":0.0,"gold_gain":0.0,"event_name":"The Woman in Blue","player_choice":"Bought 1 Potion","floor":3.0,"gold_loss":0.0,"damage_taken":0.0},{"damage_healed":0.0,"max_hp_gain":0.0,"max_hp_loss":0.0,"gold_gain":0.0,"event_name":"Shining Light","player_choice":"Ignored","floor":13.0,"gold_loss":0.0,"damage_taken":0.0},{"damage_healed":0.0,"max_hp_gain":0.0,"max_hp_loss":0.0,"gold_gain":0.0,"event_name":"N\u0027loth","player_choice":"Ignored","floor":19.0,"gold_loss":0.0,"damage_taken":0.0},{"damage_healed":0.0,"max_hp_gain":0.0,"max_hp_loss":0.0,"gold_gain":0.0,"event_name":"Cursed Tome","player_choice":"Ignored","floor":22.0,"gold_loss":0.0,"damage_taken":0.0}],"is_beta":false,"boss_relics":[{"not_picked":["Ectoplasm","Velvet Choker"],"picked":"Snecko Eye"}],"items_purged_floors":[4,30],"is_endless":false,"potions_floor_spawned":[5,8,18,21,24],"killed_by":"Collector","ascension_level":20}}