{"host":"2461dio7vetlq1z3","time":1608987173,"event":{"mods":["2.2 Compatiblity","AchievementEnabler","Aspiration","BaseMod","Better Third Choice","Friendly Minions","Hermit","Minty Spire (QoL Compilation)","Relic Stats","Spicy Shops","StSLib","Waifu the Spire"],"gold_per_floor":[369,387,400,94,110,110,143,143,143,153,153,165,181,212,212,286,286,166,166,0,0,0,0,0,0,0],"floor_reached":25,"playtime":1231,"items_purged":["Strike_R"],"score":470,"play_id":"4924dfe8-29d5-42ab-95aa-e364541135e5","local_time":"20201226135253","is_ascension_mode":true,"campfire_choices":[{"data":"Bash","floor":6,"key":"SMITH"},{"data":"Fiend Fire","floor":11,"key":"SMITH"},{"data":"Feed","floor":15,"key":"SMITH"},{"data":"Feel No Pain","floor":24,"key":"SMITH"}],"circlet_count":0,"master_deck":["AscendersBane","Strike_R","Strike_R","Strike_R","Defend_R","Defend_R","Defend_R","Defend_R","Bash+1","Feel No Pain+1","Ghostly Armor","Clothesline","Fiend Fire+1","Reckless Charge","Burning Pact","Rampage","Power Through","Fire Breathing","Feed+1","Reaper","Dark Embrace","Feel No Pain","Feed+1","Armaments+1"],"relics":["Burning Blood","Centennial Puzzle","Kunai","Singing Bowl","Ectoplasm","Unceasing Top"],"acts_visited":["Exordium","TheCity"],"potions_floor_usage":[7,16,18,22,23,23],"damage_taken":[{"damage":8,"enemies":"Small Slimes","floor":1,"turns":6},{"damage":4,"enemies":"Cultist","floor":2,"turns":4},{"damage":0,"enemies":"2 Louse","floor":3,"turns":4},{"damage":16,"enemies":"Lots of Slimes","floor":5,"turns":6},{"damage":17,"enemies":"3 Sentries","floor":7,"turns":12},{"damage":5,"enemies":"Large Slime","floor":10,"turns":9},{"damage":0,"enemies":"2 Fungi Beasts","floor":12,"turns":2},{"damage":5,"enemies":"Blue Slaver","floor":13,"turns":3},{"damage":6,"enemies":"Gremlin Nob","floor":14,"turns":3},{"damage":47,"enemies":"The Guardian","floor":16,"turns":10},{"damage":35,"enemies":"2 Thieves","floor":18,"turns":4},{"damage":3,"enemies":"Chosen","floor":19,"turns":4},{"damage":38,"enemies":"Sentry and Sphere","floor":22,"turns":10},{"damage":28,"enemies":"Slavers","floor":23,"turns":4},{"damage":50,"enemies":"Gremlin Leader","floor":25,"turns":4}],"seed_played":"-4495404993821620659","potions_obtained":[{"floor":1,"key":"Regen Potion"},{"floor":5,"key":"EssenceOfSteel"},{"floor":13,"key":"Block Potion"},{"floor":16,"key":"AttackPotion"},{"floor":19,"key":"AttackPotion"},{"floor":22,"key":"HeartOfIron"},{"floor":23,"key":"Ancient Potion"}],"is_trial":false,"path_per_floor":["M","M","M","$","M","R","E","?","T","M","R","M","M","E","R","B",null,"M","M","$","?","M","E","R","E"],"character_chosen":"IRONCLAD","items_purchased":["Fiend Fire","Feel No Pain","BloodPotion"],"campfire_rested":0,"item_purchase_floors":[4,20,20],"current_hp_per_floor":[66,68,68,68,58,58,47,47,47,48,48,54,55,55,55,18,59,40,43,43,43,36,43,43,0,0],"gold":0,"neow_bonus":"TWO_FIFTY_GOLD","is_daily":false,"chose_seed":false,"campfire_upgraded":4,"win_rate":0.0,"timestamp":1608987173,"path_taken":["M","M","M","$","M","R","E","?","T","M","R","?","M","E","R","BOSS","M","M","$","?","?","E","R","E"],"items_purchased_type":["Card","Card","Potion"],"build_version":"2020-12-22","purchased_purges":1,"victory":false,"max_hp_per_floor":[68,68,68,68,68,68,68,68,68,68,68,68,68,68,68,72,72,74,74,74,74,84,88,88,88,88],"relic_stats":{"Centennial Puzzle":[27],"Singing Bowl":4,"counters":[15,85],"Ectoplasm":190,"Kunai":[0],"obtain_stats":[{"Centennial Puzzle":7,"Singing Bowl":14,"Ectoplasm":17,"Kunai":9,"Burning Blood":0,"Unceasing Top":23},{"Centennial Puzzle":5,"Singing Bowl":9,"Ectoplasm":10,"Kunai":5,"Burning Blood":0,"Unceasing Top":14},{"Centennial Puzzle":32,"Singing Bowl":49,"Ectoplasm":59,"Kunai":32,"Burning Blood":0,"Unceasing Top":81}],"Burning Blood":78,"Unceasing Top":[0]},"card_choices":[{"not_picked":["Rampage","Sword Boomerang"],"picked":"Feel No Pain","floor":1},{"not_picked":["Clash","Warcry"],"picked":"Ghostly Armor","floor":2},{"not_picked":["Twin Strike","Thunderclap"],"picked":"Clothesline","floor":3},{"not_picked":["Perfected Strike","Iron Wave"],"picked":"Reckless Charge","floor":5},{"not_picked":["Perfected Strike","Heavy Blade"],"picked":"Burning Pact","floor":7},{"not_picked":["Armaments","Whirlwind"],"picked":"Rampage","floor":10},{"not_picked":["Fiend Fire","Clothesline"],"picked":"Power Through","floor":12},{"not_picked":["Twin Strike","Clash"],"picked":"Fire Breathing","floor":13},{"not_picked":["Warcry","Rage"],"picked":"Feed","floor":14},{"not_picked":["Immolate","Impervious"],"picked":"Reaper","floor":16},{"not_picked":["Perfected Strike","Searing Blow","Clash"],"picked":"Singing Bowl","floor":18},{"not_picked":["Rupture","Uppercut"],"picked":"Dark Embrace","floor":19},{"not_picked":["Anger","Fire Breathing","Flex"],"picked":"Singing Bowl","floor":22},{"not_picked":["Body Slam","Combust"],"picked":"Armaments+1","floor":23}],"player_experience":937651,"relics_obtained":[{"floor":7,"key":"Centennial Puzzle"},{"floor":9,"key":"Kunai"},{"floor":14,"key":"Singing Bowl"},{"floor":23,"key":"Unceasing Top"}],"event_choices":[{"cards_removed":["Strike_R"],"damage_healed":0,"gold_gain":0,"player_choice":"Purged","damage_taken":0,"max_hp_gain":0,"max_hp_loss":0,"event_name":"Purifier","floor":8,"gold_loss":0},{"damage_healed":0,"gold_gain":0,"player_choice":"Copied","damage_taken":0,"max_hp_gain":0,"max_hp_loss":0,"event_name":"Duplicator","floor":21,"gold_loss":0,"cards_obtained":["Feed"]}],"is_beta":false,"boss_relics":[{"not_picked":["aspiration:SecretTechniqueScroll","SlaversCollar"],"picked":"Ectoplasm"}],"items_purged_floors":[4],"is_endless":false,"potions_floor_spawned":[1,5,13,16,19,22,23],"killed_by":"Gremlin Leader","ascension_level":20}}