{"host":"id956379ct737z9h","time":1608959914,"event":{"mods":["2.2 Compatiblity","BaseMod","Bestiary","Block Reminder","Colored Map","Colored Powertips","Hermit","Minty Spire (QoL Compilation)","Quick Restart","Rare Cards Sparkle","Relic Stats","StSLib","UnlockEverythingMod","everything is the same but u backflip on backflip"],"gold_per_floor":[110,110,110,126,145,145,188,188,188,232,232,248,228,268,268,394,394,417,417,417,10,30,368,368,407,484,484,142,166,92,116,116,236,236,249,31,31,31,52,52,95,95,141,141,474,4,19,39,39,39],"floor_reached":51,"playtime":1675,"items_purged":["Strike_R","Strike_R","Shame"],"score":972,"play_id":"91da5b0b-2f98-47b7-bd8c-b6e5a86af852","local_time":"20201226001834","is_ascension_mode":true,"campfire_choices":[{"data":"Flame Barrier","floor":6,"key":"SMITH"},{"data":"Uppercut","floor":8,"key":"SMITH"},{"data":"Offering","floor":15,"key":"SMITH"},{"floor":24,"key":"REST"},{"floor":27,"key":"REST"},{"floor":32,"key":"REST"},{"data":"Demon Form","floor":40,"key":"SMITH"},{"floor":42,"key":"REST"},{"floor":44,"key":"REST"},{"floor":49,"key":"REST"}],"circlet_count":0,"master_deck":["Strike_R+1","Strike_R","Strike_R","Defend_R+1","Defend_R","Defend_R","Defend_R","Bash","Shrug It Off","Hemokinesis","Flame Barrier+1","Uppercut+1","Offering+1","Clothesline","Feed","Spot Weakness+1","Feel No Pain","Burning Pact","Inflame","Bludgeon+1","Cleave+1","Disarm","Dark Embrace","Demon Form+1","Rupture+1"],"relics":["Philosopher\u0027s Stone","Dream Catcher","Kunai","Darkstone Periapt","Torii","Busted Crown","Mummified Hand","Old Coin","Toy Ornithopter","Molten Egg 2","Cursed Key","ClockworkSouvenir","White Beast Statue","Oddly Smooth Stone","Lee\u0027s Waffle","Strawberry"],"acts_visited":["Exordium","TheCity","TheBeyond"],"potions_floor_usage":[13,23,23,25,33,35,41,50,50,50],"damage_taken":[{"damage":0,"enemies":"2 Louse","floor":1,"turns":3},{"damage":0,"enemies":"Small Slimes","floor":4,"turns":3},{"damage":2,"enemies":"Cultist","floor":5,"turns":3},{"damage":9,"enemies":"3 Sentries","floor":7,"turns":8},{"damage":7,"enemies":"Gremlin Nob","floor":10,"turns":3},{"damage":2,"enemies":"2 Fungi Beasts","floor":12,"turns":2},{"damage":12,"enemies":"3 Sentries","floor":14,"turns":6},{"damage":24,"enemies":"The Guardian","floor":16,"turns":10},{"damage":15,"enemies":"Shell Parasite","floor":18,"turns":3},{"damage":10,"enemies":"3 Byrds","floor":22,"turns":4},{"damage":24,"enemies":"Gremlin Leader","floor":23,"turns":7},{"damage":23,"enemies":"Book of Stabbing","floor":25,"turns":5},{"damage":8,"enemies":"Snake Plant","floor":29,"turns":2},{"damage":8,"enemies":"Shelled Parasite and Fungi","floor":31,"turns":3},{"damage":42,"enemies":"Collector","floor":33,"turns":9},{"damage":31,"enemies":"3 Darklings","floor":35,"turns":5},{"damage":7,"enemies":"3 Shapes","floor":39,"turns":5},{"damage":44,"enemies":"Reptomancer","floor":41,"turns":6},{"damage":55,"enemies":"Writhing Mass","floor":47,"turns":4},{"damage":8,"enemies":"Spire Growth","floor":48,"turns":5},{"damage":66,"enemies":"Time Eater","floor":50,"turns":9}],"seed_played":"-3067694504516082233","potions_obtained":[{"floor":4,"key":"EssenceOfSteel"},{"floor":12,"key":"GamblersBrew"},{"floor":13,"key":"Fruit Juice"},{"floor":14,"key":"FearPotion"},{"floor":16,"key":"SteroidPotion"},{"floor":29,"key":"SkillPotion"},{"floor":31,"key":"Ancient Potion"},{"floor":33,"key":"Block Potion"},{"floor":41,"key":"Explosive Potion"}],"is_trial":false,"path_per_floor":["M","?","?","M","M","R","E","R","T","E","?","M","?","E","R","B",null,"M","?","?","$","M","E","R","E","T","R","$","M","$","M","R","B",null,"M","$","?","?","M","R","E","R","T","R","?","$","M","M","R","B",null],"character_chosen":"IRONCLAD","items_purchased":["Feel No Pain","Mummified Hand","Inflame","Bludgeon+1","Cleave+1","Disarm","ClockworkSouvenir","LiquidMemories","Lee\u0027s Waffle","Strawberry","Fire Potion"],"campfire_rested":6,"item_purchase_floors":[21,21,28,28,28,30,36,36,46,46,46],"current_hp_per_floor":[80,64,64,64,62,62,53,53,53,46,70,68,73,61,61,37,79,64,64,64,64,54,33,57,34,34,58,58,50,50,45,70,33,85,59,59,59,59,55,55,16,42,48,76,76,108,56,48,81,30],"gold":39,"neow_bonus":"BOSS_RELIC","is_daily":false,"chose_seed":false,"campfire_upgraded":4,"win_rate":0.0,"timestamp":1608959914,"path_taken":["M","?","?","M","M","R","E","R","T","E","?","M","?","E","R","BOSS","M","?","?","$","M","E","R","E","T","R","$","M","$","?","R","BOSS","M","$","?","?","M","R","E","R","T","R","?","$","M","M","R","BOSS"],"items_purchased_type":["Card","Relic","Card","Card","Card","Card","Relic","Potion","Relic","Relic","Potion"],"build_version":"2020-12-22","purchased_purges":3,"victory":true,"max_hp_per_floor":[80,80,74,74,74,74,74,74,74,74,74,74,79,79,79,79,79,79,79,79,79,79,82,82,82,82,82,82,82,82,85,85,85,85,85,85,85,85,88,88,88,88,94,94,94,108,111,111,111,111],"relic_stats":{"Darkstone Periapt":6,"Dream Catcher":6,"Lee\u0027s Waffle":25,"Busted Crown":38,"Torii":31,"counters":[21,105],"Mummified Hand":[35],"Kunai":[24],"Cursed Key":1,"obtain_stats":[{"Darkstone Periapt":10,"Lee\u0027s Waffle":46,"Torii":14,"Golden Idol":3,"Oddly Smooth Stone":43,"Cursed Key":34,"Burning Blood":0,"White Beast Statue":41,"Old Coin":23,"ClockworkSouvenir":36,"Dream Catcher":7,"Busted Crown":17,"Mummified Hand":21,"Strawberry":46,"Philosopher\u0027s Stone":0,"Molten Egg 2":26,"Kunai":9,"Toy Ornithopter":25},{"Darkstone Periapt":5,"Lee\u0027s Waffle":18,"Torii":7,"Golden Idol":1,"Oddly Smooth Stone":18,"Cursed Key":15,"Burning Blood":0,"White Beast Statue":18,"Old Coin":11,"ClockworkSouvenir":16,"Dream Catcher":4,"Busted Crown":8,"Mummified Hand":9,"Strawberry":18,"Philosopher\u0027s Stone":0,"Molten Egg 2":12,"Kunai":4,"Toy Ornithopter":12},{"Darkstone Periapt":20,"Lee\u0027s Waffle":87,"Torii":28,"Golden Idol":3,"Oddly Smooth Stone":87,"Cursed Key":71,"Burning Blood":0,"White Beast Statue":87,"Old Coin":52,"ClockworkSouvenir":76,"Dream Catcher":17,"Busted Crown":38,"Mummified Hand":41,"Strawberry":87,"Philosopher\u0027s Stone":0,"Molten Egg 2":57,"Kunai":17,"Toy Ornithopter":57}],"Toy Ornithopter":30},"card_choices":[{"not_picked":["Pommel Strike","Body Slam"],"picked":"Shrug It Off","floor":1},{"not_picked":["Power Through","Cleave"],"picked":"Hemokinesis","floor":4},{"not_picked":["Dropkick","Fire Breathing"],"picked":"Flame Barrier","floor":5},{"not_picked":["Flex","Headbutt"],"picked":"Uppercut","floor":7},{"not_picked":["Pummel","Sword Boomerang"],"picked":"Offering","floor":10},{"not_picked":["Flex","Seeing Red"],"picked":"Clothesline","floor":12},{"not_picked":["Body Slam","Iron Wave","Flame Barrier"],"picked":"SKIP","floor":14},{"not_picked":["Impervious","Juggernaut"],"picked":"Feed","floor":16},{"not_picked":[],"picked":"Spot Weakness","floor":18},{"not_picked":["Clothesline+1"],"picked":"SKIP","floor":22},{"not_picked":["Sword Boomerang"],"picked":"SKIP","floor":23},{"not_picked":[],"picked":"Burning Pact","floor":24},{"not_picked":["Burning Pact"],"picked":"SKIP","floor":25},{"not_picked":["True Grit"],"picked":"SKIP","floor":29},{"not_picked":["Cleave+1"],"picked":"SKIP","floor":31},{"not_picked":[],"picked":"Dark Embrace","floor":32},{"not_picked":[],"picked":"Demon Form","floor":33},{"not_picked":["Whirlwind+1"],"picked":"SKIP","floor":35},{"not_picked":["Headbutt+1"],"picked":"SKIP","floor":39},{"not_picked":["Reckless Charge+1"],"picked":"SKIP","floor":41},{"not_picked":[],"picked":"Rupture+1","floor":47},{"not_picked":["Heavy Blade+1"],"picked":"SKIP","floor":48}],"player_experience":4540,"relics_obtained":[{"floor":7,"key":"Dream Catcher"},{"floor":9,"key":"Kunai"},{"floor":10,"key":"Darkstone Periapt"},{"floor":14,"key":"Torii"},{"floor":23,"key":"Old Coin"},{"floor":25,"key":"Toy Ornithopter"},{"floor":26,"key":"Molten Egg 2"},{"floor":41,"key":"White Beast Statue"},{"floor":43,"key":"Oddly Smooth Stone"}],"event_choices":[{"damage_healed":0,"gold_gain":0,"player_choice":"Entered Light","damage_taken":16,"max_hp_gain":0,"max_hp_loss":0,"event_name":"Shining Light","floor":2,"gold_loss":0,"cards_upgraded":["Defend_R","Strike_R"]},{"damage_healed":0,"gold_gain":0,"player_choice":"Lose Max HP","damage_taken":0,"relics_obtained":["Golden Idol"],"max_hp_gain":0,"max_hp_loss":6,"event_name":"Golden Idol","floor":3,"gold_loss":0},{"damage_healed":24,"gold_gain":0,"player_choice":"Banana","damage_taken":0,"max_hp_gain":0,"max_hp_loss":0,"event_name":"Big Fish","floor":11,"gold_loss":0},{"damage_healed":0,"gold_gain":0,"player_choice":"Bought 1 Potion","damage_taken":0,"max_hp_gain":0,"max_hp_loss":0,"event_name":"The Woman in Blue","floor":13,"gold_loss":0},{"damage_healed":0,"gold_gain":0,"player_choice":"Ignored","damage_taken":0,"max_hp_gain":0,"max_hp_loss":0,"event_name":"Ghosts","floor":19,"gold_loss":0},{"damage_healed":0,"gold_gain":0,"player_choice":"Upgraded","damage_taken":0,"max_hp_gain":0,"max_hp_loss":0,"event_name":"Upgrade Shrine","floor":20,"gold_loss":0,"cards_upgraded":["Spot Weakness"]},{"damage_healed":0,"gold_gain":0,"player_choice":"Memory 1","damage_taken":0,"max_hp_gain":0,"max_hp_loss":0,"event_name":"SensoryStone","floor":37,"gold_loss":0},{"damage_healed":0,"gold_gain":0,"player_choice":"Ignored","damage_taken":0,"max_hp_gain":0,"max_hp_loss":0,"event_name":"Mysterious Sphere","floor":38,"gold_loss":0},{"damage_healed":0,"gold_gain":333,"player_choice":"Gave Idol","damage_taken":0,"max_hp_gain":0,"max_hp_loss":0,"event_name":"The Moai Head","floor":45,"relics_lost":["Golden Idol"],"gold_loss":0}],"is_beta":false,"boss_relics":[{"not_picked":["Coffee Dripper","Runic Dome"],"picked":"Busted Crown"},{"not_picked":["Velvet Choker","Empty Cage"],"picked":"Cursed Key"}],"items_purged_floors":[21,28,46],"is_endless":false,"potions_floor_spawned":[4,12,14,16,22,29,31,33,41,47,48],"ascension_level":2}}