{"host":"30jsp143e4v19aze","time":1608990758,"event":{"mods":["BaseMod","Colored Map","Colored Powertips","Curses Come First","DeckTracker","Highlight Path","Minty Spire (QoL Compilation)","Quick Restart","Relic Stats","StSLib","everything is the same but u backflip on backflip","slay the spire mod where everything is the same but ironclad has a cowboy hat"],"gold_per_floor":[109,109,109,134,134,134,11,11,11,51,51,142,142,142],"floor_reached":13,"playtime":355,"items_purged":[],"score":126,"play_id":"abaa760d-e300-4556-bee6-024835861b57","local_time":"20201226145238","is_ascension_mode":true,"campfire_choices":[{"data":"Streamline","floor":6,"key":"SMITH"},{"data":"Sweeping Beam","floor":8,"key":"SMITH"},{"data":"1","floor":11,"key":"LIFT"}],"circlet_count":0,"master_deck":["AscendersBane","Strike_B","Strike_B","Defend_B","Defend_B","Defend_B","Defend_B","Zap","Dualcast","Amplify","Genetic Algorithm","Streamline+1","Hologram","Sweeping Beam+1","BootSequence","Reprogram"],"relics":["Cracked Core","Golden Idol","Happy Flower","Matryoshka","Girya","Pear"],"acts_visited":["Exordium"],"potions_floor_usage":[12,12],"damage_taken":[{"damage":25,"enemies":"Small Slimes","floor":1,"turns":4},{"damage":13,"enemies":"Jaw Worm","floor":4,"turns":3},{"damage":17,"enemies":"Lagavulin","floor":10,"turns":7},{"damage":0,"enemies":"Gremlin Nob","floor":12,"turns":2},{"damage":13,"enemies":"Gremlin Nob","floor":13,"turns":2}],"seed_played":"4978616483888962051","potions_obtained":[{"floor":1,"key":"ColorlessPotion"}],"is_trial":false,"path_per_floor":["M","?","?","M","?","R","$","R","T","E","R","?","E"],"character_chosen":"DEFECT","items_purchased":["Sweeping Beam","DistilledChaos"],"campfire_rested":0,"item_purchase_floors":[7,7],"current_hp_per_floor":[43,43,43,30,18,18,18,18,18,1,1,11,0,0],"gold":142,"neow_bonus":"TRANSFORM_CARD","is_daily":false,"chose_seed":false,"campfire_upgraded":2,"win_rate":0.0,"timestamp":1608990758,"path_taken":["M","?","?","M","?","R","?","R","T","E","R","?","E"],"items_purchased_type":["Card","Potion"],"build_version":"2020-12-22","purchased_purges":0,"victory":false,"max_hp_per_floor":[75,75,69,69,69,69,69,69,69,69,69,79,79,79],"relic_stats":{"Happy Flower":[3],"counters":[5,18],"Golden Idol":34,"obtain_stats":[{"Girya":10,"Matryoshka":9,"Pear":12,"Happy Flower":5,"Golden Idol":3,"Cracked Core":0},{"Girya":3,"Matryoshka":2,"Pear":4,"Happy Flower":2,"Golden Idol":1,"Cracked Core":0},{"Girya":14,"Matryoshka":7,"Pear":16,"Happy Flower":7,"Golden Idol":4,"Cracked Core":0}]},"card_choices":[{"not_picked":["Conserve Battery","Coolheaded"],"picked":"Genetic Algorithm","floor":1},{"not_picked":["Compile Driver","Beam Cell"],"picked":"Hologram","floor":4},{"not_picked":["Aggregate","Streamline"],"picked":"BootSequence","floor":10},{"not_picked":["Storm","Compile Driver"],"picked":"Reprogram","floor":12}],"player_experience":3237183,"relics_obtained":[{"floor":9,"key":"Matryoshka"},{"floor":10,"key":"Girya"},{"floor":12,"key":"Pear"}],"event_choices":[{"damage_healed":0,"gold_gain":0,"cards_transformed":["Strike_B"],"player_choice":"Change","damage_taken":0,"max_hp_gain":0,"max_hp_loss":0,"event_name":"Living Wall","floor":2,"gold_loss":0,"cards_obtained":["Streamline"]},{"damage_healed":0,"gold_gain":0,"player_choice":"Lose Max HP","damage_taken":0,"relics_obtained":["Golden Idol"],"max_hp_gain":0,"max_hp_loss":6,"event_name":"Golden Idol","floor":3,"gold_loss":0},{"damage_healed":0,"gold_gain":0,"player_choice":"Success","damage_taken":12,"relics_obtained":["Happy Flower"],"max_hp_gain":0,"max_hp_loss":0,"event_name":"Scrap Ooze","floor":5,"gold_loss":0},{"damage_healed":0,"gold_gain":0,"player_choice":"Searched \u00271\u0027 times","damage_taken":0,"max_hp_gain":0,"max_hp_loss":0,"event_name":"Dead Adventurer","floor":12,"gold_loss":0}],"is_beta":false,"boss_relics":[],"items_purged_floors":[],"is_endless":false,"potions_floor_spawned":[1],"killed_by":"Gremlin Nob","ascension_level":12}}