{"host":"qjr2x8lg4bxz99yh","time":1608957389,"event":{"mods":["Act Like it!","BaseMod","Colored Powertips","Downfall","Friendly Minions","Hallownest","Hermit","Minty Spire (QoL Compilation)","Replay The Spire","StSLib","The Bug Knight","The Cursed","The Disciple","The Hierophant","The Jungle","The Necromancer","The Runesmith","everything is the same but u backflip on backflip"],"gold_per_floor":[118,130,146,226,243,273,284,311,311,68,68,44,44,70,70,172,172,190,212,86,101,126,126,149,168,168,168,6,23,23,42,42,143,143,159,159,159,159,159,174,31,31,48,48,48,65,80,98,98,98],"floor_reached":49,"playtime":5038,"items_purged":[],"score":513,"play_id":"866b1e9b-1420-42ef-bff9-6790b6f3b895","local_time":"20201225223629","is_ascension_mode":false,"campfire_choices":[{"floor":13,"key":"REST"},{"floor":15,"key":"REST"},{"floor":23,"key":"REST"},{"floor":27,"key":"REST"},{"floor":30,"key":"REST"},{"floor":32,"key":"REST"},{"floor":42,"key":"REST"}],"circlet_count":0,"master_deck":["hermit:Strike_Hermit","hermit:Strike_Hermit","hermit:Strike_Hermit","hermit:Strike_Hermit","hermit:Defend_Hermit","hermit:Defend_Hermit","hermit:Defend_Hermit","hermit:Snapshot","hermit:Covet","Dramatic Entrance","hermit:Enervate","hermit:Grudge","hermit:Shortfuse","hermit:Feint","hermit:PistolWhip","hermit:ItchyTrigger","hermit:Feint","hermit:WideOpen","hermit:Determination+1","hermit:Glare","hermit:Scavenge","hermit:Reprieve","CurseOfTheBell","hermit:GoldenBullet+1","hermit:FlashPowder","hermit:ItchyTrigger","hermit:BodyArmor","hermit:Snipe","hermit:Deadeye","hermit:Midnight+1","hermit:Gestalt","hermit:TakeAim","expansioncontent:StudyTheSpire","hermit:Dive","hermit:Roulette","hermit:Roughhouse","hermit:Maintenance","Pain","hermit:TakeCover+1","hermit:BodyArmor+1","hermit:Misfire","hermit:TrackingShot","hermit:Feint"],"relics":["hermit:Momento","Matryoshka","PreservedInsect","Toy Ornithopter","hermit:Horseshoe","Boot","Bag of Preparation","Calling Bell","Durian","White Beast Statue","Centennial Puzzle","Replay:Accelerometer","Replay:Bottled Eggs","Ring of Chaos","WarpedTongs","MealTicket","Golden Egg"],"acts_visited":["Exordium","TheCity","TheBeyond"],"potions_floor_usage":[8,8,19,21,22,25,33,35,35,40,46,47,47,48,49,49],"damage_taken":[{"damage":0,"enemies":"Small Slimes","floor":1,"turns":3},{"damage":1,"enemies":"Jaw Worm","floor":2,"turns":2},{"damage":0,"enemies":"2 Louse","floor":3,"turns":1},{"damage":0,"enemies":"Looter","floor":5,"turns":2},{"damage":24,"enemies":"Lagavulin","floor":6,"turns":5},{"damage":9,"enemies":"Exordium Thugs","floor":7,"turns":4},{"damage":7,"enemies":"3 Sentries","floor":8,"turns":4},{"damage":11,"enemies":"Gremlin Nob","floor":14,"turns":3},{"damage":36,"enemies":"Fading Forest","floor":16,"turns":11},{"damage":23,"enemies":"2 Thieves","floor":18,"turns":3},{"damage":29,"enemies":"Shell Parasite","floor":19,"turns":4},{"damage":15,"enemies":"Shelled Parasite and Fungi","floor":21,"turns":7},{"damage":19,"enemies":"Snecko","floor":22,"turns":5},{"damage":12,"enemies":"Centurion and Healer","floor":24,"turns":6},{"damage":1,"enemies":"Shelled Parasite and Fungi","floor":25,"turns":6},{"damage":48,"enemies":"Sentry and Sphere","floor":29,"turns":11},{"damage":13,"enemies":"Cultist and Chosen","floor":31,"turns":7},{"damage":68,"enemies":"Collector","floor":33,"turns":11},{"damage":59,"enemies":"3 Darklings","floor":35,"turns":7},{"damage":24,"enemies":"3 Shapes","floor":40,"turns":4},{"damage":30,"enemies":"Jaw Worm Horde","floor":43,"turns":7},{"damage":3,"enemies":"Transient","floor":46,"turns":5},{"damage":47,"enemies":"Maw","floor":47,"turns":11},{"damage":9,"enemies":"Spire Growth","floor":48,"turns":7},{"damage":24,"enemies":"HollowMod:SlobberingHusk","floor":49,"turns":5}],"seed_played":"-7400712814521441877","potions_obtained":[{"floor":2,"key":"SpeedPotion"},{"floor":5,"key":"Explosive Potion"},{"floor":6,"key":"hermit:BlackBile"},{"floor":16,"key":"Death Potion"},{"floor":18,"key":"Death Potion"},{"floor":19,"key":"LifebloodPotion"},{"floor":21,"key":"PowerPotion"},{"floor":22,"key":"FearPotion"},{"floor":24,"key":"Energy Potion"},{"floor":25,"key":"Fire Potion"},{"floor":31,"key":"Doom Potion"},{"floor":33,"key":"LiquidBronze"},{"floor":35,"key":"BlessingOfTheForge"},{"floor":40,"key":"BlessingOfTheForge"},{"floor":43,"key":"SpeedPotion"},{"floor":46,"key":"ColorlessPotion"},{"floor":47,"key":"Reflective Coating"},{"floor":48,"key":"ColorlessPotion"}],"is_trial":false,"path_per_floor":["M","M","M","?","M","E","M","E","T","$","?","$","R","E","R","B",null,"M","M","$","M","M","R","M","M","T","R","$","M","R","M","R","B",null,"M","?","?","PTL","PTL","M","$","R","M","$","T","M","M","M","M"],"character_chosen":"HERMIT","items_purchased":["hermit:WideOpen","hermit:Determination","Boot","hermit:Glare","hermit:ItchyTrigger","hermit:BodyArmor","hermit:Snipe","expansioncontent:StudyTheSpire","MealTicket"],"campfire_rested":7,"item_purchase_floors":[10,10,10,12,20,20,20,28,41],"current_hp_per_floor":[75,74,74,74,74,50,41,34,34,34,34,34,56,45,67,49,80,61,45,45,35,25,49,37,45,45,69,69,21,45,40,64,9,80,30,30,30,30,30,23,23,47,25,40,40,54,17,13,0,0],"gold":98,"neow_bonus":"RANDOM_COLORLESS","is_daily":false,"chose_seed":false,"campfire_upgraded":0,"win_rate":0.0,"timestamp":1608957389,"path_taken":["M","M","M","?","M","E","M","E","T","?","?","$","R","E","R","BOSS","M","M","$","M","M","R","M","M","T","R","$","M","R","M","R","BOSS","M","?","?","PTL","PTL","?","$","R","M","$","T","M","M","M","M"],"items_purchased_type":["Card","Card","Relic","Card","Card","Card","Card","Card","Relic"],"build_version":"2020-12-22","purchased_purges":0,"victory":false,"max_hp_per_floor":[75,75,75,75,75,75,75,75,75,75,75,75,75,75,75,75,80,80,80,80,80,80,80,80,80,80,80,80,80,80,80,80,80,80,80,80,80,80,80,80,80,80,80,80,80,80,80,80,80,80],"card_choices":[{"not_picked":["Dark Shackles","expansioncontent:GoopSpray"],"picked":"Dramatic Entrance","floor":0},{"not_picked":["hermit:HighCaliber","hermit:Headshot"],"picked":"hermit:Enervate","floor":1},{"not_picked":["hermit:FullyLoaded","hermit:CursedWeapon"],"picked":"hermit:Grudge","floor":2},{"not_picked":["hermit:WideOpen","hermit:Manifest"],"picked":"hermit:Shortfuse","floor":3},{"not_picked":["hermit:Brawl","hermit:Manifest"],"picked":"hermit:Feint","floor":5},{"not_picked":["hermit:Midnight","hermit:FinalCanter"],"picked":"hermit:PistolWhip","floor":6},{"not_picked":["hermit:Gestalt","hermit:ShadowCloak"],"picked":"hermit:ItchyTrigger","floor":7},{"not_picked":["hermit:Misfire","hermit:CursedWeapon"],"picked":"hermit:Feint","floor":8},{"not_picked":["hermit:WideOpen","hermit:Spite"],"picked":"hermit:Scavenge","floor":14},{"not_picked":["hermit:OverwhelmingPower","hermit:Purgatory"],"picked":"hermit:Reprieve","floor":16},{"not_picked":["hermit:Desperado","hermit:Determination"],"picked":"hermit:GoldenBullet","floor":18},{"not_picked":["hermit:Shortfuse","hermit:SprayPray+1"],"picked":"hermit:FlashPowder","floor":19},{"not_picked":["hermit:EyeOfTheStorm","hermit:Brawl"],"picked":"hermit:Deadeye","floor":21},{"not_picked":["hermit:Headshot","hermit:BodyArmor"],"picked":"hermit:Midnight+1","floor":22},{"not_picked":["hermit:BodyArmor","hermit:HighCaliber"],"picked":"hermit:Gestalt","floor":24},{"not_picked":["hermit:FullyLoaded","hermit:Headshot"],"picked":"hermit:TakeAim","floor":25},{"not_picked":["hermit:PistolWhip","hermit:Misfire"],"picked":"hermit:Dive","floor":29},{"not_picked":["hermit:Desperado","hermit:OverwhelmingPower"],"picked":"hermit:Roulette","floor":31},{"not_picked":["hermit:Gambit","hermit:EternalForm"],"picked":"hermit:Roughhouse","floor":33},{"not_picked":["hermit:Ricochet","hermit:Gestalt+1"],"picked":"hermit:Maintenance","floor":35},{"not_picked":["hermit:Manifest","hermit:SprayPray+1"],"picked":"hermit:TakeCover+1","floor":40},{"not_picked":["hermit:Desperado","hermit:HoleUp"],"picked":"hermit:BodyArmor+1","floor":43},{"not_picked":["hermit:LowProfile","hermit:Headshot"],"picked":"hermit:Misfire","floor":46},{"not_picked":["hermit:TakeAim+1","hermit:Manifest+1"],"picked":"hermit:TrackingShot","floor":47},{"not_picked":["hermit:WideOpen+1","hermit:Vantage"],"picked":"hermit:Feint","floor":48}],"player_experience":55015,"relics_obtained":[{"floor":6,"key":"Matryoshka"},{"floor":8,"key":"PreservedInsect"},{"floor":9,"key":"Toy Ornithopter"},{"floor":9,"key":"hermit:Horseshoe"},{"floor":14,"key":"Bag of Preparation"},{"floor":17,"key":"Durian"},{"floor":17,"key":"White Beast Statue"},{"floor":17,"key":"Centennial Puzzle"},{"floor":26,"key":"Replay:Accelerometer"},{"floor":26,"key":"Replay:Bottled Eggs"},{"floor":45,"key":"Golden Egg"}],"event_choices":[{"damage_healed":0,"gold_gain":80,"player_choice":"Gained Gold","damage_taken":0,"max_hp_gain":0,"max_hp_loss":0,"event_name":"Golden Wing","floor":4,"gold_loss":0},{"damage_healed":0,"gold_gain":0,"player_choice":"Grow","damage_taken":0,"max_hp_gain":0,"max_hp_loss":0,"event_name":"Living Wall","floor":11,"gold_loss":0,"cards_upgraded":["hermit:Determination"]},{"cards_removed":["hermit:Defend_Hermit"],"damage_healed":0,"gold_gain":0,"player_choice":"Removed Skill","damage_taken":0,"max_hp_gain":0,"max_hp_loss":0,"event_name":"Falling","floor":36,"gold_loss":0},{"damage_healed":0,"gold_gain":0,"player_choice":"Rummage","damage_taken":0,"relics_obtained":["WarpedTongs"],"max_hp_gain":0,"max_hp_loss":0,"event_name":"Accursed Blacksmith","floor":37,"gold_loss":0,"cards_obtained":["Pain"]}],"is_beta":false,"boss_relics":[{"not_picked":["Runic Dome","Fusion Hammer"],"picked":"Calling Bell"},{"not_picked":["SacredBark","Coffee Dripper"],"picked":"Ring of Chaos"}],"items_purged_floors":[],"is_endless":false,"potions_floor_spawned":[2,5,6,16,18,19,21,22,24,25,29,31,33,35,40,43,46,47,48],"killed_by":"HollowMod:SlobberingHusk","ascension_level":0}}