{"host":"2461dio7vetlq1z3","time":1608994209,"event":{"mods":["2.2 Compatiblity","AchievementEnabler","Aspiration","BaseMod","Better Third Choice","Friendly Minions","Hermit","Minty Spire (QoL Compilation)","Relic Stats","Spicy Shops","StSLib","Waifu the Spire"],"gold_per_floor":[112,67,83,107,32,58,58,83,83,97,97,97,97,127,127,203,203,217,237,237,248,258,258,274,306,333,347,347,347,372,382,382,453,453,472,115,160,171,87,137,178,209,209,209,209,240,240,269,269,269,269,269,44,72,72],"floor_reached":56,"playtime":2804,"items_purged":["Pain","Strike_P+1","Defend_P+1"],"score":2491,"play_id":"ba55eb56-9fdf-4e4c-99fb-ec1ac94cbae8","local_time":"20201226155009","is_ascension_mode":true,"campfire_choices":[{"data":"CrushJoints","floor":7.0,"key":"SMITH"},{"data":"TalkToTheHand","floor":11.0,"key":"SMITH"},{"data":"Eruption","floor":13.0,"key":"SMITH"},{"data":"Wallop","floor":15,"key":"SMITH"},{"data":"Vault","floor":23,"key":"SMITH"},{"floor":28,"key":"REST"},{"floor":32,"key":"REST"},{"floor":44,"key":"RECALL"},{"data":"Master of Strategy","floor":49,"key":"SMITH"},{"data":"Adaptation","floor":52,"key":"SMITH"}],"circlet_count":0,"master_deck":["AscendersBane","Defend_P+1","Defend_P+1","Eruption+1","Vigilance+1","CrushJoints+1","JustLucky+1","Wallop+1","TalkToTheHand+1","FollowUp+1","FlyingSleeves+1","Vault+1","Vengeance+1","RitualDagger+1","Tantrum+1","DeceiveReality+1","SandsOfTime+1","ClearTheMind+1","FlurryOfBlows+1","Wish+1","LikeWater+1","FlurryOfBlows+1","Ragnarok+1","Wireheading+1","FlurryOfBlows+1","LikeWater+1","Wallop+1","Perseverance+1","CrushJoints+1","TalkToTheHand+1","Adaptation+1","Master of Strategy+1","EmptyBody"],"relics":["PureWater","NeowsBlessing","betterThird:SlimedRelic","Regal Pillow","Gremlin Horn","Pen Nib","Pear","Singing Bowl","Cursed Key","Centennial Puzzle","Gambling Chip","Astrolabe","Kunai","Bottled Flame","Thread and Needle","Mark of the Bloom","Vajra","Nunchaku","Whetstone"],"acts_visited":["Exordium","TheCity","TheBeyond","TheEnding"],"potions_floor_usage":[25,30,33,55,55],"damage_taken":[{"damage":0.0,"enemies":"2 Louse","floor":1.0,"turns":2.0},{"damage":0.0,"enemies":"Jaw Worm","floor":3.0,"turns":1.0},{"damage":0.0,"enemies":"Lagavulin","floor":6.0,"turns":1.0},{"damage":23.0,"enemies":"3 Sentries","floor":8.0,"turns":4.0},{"damage":0.0,"enemies":"Small Slimes","floor":10.0,"turns":4.0},{"damage":20,"enemies":"Lagavulin","floor":14,"turns":7},{"damage":3,"enemies":"Hexaghost","floor":16,"turns":7},{"damage":0,"enemies":"Chosen","floor":18,"turns":4},{"damage":5,"enemies":"Shell Parasite","floor":19,"turns":2},{"damage":11,"enemies":"Cultist and Chosen","floor":21,"turns":5},{"damage":2,"enemies":"Snake Plant","floor":22,"turns":5},{"damage":19,"enemies":"Snecko","floor":24,"turns":6},{"damage":17,"enemies":"Book of Stabbing","floor":25,"turns":3},{"damage":6,"enemies":"3 Cultists","floor":27,"turns":2},{"damage":15,"enemies":"Gremlin Leader","floor":30,"turns":5},{"damage":6,"enemies":"Centurion and Healer","floor":31,"turns":6},{"damage":0,"enemies":"Collector","floor":33,"turns":5},{"damage":0,"enemies":"Orb Walker","floor":35,"turns":2},{"damage":0,"enemies":"3 Shapes","floor":37,"turns":5},{"damage":0,"enemies":"Writhing Mass","floor":38,"turns":4},{"damage":6,"enemies":"Nemesis","floor":40,"turns":8},{"damage":2,"enemies":"4 Shapes","floor":41,"turns":6},{"damage":0,"enemies":"Reptomancer","floor":42,"turns":6},{"damage":0,"enemies":"Nemesis","floor":46,"turns":4},{"damage":3,"enemies":"Reptomancer","floor":48,"turns":7},{"damage":0,"enemies":"Donu and Deca","floor":50,"turns":5},{"damage":8,"enemies":"Shield and Spear","floor":54,"turns":6},{"damage":60,"enemies":"The Heart","floor":55,"turns":10}],"seed_played":"264606039125264125","potions_obtained":[{"floor":6.0,"key":"AttackPotion"},{"floor":14,"key":"FearPotion"},{"floor":18,"key":"BottledMiracle"},{"floor":22,"key":"SpeedPotion"},{"floor":30,"key":"Strength Potion"},{"floor":40,"key":"SpeedPotion"},{"floor":42,"key":"Weak Potion"},{"floor":46,"key":"Ancient Potion"}],"is_trial":false,"path_per_floor":["M","?","M","T","?","E","R","E","T","M","R","?","R","E","R","B",null,"M","M","?","M","M","R","M","E","T","M","R","?","E","M","R","B",null,"M","$","M","M","$","E","M","E","T","R","?","E","?","E","R","B",null,"R","$","E","B",null],"character_chosen":"WATCHER","items_purchased":["Kunai","Wallop"],"campfire_rested":2,"item_purchase_floors":[36,39],"current_hp_per_floor":[61,50,50,50,50,50,50,27,37,37,37,63,63,43,43,40,69,71,66,60,49,49,49,30,13,13,7,46,46,33,27,67,67,80,80,80,80,80,80,74,72,72,72,72,72,72,72,69,69,69,69,69,69,61,1],"gold":72,"neow_bonus":"THREE_ENEMY_KILL","is_daily":false,"chose_seed":false,"campfire_upgraded":7,"win_rate":0.0,"timestamp":1608994209,"path_taken":["M","?","M","?","?","E","R","E","T","?","R","?","R","E","R","BOSS","M","M","?","M","M","R","M","E","T","M","R","?","E","?","R","BOSS","M","$","M","M","$","E","M","E","T","R","?","E","?","E","R","BOSS","R","$","E","BOSS"],"items_purchased_type":["Relic","Card"],"build_version":"2020-12-22","purchased_purges":3,"victory":true,"max_hp_per_floor":[68,68,68,68,68,68,68,68,78,78,78,78,78,78,78,78,78,80,80,80,80,82,82,82,82,82,82,82,82,84,84,84,84,84,84,84,84,84,84,84,84,84,84,84,84,84,84,84,84,84,84,84,84,86,86],"relic_stats":{"Regal Pillow":30,"Mark of the Bloom":13,"Gremlin Horn":[26,26],"Singing Bowl":8,"counters":[28,132],"Astrolabe":["LikeWater","FlurryOfBlows","Ragnarok"],"Pen Nib":[31],"Whetstone":[],"Cursed Key":1,"Centennial Puzzle":[24],"Nunchaku":[6],"Gambling Chip":[28],"Kunai":[37],"obtain_stats":[{"Regal Pillow":4,"Mark of the Bloom":45,"Pear":9,"NeowsBlessing":0,"Gremlin Horn":6,"Singing Bowl":14,"Astrolabe":34,"Vajra":46,"Thread and Needle":42,"Pen Nib":8,"Whetstone":54,"Cursed Key":17,"Centennial Puzzle":25,"Bottled Flame":40,"Nunchaku":48,"betterThird:SlimedRelic":2,"Gambling Chip":30,"Kunai":36,"PureWater":0},{"Regal Pillow":2,"Mark of the Bloom":23,"Pear":4,"NeowsBlessing":0,"Gremlin Horn":3,"Singing Bowl":6,"Astrolabe":17,"Vajra":24,"Thread and Needle":23,"Pen Nib":4,"Whetstone":27,"Cursed Key":7,"Centennial Puzzle":13,"Bottled Flame":21,"Nunchaku":25,"betterThird:SlimedRelic":1,"Gambling Chip":15,"Kunai":18,"PureWater":0},{"Regal Pillow":3,"Mark of the Bloom":100,"Pear":8,"NeowsBlessing":0,"Gremlin Horn":4,"Singing Bowl":19,"Astrolabe":69,"Vajra":104,"Thread and Needle":100,"Pen Nib":8,"Whetstone":122,"Cursed Key":26,"Centennial Puzzle":51,"Bottled Flame":88,"Nunchaku":111,"betterThird:SlimedRelic":2,"Gambling Chip":58,"Kunai":71,"PureWater":0}]},"card_choices":[{"not_picked":["Crescendo","CutThroughFate"],"picked":"CrushJoints","floor":1.0},{"not_picked":["Vengeance","Prostrate"],"picked":"JustLucky","floor":3.0},{"not_picked":["CutThroughFate","WaveOfTheHand"],"picked":"Wallop","floor":6.0},{"not_picked":["Halt","BowlingBash"],"picked":"TalkToTheHand","floor":8.0},{"not_picked":["BattleHymn","PathToVictory"],"picked":"FollowUp","floor":10.0},{"not_picked":["Halt","Weave"],"picked":"FlyingSleeves","floor":14},{"not_picked":["DeusExMachina","ConjureBlade"],"picked":"Vault","floor":16},{"not_picked":["Prostrate+1","PathToVictory","FlyingSleeves"],"picked":"Singing Bowl","floor":18},{"not_picked":["ClearTheMind","SignatureMove"],"picked":"Vengeance","floor":19},{"not_picked":["Protect","ThirdEye"],"picked":"Tantrum","floor":21},{"not_picked":["BowlingBash","Collect","Fasting2"],"picked":"Singing Bowl","floor":22},{"not_picked":["FlyingSleeves","DevaForm"],"picked":"DeceiveReality","floor":24},{"not_picked":["WreathOfFlame","Evaluate"],"picked":"SandsOfTime+1","floor":25},{"not_picked":["Sanctity","Crescendo+1"],"picked":"ClearTheMind","floor":27},{"not_picked":["Halt","JustLucky","BowlingBash+1"],"picked":"Singing Bowl","floor":30},{"not_picked":["WheelKick","BattleHymn"],"picked":"FlurryOfBlows","floor":31},{"not_picked":["Ragnarok","Brilliance"],"picked":"Wish","floor":33},{"not_picked":["ThirdEye","Crescendo"],"picked":"Wireheading","floor":35},{"not_picked":["CarveReality","CrushJoints"],"picked":"FlurryOfBlows","floor":37},{"not_picked":["Wireheading","FlyingSleeves+1"],"picked":"LikeWater","floor":38},{"not_picked":["ForeignInfluence","SignatureMove"],"picked":"Perseverance","floor":40},{"not_picked":["Fasting2","Indignation+1"],"picked":"CrushJoints+1","floor":41},{"not_picked":["Crescendo","JustLucky"],"picked":"TalkToTheHand","floor":42},{"not_picked":["Swivel","Protect"],"picked":"Adaptation","floor":46},{"not_picked":["Jack Of All Trades","Good Instincts"],"picked":"Master of Strategy","floor":47},{"not_picked":["DeceiveReality","Halt+1"],"picked":"EmptyBody","floor":48},{"not_picked":["SashWhip","Tantrum","JustLucky+1"],"picked":"Singing Bowl","floor":54}],"player_experience":942639,"relics_obtained":[{"floor":4.0,"key":"Regal Pillow"},{"floor":6.0,"key":"Gremlin Horn"},{"floor":8.0,"key":"Pen Nib"},{"floor":9.0,"key":"Pear"},{"floor":14,"key":"Singing Bowl"},{"floor":25,"key":"Centennial Puzzle"},{"floor":30,"key":"Gambling Chip"},{"floor":40,"key":"Bottled Flame"},{"floor":42,"key":"Thread and Needle"},{"floor":46,"key":"Vajra"},{"floor":48,"key":"Nunchaku"},{"floor":54,"key":"Whetstone"}],"event_choices":[{"damage_healed":0.0,"max_hp_gain":0.0,"max_hp_loss":0.0,"gold_gain":0.0,"event_name":"betterThird:BetterGoop","player_choice":"Slimed","floor":2.0,"gold_loss":45.0,"damage_taken":11.0},{"cards_removed":["Strike_P"],"damage_healed":0.0,"max_hp_gain":0.0,"max_hp_loss":0.0,"gold_gain":0.0,"event_name":"The Cleric","player_choice":"Card Removal","floor":5.0,"gold_loss":75.0,"damage_taken":0.0},{"damage_healed":26.0,"max_hp_gain":0.0,"max_hp_loss":0.0,"gold_gain":0.0,"event_name":"Big Fish","player_choice":"Banana","floor":12.0,"gold_loss":0.0,"damage_taken":0.0},{"damage_healed":0,"gold_gain":0,"player_choice":"Dagger","damage_taken":6,"max_hp_gain":0,"max_hp_loss":0,"event_name":"betterThird:BetterNest","floor":20,"gold_loss":0,"cards_obtained":["RitualDagger"]},{"damage_healed":0,"gold_gain":0,"player_choice":"Ignored","damage_taken":0,"max_hp_gain":0,"max_hp_loss":0,"event_name":"Ghosts","floor":29,"gold_loss":0},{"damage_healed":0,"gold_gain":0,"player_choice":"Upgrade","damage_taken":0,"relics_obtained":["Mark of the Bloom"],"max_hp_gain":0,"max_hp_loss":0,"event_name":"MindBloom","floor":45,"gold_loss":0,"cards_upgraded":["Strike_P","Defend_P","Defend_P","Defend_P","Vigilance","JustLucky","FollowUp","FlyingSleeves","Vengeance","RitualDagger","Tantrum","DeceiveReality","ClearTheMind","FlurryOfBlows","Wish","Wireheading","FlurryOfBlows","LikeWater","Wallop","Perseverance","TalkToTheHand"]},{"damage_healed":0,"gold_gain":0,"player_choice":"Memory 1","damage_taken":0,"max_hp_gain":0,"max_hp_loss":0,"event_name":"SensoryStone","floor":47,"gold_loss":0}],"is_beta":false,"boss_relics":[{"not_picked":["aspiration:RitualDagger","aspiration:DefectSkillbook"],"picked":"Cursed Key"},{"not_picked":["Coffee Dripper","Velvet Choker"],"picked":"Astrolabe"}],"items_purged_floors":[36,53,53],"is_endless":false,"potions_floor_spawned":[6,14,18,19,22,30,40,42,46,54],"ascension_level":17}}