{"host":"iphsb0ccnjx0pfn6","time":1608967315,"event":{"mods":["2.2 Compatiblity","AchievementEnabler","BaseMod","Colored Map","DeckTracker","Keyboard Shortcuts","Minty Spire (QoL Compilation)","Permanent Neow","Quick Restart","Relic Stats","StSLib","SuperFastMode","Uncapped","everything is the same but u backflip on backflip"],"gold_per_floor":[110,128,146,12,22,54,71,71,71,97,97,97,107,120,120,198,198,208,221,232,232,232,232],"floor_reached":22,"playtime":655,"items_purged":["Strike_R"],"score":400,"play_id":"feadf5ba-6840-4594-af25-e71dbcb22d5a","local_time":"20201226162155","is_ascension_mode":true,"campfire_choices":[{"data":"Bloodletting","floor":8.0,"key":"SMITH"},{"floor":11.0,"key":"REST"},{"data":"Armaments","floor":15.0,"key":"SMITH"}],"circlet_count":0,"master_deck":["AscendersBane","Strike_R","Strike_R","Strike_R","Defend_R","Defend_R","Defend_R","Defend_R","Bash","Bloodletting+1","Battle Trance","Twin Strike","Battle Trance","Shrug It Off","Seeing Red","Pummel","Bludgeon","Flex","Heavy Blade","Armaments+1","Bludgeon"],"relics":["Burning Blood","Tiny Chest","Blue Candle","Mummified Hand","Busted Crown","Nilry\u0027s Codex"],"acts_visited":["Exordium","TheCity"],"potions_floor_usage":[22],"damage_taken":[{"damage":6.0,"enemies":"Cultist","floor":1.0,"turns":4.0},{"damage":9.0,"enemies":"Small Slimes","floor":2.0,"turns":4.0},{"damage":5.0,"enemies":"Jaw Worm","floor":3.0,"turns":3.0},{"damage":16.0,"enemies":"Blue Slaver","floor":5.0,"turns":6.0},{"damage":11.0,"enemies":"Gremlin Nob","floor":6.0,"turns":3.0},{"damage":9.0,"enemies":"Looter","floor":7.0,"turns":3.0},{"damage":47.0,"enemies":"3 Sentries","floor":10.0,"turns":12.0},{"damage":11.0,"enemies":"2 Fungi Beasts","floor":13.0,"turns":3.0},{"damage":9.0,"enemies":"Red Slaver","floor":14.0,"turns":3.0},{"damage":14.0,"enemies":"Hexaghost","floor":16.0,"turns":7.0},{"damage":0.0,"enemies":"Spheric Guardian","floor":18.0,"turns":2.0},{"damage":40.0,"enemies":"Shell Parasite","floor":19.0,"turns":4.0},{"damage":14.0,"enemies":"Snake Plant","floor":20.0,"turns":3.0},{"damage":12,"enemies":"3 Cultists","floor":22,"turns":3}],"seed_played":"-2909556009411695717","potions_obtained":[{"floor":1.0,"key":"Strength Potion"},{"floor":3.0,"key":"SteroidPotion"},{"floor":14.0,"key":"SteroidPotion"},{"floor":20.0,"key":"FearPotion"}],"is_trial":false,"path_per_floor":["M","M","M","$","M","E","M","R","T","E","R","?","M","M","R","B",null,"M","M","M","?","M"],"character_chosen":"IRONCLAD","items_purchased":["Shrug It Off"],"campfire_rested":1,"item_purchase_floors":[4],"current_hp_per_floor":[68,65,66,66,56,51,48,48,48,7,29,54,49,46,46,38,66,72,38,30,9,0,0],"gold":232,"neow_bonus":"TRANSFORM_CARD","is_daily":false,"chose_seed":false,"campfire_upgraded":2,"win_rate":0.0,"timestamp":1608967315,"path_taken":["M","M","M","?","M","E","M","R","T","E","R","?","M","M","R","BOSS","M","M","M","?","M"],"items_purchased_type":["Card"],"build_version":"2020-12-22","purchased_purges":1,"victory":false,"max_hp_per_floor":[75,75,75,75,75,75,75,75,75,75,75,75,75,75,75,75,75,75,75,75,75,75,75],"relic_stats":{"Busted Crown":6,"counters":[14,60],"Mummified Hand":[0],"Blue Candle":[0],"Tiny Chest":0,"obtain_stats":[{"Busted Crown":17,"Mummified Hand":10,"Nilry\u0027s Codex":21,"Blue Candle":9,"Tiny Chest":6,"Burning Blood":0},{"Busted Crown":10,"Mummified Hand":7,"Nilry\u0027s Codex":13,"Blue Candle":6,"Tiny Chest":5,"Burning Blood":0},{"Busted Crown":48,"Mummified Hand":35,"Nilry\u0027s Codex":57,"Blue Candle":23,"Tiny Chest":20,"Burning Blood":0}],"Burning Blood":78},"card_choices":[{"not_picked":["Armaments","True Grit"],"picked":"Battle Trance","floor":1.0},{"not_picked":["Pummel","Anger"],"picked":"Twin Strike","floor":2.0},{"not_picked":["Clothesline","Twin Strike"],"picked":"Battle Trance","floor":3.0},{"not_picked":["Pommel Strike","Twin Strike"],"picked":"Seeing Red","floor":5.0},{"not_picked":["Infernal Blade","Burning Pact"],"picked":"Pummel","floor":6.0},{"not_picked":["Hemokinesis","Havoc"],"picked":"Bludgeon","floor":7.0},{"not_picked":["Flex","Clash","Battle Trance"],"picked":"SKIP","floor":10.0},{"not_picked":["Clash","Battle Trance"],"picked":"Flex","floor":10.0},{"not_picked":["Headbutt","Whirlwind"],"picked":"Heavy Blade","floor":13.0},{"not_picked":["Intimidate","Headbutt"],"picked":"Armaments","floor":14.0},{"not_picked":["Immolate","Berserk"],"picked":"Bludgeon","floor":16.0},{"not_picked":["Cleave"],"picked":"SKIP","floor":18.0},{"not_picked":["Flex"],"picked":"SKIP","floor":19.0},{"not_picked":["Iron Wave"],"picked":"SKIP","floor":20.0}],"player_experience":1259778,"relics_obtained":[{"floor":6.0,"key":"Tiny Chest"},{"floor":9.0,"key":"Blue Candle"},{"floor":10.0,"key":"Mummified Hand"},{"floor":21.0,"key":"Nilry\u0027s Codex"}],"event_choices":[{"damage_healed":25.0,"max_hp_gain":0.0,"max_hp_loss":0.0,"gold_gain":0.0,"event_name":"Big Fish","player_choice":"Banana","floor":12.0,"gold_loss":0.0,"damage_taken":0.0},{"damage_healed":0.0,"max_hp_gain":0.0,"max_hp_loss":0.0,"gold_gain":0.0,"event_name":"Cursed Tome","player_choice":"Obtained Book","floor":21.0,"gold_loss":0.0,"damage_taken":21.0}],"is_beta":false,"boss_relics":[{"not_picked":["Ectoplasm","Calling Bell"],"picked":"Busted Crown"}],"items_purged_floors":[4],"is_endless":false,"potions_floor_spawned":[1,3,5,14,20],"killed_by":"3 Cultists","ascension_level":20}}