{"host":"qhn6g0owdgjb77rz","time":1608958839,"event":{"mods":["BaseMod","Colored Map","Minty Spire (QoL Compilation)","Relic Sorter","Replay The Spire","StSLib"],"gold_per_floor":[117,130,146,162,18,47,67,67,143,160,160,189,189,216,216,321,321,333,333,333,353,385,413,118,118,170,170,170],"floor_reached":27,"playtime":1938,"items_purged":["Strike_P"],"score":442,"play_id":"5f3dfdb5-8ce0-4032-b729-79df37a96801","local_time":"20201226140039","is_ascension_mode":true,"campfire_choices":[{"data":"TalkToTheHand","floor":8.0,"key":"SMITH"},{"data":"MasterReality","floor":11.0,"key":"SMITH"},{"data":"Wireheading","floor":13.0,"key":"SMITH"},{"data":"Replay:Cycle","floor":15.0,"key":"SMITH"},{"data":"RitualDagger","floor":25,"key":"SMITH"}],"circlet_count":0,"master_deck":["AscendersBane","Strike_P","Strike_P","Strike_P","Defend_P","Defend_P","Defend_P","Defend_P","Eruption","Vigilance","TalkToTheHand+1","Wireheading+1","ThirdEye","Replay:Cycle+1","MasterReality+1","Replay:BluntJabs","Replay:AllIn","RitualDagger+1","ForeignInfluence","Replay:BluntJabs+1","Pot Of Greed","Pot Of Greed","Magnetism","FlyingSleeves"],"relics":["PureWater","PreservedInsect","Divine Protection","Garlic","Ginger","Bronze Scales","Velvet Choker","StoneCalendar","Grinning Jar","BargainBundle","Art of War"],"acts_visited":["Exordium","TheCity"],"potions_floor_usage":[],"damage_taken":[{"damage":1.0,"enemies":"Cultist","floor":1.0,"turns":4.0},{"damage":3.0,"enemies":"Jaw Worm","floor":2.0,"turns":4.0},{"damage":11.0,"enemies":"2 Louse","floor":3.0,"turns":3.0},{"damage":4.0,"enemies":"Blue Slaver","floor":4.0,"turns":4.0},{"damage":5.0,"enemies":"Lagavulin","floor":6.0,"turns":7.0},{"damage":0.0,"enemies":"Looter","floor":7.0,"turns":5.0},{"damage":0.0,"enemies":"Exordium Wildlife","floor":10.0,"turns":6.0},{"damage":0.0,"enemies":"3 Sentries","floor":12.0,"turns":5.0},{"damage":13.0,"enemies":"Lagavulin","floor":14.0,"turns":5.0},{"damage":11.0,"enemies":"Hexaghost","floor":16.0,"turns":9.0},{"damage":0.0,"enemies":"3 Byrds","floor":18.0,"turns":3.0},{"damage":0.0,"enemies":"Chosen","floor":21.0,"turns":4.0},{"damage":46.0,"enemies":"Slavers","floor":23.0,"turns":4.0},{"damage":21,"enemies":"Centurion and Healer","floor":27,"turns":1}],"seed_played":"-173932161335403674","potions_obtained":[{"floor":1.0,"key":"BlessingOfTheForge"},{"floor":4.0,"key":"ColorlessPotion"},{"floor":7.0,"key":"SneckoOil"},{"floor":10.0,"key":"Block Potion"},{"floor":16.0,"key":"PowerPotion"},{"floor":21.0,"key":"CultistPotion"}],"is_trial":false,"path_per_floor":["M","M","M","M","$","E","M","R","T","M","R","E","R","E","R","B",null,"M","?","?","M","?","E","$","R","T","M"],"character_chosen":"WATCHER","items_purchased":["PreservedInsect","BargainBundle","Magnetism","FlyingSleeves"],"campfire_rested":0,"item_purchase_floors":[5,24,24,24],"current_hp_per_floor":[71,68,57,53,53,48,48,48,48,48,48,48,48,35,35,24,65,65,59,59,59,59,13,13,13,13,0,0],"gold":170,"neow_bonus":"TEN_PERCENT_HP_BONUS","is_daily":false,"chose_seed":false,"campfire_upgraded":5,"win_rate":0.0,"timestamp":1608958839,"path_taken":["M","?","M","M","$","E","M","R","T","M","R","E","R","E","R","BOSS","M","?","?","M","?","E","$","R","T","M"],"items_purchased_type":["Relic","Relic","Card","Card"],"build_version":"2020-12-22","purchased_purges":1,"victory":false,"max_hp_per_floor":[79,79,79,79,79,79,79,79,79,79,79,79,79,79,79,79,79,79,79,79,79,79,79,79,79,79,79,79],"card_choices":[{"not_picked":["Replay:AtTheReady","EmptyFist"],"picked":"TalkToTheHand","floor":1.0},{"not_picked":["Study","WreathOfFlame"],"picked":"Wireheading","floor":2.0},{"not_picked":["Indignation","Protect"],"picked":"ThirdEye","floor":3.0},{"not_picked":["Consecrate","FlurryOfBlows"],"picked":"Replay:Cycle","floor":4.0},{"not_picked":["FlurryOfBlows","Replay:BluntJabs"],"picked":"MasterReality","floor":6.0},{"not_picked":["Crescendo","ThirdEye","FearNoEvil"],"picked":"SKIP","floor":7.0},{"not_picked":["Protect","BowlingBash","ThirdEye"],"picked":"SKIP","floor":10.0},{"not_picked":["Fasting2","Weave","PathToVictory"],"picked":"SKIP","floor":12.0},{"not_picked":["SignatureMove","Perseverance"],"picked":"Replay:BluntJabs","floor":14.0},{"not_picked":["SpiritShield","Ragnarok"],"picked":"Replay:AllIn","floor":16.0},{"not_picked":["BowlingBash","Prostrate","Crescendo+1"],"picked":"SKIP","floor":18.0},{"not_picked":["Halt","Prostrate","JustLucky"],"picked":"SKIP","floor":21.0},{"not_picked":["JustLucky","EmptyFist"],"picked":"Replay:BluntJabs+1","floor":22.0},{"not_picked":["Replay:ManipulateFuture","BowlingBash","FearNoEvil"],"picked":"SKIP","floor":23.0}],"player_experience":383509,"relics_obtained":[{"floor":6.0,"key":"Divine Protection"},{"floor":9.0,"key":"Garlic"},{"floor":12.0,"key":"Ginger"},{"floor":14.0,"key":"Bronze Scales"},{"floor":22.0,"key":"StoneCalendar"},{"floor":23.0,"key":"Grinning Jar"},{"floor":26,"key":"Art of War"}],"event_choices":[{"damage_healed":0.0,"max_hp_gain":0.0,"max_hp_loss":0.0,"gold_gain":0.0,"event_name":"Nest","player_choice":"Joined the Cult","floor":19.0,"gold_loss":0.0,"damage_taken":6.0,"cards_obtained":["RitualDagger"]},{"damage_healed":0.0,"max_hp_gain":0.0,"max_hp_loss":0.0,"gold_gain":0.0,"event_name":"The Library","player_choice":"Read","floor":20.0,"gold_loss":0.0,"damage_taken":0.0,"cards_obtained":["ForeignInfluence"]}],"is_beta":false,"boss_relics":[{"not_picked":["Cursed Key","Replay:Drink Me"],"picked":"Velvet Choker"}],"items_purged_floors":[24],"is_endless":false,"potions_floor_spawned":[1,4,7,10,16,21],"killed_by":"Centurion and Healer","ascension_level":12}}