{"host":"1mv6gj0zv8k9e9tz","time":1608962816,"event":{"mods":["AchievementEnabler","BaseMod","Better Third Choice","Colored Map","KOR Keyword Fix","Minty Spire (QoL Compilation)","Permanent Neow","Rare Cards Sparkle","StSLib"],"gold_per_floor":[115,126,146,146,156,156,156,156,180,180,180,200,212,223,223,223,223],"floor_reached":16,"playtime":633,"items_purged":[],"score":187,"play_id":"155f854f-8333-4b2f-aaa7-5fc1045317f8","local_time":"20201226150656","is_ascension_mode":true,"campfire_choices":[{"data":"Calculated Gamble","floor":6,"key":"SMITH"},{"data":"Neutralize","floor":8,"key":"SMITH"},{"data":"Backflip","floor":10,"key":"SMITH"},{"data":"Poisoned Stab","floor":15,"key":"SMITH"}],"circlet_count":0,"master_deck":["AscendersBane","Strike_G","Strike_G","Strike_G","Strike_G","Strike_G","Defend_G","Defend_G","Defend_G","Defend_G","Defend_G","Survivor","Neutralize+1","Leg Sweep+1","Calculated Gamble+1","Backflip+1","FTL","Poisoned Stab+1"],"relics":["SacredBark","Nunchaku","Pen Nib","InkBottle"],"acts_visited":["Exordium"],"potions_floor_usage":[7,14],"damage_taken":[{"damage":0,"enemies":"Small Slimes","floor":1,"turns":5},{"damage":2,"enemies":"Cultist","floor":2,"turns":5},{"damage":6,"enemies":"2 Louse","floor":3,"turns":5},{"damage":11,"enemies":"2 Fungi Beasts","floor":5,"turns":4},{"damage":0,"enemies":"Lagavulin","floor":7,"turns":2},{"damage":0,"enemies":"Large Slime","floor":12,"turns":8},{"damage":0,"enemies":"Blue Slaver","floor":13,"turns":4},{"damage":0,"enemies":"2 Fungi Beasts","floor":14,"turns":4},{"damage":14,"enemies":"Slime Boss","floor":16,"turns":8}],"seed_played":"-343148057002757738","potions_obtained":[{"floor":2,"key":"Weak Potion"},{"floor":3,"key":"SmokeBomb"},{"floor":13,"key":"Swift Potion"}],"is_trial":false,"path_per_floor":["M","M","M","?","M","R","E","R","T","R","?","M","M","M","R","B"],"character_chosen":"THE_SILENT","items_purchased":[],"campfire_rested":0,"item_purchase_floors":[],"current_hp_per_floor":[59,57,51,51,40,40,40,40,40,40,18,18,18,18,18,4,4],"gold":223,"neow_bonus":"BOSS_RELIC","is_daily":false,"chose_seed":false,"campfire_upgraded":4,"win_rate":0.0,"timestamp":1608962816,"path_taken":["M","M","M","?","?","R","E","R","T","R","?","M","M","M","R","BOSS"],"items_purchased_type":[],"build_version":"2020-12-22","purchased_purges":0,"victory":false,"max_hp_per_floor":[66,66,66,66,66,66,66,66,66,66,66,66,66,66,66,66,66],"card_choices":[{"not_picked":["Acrobatics","Bane"],"picked":"Leg Sweep","floor":1},{"not_picked":["Outmaneuver","Deflect"],"picked":"Calculated Gamble","floor":2},{"not_picked":["Heel Hook","Prepared"],"picked":"Backflip","floor":3},{"not_picked":["Slice","Eviscerate","Finisher"],"picked":"SKIP","floor":5},{"not_picked":["Leg Sweep","Sucker Punch","Deflect"],"picked":"SKIP","floor":12},{"not_picked":["Predator","PiercingWail","Setup"],"picked":"SKIP","floor":13},{"not_picked":["Slice","Bane"],"picked":"Poisoned Stab","floor":14}],"player_experience":490761,"relics_obtained":[{"floor":9,"key":"Nunchaku"}],"event_choices":[{"damage_healed":0,"gold_gain":0,"player_choice":"Upgraded","damage_taken":0,"max_hp_gain":0,"max_hp_loss":0,"event_name":"Upgrade Shrine","floor":4,"gold_loss":0,"cards_upgraded":["Leg Sweep"]},{"damage_healed":0,"gold_gain":1,"player_choice":"Relic Relic Card ","damage_taken":22,"max_hp_gain":0,"max_hp_loss":0,"event_name":"betterThird:BetterScrap","floor":11,"gold_loss":0,"cards_obtained":["FTL","Thunder Strike"]}],"is_beta":false,"boss_relics":[],"items_purged_floors":[],"is_endless":false,"potions_floor_spawned":[2,3,7,13],"killed_by":"Slime Boss","ascension_level":16}}