{"host":"u2grshebrc5rdzdn","time":1608988667,"event":{"mods":["AchievementEnabler","BaseMod","Minty Spire (QoL Compilation)","StSLib"],"gold_per_floor":[109,72,89,39,39,65,65,85,85,85,113,127,52,65,65,169,169,184,202,7,27,27,59,59,89,115,149,173,201,219,63,63,173,173,195,220,229,248,248,281,281,306,306,332,357,29,51,51,51,51],"floor_reached":51,"playtime":3023,"items_purged":["Strike_G","Defend_G"],"score":1062,"play_id":"8395a45e-13eb-410d-90f4-efdd2f2618fd","local_time":"20201226141747","is_ascension_mode":true,"campfire_choices":[{"data":"Noxious Fumes","floor":7,"key":"SMITH"},{"data":"Caltrops","floor":10,"key":"SMITH"},{"data":"Deadly Poison","floor":15,"key":"SMITH"},{"data":"Apotheosis","floor":32,"key":"SMITH"},{"data":"Footwork","floor":41,"key":"SMITH"},{"floor":49,"key":"REST"}],"circlet_count":0,"master_deck":["Defend_G","Defend_G","Defend_G","Survivor","Neutralize","Noxious Fumes+1","Leg Sweep","Caltrops+1","PiercingWail","Backflip","Crippling Poison","Deadly Poison+1","Malaise","Catalyst","Apotheosis+1","Corpse Explosion","Outmaneuver+1","Noxious Fumes+1","Skewer+1","Terror","Footwork+1","Adrenaline","Catalyst","Footwork+1","Dodge and Roll+1","Bane+1","Acrobatics+1"],"relics":["Ring of the Snake","NeowsBlessing","Pantograph","Incense Burner","Letter Opener","Ice Cream","Runic Dome","Nilry\u0027s Codex","Tiny Chest","Shuriken","CeramicFish","WingedGreaves","Lee\u0027s Waffle","Empty Cage","Orichalcum","StrikeDummy","Strawberry","HornCleat","Toxic Egg 2","PreservedInsect"],"acts_visited":["Exordium","TheCity","TheBeyond"],"potions_floor_usage":[11,11,12,23,27,33,45,50,50],"damage_taken":[{"damage":0,"enemies":"2 Louse","floor":1,"turns":1},{"damage":0,"enemies":"Small Slimes","floor":3,"turns":1},{"damage":0,"enemies":"Lagavulin","floor":6,"turns":1},{"damage":0,"enemies":"Jaw Worm","floor":8,"turns":6},{"damage":7,"enemies":"3 Sentries","floor":11,"turns":6},{"damage":0,"enemies":"Lots of Slimes","floor":12,"turns":3},{"damage":2,"enemies":"Large Slime","floor":14,"turns":8},{"damage":24,"enemies":"The Guardian","floor":16,"turns":9},{"damage":6,"enemies":"Shell Parasite","floor":18,"turns":4},{"damage":0,"enemies":"3 Byrds","floor":19,"turns":2},{"damage":7,"enemies":"Snake Plant","floor":21,"turns":4},{"damage":0,"enemies":"Book of Stabbing","floor":23,"turns":4},{"damage":24,"enemies":"Gremlin Leader","floor":25,"turns":7},{"damage":2,"enemies":"Slavers","floor":27,"turns":3},{"damage":1,"enemies":"Snecko","floor":28,"turns":8},{"damage":2,"enemies":"Centurion and Healer","floor":29,"turns":7},{"damage":16,"enemies":"Automaton","floor":33,"turns":8},{"damage":17,"enemies":"Orb Walker","floor":35,"turns":4},{"damage":20,"enemies":"3 Darklings","floor":38,"turns":4},{"damage":13,"enemies":"Nemesis","floor":40,"turns":7},{"damage":6,"enemies":"Reptomancer","floor":44,"turns":6},{"damage":20,"enemies":"Transient","floor":45,"turns":5},{"damage":13,"enemies":"Jaw Worm Horde","floor":47,"turns":4},{"damage":18,"enemies":"Donu and Deca","floor":50,"turns":6}],"seed_played":"3559674599417883131","potions_obtained":[{"floor":1,"key":"ColorlessPotion"},{"floor":6,"key":"Swift Potion"},{"floor":8,"key":"Explosive Potion"},{"floor":16,"key":"Fire Potion"},{"floor":18,"key":"Weak Potion"},{"floor":19,"key":"DistilledChaos"},{"floor":28,"key":"GamblersBrew"},{"floor":29,"key":"Swift Potion"},{"floor":35,"key":"Dexterity Potion"},{"floor":38,"key":"DuplicationPotion"}],"is_trial":false,"path_per_floor":["M","$","M","?","?","E","R","M","T","R","E","M","$","M","R","B",null,"M","M","$","M","?","E","?","E","T","E","M","M","?","$","R","B",null,"M","T","?","M","?","E","R","T","T","E","M","$","M","?","R","B",null],"character_chosen":"THE_SILENT","items_purchased":["Leg Sweep","Apotheosis","Lee\u0027s Waffle","PreservedInsect","LiquidMemories"],"campfire_rested":1,"item_purchase_floors":[2,20,31,46,46],"current_hp_per_floor":[63,63,63,63,60,60,60,60,60,60,53,53,53,51,51,46,64,58,58,58,51,35,35,35,11,11,9,8,6,6,77,77,61,73,56,56,56,36,67,54,54,61,61,55,35,35,22,22,44,51],"gold":51,"neow_bonus":"THREE_ENEMY_KILL","is_daily":false,"chose_seed":false,"campfire_upgraded":5,"win_rate":0.0,"timestamp":1608988667,"path_taken":["M","$","M","?","?","E","R","M","T","R","E","M","$","M","R","BOSS","M","M","$","M","?","E","?","E","T","E","M","M","?","?","R","BOSS","M","?","?","?","?","E","R","?","T","E","M","$","?","?","R","BOSS"],"items_purchased_type":["Card","Card","Relic","Relic","Potion"],"build_version":"2020-12-22","purchased_purges":2,"victory":true,"max_hp_per_floor":[70,70,70,70,70,70,70,70,70,70,70,70,70,70,70,70,70,70,70,70,70,70,70,70,70,70,70,70,70,70,77,77,77,77,77,77,77,77,67,67,67,74,74,74,74,74,74,74,74,74],"card_choices":[{"not_picked":["Predator","Blade Dance"],"picked":"Noxious Fumes","floor":1},{"not_picked":["Dagger Throw","Well Laid Plans"],"picked":"Caltrops","floor":3},{"not_picked":["Bane","Finisher"],"picked":"PiercingWail","floor":6},{"not_picked":["Outmaneuver","Catalyst"],"picked":"Backflip","floor":8},{"not_picked":["Predator","Deflect"],"picked":"Crippling Poison","floor":11},{"not_picked":["Dagger Spray","Outmaneuver","Blur"],"picked":"SKIP","floor":12},{"not_picked":["Finisher","Phantasmal Killer"],"picked":"Deadly Poison","floor":14},{"not_picked":["Phantasmal Killer","Unload"],"picked":"Malaise","floor":16},{"not_picked":["Choke+1","Dodge and Roll"],"picked":"Catalyst","floor":18},{"not_picked":["Reflex","Underhanded Strike","Setup"],"picked":"SKIP","floor":19},{"not_picked":["Accuracy","Blade Dance+1","Sucker Punch"],"picked":"SKIP","floor":21},{"not_picked":["Outmaneuver","Deadly Poison"],"picked":"Corpse Explosion","floor":23},{"not_picked":["Distraction","Deflect","PiercingWail"],"picked":"SKIP","floor":25},{"not_picked":["All Out Attack","Cloak And Dagger"],"picked":"Outmaneuver+1","floor":27},{"not_picked":["Bane","Flying Knee"],"picked":"Noxious Fumes+1","floor":28},{"not_picked":["Well Laid Plans","Accuracy"],"picked":"Skewer+1","floor":29},{"not_picked":["Phantasmal Killer","Doppelganger"],"picked":"Adrenaline","floor":33},{"not_picked":["Dagger Spray+1","Sucker Punch+1"],"picked":"Catalyst","floor":35},{"not_picked":["Infinite Blades+1","PiercingWail"],"picked":"Dodge and Roll+1","floor":38},{"not_picked":["Slice+1","Masterful Stab+1","Prepared"],"picked":"SKIP","floor":40},{"not_picked":["Bullet Time+1","Poisoned Stab","Underhanded Strike+1"],"picked":"SKIP","floor":44},{"not_picked":["Calculated Gamble+1","Slice+1"],"picked":"Bane+1","floor":45},{"not_picked":["Dodge and Roll+1","Concentrate+1"],"picked":"Acrobatics+1","floor":47}],"player_experience":368034,"relics_obtained":[{"floor":6,"key":"Incense Burner"},{"floor":9,"key":"Letter Opener"},{"floor":11,"key":"Ice Cream"},{"floor":22,"key":"Nilry\u0027s Codex"},{"floor":23,"key":"Tiny Chest"},{"floor":25,"key":"Shuriken"},{"floor":26,"key":"CeramicFish"},{"floor":27,"key":"WingedGreaves"},{"floor":36,"key":"Orichalcum"},{"floor":40,"key":"StrikeDummy"},{"floor":42,"key":"Strawberry"},{"floor":43,"key":"HornCleat"},{"floor":44,"key":"Toxic Egg 2"}],"event_choices":[{"cards_removed":["Strike_G"],"damage_healed":0,"gold_gain":0,"player_choice":"Card Removal","damage_taken":0,"max_hp_gain":0,"max_hp_loss":0,"event_name":"The Cleric","floor":4,"gold_loss":50},{"damage_healed":0,"gold_gain":0,"player_choice":"Success","damage_taken":3,"relics_obtained":["Pantograph"],"max_hp_gain":0,"max_hp_loss":0,"event_name":"Scrap Ooze","floor":5,"gold_loss":0},{"damage_healed":0,"gold_gain":0,"player_choice":"Obtained Book","damage_taken":16,"max_hp_gain":0,"max_hp_loss":0,"event_name":"Cursed Tome","floor":22,"gold_loss":0},{"damage_healed":0,"gold_gain":0,"cards_transformed":["Strike_G","Strike_G"],"player_choice":"Became Test Subject","damage_taken":0,"max_hp_gain":0,"max_hp_loss":0,"event_name":"Drug Dealer","floor":30,"gold_loss":0,"cards_obtained":["Terror","Footwork"]},{"damage_healed":0,"gold_gain":0,"player_choice":"Copied","damage_taken":0,"max_hp_gain":0,"max_hp_loss":0,"event_name":"Duplicator","floor":37,"gold_loss":0,"cards_obtained":["Footwork"]},{"damage_healed":67,"gold_gain":0,"player_choice":"Heal","damage_taken":0,"max_hp_gain":0,"max_hp_loss":10,"event_name":"The Moai Head","floor":39,"gold_loss":0},{"damage_healed":0,"gold_gain":0,"player_choice":"Upgraded","damage_taken":0,"max_hp_gain":0,"max_hp_loss":0,"event_name":"Upgrade Shrine","floor":48,"gold_loss":0,"cards_upgraded":["Footwork"]}],"is_beta":false,"boss_relics":[{"not_picked":["SacredBark","WristBlade"],"picked":"Runic Dome"},{"not_picked":["Black Star","Tiny House"],"picked":"Empty Cage"}],"items_purged_floors":[13,46],"is_endless":false,"potions_floor_spawned":[1,6,8,16,18,19,28,29,35,38],"ascension_level":6}}