{"host":"9tzam4717zt8ei1o","time":1608997099,"event":{"mods":["BaseMod","Colored Map","Keyboard Shortcuts","Minty Spire (QoL Compilation)","Quick Restart","StSLib","SuperFastMode"],"gold_per_floor":[110,126,41,59,59,59,72,99,123,198,198,198,28,58,58,130,130,143,153,153,169,182,182,192,242,324,342,342,2,2,31,31,103,103,123,123,135,135,10,10,40,53,53,53,63,76,90,90,90,90,90],"floor_reached":50,"playtime":1077,"items_purged":["Strike_R","Strike_R","Bash+1"],"score":1079,"play_id":"a2872a53-259e-4984-8f23-3eac2d63645a","local_time":"20201227003819","is_ascension_mode":true,"campfire_choices":[{"data":"Bash","floor":6.0,"key":"SMITH"},{"floor":11.0,"key":"REST"},{"data":"Sword Boomerang","floor":15.0,"key":"SMITH"},{"data":"Uppercut","floor":23.0,"key":"SMITH"},{"data":"Spot Weakness","floor":28.0,"key":"SMITH"},{"data":"Body Slam","floor":32.0,"key":"SMITH"},{"data":"Battle Trance","floor":40.0,"key":"SMITH"},{"floor":44.0,"key":"REST"},{"floor":49.0,"key":"RECALL"}],"circlet_count":0,"master_deck":["AscendersBane","Defend_R","Defend_R","Defend_R","Defend_R","Disarm","Iron Wave","Power Through","Shrug It Off","Spot Weakness+1","Sword Boomerang+1","Flash of Steel","Shockwave","Feed","Uppercut+1","Evolve+1","Battle Trance+1","Second Wind","Body Slam+1","Shrug It Off","Fire Breathing"],"relics":["Burning Blood","Vajra","Red Skull","Pen Nib","Omamori","Sozu","Gremlin Horn","Orrery","White Beast Statue","Empty Cage","Paper Frog","Charon\u0027s Ashes"],"acts_visited":["TheCity","TheBeyond"],"potions_floor_usage":[],"damage_taken":[{"damage":9.0,"enemies":"2 Louse","floor":1.0,"turns":2.0},{"damage":2.0,"enemies":"Jaw Worm","floor":2.0,"turns":5.0},{"damage":5.0,"enemies":"Small Slimes","floor":4.0,"turns":3.0},{"damage":5.0,"enemies":"Red Slaver","floor":7.0,"turns":3.0},{"damage":51.0,"enemies":"Gremlin Nob","floor":8.0,"turns":5.0},{"damage":28.0,"enemies":"Lagavulin","floor":14.0,"turns":6.0},{"damage":12.0,"enemies":"Slime Boss","floor":16.0,"turns":6.0},{"damage":1.0,"enemies":"Chosen","floor":18.0,"turns":5.0},{"damage":4.0,"enemies":"Spheric Guardian","floor":19.0,"turns":4.0},{"damage":11.0,"enemies":"Snake Plant","floor":21.0,"turns":6.0},{"damage":10.0,"enemies":"Cultist and Chosen","floor":22.0,"turns":6.0},{"damage":8.0,"enemies":"Centurion and Healer","floor":24.0,"turns":7.0},{"damage":11.0,"enemies":"Snecko","floor":27.0,"turns":6.0},{"damage":11.0,"enemies":"Book of Stabbing","floor":31.0,"turns":5.0},{"damage":27.0,"enemies":"Automaton","floor":33.0,"turns":8.0},{"damage":30.0,"enemies":"3 Darklings","floor":35.0,"turns":5.0},{"damage":8.0,"enemies":"3 Shapes","floor":37.0,"turns":4.0},{"damage":55.0,"enemies":"Nemesis","floor":41.0,"turns":5.0},{"damage":8.0,"enemies":"Jaw Worm Horde","floor":42.0,"turns":3.0},{"damage":14.0,"enemies":"Transient","floor":45.0,"turns":6.0},{"damage":13.0,"enemies":"3 Darklings","floor":46.0,"turns":2.0},{"damage":0.0,"enemies":"4 Shapes","floor":47.0,"turns":4.0},{"damage":47,"enemies":"Donu and Deca","floor":50,"turns":3}],"seed_played":"4265859459362645185","potions_obtained":[{"floor":1.0,"key":"GamblersBrew"},{"floor":8.0,"key":"Block Potion"},{"floor":16.0,"key":"SneckoOil"}],"is_trial":false,"path_per_floor":["M","M","$","M","?","R","M","E","T","?","R","?","$","E","R","B",null,"M","M","?","M","M","R","M","?","T","M","R","$","?","E","R","B",null,"M","$","M","?","$","R","E","M","T","R","M","M","M","?","R","B"],"character_chosen":"IRONCLAD","items_purchased":["Power Through","Flash of Steel","Second Wind","Orrery"],"campfire_rested":2,"item_purchase_floors":[3,13,29,29],"current_hp_per_floor":[65,69,69,70,75,75,76,31,31,20,44,44,44,22,22,16,64,72,77,77,72,71,71,72,72,72,70,70,70,70,68,68,47,85,61,61,59,59,59,59,10,11,11,41,33,26,35,35,35,0,0],"gold":90,"neow_bonus":"RANDOM_COMMON_RELIC","is_daily":false,"chose_seed":false,"campfire_upgraded":6,"win_rate":0.0,"timestamp":1608997099,"path_taken":["M","M","$","M","?","R","M","E","T","?","R","?","$","E","R","BOSS","M","M","?","M","M","R","?","?","T","M","R","$","?","E","R","BOSS","M","$","M","?","$","R","E","M","T","R","M","M","?","?","R","BOSS"],"items_purchased_type":["Card","Card","Card","Relic"],"build_version":"2020-12-22","purchased_purges":3,"victory":false,"max_hp_per_floor":[75,75,75,75,80,80,80,80,80,80,80,80,80,80,80,80,80,83,86,86,86,89,89,92,92,92,95,95,95,95,98,98,98,98,98,98,98,98,98,98,98,101,101,101,101,101,104,104,104,104,104],"card_choices":[{"not_picked":["Havoc","Rupture"],"picked":"Disarm","floor":1.0},{"not_picked":["Flex","Clash"],"picked":"Iron Wave","floor":2.0},{"not_picked":["Entrench","Pommel Strike"],"picked":"Shrug It Off","floor":4.0},{"not_picked":["Burning Pact","Havoc"],"picked":"Spot Weakness","floor":7.0},{"not_picked":["Searing Blow","Iron Wave"],"picked":"Sword Boomerang","floor":8.0},{"not_picked":["Thunderclap","Sword Boomerang"],"picked":"Shockwave","floor":14.0},{"not_picked":["Double Tap","Juggernaut"],"picked":"Feed","floor":16.0},{"not_picked":["Twin Strike","Pommel Strike","Infernal Blade"],"picked":"SKIP","floor":18.0},{"not_picked":["Power Through","Anger","True Grit"],"picked":"SKIP","floor":19.0},{"not_picked":["Combust","Anger","Uppercut"],"picked":"SKIP","floor":21.0},{"not_picked":["Combust","Anger"],"picked":"Uppercut","floor":21.0},{"not_picked":["Headbutt","True Grit","Wild Strike+1"],"picked":"SKIP","floor":22.0},{"not_picked":["Dark Embrace","Twin Strike"],"picked":"Evolve+1","floor":24.0},{"not_picked":["Feed","Dropkick+1"],"picked":"Battle Trance","floor":27.0},{"not_picked":["Heavy Blade","Bludgeon"],"picked":"Body Slam","floor":29.0},{"not_picked":["Iron Wave","Anger"],"picked":"Shrug It Off","floor":29.0},{"not_picked":["Pummel","Pommel Strike"],"picked":"Fire Breathing","floor":31.0},{"not_picked":["Anger+1","Clash","Ghostly Armor+1"],"picked":"SKIP","floor":35.0},{"not_picked":["Anger","Headbutt","Wild Strike+1"],"picked":"SKIP","floor":37.0},{"not_picked":["Clothesline","Perfected Strike+1","Inflame+1"],"picked":"SKIP","floor":41.0},{"not_picked":["Havoc","Clothesline+1","Anger"],"picked":"SKIP","floor":42.0},{"not_picked":["Wild Strike","Body Slam","Inflame"],"picked":"SKIP","floor":45.0},{"not_picked":["Rupture","Carnage","Twin Strike"],"picked":"SKIP","floor":46.0},{"not_picked":["Anger+1","Reckless Charge","Shrug It Off"],"picked":"SKIP","floor":47.0}],"player_experience":118377,"relics_obtained":[{"floor":8.0,"key":"Red Skull"},{"floor":9.0,"key":"Pen Nib"},{"floor":14.0,"key":"Omamori"},{"floor":26.0,"key":"Gremlin Horn"},{"floor":31.0,"key":"White Beast Statue"},{"floor":38.0,"key":"Paper Frog"},{"floor":41.0,"key":"Charon\u0027s Ashes"}],"event_choices":[{"damage_healed":0.0,"max_hp_gain":5.0,"max_hp_loss":0.0,"gold_gain":0.0,"event_name":"Big Fish","player_choice":"Donut","floor":5.0,"gold_loss":0.0,"damage_taken":0.0},{"damage_healed":0.0,"max_hp_gain":0.0,"max_hp_loss":0.0,"gold_gain":75.0,"event_name":"World of Goop","player_choice":"Gather Gold","floor":10.0,"gold_loss":0.0,"damage_taken":11.0},{"damage_healed":0.0,"max_hp_gain":0.0,"max_hp_loss":0.0,"gold_gain":0.0,"event_name":"Shining Light","player_choice":"Ignored","floor":12.0,"gold_loss":0.0,"damage_taken":0.0},{"cards_removed":["Strike_R"],"damage_healed":0.0,"max_hp_gain":0.0,"max_hp_loss":0.0,"gold_gain":0.0,"event_name":"Purifier","player_choice":"Purged","floor":20.0,"gold_loss":0.0,"damage_taken":0.0},{"damage_healed":0.0,"max_hp_gain":0.0,"max_hp_loss":0.0,"gold_gain":50.0,"event_name":"Nest","player_choice":"Stole From Cult","floor":25.0,"gold_loss":0.0,"damage_taken":0.0},{"damage_healed":0.0,"max_hp_gain":0.0,"max_hp_loss":0.0,"gold_gain":0.0,"event_name":"Forgotten Altar","player_choice":"Smashed Altar","floor":30.0,"gold_loss":0.0,"damage_taken":0.0,"cards_obtained":["Decay"]},{"damage_healed":0.0,"max_hp_gain":0.0,"max_hp_loss":0.0,"gold_gain":0.0,"event_name":"Wheel of Change","player_choice":"Relic","floor":38.0,"gold_loss":0.0,"damage_taken":0.0},{"damage_healed":0.0,"max_hp_gain":0.0,"max_hp_loss":0.0,"gold_gain":0.0,"event_name":"SensoryStone","player_choice":"Memory 1","floor":48.0,"gold_loss":0.0,"damage_taken":0.0}],"is_beta":false,"boss_relics":[{"not_picked":["Black Blood","SlaversCollar"],"picked":"Sozu"},{"not_picked":["Runic Dome","Astrolabe"],"picked":"Empty Cage"}],"items_purged_floors":[13,29,39],"is_endless":false,"potions_floor_spawned":[1,8,16,18,24,33,35,37,41,42,45,46,47],"killed_by":"Donu and Deca","ascension_level":20}}