{"host":"qs4i4ylu78kazn3c","time":1608947556,"event":{"mods":["BaseMod","Beaked The Cultist","Better Third Choice","Better Vampires","Block Reminder","Colored Map","Conspire","Curses Come First","Downfall","GifTheSpireLib","Halation","Hermit","Hubris","Jorbs\u0027s Wanderer Trilogy","Minty Spire (QoL Compilation)","Replay The Spire","StSLib","Stuff the Spire","The Dragon Tamer","The Valiant","everything is the same but u backflip on backflip"],"gold_per_floor":[99,113,127,147,147,180,180,193,193,220,233,266,266,285,301,404,404,404,416,416,436,155,155,155,155,40,40,40,40,90,102,121,216,216,216,232,249,260,270,270,270,270,282,298,298,318,329,346,359,359],"floor_reached":51,"playtime":32579,"items_purged":["hexamod:Strike+1","hexamod:Strike","hexamod:Defend"],"score":742,"play_id":"10094c40-da8a-4f86-ab03-2ab0f39f861b","local_time":"20201225205236","is_ascension_mode":true,"campfire_choices":[{"data":"hexamod:Sear","floor":1,"key":"SMITH"},{"floor":9,"key":"REST"},{"data":"hexamod:Float","floor":18,"key":"SMITH"},{"data":"hexamod:SpectralSpark","floor":23,"key":"SMITH"},{"data":"hexamod:TimeWarp","floor":25,"key":"SMITH"},{"data":"hexamod:GhostOfSpireFuture","floor":27,"key":"SMITH"},{"data":"hexamod:HexaLevel","floor":35,"key":"SMITH"},{"data":"hexamod:HeatShield","floor":42,"key":"SMITH"}],"circlet_count":0,"master_deck":["hexamod:Strike+1","hexamod:Strike","hexamod:Defend","hexamod:Defend","hexamod:Sear+1","hexamod:Float+1","hexamod:ExtraCrispy","hexamod:ExtraCrispy","hexamod:Hexaguard","hexamod:SpectralSpark+1","hexamod:ThermalTransfer","hexamod:ShieldOfDarkness","hexamod:InspiringFlames","hexamod:SkipABeat","hexamod:FastForward+1","hexamod:BurningTouch+1","hexamod:DynamicBlow","hexamod:GhostOfSpireFuture+1","hexamod:TimeWarp+1","hexamod:AdvancingGuard","hexamod:HeatShield+1","hexamod:PhantomCloak+1","hexamod:HexaLevel+1","hexamod:TimeWarp","hexamod:InspiringFlames+1","hexamod:VolcanoVisage"],"relics":["hubris:RunicObelisk","hexamod:MatchstickCase","Whetstone","hubris:Spice","Bottled Flame","FaceOfCleric","conspire:TreasureMap","Sozu"],"acts_visited":["Exordium","TheCity","TheBeyond"],"potions_floor_usage":[10,16,21,37],"damage_taken":[{"damage":1,"enemies":"conspire:RoseBush","floor":2,"turns":3},{"damage":2,"enemies":"Jaw Worm","floor":3,"turns":3},{"damage":7,"enemies":"Small Slimes","floor":4,"turns":3},{"damage":31,"enemies":"3 Sentries","floor":6,"turns":8},{"damage":6,"enemies":"2 Fungi Beasts","floor":8,"turns":4},{"damage":17,"enemies":"Gremlin Nob","floor":10,"turns":3},{"damage":7,"enemies":"Gremlin Gang","floor":11,"turns":4},{"damage":3,"enemies":"Lagavulin","floor":12,"turns":6},{"damage":0,"enemies":"2 Fungi Beasts","floor":14,"turns":4},{"damage":2,"enemies":"conspire:2 RoseBushes","floor":15,"turns":3},{"damage":7,"enemies":"downfall:Watcher","floor":16,"turns":6},{"damage":2,"enemies":"Shell Parasite","floor":19,"turns":4},{"damage":11,"enemies":"Centurion and Healer","floor":21,"turns":8},{"damage":0,"enemies":"downfall:FleeingMerchant","floor":22,"turns":4},{"damage":0,"enemies":"downfall:FleeingMerchant","floor":26,"turns":4},{"damage":2,"enemies":"downfall:FleeingMerchant","floor":30,"turns":3},{"damage":2,"enemies":"conspire:HollyBat","floor":31,"turns":6},{"damage":6,"enemies":"Shelled Parasite and Fungi","floor":32,"turns":6},{"damage":19,"enemies":"downfall:Silent","floor":33,"turns":6},{"damage":29,"enemies":"3 Darklings","floor":36,"turns":4},{"damage":9,"enemies":"3 Shapes","floor":37,"turns":4},{"damage":39,"enemies":"Transient","floor":38,"turns":5},{"damage":5,"enemies":"Sphere and 2 Shapes","floor":39,"turns":6},{"damage":28,"enemies":"4 Shapes","floor":43,"turns":6},{"damage":0,"enemies":"Maw","floor":44,"turns":7},{"damage":25,"enemies":"3 Darklings","floor":46,"turns":4},{"damage":4,"enemies":"Sphere and 2 Shapes","floor":47,"turns":4},{"damage":27,"enemies":"4 Shapes","floor":48,"turns":6},{"damage":9,"enemies":"Writhing Mass","floor":49,"turns":3},{"damage":33,"enemies":"downfall:Defect","floor":50,"turns":7}],"seed_played":"-6494859728112118733","potions_obtained":[{"floor":2,"key":"sneckomod:MuddlingPotion"},{"floor":3,"key":"Dexterity Potion"},{"floor":6,"key":"Regen Potion"},{"floor":10,"key":"LiquidBronze"},{"floor":11,"key":"conspire:TimeTravelPotion"},{"floor":31,"key":"Strength Potion"},{"floor":33,"key":"hexamod:EctoCoolerPotion"}],"is_trial":false,"path_per_floor":["R","M","M","M","?","E","T","M","R","E","M","E","?","M","M","B",null,"R","M","?","M","$","R","T","R","$","R","?","?","$","M","M","B",null,"R","M","M","M","M","?","T","R","M","M","?","M","M","M","M","B",null],"character_chosen":"THE_SPIRIT","items_purchased":["hexamod:TimeWarp","hexamod:AdvancingGuard","conspire:TreasureMap"],"campfire_rested":1,"item_purchase_floors":[22,22,30],"current_hp_per_floor":[70,69,67,60,60,29,29,23,44,44,37,34,34,34,32,25,86,86,84,84,84,84,84,84,84,84,84,84,84,83,82,77,59,90,90,62,54,16,89,89,86,86,59,60,60,36,33,64,56,93],"gold":359,"neow_bonus":"BOSS_RELIC","is_daily":false,"chose_seed":false,"campfire_upgraded":7,"win_rate":0.0,"timestamp":1608947556,"path_taken":["R","M","M","M","?","E","T","M","R","E","M","E","?","M","M","BOSS","R","M","?","M","?","R","T","R","$","R","?","?","$","M","M","BOSS","R","M","M","?","M","?","T","R","M","M","?","?","M","M","M","BOSS"],"items_purchased_type":["Card","Card","Relic"],"build_version":"2020-12-22","purchased_purges":3,"victory":true,"max_hp_per_floor":[70,70,70,70,70,70,70,70,70,78,78,78,78,78,78,78,86,86,86,86,86,86,86,86,86,86,86,86,86,87,88,89,90,90,90,91,92,93,94,94,86,86,87,88,88,89,90,91,92,93],"card_choices":[{"not_picked":["hexamod:BurningTouch","hexamod:SkipABeat"],"picked":"hexamod:ExtraCrispy","floor":2},{"not_picked":["hexamod:ThermalTransfer","hexamod:GhostOfSpirePast"],"picked":"hexamod:ExtraCrispy","floor":3},{"not_picked":["hexamod:GhostShield","hexamod:SwordOfDarkness"],"picked":"hexamod:Hexaguard","floor":4},{"not_picked":["hexamod:EmpoweredFlame","hexamod:Firestarter"],"picked":"hexamod:SpectralSpark","floor":6},{"not_picked":["hexamod:BacktrackSmack","hexamod:UnleashSpirits","hexamod:PowerFromBeyond"],"picked":"SKIP","floor":8},{"not_picked":["hexamod:NightmareStrike","hexamod:RecurringNightmare"],"picked":"hexamod:ThermalTransfer","floor":10},{"not_picked":["hexamod:BacktrackSmack","hexamod:RecurringNightmare"],"picked":"hexamod:ShieldOfDarkness","floor":11},{"not_picked":["hexamod:RainOfEmbers","hexamod:HeatMetal"],"picked":"hexamod:InspiringFlames","floor":12},{"not_picked":["hexamod:NightmareGuise","hexamod:Hexaguard"],"picked":"hexamod:SkipABeat","floor":14},{"not_picked":["hexamod:FlamesFromBeyond","hexamod:AdvancingGuard"],"picked":"hexamod:FastForward","floor":15},{"not_picked":["hexamod:BurningTouch+1","hexamod:FastForward+1","hexamod:BacktrackSmack+1"],"picked":"SKIP","floor":19},{"not_picked":["hexamod:FastForward+1","hexamod:BacktrackSmack+1"],"picked":"hexamod:BurningTouch+1","floor":19},{"not_picked":["hexamod:FourthSeal","hexamod:SuperheatedStrike+1"],"picked":"hexamod:DynamicBlow","floor":21},{"not_picked":["hexamod:Hexaguard","hexamod:Firestarter"],"picked":"hexamod:GhostOfSpireFuture","floor":22},{"not_picked":["hexamod:EtherealExpedition","hexamod:GhostflameBarrier","hexamod:SecondSeal"],"picked":"SKIP","floor":26},{"not_picked":["hexamod:SixthSeal","hexamod:EtherealExpedition"],"picked":"hexamod:HeatShield","floor":30},{"not_picked":["hexamod:RainOfEmbers","hexamod:NightmareGuise","hexamod:SwordOfDarkness"],"picked":"SKIP","floor":31},{"not_picked":["hexamod:SpectersWail","hexamod:AdvancingGuard"],"picked":"hexamod:PhantomCloak+1","floor":32},{"not_picked":["hexamod:SixthSeal","hexamod:EmpoweringStance"],"picked":"hexamod:HexaLevel","floor":33},{"not_picked":["hexamod:GhostLash","hexamod:NightmareGuise+1","hexamod:Hexaguard+1"],"picked":"SKIP","floor":36},{"not_picked":["hexamod:SpectersWail+1","hubris:SpiceAddiction","hexamod:InspiringFlames"],"picked":"SKIP","floor":37},{"not_picked":["hexamod:RainOfEmbers+1","hubris:SpiceAddiction"],"picked":"hexamod:TimeWarp","floor":38},{"not_picked":["hexamod:BacktrackSmack","hexamod:Incineration"],"picked":"hexamod:InspiringFlames+1","floor":39},{"not_picked":["hexamod:Firestarter+1","hexamod:RainOfEmbers+1","hexamod:ThermalTransfer"],"picked":"SKIP","floor":43},{"not_picked":["hubris:SpiceAddiction","hexamod:BacktrackSmack"],"picked":"hexamod:VolcanoVisage","floor":44},{"not_picked":["hexamod:GhostLash+1","hubris:SpiceAddiction","hubris:SpiceAddiction"],"picked":"SKIP","floor":46},{"not_picked":["hubris:SpiceAddiction","hexamod:NightmareStrike","hexamod:GhostOfSpireFuture"],"picked":"SKIP","floor":47},{"not_picked":["hexamod:PhantomFireball+1","hexamod:BacktrackSmack+1","hexamod:NightmareGuise"],"picked":"SKIP","floor":48},{"not_picked":["hexamod:FlamesFromBeyond","hexamod:GhostflameBarrier+1","hexamod:BacktrackSmack+1"],"picked":"SKIP","floor":49}],"player_experience":809013,"relics_obtained":[{"floor":6,"key":"hexamod:MatchstickCase"},{"floor":7,"key":"Whetstone"},{"floor":10,"key":"hubris:Spice"},{"floor":12,"key":"Winged Necklace"},{"floor":24,"key":"Bottled Flame"},{"floor":41,"key":"hubris:Spice"}],"event_choices":[{"cards_removed":["hexamod:Defend"],"damage_healed":0,"gold_gain":0,"player_choice":"Forget","damage_taken":0,"max_hp_gain":0,"max_hp_loss":0,"event_name":"Living Wall","floor":5,"gold_loss":0},{"damage_healed":0,"gold_gain":0,"player_choice":"Upgraded","damage_taken":0,"max_hp_gain":0,"max_hp_loss":0,"event_name":"Upgrade Shrine","floor":20,"gold_loss":0,"cards_upgraded":["hexamod:FastForward"]},{"damage_healed":0,"gold_gain":0,"player_choice":"Trade","damage_taken":0,"relics_obtained":["FaceOfCleric"],"max_hp_gain":0,"max_hp_loss":0,"event_name":"FaceTrader","floor":29,"gold_loss":0}],"is_beta":false,"boss_relics":[{"not_picked":["Busted Crown","halation:ForbiddenBikini"],"picked":"hubris:Spice"},{"not_picked":["Honey Jar","hubris:Spice"],"picked":"Sozu"}],"items_purged_floors":[22,26,30],"is_endless":false,"potions_floor_spawned":[2,3,6,10,11,15,31,33,39,43,44,46,48,49],"ascension_level":2}}