{"host":"6xsbn6ynqlzwllfm","time":1608994509,"event":{"mods":["2.2 Compatiblity","BaseMod","Bestiary","Colored Map","Colored Powertips","Curses Come First","Downfall","Highlight Path","Keyboard Shortcuts","Minty Spire (QoL Compilation)","Quick Restart","Relic Stats","Slay the Relics Exporter","StSLib","SuperFastMode"],"gold_per_floor":[117,73,148,159,173,203,203,203,203],"floor_reached":8,"playtime":178,"items_purged":[],"score":112,"play_id":"e959893e-d8ca-4d48-834d-77a5f8fe7ec4","local_time":"20201226095509","is_ascension_mode":true,"campfire_choices":[{"data":"Bash","floor":7,"key":"SMITH"}],"circlet_count":0,"master_deck":["AscendersBane","Strike_R","Strike_R","Strike_R","Strike_R","Strike_R","Defend_R","Defend_R","Defend_R","Defend_R","Bash+1","Cleave","Burning Pact","Cleave","Pommel Strike"],"relics":["Velvet Choker","Lantern"],"acts_visited":["Exordium"],"potions_floor_usage":[6],"damage_taken":[{"damage":1,"enemies":"Cultist","floor":1,"turns":3},{"damage":2,"enemies":"Jaw Worm","floor":4,"turns":3},{"damage":7,"enemies":"Small Slimes","floor":5,"turns":3},{"damage":25,"enemies":"3 Sentries","floor":6,"turns":7},{"damage":36,"enemies":"Gremlin Nob","floor":8,"turns":3}],"seed_played":"-5651610996245731029","potions_obtained":[{"floor":1,"key":"Block Potion"}],"is_trial":false,"path_per_floor":["M","$","?","M","M","E","R","E"],"character_chosen":"IRONCLAD","items_purchased":["Burning Pact"],"campfire_rested":0,"item_purchase_floors":[2],"current_hp_per_floor":[67,67,56,54,47,22,22,0,0],"gold":203,"neow_bonus":"BOSS_RELIC","is_daily":false,"chose_seed":false,"campfire_upgraded":1,"win_rate":0.0,"timestamp":1608994509,"path_taken":["M","?","?","M","M","E","R","E"],"items_purchased_type":["Card"],"build_version":"2020-12-22","purchased_purges":0,"victory":false,"max_hp_per_floor":[75,75,75,75,75,75,75,75,75],"relic_stats":{"counters":[5,19],"obtain_stats":[{"Lantern":6,"Velvet Choker":0,"Burning Blood":0},{"Lantern":4,"Velvet Choker":0,"Burning Blood":0},{"Lantern":16,"Velvet Choker":0,"Burning Blood":0}]},"card_choices":[{"not_picked":["Sentinel","Warcry"],"picked":"Cleave","floor":1},{"not_picked":["Feel No Pain","Ghostly Armor"],"picked":"Cleave","floor":4},{"not_picked":["Rage","Seeing Red"],"picked":"Pommel Strike","floor":6}],"player_experience":1262811,"relics_obtained":[{"floor":6,"key":"Lantern"}],"event_choices":[{"damage_healed":0,"gold_gain":75,"player_choice":"Gather Gold","damage_taken":11,"max_hp_gain":0,"max_hp_loss":0,"event_name":"World of Goop","floor":3,"gold_loss":0}],"is_beta":false,"boss_relics":[],"items_purged_floors":[],"is_endless":false,"potions_floor_spawned":[1],"killed_by":"Gremlin Nob","ascension_level":20}}