{"host":"Ansgar","time":1608960773,"event":{"mods":["AchievementEnabler","BaseMod","Colored Map","Highlight Path","Minty Spire (QoL Compilation)","Relic Stats","StSLib"],"gold_per_floor":[115,190,208,220,87,87,98,98,98,41,71,87,119,119,119,119,119],"floor_reached":16,"playtime":1087,"items_purged":["Strike_B"],"score":220,"play_id":"8c90b463-9ea9-41df-82b2-9b7458f34465","local_time":"20201226063253","is_ascension_mode":true,"campfire_choices":[{"data":"Chill","floor":6,"key":"SMITH"},{"floor":15,"key":"REST"}],"circlet_count":0,"master_deck":["AscendersBane","Strike_B","Strike_B","Strike_B","Defend_B","Defend_B","Defend_B","Defend_B","Zap","Dualcast","Streamline+1","Conserve Battery","Chill+1","Sweeping Beam","Coolheaded","Ball Lightning","Genetic Algorithm","Redo","Darkness"],"relics":["Cracked Core","Bird Faced Urn","Thread and Needle","Letter Opener","Pen Nib","Happy Flower"],"acts_visited":["Exordium"],"potions_floor_usage":[7,11,16],"damage_taken":[{"damage":3,"enemies":"2 Louse","floor":1,"turns":2},{"damage":0,"enemies":"Small Slimes","floor":3,"turns":2},{"damage":7,"enemies":"Jaw Worm","floor":4,"turns":4},{"damage":6,"enemies":"Large Slime","floor":7,"turns":5},{"damage":1,"enemies":"3 Sentries","floor":11,"turns":5},{"damage":0,"enemies":"Lots of Slimes","floor":12,"turns":4},{"damage":21,"enemies":"Gremlin Nob","floor":13,"turns":4},{"damage":36,"enemies":"Slime Boss","floor":16,"turns":6}],"seed_played":"9039340896817217364","potions_obtained":[{"floor":3,"key":"Energy Potion"},{"floor":7,"key":"EssenceOfDarkness"},{"floor":12,"key":"SpeedPotion"}],"is_trial":false,"path_per_floor":["M","?","M","M","$","R","M","?","T","$","E","M","E","?","R","B"],"character_chosen":"DEFECT","items_purchased":["Sweeping Beam","Ball Lightning"],"campfire_rested":1,"item_purchase_floors":[5,10],"current_hp_per_floor":[61,50,50,43,43,43,37,37,37,37,36,36,15,15,34,0,0],"gold":119,"neow_bonus":"ONE_RARE_RELIC","is_daily":false,"chose_seed":false,"campfire_upgraded":1,"win_rate":0.0,"timestamp":1608960773,"path_taken":["M","?","M","M","$","R","M","?","T","$","E","M","E","?","R","BOSS"],"items_purchased_type":["Card","Card"],"build_version":"2020-12-18","purchased_purges":1,"victory":false,"max_hp_per_floor":[64,64,64,64,64,64,64,64,64,64,64,64,64,64,64,64,64],"relic_stats":{"Happy Flower":[2],"counters":[8,32],"Bird Faced Urn":[0],"Pen Nib":[2],"Letter Opener":[30],"obtain_stats":[{"Happy Flower":13,"Bird Faced Urn":0,"Thread and Needle":8,"Pen Nib":11,"Letter Opener":9,"Cracked Core":0},{"Happy Flower":7,"Bird Faced Urn":0,"Thread and Needle":4,"Pen Nib":5,"Letter Opener":4,"Cracked Core":0},{"Happy Flower":26,"Bird Faced Urn":0,"Thread and Needle":13,"Pen Nib":18,"Letter Opener":13,"Cracked Core":0}]},"card_choices":[{"not_picked":["Stack","Blizzard"],"picked":"Streamline","floor":1},{"not_picked":["Leap","Reprogram"],"picked":"Conserve Battery","floor":3},{"not_picked":["Double Energy","Ball Lightning"],"picked":"Chill","floor":4},{"not_picked":["Gash","Chaos"],"picked":"Coolheaded","floor":7},{"not_picked":["Sunder","All For One"],"picked":"Genetic Algorithm","floor":11},{"not_picked":["Streamline","Go for the Eyes"],"picked":"Redo","floor":12},{"not_picked":["Static Discharge","Compile Driver"],"picked":"Darkness","floor":13}],"player_experience":1217313,"relics_obtained":[{"floor":9,"key":"Letter Opener"},{"floor":11,"key":"Pen Nib"},{"floor":13,"key":"Happy Flower"}],"event_choices":[{"damage_healed":0,"gold_gain":75,"player_choice":"Gather Gold","damage_taken":11,"max_hp_gain":0,"max_hp_loss":0,"event_name":"World of Goop","floor":2,"gold_loss":0},{"damage_healed":0,"gold_gain":0,"player_choice":"Searched \u00271\u0027 times","damage_taken":0,"relics_obtained":["Thread and Needle"],"max_hp_gain":0,"max_hp_loss":0,"event_name":"Dead Adventurer","floor":8,"gold_loss":0},{"damage_healed":0,"gold_gain":0,"player_choice":"Grow","damage_taken":0,"max_hp_gain":0,"max_hp_loss":0,"event_name":"Living Wall","floor":14,"gold_loss":0,"cards_upgraded":["Streamline"]}],"is_beta":true,"boss_relics":[],"items_purged_floors":[5],"is_endless":false,"potions_floor_spawned":[3,7,12],"killed_by":"Slime Boss","ascension_level":20}}