{"host":"5bdt6s51dmpd4l3v","time":1608951905,"event":{"mods":["AchievementEnabler","BaseMod","Colored Map","Colored Powertips","Highlight Path","Minty Spire (QoL Compilation)","Quick Restart","Rare Cards Sparkle","StSLib"],"gold_per_floor":[109,109,89,106,106,140,160,160,207,234,234,264,264,278,278,278,278],"floor_reached":16,"playtime":287,"items_purged":[],"score":257,"play_id":"396e9bd7-2dd5-42bb-b1fe-1cc79dd00fdd","local_time":"20201226110505","is_ascension_mode":true,"campfire_choices":[{"data":"Whirlwind","floor":8,"key":"SMITH"},{"data":"Rage","floor":11,"key":"SMITH"},{"data":"Twin Strike","floor":13,"key":"SMITH"},{"data":"Pommel Strike","floor":15,"key":"SMITH"}],"circlet_count":0,"master_deck":["AscendersBane","Strike_R","Strike_R","Strike_R+1","Strike_R","Strike_R","Defend_R","Defend_R","Defend_R","Bash","Armaments+1","Whirlwind+1","Rage+1","Burning Pact","Twin Strike+1","Pommel Strike+1"],"relics":["Burning Blood","NeowsBlessing","Tiny Chest","Nunchaku","MealTicket","Ice Cream"],"acts_visited":["Exordium"],"potions_floor_usage":[7,10,12,14],"damage_taken":[{"damage":0,"enemies":"Jaw Worm","floor":1,"turns":1},{"damage":0,"enemies":"Small Slimes","floor":4,"turns":1},{"damage":0,"enemies":"3 Sentries","floor":6,"turns":2},{"damage":1,"enemies":"Cultist","floor":7,"turns":3},{"damage":31,"enemies":"Gremlin Nob","floor":10,"turns":4},{"damage":30,"enemies":"Lagavulin","floor":12,"turns":5},{"damage":0,"enemies":"3 Louse","floor":14,"turns":2},{"damage":0,"enemies":"The Guardian","floor":16,"turns":2}],"seed_played":"-4627127953892026367","potions_obtained":[{"floor":3,"key":"SneckoOil"},{"floor":4,"key":"LiquidMemories"},{"floor":6,"key":"Strength Potion"},{"floor":10,"key":"Energy Potion"},{"floor":12,"key":"Explosive Potion"}],"is_trial":false,"path_per_floor":["M","?","?","M","?","E","M","R","T","E","R","E","R","M","R","B"],"character_chosen":"IRONCLAD","items_purchased":[],"campfire_rested":0,"item_purchase_floors":[],"current_hp_per_floor":[74,51,51,57,57,63,68,68,68,43,43,19,19,25,25,25,25],"gold":278,"neow_bonus":"THREE_ENEMY_KILL","is_daily":false,"chose_seed":false,"campfire_upgraded":4,"win_rate":0.0,"timestamp":1608951905,"path_taken":["M","?","?","?","?","E","?","R","T","E","R","E","R","M","R","BOSS"],"items_purchased_type":[],"build_version":"2020-12-22","purchased_purges":0,"victory":false,"max_hp_per_floor":[75,75,75,75,75,75,75,75,75,75,75,75,75,75,75,75,75],"card_choices":[{"not_picked":["Burning Pact","Wild Strike"],"picked":"Armaments","floor":1},{"not_picked":["Pommel Strike","Sword Boomerang"],"picked":"Whirlwind","floor":4},{"not_picked":["Wild Strike","Combust","Sever Soul"],"picked":"SKIP","floor":6},{"not_picked":["Reckless Charge","Shrug It Off"],"picked":"Rage","floor":7},{"not_picked":["Carnage","Power Through"],"picked":"Burning Pact","floor":10},{"not_picked":["Wild Strike","Searing Blow"],"picked":"Twin Strike","floor":12},{"not_picked":["Clash","Twin Strike"],"picked":"Pommel Strike","floor":14}],"player_experience":242303,"relics_obtained":[{"floor":6,"key":"Tiny Chest"},{"floor":9,"key":"Nunchaku"},{"floor":10,"key":"MealTicket"},{"floor":12,"key":"Ice Cream"}],"event_choices":[{"damage_healed":0,"gold_gain":0,"player_choice":"Entered Light","damage_taken":23,"max_hp_gain":0,"max_hp_loss":0,"event_name":"Shining Light","floor":2,"gold_loss":0,"cards_upgraded":["Armaments","Strike_R"]},{"damage_healed":0,"gold_gain":0,"player_choice":"Bought 1 Potion","damage_taken":0,"max_hp_gain":0,"max_hp_loss":0,"event_name":"The Woman in Blue","floor":3,"gold_loss":0},{"cards_removed":["Defend_R"],"damage_healed":0,"gold_gain":0,"player_choice":"Offered Basic","damage_taken":0,"max_hp_gain":0,"max_hp_loss":0,"event_name":"Bonfire Elementals","floor":5,"gold_loss":0}],"is_beta":false,"boss_relics":[],"items_purged_floors":[],"is_endless":false,"potions_floor_spawned":[4,6,10,12],"killed_by":"The Guardian","ascension_level":16}}