{"host":"liqblz7tpw2jrdl0","time":1608976863,"event":{"mods":["ATMod(°¢èªMod)","BaseMod","Better-Laid Plans","Colored Map","HololiveMod","Minty Spire (QoL Compilation)","Relic Stats","StSLib","óô»ðÖ¸ÄÏ"],"gold_per_floor":[82,93,103,120,120,46,86,117,141,141,141,190,217,267,23,143,143,168,148,174,174,201,247,247,294,294,66,91,91,142,172,172,287,287,312,345,372,402,428,453,501,533,556,556,556,30,30,43,43,43],"floor_reached":51,"playtime":1835,"items_purged":["Regret"],"score":1643,"play_id":"5c41ac7e-78cf-4455-8440-499a9ea11353","local_time":"20201226180103","is_ascension_mode":true,"campfire_choices":[{"floor":32,"key":"REST"},{"data":"Hololive_StrengthChampion+2","floor":49,"key":"SMITH"}],"circlet_count":0,"master_deck":["AscendersBane","Hololive_Strike+1","Hololive_Strike+1","Hololive_OvertimeWork+1","Hololive_CallUruhaRushia+1","Hololive_CallRoboco+1","Hololive_CallOzoraSubaru+1","Hololive_CallYuzukiChoco+1","Hololive_CallAkaiHaato+1","Hololive_CallAkiRosenthal+1","Hololive_CallKiryuuCoco+1","Hololive_CallHoushouMarine+1","Hololive_CallMinatoAqua+1","Hololive_CallNekomataOkayu+1","Hololive_CallFriendA+1","Hololive_FlyingPonyTail+1","Hololive_CallTsunomakiWatame+1","Hololive_CallOmaruPolka+1","Hololive_LuckPotion+1","Hololive_Thief+1","Hololive_CallUsadaPekora+1","Hololive_CallDoris+1","Hololive_CallNakiriAyame+1","Hololive_CandyCastle+1","Hololive_DDD+1","Hololive_Yoholoon+1","Hololive_CallOkamiMio+1","Hololive_Drill+1","Hololive_IdolExercise+1","Hololive_LuckPotion+1","Hololive_StrengthChampion+3","Hololive_LuckPotion+1","Hololive_ManjiGathering+1","Hololive_CallArtia+1","Hololive_CallShishiroBotan+1","Hololive_CallTokoyamiTowa+1","Hololive_SoulCatcher+1","Hololive_CallShiroganeNoel+1","Hololive_CallAyundaRisu+1"],"relics":["Hololive_TheStar","AT_ATBox","NeowsBlessing","Potion Belt","AT_EbonyIvory","Boot","Centennial Puzzle","Orichalcum","AT_RedNoBalance","AT_ImmortalShieldbow","Black Star","Vajra","AT_SilvercatRing","AT_GuinsooRageblade","Lantern","Torii","White Beast Statue","AT_ArchangelStaff","AT_TrinityForce","MealTicket","Bronze Scales","Toy Ornithopter","Mark of the Bloom","AT_ChloranthyRing","Bottled Tornado"],"acts_visited":["Exordium","TheCity","TheBeyond"],"potions_floor_usage":[20,23,23,23,23,25,25,36,36,36,36,41,41,41,41,41,42,42,48,50,50,50,50,50],"damage_taken":[{"damage":0,"enemies":"Cultist","floor":1,"turns":1},{"damage":0,"enemies":"Jaw Worm","floor":2,"turns":1},{"damage":0,"enemies":"2 Louse","floor":3,"turns":1},{"damage":0,"enemies":"Red Slaver","floor":4,"turns":3},{"damage":0,"enemies":"Gremlin Nob","floor":7,"turns":3},{"damage":0,"enemies":"Large Slime","floor":8,"turns":5},{"damage":0,"enemies":"Lagavulin","floor":12,"turns":4},{"damage":0,"enemies":"Exordium Wildlife","floor":13,"turns":3},{"damage":0,"enemies":"Gremlin Nob","floor":14,"turns":4},{"damage":0,"enemies":"Hexaghost","floor":16,"turns":6},{"damage":0,"enemies":"Chosen","floor":18,"turns":4},{"damage":0,"enemies":"Spheric Guardian","floor":20,"turns":3},{"damage":0,"enemies":"Snake Plant","floor":22,"turns":3},{"damage":1,"enemies":"Gremlin Leader","floor":23,"turns":6},{"damage":5,"enemies":"Slavers","floor":25,"turns":5},{"damage":0,"enemies":"Shelled Parasite and Fungi","floor":28,"turns":4},{"damage":0,"enemies":"Centurion and Healer","floor":30,"turns":6},{"damage":0,"enemies":"Chosen and Byrds","floor":31,"turns":4},{"damage":0,"enemies":"Automaton","floor":33,"turns":6},{"damage":0,"enemies":"Orb Walker","floor":35,"turns":2},{"damage":0,"enemies":"3 Darklings","floor":36,"turns":3},{"damage":0,"enemies":"Writhing Mass","floor":37,"turns":3},{"damage":0,"enemies":"Spire Growth","floor":38,"turns":3},{"damage":0,"enemies":"4 Shapes","floor":39,"turns":3},{"damage":14,"enemies":"Writhing Mass","floor":40,"turns":3},{"damage":0,"enemies":"Nemesis","floor":41,"turns":3},{"damage":0,"enemies":"Spire Growth","floor":42,"turns":2},{"damage":0,"enemies":"3 Darklings","floor":48,"turns":2},{"damage":0,"enemies":"Donu and Deca","floor":50,"turns":4}],"seed_played":"4533839526083081022","potions_obtained":[{"floor":2,"key":"ColorlessPotion"},{"floor":3,"key":"SteroidPotion"},{"floor":4,"key":"GamblersBrew"},{"floor":8,"key":"SkillPotion"},{"floor":19,"key":"CultistPotion"},{"floor":20,"key":"AttackPotion"},{"floor":23,"key":"LiquidBronze"},{"floor":28,"key":"EssenceOfSteel"},{"floor":30,"key":"Fire Potion"},{"floor":31,"key":"PowerPotion"},{"floor":33,"key":"Energy Potion"},{"floor":35,"key":"EssenceOfSteel"},{"floor":36,"key":"FearPotion"},{"floor":37,"key":"AttackPotion"},{"floor":38,"key":"SpeedPotion"},{"floor":39,"key":"Energy Potion"},{"floor":40,"key":"CultistPotion"},{"floor":41,"key":"Weak Potion"},{"floor":42,"key":"EntropicBrew"},{"floor":48,"key":"Dexterity Potion"}],"is_trial":false,"path_per_floor":["M","M","M","M","?","R","E","M","T","T","?","E","M","E","R","B",null,"M","?","M","?","M","E","T","E","T","R","M","?","M","M","R","B",null,"M","M","M","M","M","M","E","M","T","?","?","R","?","M","R","B",null],"character_chosen":"Hololive_HololiveCharacter","items_purchased":["Hololive_CallNekomataOkayu","AT_ImmortalShieldbow","AT_ArchangelStaff","AT_ChloranthyRing","Hololive_CallShiroganeNoel","Bottled Tornado","SkillPotion"],"campfire_rested":1,"item_purchase_floors":[6,15,27,46,46,46,46],"current_hp_per_floor":[32,32,32,32,32,32,32,32,32,32,32,32,32,32,32,17,31,17,17,17,17,17,16,16,12,12,12,17,17,17,17,27,17,31,17,17,17,17,17,3,3,8,8,8,8,8,8,8,8,8],"gold":43,"neow_bonus":"THREE_ENEMY_KILL","is_daily":false,"chose_seed":false,"campfire_upgraded":1,"win_rate":0.0,"timestamp":1608976863,"path_taken":["M","?","M","M","?","R","E","M","T","?","?","E","M","E","R","BOSS","M","?","?","?","?","E","?","E","T","R","M","?","?","M","R","BOSS","M","M","M","M","M","M","E","M","T","?","?","R","?","M","R","BOSS"],"items_purchased_type":["Card","Relic","Relic","Relic","Card","Relic","Potion"],"build_version":"2020-12-22","purchased_purges":1,"victory":true,"max_hp_per_floor":[35,35,35,35,35,35,35,35,35,35,35,35,35,35,35,35,35,35,35,35,35,35,35,35,35,35,35,35,35,35,35,35,35,35,35,35,35,35,35,35,35,40,40,40,38,38,38,38,38,38],"relic_stats":{"Centennial Puzzle":[9],"Mark of the Bloom":30,"Torii":0,"counters":[29,100],"Bronze Scales":[24],"MealTicket":0,"Black Star":3,"Orichalcum":[132],"Boot":[264],"obtain_stats":[{"Lantern":25,"Mark of the Bloom":44,"AT_ATBox":0,"Torii":25,"Vajra":23,"Bottled Tornado":46,"Boot":10,"AT_ArchangelStaff":27,"Centennial Puzzle":11,"AT_TrinityForce":34,"MealTicket":41,"AT_RedNoBalance":35,"AT_GuinsooRageblade":24,"Potion Belt":7,"AT_ChloranthyRing":46,"NeowsBlessing":0,"AT_EbonyIvory":9,"AT_SilverBalance":14,"Orichalcum":12,"AT_SilvercatRing":23,"White Beast Statue":26,"AT_ImmortalShieldbow":15,"Bronze Scales":41,"Hololive_TheStar":0,"Black Star":17,"Toy Ornithopter":43},{"Lantern":15,"Mark of the Bloom":27,"AT_ATBox":0,"Torii":15,"Vajra":14,"Bottled Tornado":27,"Boot":6,"AT_ArchangelStaff":15,"Centennial Puzzle":6,"AT_TrinityForce":19,"MealTicket":26,"AT_RedNoBalance":20,"AT_GuinsooRageblade":14,"Potion Belt":5,"AT_ChloranthyRing":27,"NeowsBlessing":0,"AT_EbonyIvory":6,"AT_SilverBalance":9,"Orichalcum":7,"AT_SilvercatRing":14,"White Beast Statue":15,"AT_ImmortalShieldbow":9,"Bronze Scales":26,"Hololive_TheStar":0,"Black Star":10,"Toy Ornithopter":27},{"Lantern":52,"Mark of the Bloom":94,"AT_ATBox":0,"Torii":52,"Vajra":47,"Bottled Tornado":94,"Boot":14,"AT_ArchangelStaff":52,"Centennial Puzzle":14,"AT_TrinityForce":72,"MealTicket":92,"AT_RedNoBalance":72,"AT_GuinsooRageblade":47,"Potion Belt":9,"AT_ChloranthyRing":94,"NeowsBlessing":0,"AT_EbonyIvory":14,"AT_SilverBalance":25,"Orichalcum":18,"AT_SilvercatRing":47,"White Beast Statue":52,"AT_ImmortalShieldbow":25,"Bronze Scales":92,"Hololive_TheStar":0,"Black Star":31,"Toy Ornithopter":94}],"Toy Ornithopter":0},"card_choices":[{"not_picked":["Hololive_LuckPotion","Hololive_StrengthChampion","Hololive_CallAZKi"],"picked":"Hololive_CallAkiRosenthal","floor":1},{"not_picked":["Hololive_StrengthChampion","Hololive_HuntDinosaur","Hololive_Sequa"],"picked":"Hololive_CallKiryuuCoco","floor":2},{"not_picked":["Hololive_Sequa","Hololive_Breathe","Hololive_OvertimeWork"],"picked":"Hololive_CallHoushouMarine","floor":3},{"not_picked":["Hololive_Psychosis","Hololive_CallYukihanaLamy","Hololive_Watashimo"],"picked":"Hololive_CallMinatoAqua","floor":4},{"not_picked":["Hololive_RevenueBasedLive","Hololive_CallOzoraSubaru","Hololive_OpenUp"],"picked":"Hololive_CallFriendA","floor":7},{"not_picked":["Hololive_StrengthChampion","Hololive_Rebound","Hololive_HuntDinosaur"],"picked":"Hololive_FlyingPonyTail","floor":8},{"not_picked":["Hololive_Trident","Hololive_LuckPotion","Hololive_Psychosis"],"picked":"Hololive_CallTsunomakiWatame","floor":12},{"not_picked":["Hololive_Breathe","Hololive_ManjiGathering","Hololive_OvertimeWork"],"picked":"Hololive_CallOmaruPolka","floor":13},{"not_picked":["Hololive_Drill","Hololive_HuntDinosaur","Hololive_FlyingPonyTail"],"picked":"Hololive_LuckPotion","floor":14},{"not_picked":["Hololive_StarCraft","Hololive_Nanodesu","Hololive_IdolExercise"],"picked":"Hololive_Thief","floor":16},{"not_picked":["Hololive_Rebound","Hololive_LuckPotion","Hololive_FlyingPonyTail"],"picked":"Hololive_CallUsadaPekora","floor":18},{"not_picked":["Hololive_Rebound","Hololive_RevenueBasedLive+1","Hololive_CallNekomataOkayu"],"picked":"Hololive_CallDoris","floor":20},{"not_picked":["Hololive_Drill+1","Hololive_Psychosis","Hololive_Trident"],"picked":"Hololive_CandyCastle+1","floor":22},{"not_picked":["Hololive_Trident","Hololive_Breathe","Hololive_RevenueBasedLive+1"],"picked":"Hololive_DevilCharm+1","floor":23},{"not_picked":["Hololive_Rebound","Hololive_Psychosis+1","Hololive_LuckPotion"],"picked":"Hololive_DDD","floor":25},{"not_picked":["Hololive_CocoNews","Hololive_FlyingPonyTail","Hololive_Sequa"],"picked":"Hololive_Yoholoon","floor":28},{"not_picked":["Hololive_StrengthChampion","Hololive_Trident+1","Hololive_Thief"],"picked":"Hololive_CallOkamiMio","floor":30},{"not_picked":["Hololive_Psychosis","Hololive_Breathe+1","Hololive_FlyingPonyTail"],"picked":"Hololive_Drill+1","floor":31},{"not_picked":["Hololive_DDD","Hololive_AWSL","Hololive_MaximGun"],"picked":"Hololive_IdolExercise","floor":33},{"not_picked":["Hololive_CallKiryuuCoco+1","Hololive_Sequa","Hololive_CallOkamiMio"],"picked":"Hololive_LuckPotion+1","floor":35},{"not_picked":["Hololive_Psychosis","Hololive_CocoNews+1","Hololive_CallUruhaRushia+1"],"picked":"Hololive_StrengthChampion+1","floor":36},{"not_picked":["Hololive_Drill+1","Hololive_Psychosis+1","Hololive_CocoNews+1"],"picked":"Hololive_LuckPotion+1","floor":37},{"not_picked":["Hololive_OvertimeWork","Hololive_CallHoushouMarine","Hololive_Sequa"],"picked":"Hololive_ManjiGathering","floor":38},{"not_picked":["Hololive_Thief","Hololive_CallHimemoriLuna","Hololive_Sequa+1"],"picked":"Hololive_CallArtia+1","floor":39},{"not_picked":["Hololive_OvertimeWork+1","Hololive_HuntDinosaur","Hololive_CallMomosuzuNene+1"],"picked":"Hololive_CallShishiroBotan+1","floor":40},{"not_picked":["Hololive_CallRoboco+1","Hololive_Trident+1","Hololive_LuckPotion"],"picked":"Hololive_CallTokoyamiTowa","floor":41},{"not_picked":["Hololive_OvertimeWork+1","Hololive_Trident+1","Hololive_Psychosis"],"picked":"Hololive_SoulCatcher+1","floor":42},{"not_picked":["Hololive_AWSL","Hololive_CallArtia","Hololive_Rebound"],"picked":"Hololive_CallAyundaRisu+1","floor":48}],"player_experience":37232,"relics_obtained":[{"floor":7,"key":"Potion Belt"},{"floor":9,"key":"AT_EbonyIvory"},{"floor":10,"key":"Boot"},{"floor":12,"key":"Orichalcum"},{"floor":14,"key":"AT_SilverBalance"},{"floor":23,"key":"Vajra"},{"floor":23,"key":"AT_SilvercatRing"},{"floor":24,"key":"AT_GuinsooRageblade"},{"floor":25,"key":"Lantern"},{"floor":25,"key":"Torii"},{"floor":26,"key":"White Beast Statue"},{"floor":41,"key":"MealTicket"},{"floor":41,"key":"Bronze Scales"},{"floor":43,"key":"Toy Ornithopter"}],"event_choices":[{"cards_removed":["Hololive_Defend"],"damage_healed":0,"gold_gain":0,"player_choice":"Forget","damage_taken":0,"max_hp_gain":0,"max_hp_loss":0,"event_name":"Living Wall","floor":5,"gold_loss":0},{"damage_healed":0,"gold_gain":0,"player_choice":"Box","damage_taken":0,"relics_obtained":["Centennial Puzzle"],"max_hp_gain":0,"max_hp_loss":0,"event_name":"Big Fish","floor":11,"gold_loss":0,"cards_obtained":["Regret"]},{"damage_healed":0,"gold_gain":0,"player_choice":"Bought 1 Potion","damage_taken":0,"max_hp_gain":0,"max_hp_loss":0,"event_name":"The Woman in Blue","floor":19,"gold_loss":0},{"damage_healed":0,"gold_gain":0,"player_choice":"1 cards matched","damage_taken":0,"max_hp_gain":0,"max_hp_loss":0,"event_name":"Match and Keep!","floor":21,"gold_loss":0,"cards_obtained":["Hololive_CallNakiriAyame"]},{"cards_removed":["Hololive_Defend"],"damage_healed":0,"gold_gain":0,"player_choice":"Card Removal","damage_taken":0,"max_hp_gain":0,"max_hp_loss":0,"event_name":"Wheel of Change","floor":29,"gold_loss":0},{"damage_healed":0,"gold_gain":0,"player_choice":"Upgrade","damage_taken":0,"relics_obtained":["Mark of the Bloom"],"max_hp_gain":0,"max_hp_loss":0,"event_name":"MindBloom","floor":44,"gold_loss":0,"cards_upgraded":["Hololive_Strike","Hololive_Strike","Hololive_OvertimeWork","Hololive_CallUruhaRushia","Hololive_CallRoboco","Hololive_CallOzoraSubaru","Hololive_CallYuzukiChoco","Hololive_CallAkaiHaato","Hololive_CallAkiRosenthal","Hololive_CallKiryuuCoco","Hololive_CallHoushouMarine","Hololive_CallMinatoAqua","Hololive_CallNekomataOkayu","Hololive_CallFriendA","Hololive_FlyingPonyTail","Hololive_CallTsunomakiWatame","Hololive_CallOmaruPolka","Hololive_LuckPotion","Hololive_Thief","Hololive_CallNakiriAyame","Hololive_DDD","Hololive_Yoholoon","Hololive_CallOkamiMio","Hololive_IdolExercise","Hololive_StrengthChampion","Hololive_ManjiGathering","Hololive_CallTokoyamiTowa"]},{"damage_healed":0,"gold_gain":0,"player_choice":"Max HP","damage_taken":0,"max_hp_gain":0,"max_hp_loss":2,"event_name":"Winding Halls","floor":45,"gold_loss":0},{"cards_removed":["Hololive_DevilCharm"],"damage_healed":0,"gold_gain":0,"player_choice":"Removed Skill","damage_taken":0,"max_hp_gain":0,"max_hp_loss":0,"event_name":"Falling","floor":47,"gold_loss":0}],"is_beta":false,"boss_relics":[{"not_picked":["Hololive_TopUpMoneyS","Coffee Dripper"],"picked":"Black Star"},{"not_picked":["Empty Cage","Fusion Hammer"],"picked":"AT_TrinityForce"}],"items_purged_floors":[27],"is_endless":false,"potions_floor_spawned":[2,3,4,8,20,23,28,30,31,33,35,36,37,38,39,40,41,42,48],"ascension_level":10}}