{"host":"p9jk0mlyvhgdzcz4","time":1608951398,"event":{"mods":["BaseMod","Colored Map","Minty Spire (QoL Compilation)","Quick Restart","SuperFastMode"],"gold_per_floor":[115,12,32,49,14,46,61,61,61,61,11,86,112,122,122,223,223,240,259,37,37,37,37,50,50,50,50,50],"floor_reached":27,"playtime":933,"items_purged":["Strike_B"],"score":221,"play_id":"f7ec05d8-70e1-4d6f-84b1-0b85df1221a3","local_time":"20201225205638","is_ascension_mode":false,"campfire_choices":[{"floor":8,"key":"RECALL"},{"floor":10,"key":"REST"},{"floor":15,"key":"REST"},{"data":"White Noise","floor":23,"key":"SMITH"},{"floor":25,"key":"REST"}],"circlet_count":0,"master_deck":["Strike_B","Strike_B","Strike_B","Defend_B","Defend_B","Defend_B","Defend_B","Zap","Dualcast","Chill","Heatsinks","Blizzard","White Noise+1","Melter","Cold Snap","Echo Form","Loop+1","Cold Snap+1"],"relics":["Cracked Core","NeowsBlessing","Boot","Meat on the Bone","Calipers","Inserter","Runic Capacitor","InkBottle"],"acts_visited":["Exordium","TheCity"],"potions_floor_usage":[16,16,27],"damage_taken":[{"damage":0,"enemies":"Cultist","floor":1,"turns":1},{"damage":0,"enemies":"2 Louse","floor":3,"turns":1},{"damage":0,"enemies":"Small Slimes","floor":4,"turns":1},{"damage":30,"enemies":"Lagavulin","floor":6,"turns":7},{"damage":12,"enemies":"Gremlin Gang","floor":7,"turns":5},{"damage":36,"enemies":"Gremlin Nob","floor":13,"turns":5},{"damage":0,"enemies":"Large Slime","floor":14,"turns":6},{"damage":46,"enemies":"The Guardian","floor":16,"turns":15},{"damage":25,"enemies":"Shell Parasite","floor":18,"turns":8},{"damage":13,"enemies":"Spheric Guardian","floor":19,"turns":4},{"damage":27,"enemies":"Shelled Parasite and Fungi","floor":24,"turns":7},{"damage":57,"enemies":"Slavers","floor":27,"turns":3}],"seed_played":"3870541799871968011","potions_obtained":[{"floor":1,"key":"BlessingOfTheForge"},{"floor":7,"key":"DistilledChaos"},{"floor":19,"key":"DuplicationPotion"}],"is_trial":false,"path_per_floor":["M","$","M","M","$","E","M","R","T","R","$","?","E","M","R","B",null,"M","M","$","?","$","R","M","R","T","E"],"character_chosen":"DEFECT","items_purchased":["Heatsinks","Blizzard","Melter","Explosive Potion","Runic Capacitor"],"campfire_rested":3,"item_purchase_floors":[2,2,5,11,20],"current_hp_per_floor":[75,75,75,75,75,45,33,33,33,55,55,44,20,32,54,20,75,50,49,49,49,49,49,34,56,56,0,0],"gold":50,"neow_bonus":"THREE_ENEMY_KILL","is_daily":false,"chose_seed":false,"campfire_upgraded":1,"win_rate":0.0,"timestamp":1608951398,"path_taken":["M","$","?","M","?","E","M","R","T","R","$","?","E","M","R","BOSS","M","M","$","?","?","R","M","R","T","E"],"items_purchased_type":["Card","Card","Card","Potion","Relic"],"build_version":"2020-12-22","purchased_purges":1,"victory":false,"max_hp_per_floor":[75,75,75,75,75,75,75,75,75,75,75,75,75,75,75,75,75,75,75,75,75,75,75,75,75,75,75,75],"card_choices":[{"not_picked":["FTL","Static Discharge"],"picked":"Chill","floor":1},{"not_picked":["Coolheaded","Ball Lightning"],"picked":"White Noise","floor":3},{"not_picked":["Steam","Sweeping Beam","Self Repair"],"picked":"SKIP","floor":4},{"not_picked":["Redo","Multi-Cast","Beam Cell"],"picked":"SKIP","floor":6},{"not_picked":["Sweeping Beam","Coolheaded"],"picked":"Cold Snap","floor":7},{"not_picked":["Steam Power","Melter","Recycle"],"picked":"SKIP","floor":13},{"not_picked":["Stack","Conserve Battery","Skim"],"picked":"SKIP","floor":14},{"not_picked":["Amplify","Machine Learning"],"picked":"Echo Form","floor":16},{"not_picked":["White Noise","Stack+1"],"picked":"Loop+1","floor":18},{"not_picked":["Sweeping Beam","Redo"],"picked":"Cold Snap+1","floor":19},{"not_picked":["Conserve Battery","Compile Driver","Beam Cell"],"picked":"SKIP","floor":24}],"player_experience":11114,"relics_obtained":[{"floor":6,"key":"Boot"},{"floor":9,"key":"Meat on the Bone"},{"floor":13,"key":"Calipers"}],"event_choices":[{"damage_healed":0,"gold_gain":75,"player_choice":"Gather Gold","damage_taken":11,"max_hp_gain":0,"max_hp_loss":0,"event_name":"World of Goop","floor":12,"gold_loss":0},{"damage_healed":0,"gold_gain":0,"player_choice":"Gave Potion","damage_taken":0,"relics_obtained":["InkBottle"],"max_hp_gain":0,"max_hp_loss":0,"event_name":"WeMeetAgain","floor":21,"gold_loss":0}],"is_beta":false,"boss_relics":[{"not_picked":["Tiny House","Empty Cage"],"picked":"Inserter"}],"items_purged_floors":[20],"is_endless":false,"potions_floor_spawned":[1,7,13,19],"killed_by":"Slavers","ascension_level":0}}