{"host":"ppno391ju7318je5","time":1608998275,"event":{"mods":["AchievementEnabler","BaseMod","DeckTracker","Keyboard Shortcuts","Minty Spire (QoL Compilation)"],"gold_per_floor":[113,113,113,38,51,51,80,80,128,153,163,181,197,197,197,299,299,309,309,224,134,152,183,183,211,211,223,241,241,72,92,92,196,196,208,0,0,15,33,58,108,141,141,141,141],"floor_reached":44,"playtime":3530,"items_purged":["Strike_B","Defend_B"],"score":542,"play_id":"1b9108ca-184e-4980-a1e6-447ab27cfc8b","local_time":"20201226165755","is_ascension_mode":true,"campfire_choices":[{"floor":6.0,"key":"REST"},{"data":"Dualcast","floor":8.0,"key":"SMITH"},{"data":"Coolheaded","floor":15.0,"key":"SMITH"},{"data":"Conserve Battery","floor":24.0,"key":"SMITH"},{"data":"Machine Learning","floor":29.0,"key":"SMITH"},{"data":"Capacitor","floor":32.0,"key":"SMITH"}],"circlet_count":0,"master_deck":["Defend_B+1","Defend_B+1","Zap+1","Dualcast+1","Rebound","Rebound","Sweeping Beam","Coolheaded+1","Rebound","Machine Learning+1","Conserve Battery+1","Coolheaded+1","Gash","Capacitor+1","Reboot+1","CurseOfTheBell","Ball Lightning+1","Metamorphosis+1","Dark Shackles+1","Apotheosis+1","Hologram+1","Streamline+1"],"relics":["Cracked Core","Mummified Hand","Mango","Juzu Bracelet","CaptainsWheel","Busted Crown","Bronze Scales","Toy Ornithopter","Strawberry","Toxic Egg 2","Calling Bell","Art of War","Ornamental Fan","WingedGreaves","Red Mask","Frozen Egg 2","Prayer Wheel","Shuriken"],"acts_visited":["Exordium","TheCity","TheBeyond"],"potions_floor_usage":[44],"damage_taken":[{"damage":5.0,"enemies":"Small Slimes","floor":1.0,"turns":3.0},{"damage":0.0,"enemies":"2 Louse","floor":5.0,"turns":2.0},{"damage":24.0,"enemies":"Lagavulin","floor":7.0,"turns":6.0},{"damage":16.0,"enemies":"Gremlin Nob","floor":10.0,"turns":3.0},{"damage":0.0,"enemies":"Cultist","floor":11.0,"turns":2.0},{"damage":6.0,"enemies":"3 Louse","floor":12.0,"turns":2.0},{"damage":6.0,"enemies":"Exordium Wildlife","floor":13.0,"turns":3.0},{"damage":12.0,"enemies":"Hexaghost","floor":16.0,"turns":10.0},{"damage":0.0,"enemies":"Shell Parasite","floor":18.0,"turns":4.0},{"damage":0.0,"enemies":"Spheric Guardian","floor":22.0,"turns":3.0},{"damage":38.0,"enemies":"Slavers","floor":23.0,"turns":5.0},{"damage":4.0,"enemies":"Book of Stabbing","floor":25.0,"turns":5.0},{"damage":0.0,"enemies":"Cultist and Chosen","floor":27.0,"turns":5.0},{"damage":0.0,"enemies":"Chosen and Byrds","floor":28.0,"turns":4.0},{"damage":16.0,"enemies":"Centurion and Healer","floor":31.0,"turns":4.0},{"damage":20.0,"enemies":"Automaton","floor":33.0,"turns":10.0},{"damage":17.0,"enemies":"3 Darklings","floor":35.0,"turns":5.0},{"damage":0.0,"enemies":"3 Shapes","floor":38.0,"turns":3.0},{"damage":22.0,"enemies":"Writhing Mass","floor":39.0,"turns":4.0},{"damage":16.0,"enemies":"Nemesis","floor":40.0,"turns":5.0},{"damage":0.0,"enemies":"Mind Bloom Boss Battle","floor":41.0,"turns":6.0},{"damage":16.0,"enemies":"Giant Head","floor":42.0,"turns":7.0},{"damage":22,"enemies":"Reptomancer","floor":44,"turns":2}],"seed_played":"6465196196030704675","potions_obtained":[{"floor":5.0,"key":"SpeedPotion"},{"floor":7.0,"key":"FearPotion"},{"floor":13.0,"key":"Regen Potion"},{"floor":23.0,"key":"AttackPotion"},{"floor":27.0,"key":"Regen Potion"},{"floor":39.0,"key":"LiquidMemories"},{"floor":41.0,"key":"Strength Potion"}],"is_trial":false,"path_per_floor":["M","?","?","$","M","R","E","R","T","E","M","M","M","?","R","B",null,"M","?","?","?","M","E","R","E","T","M","M","R","$","M","R","B",null,"M","?","?","M","M","E","?","E","T","E"],"character_chosen":"DEFECT","items_purchased":["Capacitor"],"campfire_rested":1,"item_purchase_floors":[30],"current_hp_per_floor":[63,49,31,31,31,51,41,41,41,25,25,19,13,13,13,16,82,82,82,82,82,82,44,44,47,47,47,47,47,47,53,53,33,89,72,72,62,62,40,24,24,8,8,0,0],"gold":141,"neow_bonus":"REMOVE_TWO","is_daily":false,"chose_seed":false,"campfire_upgraded":5,"win_rate":0.0,"timestamp":1608998275,"path_taken":["M","?","?","$","M","R","E","R","T","E","M","M","M","?","R","BOSS","M","?","?","?","M","E","R","E","T","M","M","R","?","M","R","BOSS","M","?","?","M","M","E","?","E","T","E"],"items_purchased_type":["Card"],"build_version":"2020-12-22","purchased_purges":2,"victory":false,"max_hp_per_floor":[68,68,68,68,68,68,82,82,82,82,82,82,82,82,82,82,82,82,82,82,82,82,82,82,89,89,89,89,89,89,89,89,89,89,89,89,89,89,89,89,89,89,89,89,89],"card_choices":[{"not_picked":["Go for the Eyes","Consume"],"picked":"Rebound","floor":1.0},{"not_picked":["Redo","Turbo"],"picked":"Rebound","floor":5.0},{"not_picked":["Rip and Tear","Steam Power","Biased Cognition"],"picked":"SKIP","floor":7.0},{"not_picked":["Rip and Tear","Static Discharge"],"picked":"Sweeping Beam","floor":10.0},{"not_picked":["Hologram","Steam Power"],"picked":"Coolheaded","floor":11.0},{"not_picked":["Undo","Blizzard","Steam"],"picked":"SKIP","floor":12.0},{"not_picked":["Stack","Beam Cell"],"picked":"Rebound","floor":13.0},{"not_picked":["Buffer","Multi-Cast"],"picked":"Machine Learning","floor":16.0},{"not_picked":["Barrage"],"picked":"SKIP","floor":18.0},{"not_picked":["Tempest"],"picked":"SKIP","floor":22.0},{"not_picked":[],"picked":"Conserve Battery","floor":23.0},{"not_picked":["Leap+1"],"picked":"SKIP","floor":25.0},{"not_picked":[],"picked":"Coolheaded+1","floor":27.0},{"not_picked":[],"picked":"Gash","floor":28.0},{"not_picked":["Go for the Eyes"],"picked":"SKIP","floor":31.0},{"not_picked":[],"picked":"Reboot+1","floor":33.0},{"not_picked":[],"picked":"Ball Lightning+1","floor":35.0},{"not_picked":[],"picked":"Metamorphosis+1","floor":37.0},{"not_picked":[],"picked":"Dark Shackles+1","floor":37.0},{"not_picked":[],"picked":"Apotheosis+1","floor":37.0},{"not_picked":["Redo+1"],"picked":"SKIP","floor":38.0},{"not_picked":["BootSequence+1"],"picked":"SKIP","floor":39.0},{"not_picked":[],"picked":"Hologram+1","floor":40.0},{"not_picked":[],"picked":"Streamline+1","floor":41.0},{"not_picked":["Cold Snap"],"picked":"SKIP","floor":42.0}],"player_experience":98689,"relics_obtained":[{"floor":7.0,"key":"Mango"},{"floor":9.0,"key":"Juzu Bracelet"},{"floor":10.0,"key":"CaptainsWheel"},{"floor":23.0,"key":"Toy Ornithopter"},{"floor":25.0,"key":"Strawberry"},{"floor":26.0,"key":"Toxic Egg 2"},{"floor":34.0,"key":"Art of War"},{"floor":34.0,"key":"Ornamental Fan"},{"floor":34.0,"key":"WingedGreaves"},{"floor":40.0,"key":"Frozen Egg 2"},{"floor":41.0,"key":"Prayer Wheel"},{"floor":42.0,"key":"Shuriken"}],"event_choices":[{"damage_healed":0.0,"max_hp_gain":0.0,"max_hp_loss":0.0,"gold_gain":0.0,"event_name":"Shining Light","player_choice":"Entered Light","floor":2.0,"gold_loss":0.0,"damage_taken":14.0,"cards_upgraded":["Zap","Defend_B"]},{"damage_healed":0.0,"max_hp_gain":0.0,"max_hp_loss":0.0,"gold_gain":0.0,"event_name":"Scrap Ooze","player_choice":"Success","floor":3.0,"gold_loss":0.0,"damage_taken":18.0,"relics_obtained":["Mummified Hand"]},{"cards_removed":["Strike_B"],"damage_healed":0.0,"max_hp_gain":0.0,"max_hp_loss":0.0,"gold_gain":0.0,"event_name":"Purifier","player_choice":"Purged","floor":14.0,"gold_loss":0.0,"damage_taken":0.0},{"damage_healed":0.0,"max_hp_gain":0.0,"max_hp_loss":0.0,"gold_gain":0.0,"event_name":"Vampires","player_choice":"Ignored","floor":19.0,"gold_loss":0.0,"damage_taken":0.0},{"damage_healed":0.0,"max_hp_gain":0.0,"max_hp_loss":0.0,"gold_gain":0.0,"event_name":"Addict","player_choice":"Obtained Relic","floor":20.0,"gold_loss":85.0,"damage_taken":0.0,"relics_obtained":["Bronze Scales"]},{"cards_removed":["Strike_B"],"damage_healed":0.0,"max_hp_gain":0.0,"max_hp_loss":0.0,"gold_gain":0.0,"event_name":"Designer","player_choice":"Upgrade and Remove","floor":21.0,"gold_loss":90.0,"damage_taken":0.0,"cards_upgraded":["Defend_B"]},{"damage_healed":0.0,"max_hp_gain":0.0,"max_hp_loss":0.0,"gold_gain":0.0,"event_name":"Tomb of Lord Red Mask","player_choice":"Paid","floor":36.0,"gold_loss":208.0,"damage_taken":0.0,"relics_obtained":["Red Mask"]},{"damage_healed":0.0,"max_hp_gain":0.0,"max_hp_loss":0.0,"gold_gain":0.0,"event_name":"SensoryStone","player_choice":"Memory 3","floor":37.0,"gold_loss":0.0,"damage_taken":10.0},{"damage_healed":0.0,"max_hp_gain":0.0,"max_hp_loss":0.0,"gold_gain":0.0,"event_name":"MindBloom","player_choice":"Fight","floor":41.0,"gold_loss":0.0,"damage_taken":0.0}],"is_beta":false,"boss_relics":[{"not_picked":["Fusion Hammer","Astrolabe"],"picked":"Busted Crown"},{"not_picked":["Velvet Choker","Tiny House"],"picked":"Calling Bell"}],"items_purged_floors":[4,30],"is_endless":false,"potions_floor_spawned":[5,7,13,23,27,39,41],"killed_by":"Reptomancer","ascension_level":1}}