{"host":"6pgtslebjnyv5xmi","time":1608999731,"event":{"mods":["AchievementEnabler","BaseMod","Colored Map","Minty Spire (QoL Compilation)","Rare Cards Sparkle","StSLib","SuperFastMode","Td1madao Mod","everything is the same but u backflip on backflip"],"gold_per_floor":[109,109,184,184,40,75,0,75,75,105,123,123,138,150,150,252,252,232,242,142,158,158,158,8,8,8],"floor_reached":25,"playtime":1104,"items_purged":["Strike_R","Shockwave+1"],"score":376,"play_id":"653a0fdd-0339-4d3e-916c-b53bb0fb103d","local_time":"20201227012211","is_ascension_mode":true,"campfire_choices":[{"data":"Barricade","floor":12,"key":"SMITH"},{"data":"Entrench","floor":15,"key":"SMITH"},{"data":"Body Slam","floor":23,"key":"SMITH"}],"circlet_count":0,"master_deck":["Strike_R+1","Defend_R","Defend_R","Defend_R","Bash","Body Slam+1","Bloodletting","Double Tap","Entrench+1","Whirlwind","Exhume","Barricade+1","Body Slam+1","Berserk","Shockwave+1","Twin Strike+1","Ghostly Armor","Thunderclap","Whirlwind"],"relics":["Burning Blood","NeowsBlessing","Orrery","Centennial Puzzle","Torii","Oddly Smooth Stone","Astrolabe","Chemical X"],"acts_visited":["Exordium","TheCity"],"potions_floor_usage":[16,16,16,21,21,21,21],"damage_taken":[{"damage":0.0,"enemies":"Jaw Worm","floor":1.0,"turns":1.0},{"damage":0.0,"enemies":"Lagavulin","floor":6.0,"turns":1.0},{"damage":0,"enemies":"Gremlin Nob","floor":10,"turns":1},{"damage":4,"enemies":"Small Slimes","floor":11,"turns":4},{"damage":6,"enemies":"Cultist","floor":13,"turns":4},{"damage":5,"enemies":"Blue Slaver","floor":14,"turns":3},{"damage":18,"enemies":"Hexaghost","floor":16,"turns":8},{"damage":26,"enemies":"2 Thieves","floor":18,"turns":4},{"damage":26,"enemies":"Shell Parasite","floor":19,"turns":11},{"damage":28,"enemies":"3 Cultists","floor":21,"turns":6},{"damage":10,"enemies":"Snake Plant","floor":25,"turns":3}],"seed_played":"-731226716004573891","potions_obtained":[{"floor":10,"key":"EssenceOfSteel"},{"floor":11,"key":"ColorlessPotion"},{"floor":14,"key":"Strength Potion"},{"floor":19,"key":"EntropicBrew"}],"is_trial":false,"path_per_floor":["M","$","?","?","$","E","$","?","T","E","M","R","M","M","R","B",null,"M","M","$","M","?","R","$","M"],"character_chosen":"IRONCLAD","items_purchased":["Orrery","Chemical X"],"campfire_rested":0,"item_purchase_floors":[5,24],"current_hp_per_floor":[78,78,67,51,51,57,57,49,49,55,57,57,57,58,58,46,72,52,32,32,10,10,10,10,0,0],"gold":8,"neow_bonus":"THREE_ENEMY_KILL","is_daily":false,"chose_seed":false,"campfire_upgraded":3,"win_rate":0.0,"timestamp":1608999731,"path_taken":["M","$","?","?","$","E","?","?","T","E","?","R","M","M","R","BOSS","M","M","$","M","?","R","$","?"],"items_purchased_type":["Relic","Relic"],"build_version":"2020-12-22","purchased_purges":2,"victory":false,"max_hp_per_floor":[80,80,80,80,80,80,80,80,80,80,80,80,80,80,80,80,80,80,80,80,80,80,80,80,80,80],"card_choices":[{"not_picked":["Flex","Armaments"],"picked":"Body Slam","floor":1.0},{"not_picked":["Iron Wave","Warcry"],"picked":"Bloodletting","floor":5.0},{"not_picked":["Impervious","Headbutt"],"picked":"Double Tap","floor":5.0},{"not_picked":["Twin Strike","Flame Barrier"],"picked":"Entrench","floor":5.0},{"not_picked":["Anger","Blood for Blood"],"picked":"Whirlwind","floor":5.0},{"not_picked":["Burning Pact","Anger"],"picked":"Exhume","floor":6.0},{"not_picked":["Anger","Wild Strike"],"picked":"Barricade","floor":10},{"not_picked":["Flame Barrier","Cleave","Anger"],"picked":"SKIP","floor":11},{"not_picked":["Rampage","Dropkick","Evolve"],"picked":"SKIP","floor":13},{"not_picked":["Heavy Blade","Iron Wave"],"picked":"Body Slam","floor":14},{"not_picked":["Brutality","Corruption"],"picked":"Berserk","floor":16},{"not_picked":["Thunderclap","Anger","Cleave"],"picked":"SKIP","floor":18},{"not_picked":["Fire Breathing","Anger"],"picked":"Ghostly Armor","floor":19},{"not_picked":["Shrug It Off","Havoc+1"],"picked":"Thunderclap","floor":21}],"player_experience":496741,"relics_obtained":[{"floor":6.0,"key":"Centennial Puzzle"},{"floor":9,"key":"Torii"},{"floor":10,"key":"Oddly Smooth Stone"}],"event_choices":[{"damage_healed":0.0,"max_hp_gain":0.0,"max_hp_loss":0.0,"gold_gain":75.0,"event_name":"World of Goop","player_choice":"Gather Gold","floor":3.0,"gold_loss":0.0,"damage_taken":11.0},{"damage_healed":0.0,"max_hp_gain":0.0,"max_hp_loss":0.0,"gold_gain":0.0,"event_name":"Shining Light","player_choice":"Entered Light","floor":4.0,"gold_loss":0.0,"damage_taken":16.0,"cards_upgraded":["Body Slam","Strike_R"]},{"damage_healed":0,"gold_gain":75,"player_choice":"Touch","damage_taken":8,"max_hp_gain":0,"max_hp_loss":0,"event_name":"FaceTrader","floor":8,"gold_loss":0},{"damage_healed":0,"gold_gain":0,"cards_transformed":["Strike_R"],"player_choice":"Transformed","damage_taken":0,"max_hp_gain":0,"max_hp_loss":0,"event_name":"Transmorgrifier","floor":22,"gold_loss":0,"cards_obtained":["Whirlwind"]}],"is_beta":false,"boss_relics":[{"not_picked":["Philosopher\u0027s Stone","Ectoplasm"],"picked":"Astrolabe"}],"items_purged_floors":[7,20],"is_endless":false,"potions_floor_spawned":[10,11,14,19],"killed_by":"Snake Plant","ascension_level":9}}