{"host":"tlbgt7ns5r9s9fgj","time":1608960244,"event":{"mods":["2.2 Compatiblity","Act Like it!","Aspiration","BaseMod","Better Altar","Better Match","Better Note","Better Sensory Stone","Better Skull","Better Third Choice","Better Vampires","BetterRewards","Challenge The Spire","Colored Map","Colored Powertips","Conspire","Downfall","Elementarium","Energized Spire","Friendly Minions","GifTheSpireLib","Halation","Highlight Path","Hubris","Ironclad Rager","Jedi Mod","Key Reminder","Marked Mod","Melee Mod","Minty Spire (QoL Compilation)","Pale of the Ancients","Permanent Neow","Pikachu Mod","Potionbrewer","Practice Mode","Relic Sorter","Remilia??????","Replay The Spire","Retaliation","SCP261 Mod","Shop Mod","Spicy Shops","Spikes Relics","StSLib","Stuff the Spire","The Factory","The Jungle","TheVacant","vexMod"],"gold_per_floor":[116,116,116,127,40,40,40,52,52,84,44,44,58,58,58,160,160,177,177,102,112,124,124,159,159,185,214,214,214,14,39,39,183,183,198,210,210,266,266,266,191,191,263,274,326,326,725,725,725,725,725,725,44,44,44],"floor_reached":56,"playtime":4455,"items_purged":["conspire:SpireCoStock"],"score":1302,"play_id":"5b1cee87-60b0-437a-98c4-e93b6b00f72a","local_time":"20201226002404","is_ascension_mode":false,"campfire_choices":[{"data":"theVacant:Jab","floor":6,"key":"SMITH"},{"data":"theVacant:OnSecondThought","floor":6,"key":"SMITH"},{"data":"theVacant:TheAnvil","floor":7,"key":"SMITH"},{"data":"theVacant:Release","floor":7,"key":"SMITH"},{"data":"theVacant:Jab","floor":15,"key":"SMITH"},{"data":"theVacant:BurdenBreak","floor":15,"key":"SMITH"},{"data":"theVacant:EmbraceDarkness","floor":23,"key":"SMITH"},{"data":"theVacant:CleanseSoul","floor":23,"key":"SMITH"},{"data":"theVacant:Rejection","floor":25,"key":"SMITH"},{"data":"theVacant:Crunch","floor":25,"key":"SMITH"},{"data":"theVacant:Dig","floor":32,"key":"SMITH"},{"data":"theVacant:BrassMagnet","floor":32,"key":"SMITH"},{"data":"theVacant:ForgeSoul","floor":40,"key":"SMITH"},{"data":"theVacant:OnSecondThought","floor":40,"key":"SMITH"},{"data":"theVacant:Dig","floor":42,"key":"SMITH"},{"data":"Endless Agony","floor":42,"key":"SMITH"},{"floor":49,"key":"RECALL"},{"data":"theVacant:Dig","floor":52,"key":"SMITH"},{"data":"ShadowRift","floor":52,"key":"SMITH"}],"circlet_count":0,"master_deck":["theVacant:VacantStarterDefend","theVacant:VacantStarterDefend","theVacant:Release+1","theVacant:Crunch+1","theVacant:TheAnvil+1","theVacant:Dig+1","theVacant:Jab+1","Unload","Endless Agony+1","ShadowRift+1","theVacant:OnSecondThought+1","theVacant:BrassMagnet","theVacant:BrassMagnet","theVacant:BurdenBreak+1","theVacant:CleanseSoul+1","theVacant:Jab+1","theVacant:Rejection+1","theVacant:EmbraceDarkness+1","expansioncontent:AwakenDeath+1","theVacant:ShutAway+1","theVacant:BrassMagnet+1","theVacant:Hex+1","theVacant:Barrage+1","conspire:SpireCoStock","conspire:SpireCoStock","conspire:SpireCoStock","theVacant:ForgeSoul+1","theVacant:OnSecondThought+1","theVacant:Dig+1","theVacant:ShutAway+1","theVacant:Exorcise+1","theVacant:Dig+1","Madness+1","theVacant:Voidstone","theVacant:Spinshield","theVacant:Spinshield","theVacant:VoidForm+1","theVacant:Threat","theVacant:Jab","theVacant:Snowball"],"relics":["theVacant:BrassGoblet","halation:PinkSoulGem","Replay:Arrowhead","aspiration:HummingbirdHeart","Juzu Bracelet","halation:EternalFortune","conspire:RunicOctahedron","Omamori","Tiny Chest","Kunai","hubris:Icosahedron","hubris:ScarierMask","Sundial","Blue Doll","HandDrill","jedi:ominousloannote","MiniBlackHole","ShockBauble"],"acts_visited":["Exordium","Exordium","theJungle:Jungle","TheEnding"],"potions_floor_usage":[21,33,33,50,50,55,55],"damage_taken":[{"damage":0,"enemies":"conspire:RoseBush","floor":1,"turns":3},{"damage":0,"enemies":"2 Louse","floor":4,"turns":1},{"damage":0,"enemies":"Jaw Worm","floor":8,"turns":2},{"damage":0,"enemies":"3 Sentries","floor":10,"turns":1},{"damage":0,"enemies":"Exordium Wildlife","floor":13,"turns":2},{"damage":1,"enemies":"Hexaghost","floor":16,"turns":7},{"damage":0,"enemies":"theJungle:GiantWrat","floor":18,"turns":2},{"damage":0,"enemies":"Shell Parasite","floor":21,"turns":4},{"damage":0,"enemies":"theJungle:2_Snecko_Cultists","floor":22,"turns":2},{"damage":0,"enemies":"theJungle:MamaSnecko","floor":24,"turns":1},{"damage":0,"enemies":"theJungle:Cassacara","floor":27,"turns":3},{"damage":16,"enemies":"theJungle:TotemBoss","floor":33,"turns":4},{"damage":0,"enemies":"theFactory:2_Experiment_Personnel","floor":35,"turns":1},{"damage":3,"enemies":"theFactory:4_Mini-Bots","floor":36,"turns":2},{"damage":23,"enemies":"theFactory:DecayingSentinel","floor":38,"turns":5},{"damage":0,"enemies":"theFactory:Orbs_and_Orb_Walker","floor":44,"turns":1},{"damage":12,"enemies":"theFactory:SPIDER","floor":50,"turns":4},{"damage":0,"enemies":"Shield and Spear","floor":54,"turns":2},{"damage":21,"enemies":"The Heart","floor":55,"turns":6}],"seed_played":"-8363290159567217382","potions_obtained":[{"floor":4,"key":"jedi:wingpotion"},{"floor":13,"key":"SpeedPotion"},{"floor":16,"key":"Strength Potion"},{"floor":21,"key":"Swift Potion"},{"floor":33,"key":"potionbrewer:NoxiousPotion"},{"floor":38,"key":"Languid Potion"}],"is_trial":false,"path_per_floor":["M","?","?","M","$","R","R","M","T","E","$","?","M","?","R","B",null,"M","?","?","M","M","R","E","R","T","E","?","?","?","T","R","B",null,"M","M","?","M","?","R","?","R","T","M","T","$","?","?","R","B",null,"R","$","E","B",null],"character_chosen":"THE_VACANT","items_purchased":["Replay:Arrowhead","theVacant:BurdenBreak","HandDrill","theVacant:Voidstone","theVacant:Spinshield","theVacant:VoidForm+1","theVacant:Threat","theVacant:Jab","MiniBlackHole","potionbrewer:NoxiousPotion","potionbrewer:InfectionPotion"],"campfire_rested":0,"item_purchase_floors":[5,11,46,53,53,53,53,53,53,53,53],"current_hp_per_floor":[56,56,56,56,56,56,56,56,56,56,56,56,56,59,59,58,83,83,83,83,83,86,86,86,86,86,86,86,86,86,86,86,70,86,86,83,83,60,60,60,60,60,60,60,60,50,34,17,17,5,86,86,86,86,65],"gold":44,"neow_bonus":"TRANSFORM_TWO_CARDS","is_daily":false,"chose_seed":false,"campfire_upgraded":18,"win_rate":0.0,"timestamp":1608960244,"path_taken":["M","?","?","M","$","R","R","?","T","E","$","?","M","?","R","BOSS","M","?","?","M","M","R","E","R","T","E","?","?","?","?","R","BOSS","M","M","?","M","?","R","?","R","T","M","?","?","?","?","R","BOSS","R","$","E","BOSS"],"items_purchased_type":["Relic","Card","Relic","Card","Card","Card","Card","Card","Relic","Potion","Potion"],"build_version":"2020-12-22","purchased_purges":1,"victory":true,"max_hp_per_floor":[80,80,80,80,80,80,80,80,80,80,80,80,80,83,83,83,83,83,83,83,83,86,86,86,86,86,86,86,86,86,86,86,86,86,86,86,86,86,86,86,86,86,86,86,86,86,86,86,86,86,86,86,86,86,86],"card_choices":[{"not_picked":["theVacant:BattleScars","theVacant:Whip"],"picked":"theVacant:Jab","floor":1},{"not_picked":["theVacant:GraveWave","theVacant:CursedBlast"],"picked":"theVacant:OnSecondThought","floor":4},{"not_picked":["theVacant:Whip","theVacant:OnSecondThought"],"picked":"theVacant:BrassMagnet","floor":8},{"not_picked":["theVacant:EyePoke","theVacant:Soothe"],"picked":"theVacant:BrassMagnet","floor":10},{"not_picked":["theVacant:EyePoke","theVacant:Dig"],"picked":"theVacant:Jab","floor":13},{"not_picked":["theVacant:ForgeSoul","theVacant:DimensionTear"],"picked":"theVacant:Rejection","floor":16},{"not_picked":["theVacant:Dig+1","theVacant:ShutAway"],"picked":"theVacant:EmbraceDarkness","floor":18},{"not_picked":["expansioncontent:SlimeTackle+1","Swift Strike+1"],"picked":"expansioncontent:AwakenDeath+1","floor":20},{"not_picked":["theVacant:CleanseSoul","theVacant:GraveDigger"],"picked":"theVacant:ShutAway+1","floor":21},{"not_picked":["theVacant:Enrage","theVacant:Whip+1"],"picked":"theVacant:BrassMagnet","floor":22},{"not_picked":["theVacant:WhenDarknessComes","theVacant:EmptyShield"],"picked":"theVacant:Hex+1","floor":24},{"not_picked":["theVacant:BellToll","theVacant:Cower"],"picked":"theVacant:Barrage+1","floor":27},{"not_picked":["theVacant:WhenDarknessComes","theVacant:DimensionTear"],"picked":"theVacant:ForgeSoul","floor":33},{"not_picked":["theVacant:CleanseSoul","theVacant:ShutAway"],"picked":"theVacant:OnSecondThought","floor":35},{"not_picked":["theVacant:Soothe+1","theVacant:ReaperStrike","theVacant:CursedBlast"],"picked":"SKIP","floor":36},{"not_picked":["theVacant:SurpriseAttack","theVacant:LashOut"],"picked":"theVacant:Dig","floor":38},{"not_picked":["theVacant:EyePoke+1","theVacant:Spinshield+1"],"picked":"theVacant:ShutAway+1","floor":41},{"not_picked":["theVacant:TimeSkip+1","theVacant:VoidForm+1"],"picked":"theVacant:Exorcise+1","floor":41},{"not_picked":["theVacant:Cower+1","theVacant:EmptyShield+1"],"picked":"theVacant:Dig","floor":44},{"not_picked":["theVacant:ShriekingBlast","theVacant:Enrage+1"],"picked":"theVacant:Snowball","floor":54}],"player_experience":306008,"relics_obtained":[{"floor":9,"key":"aspiration:HummingbirdHeart"},{"floor":10,"key":"Juzu Bracelet"},{"floor":22,"key":"halation:EternalFortune"},{"floor":24,"key":"Omamori"},{"floor":26,"key":"Tiny Chest"},{"floor":27,"key":"Kunai"},{"floor":43,"key":"Sundial"},{"floor":45,"key":"Blue Doll"},{"floor":54,"key":"ShockBauble"}],"event_choices":[{"damage_healed":0,"gold_gain":0,"player_choice":"Ignored","damage_taken":0,"max_hp_gain":0,"max_hp_loss":0,"event_name":"betterNote:BetterNote","floor":19,"gold_loss":0,"cards_obtained":["meleeMod_Randall"]},{"damage_healed":0,"gold_gain":0,"player_choice":"2","damage_taken":0,"max_hp_gain":0,"max_hp_loss":0,"event_name":"betterMatch:BetterMatch","floor":20,"gold_loss":0,"cards_obtained":["betterMatch:ColorlessUncommonCard"]},{"cards_removed":["theVacant:VacantStarterDefend"],"damage_healed":0,"gold_gain":0,"player_choice":"Purged","damage_taken":0,"max_hp_gain":0,"max_hp_loss":0,"event_name":"Purifier","floor":28,"gold_loss":0},{"damage_healed":0,"gold_gain":0,"player_choice":"Invest 4","damage_taken":0,"max_hp_gain":0,"max_hp_loss":0,"event_name":"conspire:Investor","floor":30,"gold_loss":0},{"damage_healed":0,"gold_gain":0,"player_choice":"2","damage_taken":0,"max_hp_gain":0,"max_hp_loss":0,"event_name":"betterMatch:BetterMatch","floor":41,"gold_loss":0,"cards_obtained":["betterMatch:CommonCard","betterMatch:RareCard"]},{"damage_healed":0,"gold_gain":3,"player_choice":"2","damage_taken":0,"max_hp_gain":0,"max_hp_loss":17,"event_name":"betterStone:BetterStone","floor":48,"gold_loss":0}],"is_beta":false,"boss_relics":[{"not_picked":["hubris:GrandSneckoEye","Ring of Chaos"],"picked":"conspire:RunicOctahedron"},{"not_picked":["Kintsugi","halation:SmartPhone"],"picked":"hubris:ScarierMask"}],"items_purged_floors":[53],"is_endless":false,"potions_floor_spawned":[4,13,16,18,21,33,38],"ascension_level":0}}