{"host":"1637j8siz7lzgd5k","time":1608997336,"event":{"mods":["BaseMod","Colored Map","Minty Spire (QoL Compilation)","StSLib","SuperFastMode"],"gold_per_floor":[115,126,51,67,83,83,113,113,113,130,164,164,164,185,185,259,259,276,201,216,229,229,229,129,79,126,144,170,170,196,196,196,268,268,285,330,343,343,362,392,392,406,455,480,430,380,380,85,85,85,85],"floor_reached":50,"playtime":1304,"items_purged":["Strike_R","Strike_R","Strike_R+1","Strike_R+1","Defend_R+1"],"score":1032,"play_id":"c6996be7-aca5-41e3-b5f9-c94d564b2b3e","local_time":"20201227004216","is_ascension_mode":true,"campfire_choices":[{"data":"Bludgeon","floor":6.0,"key":"SMITH"},{"data":"Shrug It Off","floor":8.0,"key":"SMITH"},{"data":"Bash","floor":15.0,"key":"SMITH"},{"data":"Second Wind","floor":23,"key":"SMITH"},{"floor":32,"key":"REST"},{"floor":41,"key":"REST"},{"data":"Exhume","floor":49,"key":"SMITH"}],"circlet_count":0,"master_deck":["AscendersBane","Defend_R+1","Defend_R+1","Defend_R+1","Bash+1","Bludgeon+1","Warcry","Shrug It Off+1","Shockwave","Barricade+1","Headbutt","Seeing Red","Second Wind+1","Sentinel","Power Through","Battle Trance","Offering+1","Fire Breathing+1","Feel No Pain+1","Offering+1","Exhume+1"],"relics":["Burning Blood","Pocketwatch","Mercury Hourglass","Question Card","Frozen Egg 2","Odd Mushroom","Sozu","Whetstone","Happy Flower","Centennial Puzzle","Philosopher\u0027s Stone","WingedGreaves","Meat on the Bone","Smiling Mask","Ice Cream","Lee\u0027s Waffle"],"acts_visited":["Exordium","TheCity","TheBeyond"],"potions_floor_usage":[16,16],"damage_taken":[{"damage":3.0,"enemies":"2 Louse","floor":1.0,"turns":4.0},{"damage":0.0,"enemies":"Small Slimes","floor":2.0,"turns":2.0},{"damage":4.0,"enemies":"Jaw Worm","floor":4.0,"turns":4.0},{"damage":7.0,"enemies":"2 Fungi Beasts","floor":5.0,"turns":5.0},{"damage":15.0,"enemies":"3 Sentries","floor":7.0,"turns":8.0},{"damage":1.0,"enemies":"Large Slime","floor":10.0,"turns":3.0},{"damage":6.0,"enemies":"Gremlin Nob","floor":11.0,"turns":3.0},{"damage":8.0,"enemies":"The Mushroom Lair","floor":14.0,"turns":5.0},{"damage":21,"enemies":"Hexaghost","floor":16,"turns":6},{"damage":25,"enemies":"Shell Parasite","floor":18,"turns":4},{"damage":12,"enemies":"2 Thieves","floor":20,"turns":3},{"damage":2,"enemies":"Snake Plant","floor":21,"turns":3},{"damage":0,"enemies":"3 Cultists","floor":27,"turns":5},{"damage":25,"enemies":"Book of Stabbing","floor":28,"turns":4},{"damage":2,"enemies":"Slavers","floor":30,"turns":7},{"damage":28,"enemies":"Champ","floor":33,"turns":11},{"damage":6,"enemies":"3 Shapes","floor":35,"turns":4},{"damage":9,"enemies":"2 Orb Walkers","floor":36,"turns":4},{"damage":1,"enemies":"Orb Walker","floor":37,"turns":3},{"damage":6,"enemies":"4 Shapes","floor":39,"turns":4},{"damage":60,"enemies":"Reptomancer","floor":40,"turns":5},{"damage":16,"enemies":"Sphere and 2 Shapes","floor":42,"turns":6},{"damage":0,"enemies":"Mind Bloom Boss Battle","floor":44,"turns":6},{"damage":46,"enemies":"Awakened One","floor":50,"turns":5}],"seed_played":"-5375001361435987021","potions_obtained":[{"floor":2.0,"key":"ElixirPotion"},{"floor":4.0,"key":"Strength Potion"},{"floor":5.0,"key":"BlessingOfTheForge"}],"is_trial":false,"path_per_floor":["M","M","?","M","M","R","E","R","T","M","E","?","?","?","R","B",null,"M","$","M","M","?","R","$","?","T","M","E","?","E","?","R","B",null,"M","?","M","?","M","E","R","M","T","?","$","$","?","$","R","B"],"character_chosen":"IRONCLAD","items_purchased":["Lee\u0027s Waffle","Exhume"],"campfire_rested":2,"item_purchase_floors":[48,48],"current_hp_per_floor":[53,59,59,61,60,60,51,51,51,56,56,56,30,28,28,13,60,41,41,35,39,39,39,39,39,39,45,26,26,30,9,33,11,63,63,60,65,65,65,11,35,37,37,55,55,55,55,87,87,41,41],"gold":85,"neow_bonus":"THREE_RARE_CARDS","is_daily":false,"chose_seed":false,"campfire_upgraded":5,"win_rate":0.0,"timestamp":1608997336,"path_taken":["M","M","?","M","M","R","E","R","T","M","E","?","?","?","R","BOSS","M","$","M","M","?","R","$","?","T","?","E","?","E","?","R","BOSS","M","?","M","?","?","E","R","M","T","?","$","$","?","$","R","BOSS"],"items_purchased_type":["Relic","Card"],"build_version":"2020-12-22","purchased_purges":5,"victory":false,"max_hp_per_floor":[75,75,75,75,75,75,75,75,75,75,75,75,75,75,75,75,75,75,75,75,75,75,75,75,75,75,75,75,75,75,80,80,80,80,80,80,80,80,80,80,80,80,80,80,80,80,80,87,87,87,87],"card_choices":[{"not_picked":["Juggernaut","Corruption"],"picked":"Bludgeon","floor":0.0},{"not_picked":["Sword Boomerang","Body Slam","Havoc"],"picked":"SKIP","floor":1.0},{"not_picked":["Hemokinesis","Dropkick","Reckless Charge"],"picked":"SKIP","floor":2.0},{"not_picked":["Dark Embrace","Flex"],"picked":"Warcry","floor":4.0},{"not_picked":["Flex","Spot Weakness","Intimidate"],"picked":"SKIP","floor":5.0},{"not_picked":["Rage","Wild Strike"],"picked":"Shrug It Off","floor":7.0},{"not_picked":["Perfected Strike","Twin Strike"],"picked":"Shockwave","floor":10.0},{"not_picked":["Infernal Blade","Anger","Dropkick"],"picked":"SKIP","floor":11.0},{"not_picked":["Corruption+1","Brutality+1","Feed"],"picked":"Barricade+1","floor":16},{"not_picked":["Body Slam","Power Through","Clothesline","Heavy Blade"],"picked":"SKIP","floor":18},{"not_picked":["Flex","Whirlwind","Pummel"],"picked":"Headbutt","floor":20},{"not_picked":["Iron Wave+1","Thunderclap","Headbutt"],"picked":"Seeing Red","floor":21},{"not_picked":["Rampage","Disarm","Intimidate"],"picked":"Sentinel","floor":27},{"not_picked":["Corruption+1","Clothesline+1","Body Slam"],"picked":"Power Through","floor":28},{"not_picked":["Sever Soul","Fire Breathing+1","Reckless Charge"],"picked":"Battle Trance","floor":30},{"not_picked":["Juggernaut+1","Immolate","Brutality+1"],"picked":"Offering","floor":33},{"not_picked":["Rampage+1","True Grit","Cleave"],"picked":"Fire Breathing+1","floor":35},{"not_picked":["Disarm+1","Wild Strike","Burning Pact+1"],"picked":"Feel No Pain+1","floor":36},{"not_picked":["Warcry","Fire Breathing+1","Havoc","Twin Strike"],"picked":"SKIP","floor":37},{"not_picked":["Clash","Rupture+1","Burning Pact+1","Reckless Charge"],"picked":"SKIP","floor":39},{"not_picked":["Wild Strike","Flame Barrier","Feel No Pain+1","Clash+1"],"picked":"SKIP","floor":40},{"not_picked":["Perfected Strike","Anger","Infernal Blade","True Grit"],"picked":"SKIP","floor":42}],"player_experience":819283,"relics_obtained":[{"floor":7.0,"key":"Pocketwatch"},{"floor":9.0,"key":"Mercury Hourglass"},{"floor":11.0,"key":"Question Card"},{"floor":14.0,"key":"Odd Mushroom"},{"floor":26,"key":"Whetstone"},{"floor":28,"key":"Happy Flower"},{"floor":30,"key":"Centennial Puzzle"},{"floor":36,"key":"WingedGreaves"},{"floor":40,"key":"Meat on the Bone"},{"floor":43,"key":"Smiling Mask"},{"floor":44,"key":"Ice Cream"}],"event_choices":[{"cards_removed":["Strike_R"],"damage_healed":0.0,"max_hp_gain":0.0,"max_hp_loss":0.0,"gold_gain":0.0,"event_name":"The Cleric","player_choice":"Card Removal","floor":3.0,"gold_loss":75.0,"damage_taken":0.0},{"damage_healed":0.0,"max_hp_gain":0.0,"max_hp_loss":0.0,"gold_gain":0.0,"event_name":"Liars Game","player_choice":"Ignored","floor":12.0,"gold_loss":0.0,"damage_taken":0.0},{"damage_healed":0.0,"max_hp_gain":0.0,"max_hp_loss":0.0,"gold_gain":0.0,"event_name":"Scrap Ooze","player_choice":"Success","floor":13.0,"gold_loss":0.0,"damage_taken":26.0,"relics_obtained":["Frozen Egg 2"]},{"damage_healed":0.0,"max_hp_gain":0.0,"max_hp_loss":0.0,"gold_gain":0.0,"event_name":"Mushrooms","player_choice":"Fought Mushrooms","floor":14.0,"gold_loss":0.0,"damage_taken":0.0},{"damage_healed":0,"gold_gain":0,"player_choice":"Read","damage_taken":0,"max_hp_gain":0,"max_hp_loss":0,"event_name":"The Library","floor":22,"gold_loss":0,"cards_obtained":["Second Wind"]},{"damage_healed":0,"gold_gain":0,"player_choice":"Bet on Murderer","damage_taken":0,"max_hp_gain":0,"max_hp_loss":0,"event_name":"The Joust","floor":25,"gold_loss":50},{"damage_healed":0,"gold_gain":0,"player_choice":"Simplicity","damage_taken":0,"max_hp_gain":0,"max_hp_loss":0,"event_name":"Back to Basics","floor":29,"gold_loss":0,"cards_upgraded":["Defend_R","Defend_R","Defend_R","Defend_R"]},{"damage_healed":0,"gold_gain":0,"player_choice":"Shed Blood","damage_taken":26,"max_hp_gain":5,"max_hp_loss":0,"event_name":"Forgotten Altar","floor":31,"gold_loss":0},{"damage_healed":0,"gold_gain":0,"player_choice":"Fight","damage_taken":0,"max_hp_gain":0,"max_hp_loss":0,"event_name":"Mysterious Sphere","floor":36,"gold_loss":0},{"damage_healed":0,"gold_gain":0,"player_choice":"Upgraded","damage_taken":0,"max_hp_gain":0,"max_hp_loss":0,"event_name":"Upgrade Shrine","floor":38,"gold_loss":0,"cards_upgraded":["Offering"]},{"damage_healed":0,"gold_gain":0,"player_choice":"Fight","damage_taken":0,"max_hp_gain":0,"max_hp_loss":0,"event_name":"MindBloom","floor":44,"gold_loss":0},{"damage_healed":0,"gold_gain":0,"player_choice":"Copied","damage_taken":0,"max_hp_gain":0,"max_hp_loss":0,"event_name":"Duplicator","floor":47,"gold_loss":0,"cards_obtained":["Offering"]}],"is_beta":false,"boss_relics":[{"not_picked":["Runic Cube","Tiny House"],"picked":"Sozu"},{"not_picked":["Busted Crown","Black Blood"],"picked":"Philosopher\u0027s Stone"}],"items_purged_floors":[19,24,45,46,48],"is_endless":false,"potions_floor_spawned":[2,4,5,10,18,28,36,39,40],"killed_by":"Awakened One","ascension_level":20}}