{"host":"l15sdf2mmi0nobpi","time":1608963333,"event":{"mods":["ATMod(°¢èªMod)","BaseMod","Highlight Path","Minty Spire (QoL Compilation)","Quick Restart","StSLib","¡¾¹¦ÄÜMod¡¿Neow½±Àø"],"gold_per_floor":[109,125,125,141,160,160,160,160,183,195,214,234,234,51,51,123,123,143,155,80,93,18,50,50,50,50,64,94,11,11,40,40,112,112,124,399,214,225,242,242,272,272,349,349,375,385,399,430,430,430,430,430,430,26,52,52,52],"floor_reached":56,"playtime":5234,"items_purged":["Strike_B","Regret","AT_ThunderBolt+1"],"score":2389,"play_id":"4bdc217e-e854-4db5-9c2b-6749cfd7427b","local_time":"20201226141533","is_ascension_mode":true,"campfire_choices":[{"data":"Rainbow","floor":6.0,"key":"SMITH"},{"data":"AT_FamilyPortrait","floor":8.0,"key":"SMITH"},{"data":"Coolheaded","floor":13.0,"key":"SMITH"},{"data":"Ball Lightning","floor":15.0,"key":"SMITH"},{"data":"Electrodynamics","floor":24.0,"key":"SMITH"},{"data":"Echo Form","floor":25.0,"key":"SMITH"},{"data":"Reboot","floor":32.0,"key":"SMITH"},{"floor":40.0,"key":"RECALL"},{"data":"Defend_B","floor":42.0,"key":"SMITH"},{"data":"Core Surge","floor":49.0,"key":"SMITH"},{"floor":53.0,"key":"REST"}],"circlet_count":0,"master_deck":["AscendersBane","Defend_B","Defend_B","Defend_B","Defend_B+1","Zap+1","Dualcast+1","AT_FamilyPortrait+1","Ball Lightning+1","Rainbow+1","Coolheaded+1","Apotheosis","Electrodynamics+1","Echo Form+1","Self Repair+1","AT_ThreeBodyProblem","Chill","Reboot+1","Core Surge+1","Defragment+1","AT_ThunderBolt+1","Coolheaded+1","Biased Cognition+1","Skim+1","Coolheaded+1"],"relics":["AT_ATBox","Snecko Eye","CultistMask","MealTicket","Nuclear Battery","AT_SeraphEmbrace","AT_TimeSand","Oddly Smooth Stone","Frozen Egg 2","AT_TrinityForce","AT_Manta","War Paint","Happy Flower","Sundial","Thread and Needle"],"acts_visited":["Exordium","TheCity","TheBeyond","TheEnding"],"potions_floor_usage":[],"damage_taken":[{"damage":0.0,"enemies":"2 Louse","floor":1.0,"turns":2.0},{"damage":1.0,"enemies":"Cultist","floor":2.0,"turns":3.0},{"damage":2.0,"enemies":"Jaw Worm","floor":4.0,"turns":2.0},{"damage":4.0,"enemies":"Exordium Wildlife","floor":5.0,"turns":3.0},{"damage":4.0,"enemies":"Looter","floor":10.0,"turns":3.0},{"damage":0.0,"enemies":"Lots of Slimes","floor":11.0,"turns":2.0},{"damage":6.0,"enemies":"Exordium Thugs","floor":12.0,"turns":3.0},{"damage":0.0,"enemies":"Slime Boss","floor":16.0,"turns":8.0},{"damage":0.0,"enemies":"Chosen","floor":18.0,"turns":3.0},{"damage":0.0,"enemies":"Spheric Guardian","floor":19.0,"turns":3.0},{"damage":4.0,"enemies":"Snecko","floor":21.0,"turns":3.0},{"damage":16.0,"enemies":"Slavers","floor":23.0,"turns":3.0},{"damage":26.0,"enemies":"Gremlin Leader","floor":25.0,"turns":4.0},{"damage":0.0,"enemies":"Cultist and Chosen","floor":27.0,"turns":6.0},{"damage":15.0,"enemies":"Gremlin Leader","floor":28.0,"turns":6.0},{"damage":0.0,"enemies":"Book of Stabbing","floor":31.0,"turns":3.0},{"damage":12.0,"enemies":"Automaton","floor":33.0,"turns":7.0},{"damage":6.0,"enemies":"3 Shapes","floor":35.0,"turns":3.0},{"damage":26.0,"enemies":"Orb Walker","floor":38.0,"turns":4.0},{"damage":13.0,"enemies":"Maw","floor":39.0,"turns":7.0},{"damage":24.0,"enemies":"Nemesis","floor":41.0,"turns":6.0},{"damage":12.0,"enemies":"Giant Head","floor":45.0,"turns":7.0},{"damage":1.0,"enemies":"3 Darklings","floor":46.0,"turns":4.0},{"damage":13.0,"enemies":"Transient","floor":47.0,"turns":6.0},{"damage":0.0,"enemies":"Nemesis","floor":48.0,"turns":5.0},{"damage":62.0,"enemies":"Awakened One","floor":50.0,"turns":7.0},{"damage":14.0,"enemies":"Time Eater","floor":51.0,"turns":6.0},{"damage":53.0,"enemies":"Shield and Spear","floor":55.0,"turns":8.0},{"damage":57,"enemies":"The Heart","floor":56,"turns":2}],"seed_played":"-6625033027563915152","potions_obtained":[{"floor":2.0,"key":"Ancient Potion"},{"floor":4.0,"key":"SkillPotion"},{"floor":12.0,"key":"Block Potion"},{"floor":23.0,"key":"Dexterity Potion"},{"floor":28.0,"key":"Swift Potion"},{"floor":44.0,"key":"PotionOfCapacity"},{"floor":55.0,"key":"FearPotion"}],"is_trial":false,"path_per_floor":["M","M","?","M","M","R","?","R","T","M","M","M","R","$","R","B",null,"M","M","?","M","$","E","R","E","T","M","E","$","?","E","R","B",null,"M","?","$","M","M","R","E","R","T","?","E","M","M","E","R","B","B",null,"R","$","E","B"],"character_chosen":"DEFECT","items_purchased":["Apotheosis","AT_ThreeBodyProblem","AT_ThunderBolt+1","Sundial"],"campfire_rested":1,"item_purchase_floors":[14,29,37,54],"current_hp_per_floor":[64,63,63,61,57,57,57,57,57,53,53,47,47,62,62,62,69,69,69,69,65,71,55,55,29,29,29,24,39,39,49,49,47,65,69,69,71,55,71,71,67,67,67,67,71,71,71,71,71,19,15,57,71,71,28,0,0],"gold":52,"neow_bonus":"BOSS_RELIC","is_daily":false,"chose_seed":false,"campfire_upgraded":9,"win_rate":0.0,"timestamp":1608963333,"path_taken":["M","M","?","M","M","R","?","R","T","M","?","M","R","$","R","BOSS","M","M","?","M","$","E","R","E","T","M","E","$","?","E","R","BOSS","M","?","$","M","?","R","E","R","T","?","E","M","M","E","R","BOSS","BOSS","R","$","E","BOSS"],"items_purchased_type":["Card","Card","Card","Relic"],"build_version":"2020-12-22","purchased_purges":3,"victory":false,"max_hp_per_floor":[71,71,71,71,71,71,71,71,71,71,71,71,71,71,71,71,71,71,71,71,71,71,71,71,71,71,71,71,71,71,71,71,71,71,71,71,71,71,71,71,71,71,71,71,71,71,71,71,71,71,71,71,71,71,71,71,71],"card_choices":[{"not_picked":["Hello World","Go for the Eyes","Ball Lightning"],"picked":"SKIP","floor":1.0},{"not_picked":["Hello World","Go for the Eyes"],"picked":"Ball Lightning","floor":1.0},{"not_picked":["Ball Lightning","Sweeping Beam","Hologram"],"picked":"SKIP","floor":2.0},{"not_picked":["Stack","Redo"],"picked":"Rainbow","floor":4.0},{"not_picked":["Streamline","Turbo"],"picked":"Coolheaded","floor":5.0},{"not_picked":["Scrape","Compile Driver","Rip and Tear"],"picked":"SKIP","floor":10.0},{"not_picked":["Fusion","Conserve Battery","Steam"],"picked":"SKIP","floor":11.0},{"not_picked":["Aggregate","Rebound","Gash"],"picked":"SKIP","floor":12.0},{"not_picked":["Core Surge","Creative AI"],"picked":"Electrodynamics","floor":16.0},{"not_picked":["Blizzard","Compile Driver","Redo+1"],"picked":"SKIP","floor":18.0},{"not_picked":["Streamline","Chaos","Cold Snap"],"picked":"SKIP","floor":19.0},{"not_picked":["AT_HeatAcrobatics","Barrage","Redo"],"picked":"SKIP","floor":21.0},{"not_picked":["Chill","Gash"],"picked":"Echo Form","floor":23.0},{"not_picked":["Gash","Barrage"],"picked":"Self Repair+1","floor":27.0},{"not_picked":["AT_EMC2+1","Hologram","Double Energy"],"picked":"SKIP","floor":28.0},{"not_picked":["AT_EMC2+1","Hologram","Double Energy"],"picked":"SKIP","floor":28.0},{"not_picked":["Turbo","Cold Snap","Streamline"],"picked":"SKIP","floor":31.0},{"not_picked":["Machine Learning+1","Multi-Cast"],"picked":"Core Surge","floor":33.0},{"not_picked":["Redo","Blizzard"],"picked":"Defragment+1","floor":35.0},{"not_picked":["Turbo","Auto Shields"],"picked":"Coolheaded+1","floor":38.0},{"not_picked":["Redo","AT_HeatAcrobatics","Conserve Battery"],"picked":"SKIP","floor":39.0},{"not_picked":["Redo","AT_HeatAcrobatics","Conserve Battery"],"picked":"SKIP","floor":39.0},{"not_picked":["AT_ThreeBodyProblem+1","FTL","Barrage"],"picked":"SKIP","floor":41.0},{"not_picked":["Stack","Compile Driver"],"picked":"Biased Cognition+1","floor":45.0},{"not_picked":["AT_DarkMatter","Cold Snap"],"picked":"AT_ThunderBolt+1","floor":46.0},{"not_picked":["Redo","Recycle"],"picked":"Skim+1","floor":47.0},{"not_picked":["Consume","Cold Snap+1","Core Surge"],"picked":"SKIP","floor":48.0},{"not_picked":["Steam","Electrodynamics+1"],"picked":"Coolheaded+1","floor":55.0}],"player_experience":428827,"relics_obtained":[{"floor":9.0,"key":"MealTicket"},{"floor":23.0,"key":"AT_ArchangelStaff"},{"floor":26.0,"key":"AT_TimeSand"},{"floor":28.0,"key":"Oddly Smooth Stone"},{"floor":31.0,"key":"Frozen Egg 2"},{"floor":41.0,"key":"AT_Manta"},{"floor":45.0,"key":"War Paint"},{"floor":48.0,"key":"Happy Flower"},{"floor":55.0,"key":"Thread and Needle"}],"event_choices":[{"damage_healed":0.0,"max_hp_gain":0.0,"max_hp_loss":0.0,"gold_gain":0.0,"event_name":"Shining Light","player_choice":"Ignored","floor":3.0,"gold_loss":0.0,"damage_taken":0.0},{"damage_healed":0.0,"max_hp_gain":0.0,"max_hp_loss":0.0,"gold_gain":0.0,"event_name":"FaceTrader","player_choice":"Trade","floor":7.0,"gold_loss":0.0,"damage_taken":0.0,"relics_obtained":["CultistMask"]},{"cards_removed":["Strike_B"],"damage_healed":0.0,"max_hp_gain":0.0,"max_hp_loss":0.0,"gold_gain":0.0,"event_name":"Beggar","player_choice":"Gave Gold","floor":20.0,"gold_loss":75.0,"damage_taken":0.0},{"damage_healed":0.0,"max_hp_gain":0.0,"max_hp_loss":0.0,"gold_gain":0.0,"cards_transformed":["Strike_B","Strike_B"],"event_name":"Drug Dealer","player_choice":"Became Test Subject","floor":30.0,"gold_loss":0.0,"damage_taken":0.0,"cards_obtained":["Chill","Reboot"]},{"damage_healed":0.0,"max_hp_gain":0.0,"max_hp_loss":0.0,"gold_gain":275.0,"event_name":"Golden Shrine","player_choice":"Desecrate","floor":36.0,"gold_loss":0.0,"damage_taken":0.0,"cards_obtained":["Regret"]},{"damage_healed":0.0,"max_hp_gain":0.0,"max_hp_loss":0.0,"gold_gain":0.0,"event_name":"Lab","player_choice":"Got Potions","floor":44.0,"gold_loss":0.0,"damage_taken":0.0}],"is_beta":false,"boss_relics":[{"not_picked":["Ectoplasm","Pandora\u0027s Box"],"picked":"Nuclear Battery"},{"not_picked":["Tiny House","SacredBark"],"picked":"AT_TrinityForce"}],"items_purged_floors":[22,37,54],"is_endless":false,"potions_floor_spawned":[2,4,12,16,19,23,28,38,41,46,47,55],"killed_by":"The Heart","ascension_level":20}}