{"host":"wl9at99caqxndrn4","time":1608975982,"event":{"mods":["BaseMod","BetterRewards","Colored Map","Colored Powertips","Downfall","Hermit","Marisa（霧雨　魔理沙）","Minty Spire (QoL Compilation)","Quick Restart","Rare Cards Sparkle","Shop Mod","StSLib","The Cursed"],"gold_per_floor":[115,134,147,322,340,373,373,373,373,453,464,160,178,194,194,293,293,306,325,343,258,276,306,306,336,382,382,397,410,423,27,27,125,125,143,143,154,154,154,187,0,11,36,46,61,61,61],"floor_reached":46,"playtime":10153,"items_purged":["Doubt","Writhe"],"score":598,"play_id":"0f641c28-6979-4393-b288-5c9d4f9d9155","local_time":"20201226174622","is_ascension_mode":false,"campfire_choices":[{"floor":8,"key":"REST"},{"floor":15,"key":"REST"},{"data":"TheCursedMod:LuckyCharm","floor":24,"key":"SMITH"},{"floor":32,"key":"REST"}],"circlet_count":0,"master_deck":["TheCursedMod:Strike_TheCursed","TheCursedMod:Strike_TheCursed","TheCursedMod:Strike_TheCursed","TheCursedMod:Strike_TheCursed+1","TheCursedMod:Defend_TheCursed","TheCursedMod:Defend_TheCursed","TheCursedMod:Defend_TheCursed","TheCursedMod:Defend_TheCursed","TheCursedMod:CursedWand","TheCursedMod:CleanUpWorkshop","TheCursedMod:Dregs","TheCursedMod:SurpriseAttack","TheCursedMod:TroublousMinions","TheCursedMod:CursedBoomerang","TheCursedMod:LuckyCharm+1","TheCursedMod:SpitefulPlan+1","TheCursedMod:CursedBlade","TheCursedMod:HellfireBreathing","TheCursedMod:SurpriseAttack","TheCursedMod:SurpriseAttack","TheCursedMod:WearCloak","TheCursedMod:NeowsMight","TheCursedMod:SurpriseAttack+1","TheCursedMod:AbyssShockwave","TheCursedMod:AbyssShockwave+1","TheCursedMod:CircleOfFlame+1","TheCursedMod:SpitefulPray","TheCursedMod:CursedMace+1","TheCursedMod:Torture+1","TheCursedMod:AshesToAshes+1","TheCursedMod:NeowsMight+1","TheCursedMod:CursedShiv","TheCursedMod:CursedMace+1","expansioncontent:LastStand","TheCursedMod:TroublousMinions+1","TheCursedMod:CursedRelics","Apotheosis+1","TheCursedMod:CursedStaff","Parasite","TheCursedMod:CursedAmulet+1"],"relics":["TheCursedMod:BlackMagic101","FossilizedHelix","Torii","Eternal Feather","Sling","Sozu","Unceasing Top","Gambling Chip","TheCursedMod:Tack","Ancient Tea Set","Toxic Egg 2","Calipers","Black Star","Incense Burner","Bottled Tornado","Oddly Smooth Stone"],"acts_visited":["Exordium","TheCity","TheBeyond"],"potions_floor_usage":[33],"damage_taken":[{"damage":0,"enemies":"Cultist","floor":1,"turns":4},{"damage":0,"enemies":"2 Louse","floor":2,"turns":3},{"damage":0,"enemies":"Small Slimes","floor":3,"turns":3},{"damage":0,"enemies":"Blue Slaver","floor":5,"turns":3},{"damage":25,"enemies":"3 Sentries","floor":6,"turns":13},{"damage":0,"enemies":"Exordium Thugs","floor":11,"turns":7},{"damage":0,"enemies":"Exordium Wildlife","floor":13,"turns":6},{"damage":2,"enemies":"Lots of Slimes","floor":14,"turns":3},{"damage":0,"enemies":"Slime Boss","floor":16,"turns":8},{"damage":0,"enemies":"Shell Parasite","floor":18,"turns":4},{"damage":0,"enemies":"Spheric Guardian","floor":19,"turns":3},{"damage":0,"enemies":"3 Cultists","floor":20,"turns":4},{"damage":9,"enemies":"Centurion and Healer","floor":22,"turns":5},{"damage":9,"enemies":"Gremlin Leader","floor":23,"turns":4},{"damage":18,"enemies":"Book of Stabbing","floor":25,"turns":5},{"damage":0,"enemies":"Chosen and Byrds","floor":28,"turns":3},{"damage":17,"enemies":"Snecko","floor":29,"turns":5},{"damage":14,"enemies":"Snake Plant","floor":30,"turns":2},{"damage":35,"enemies":"Champ","floor":33,"turns":7},{"damage":8,"enemies":"3 Darklings","floor":35,"turns":4},{"damage":0,"enemies":"Orb Walker","floor":37,"turns":1},{"damage":47,"enemies":"Nemesis","floor":40,"turns":8},{"damage":0,"enemies":"Transient","floor":42,"turns":5},{"damage":7,"enemies":"Writhing Mass","floor":44,"turns":5},{"damage":18,"enemies":"Sphere and 2 Shapes","floor":45,"turns":6},{"damage":2,"enemies":"Giant Head","floor":46,"turns":4}],"seed_played":"1153974212217942271","potions_obtained":[{"floor":5,"key":"PowerPotion"},{"floor":13,"key":"Strength Potion"},{"floor":14,"key":"BlessingOfTheForge"}],"is_trial":false,"path_per_floor":["M","M","M","?","M","E","?","R","T","T","M","$","M","M","R","B",null,"M","M","M","?","M","E","R","E","T","?","M","M","M","$","R","B",null,"M","?","M","?","?","E","$","M","T","M","M","E"],"character_chosen":"THE_CURSED","items_purchased":["TheCursedMod:HellfireBreathing","TheCursedMod:SurpriseAttack","Sling","Calipers","Apotheosis+1"],"campfire_rested":3,"item_purchase_floors":[12,12,12,31,41],"current_hp_per_floor":[82,82,82,82,82,57,41,65,65,65,65,65,65,63,82,82,82,82,82,82,82,73,64,79,61,61,61,61,44,30,30,72,37,82,74,74,74,74,74,27,27,27,27,20,2,0,0],"gold":61,"neow_bonus":"TEN_PERCENT_HP_BONUS","is_daily":false,"chose_seed":false,"campfire_upgraded":1,"win_rate":0.0,"timestamp":1608975982,"path_taken":["M","?","?","?","M","E","?","R","T","?","?","?","?","M","R","BOSS","M","M","M","?","M","E","R","E","T","?","M","M","M","?","R","BOSS","M","?","M","?","?","E","$","M","T","M","M","E"],"items_purchased_type":["Card","Card","Relic","Relic","Card"],"build_version":"2020-12-22","purchased_purges":2,"victory":false,"max_hp_per_floor":[82,82,82,82,82,82,82,82,82,82,82,82,82,82,82,82,82,82,82,82,82,82,82,82,82,82,82,82,82,82,82,82,82,82,82,78,78,78,78,78,78,78,78,78,78,78,78],"card_choices":[{"not_picked":["TheCursedMod:CircleOfFlame","TheCursedMod:ReleasedKnowledge"],"picked":"TheCursedMod:SurpriseAttack","floor":1},{"not_picked":["TheCursedMod:Obscuration","TheCursedMod:Torture"],"picked":"TheCursedMod:TroublousMinions","floor":2},{"not_picked":["TheCursedMod:SaltUponWound","TheCursedMod:TacticalStrike"],"picked":"TheCursedMod:CursedBoomerang","floor":3},{"not_picked":["TheCursedMod:RavingStaff","TheCursedMod:PrepareRite"],"picked":"TheCursedMod:LuckyCharm","floor":5},{"not_picked":["TheCursedMod:CursedBoomerang","TheCursedMod:Mangle"],"picked":"TheCursedMod:SpitefulPlan","floor":6},{"not_picked":["TheCursedMod:RapidMovement","TheCursedMod:Stretching"],"picked":"TheCursedMod:CursedBlade","floor":11},{"not_picked":["TheCursedMod:ManaBullet","TheCursedMod:SpitefulStrike"],"picked":"TheCursedMod:SurpriseAttack","floor":13},{"not_picked":["TheCursedMod:SoulReap","TheCursedMod:TacticalStrike"],"picked":"TheCursedMod:WearCloak","floor":14},{"not_picked":["TheCursedMod:CircleOfAbyss","TheCursedMod:CursedRelics"],"picked":"TheCursedMod:NeowsMight","floor":16},{"not_picked":["TheCursedMod:VitalStrike","TheCursedMod:SoulCrush"],"picked":"TheCursedMod:SurpriseAttack+1","floor":18},{"not_picked":["TheCursedMod:SpitefulStrike","TheCursedMod:CursedShiv+1"],"picked":"TheCursedMod:AbyssShockwave","floor":19},{"not_picked":["TheCursedMod:SpitefulPlan","TheCursedMod:CircleOfFocus"],"picked":"TheCursedMod:AbyssShockwave+1","floor":20},{"not_picked":["TheCursedMod:FleshFromBone","TheCursedMod:CursedBlade"],"picked":"TheCursedMod:CircleOfFlame+1","floor":22},{"not_picked":["TheCursedMod:CursedShiv","TheCursedMod:DoubleShield"],"picked":"TheCursedMod:SpitefulPray","floor":23},{"not_picked":["TheCursedMod:CircleOfAmplification","TheCursedMod:AntiAging"],"picked":"TheCursedMod:CursedMace+1","floor":25},{"not_picked":["TheCursedMod:CircleOfFocus+1","TheCursedMod:Hemoplague+1"],"picked":"TheCursedMod:Torture+1","floor":28},{"not_picked":["TheCursedMod:BlessingInDisguise+1","TheCursedMod:HellfireBreathing"],"picked":"TheCursedMod:AshesToAshes+1","floor":29},{"not_picked":["TheCursedMod:SmokeScreen+1","TheCursedMod:CircleOfCorruption+1","TheCursedMod:SpitefulStrike"],"picked":"SKIP","floor":30},{"not_picked":["TheCursedMod:DemonicPact","TheCursedMod:OutForBlood"],"picked":"TheCursedMod:NeowsMight+1","floor":33},{"not_picked":["TheCursedMod:CursedMace+1","TheCursedMod:CircleOfBlood+1"],"picked":"TheCursedMod:CursedShiv","floor":35},{"not_picked":["TheCursedMod:SaltUponWound+1","TheCursedMod:SpitefulStrike"],"picked":"TheCursedMod:CursedMace+1","floor":37},{"not_picked":["Madness+1","Finesse+1"],"picked":"expansioncontent:LastStand","floor":38},{"not_picked":["TheCursedMod:WearCloak+1","TheCursedMod:SpitefulStrike+1"],"picked":"TheCursedMod:CursedRelics","floor":40},{"not_picked":["TheCursedMod:SpitefulStrike+1","TheCursedMod:CircleOfFlame+1"],"picked":"TheCursedMod:CursedStaff","floor":42},{"not_picked":["TheCursedMod:VitalStrike+1","TheCursedMod:CursedArmor+1"],"picked":"TheCursedMod:CursedAmulet+1","floor":44},{"not_picked":["TheCursedMod:CursedShiv","TheCursedMod:RavingStaff","TheCursedMod:CircleOfCorruption+1"],"picked":"SKIP","floor":45}],"player_experience":44258,"relics_obtained":[{"floor":6,"key":"FossilizedHelix"},{"floor":9,"key":"Torii"},{"floor":10,"key":"Eternal Feather"},{"floor":23,"key":"Gambling Chip"},{"floor":25,"key":"TheCursedMod:Tack"},{"floor":26,"key":"Ancient Tea Set"},{"floor":40,"key":"Incense Burner"},{"floor":40,"key":"Bottled Tornado"},{"floor":43,"key":"Oddly Smooth Stone"}],"event_choices":[{"damage_healed":0,"gold_gain":175,"player_choice":"AGREE","damage_taken":0,"max_hp_gain":0,"max_hp_loss":0,"event_name":"Liars Game","floor":4,"gold_loss":0,"cards_obtained":["Doubt"]},{"damage_healed":0,"gold_gain":0,"player_choice":"Entered Light","damage_taken":16,"max_hp_gain":0,"max_hp_loss":0,"event_name":"Shining Light","floor":7,"gold_loss":0,"cards_upgraded":["TheCursedMod:Strike_TheCursed","TheCursedMod:SpitefulPlan"]},{"damage_healed":0,"gold_gain":0,"player_choice":"Obtained Relic","damage_taken":0,"relics_obtained":["Unceasing Top"],"max_hp_gain":0,"max_hp_loss":0,"event_name":"Addict","floor":21,"gold_loss":85},{"damage_healed":0,"gold_gain":0,"player_choice":"Opened","damage_taken":0,"relics_obtained":["Toxic Egg 2"],"max_hp_gain":0,"max_hp_loss":0,"event_name":"The Mausoleum","floor":27,"gold_loss":0,"cards_obtained":["Writhe"]},{"damage_healed":0,"gold_gain":0,"player_choice":"Max HP","damage_taken":0,"max_hp_gain":0,"max_hp_loss":4,"event_name":"Winding Halls","floor":36,"gold_loss":0},{"damage_healed":0,"gold_gain":0,"player_choice":"Memory 1","damage_taken":0,"max_hp_gain":0,"max_hp_loss":0,"event_name":"SensoryStone","floor":38,"gold_loss":0},{"damage_healed":0,"gold_gain":0,"player_choice":"Copied","damage_taken":0,"max_hp_gain":0,"max_hp_loss":0,"event_name":"Duplicator","floor":39,"gold_loss":0,"cards_obtained":["TheCursedMod:TroublousMinions"]}],"is_beta":false,"boss_relics":[{"not_picked":["Runic Dome","Philosopher\u0027s Stone"],"picked":"Sozu"},{"not_picked":["Tiny House","Runic Pyramid"],"picked":"Black Star"}],"items_purged_floors":[12,31],"is_endless":false,"potions_floor_spawned":[5,13,14,18,19,20,29,40,42,45],"killed_by":"Giant Head","ascension_level":0}}