{"host":"1zjc08c6hob33401","time":1608983174,"event":{"mods":["AchievementEnabler","Act Like it!","Aspiration","Bard","BaseMod","Downfall","Energized Spire","GifTheSpireLib","Hermit","Hubris","Infinite Spire","Jedi Mod","Jorbs\u0027s Wanderer Trilogy","Marisa????????","Minty Spire (QoL Compilation)","Pale of the Ancients","Quick Restart","Replay The Spire","Retaliation","Shop Mod","StSLib","Stuff the Spire","Swap Starting Deck Mod","The Blue Laboratory","The Gatherer","The Poker Player","The Runesmith","The Sage","Wandering Minibosses","[IsaacMod]????"],"gold_per_floor":[197,48,48,83,101,101,140,160,184,37,37,212,212,251,251,362,362,411,481,461,540,540,540,565,565],"floor_reached":24,"playtime":1207,"items_purged":[],"score":246,"play_id":"9bc47492-62dc-4474-9db7-5aedd71a37c6","local_time":"20201226134614","is_ascension_mode":false,"campfire_choices":[{"data":"BettingIsNotGood","floor":6,"key":"SMITH"},{"data":"sagemod:Upwards","floor":11,"key":"SMITH"},{"data":"sagemod:Poem","floor":13,"key":"SMITH"},{"data":"sagemod:Extra_Portion","floor":15,"key":"SMITH"},{"data":"sagemod:Gearwheel_Master","floor":23,"key":"SMITH"}],"circlet_count":0,"master_deck":["sagemod:Strike","sagemod:Strike","sagemod:Strike","sagemod:Strike","sagemod:Defend","sagemod:Defend","sagemod:Fly","sagemod:Upwards+1","BettingIsNotGood+1","sagemod:Poem+1","sagemod:Fire_Brew","sagemod:Momentum","sagemod:Extra_Portion+1","sagemod:Quackster","Doubt","sagemod:Fire_Brew","sagemod:Blurry+1","sagemod:Ambition+1","sagemod:Gearwheel_Master+1","sagemod:Perpetuum_Mobile"],"relics":["sagemod:Flying_Carpet","HushsDoor","Leech","StuffTheSpire:GrapeVine","infinitespire:Satchel","Orichalcum","CeramicFish","hubris:VirtuousBlindfold"],"acts_visited":["Exordium","TheCity"],"potions_floor_usage":[7,8,14,16,18,18,20,21,21,24],"damage_taken":[{"damage":3.0,"enemies":"Cultist","floor":1.0,"turns":6.0},{"damage":2,"enemies":"2 Louse","floor":4,"turns":3},{"damage":3,"enemies":"Small Slimes","floor":5,"turns":2},{"damage":7,"enemies":"Exordium Wildlife","floor":7,"turns":5},{"damage":0,"enemies":"Red Slaver","floor":8,"turns":2},{"damage":4,"enemies":"Lagavulin","floor":14,"turns":5},{"damage":0,"enemies":"Slime Boss","floor":16,"turns":5},{"damage":2,"enemies":"Chosen","floor":18,"turns":4},{"damage":17,"enemies":"2 Thieves","floor":20,"turns":5},{"damage":15,"enemies":"Snecko","floor":21,"turns":7},{"damage":34,"enemies":"Snake Plant","floor":24,"turns":4}],"seed_played":"-5702691174711319342","potions_obtained":[{"floor":7,"key":"blueLaboratory:BottleOfVodka"},{"floor":14,"key":"AttackPotion"},{"floor":16,"key":"jedi:StrikingPotion"},{"floor":21,"key":"Explosive Potion"}],"is_trial":false,"path_per_floor":["M","$","?","M","M","R","M","M","T","$","R","?","R","E","R","B",null,"M","?","M","M","?","R","M"],"character_chosen":"THE_SAGE","items_purchased":["StuffTheSpire:GrapeVine","Orichalcum"],"campfire_rested":0,"item_purchase_floors":[2,10],"current_hp_per_floor":[47,47,47,47,46,46,43,45,45,45,45,45,45,45,45,49,50,50,35,33,24,24,24,0,0],"gold":565,"neow_bonus":"REMOVE_CARD","is_daily":false,"chose_seed":false,"campfire_upgraded":5,"win_rate":0.0,"timestamp":1608983174,"path_taken":["M","$","?","M","?","R","M","M","T","$","R","?","R","E","R","BOSS","M","?","M","M","?","R","M"],"items_purchased_type":["Relic","Relic"],"build_version":"2020-12-22","purchased_purges":0,"victory":false,"max_hp_per_floor":[50,50,50,50,50,50,50,50,50,50,50,50,50,50,50,50,50,50,50,50,50,50,50,50,50],"card_choices":[{"not_picked":[],"picked":"BettingIsNotGood","floor":0.0},{"not_picked":["sagemod:How_To_Warm_Elephants","sagemod:Pincer_Attack"],"picked":"sagemod:Poem","floor":1.0},{"not_picked":["sagemod:Deadly_Contraption","sagemod:Let_It_Go"],"picked":"sagemod:Fire_Brew","floor":4},{"not_picked":["sagemod:About_Clark","sagemod:How_To_Befriend_A_Turtle"],"picked":"sagemod:Momentum","floor":5},{"not_picked":["sagemod:Salty_Strike","sagemod:Step_Back"],"picked":"sagemod:Extra_Portion","floor":7},{"not_picked":["sagemod:Armor_Brew","sagemod:Ambition"],"picked":"sagemod:Quackster","floor":8},{"not_picked":["sagemod:How_To_Befriend_A_Turtle","sagemod:Energetic_Brew"],"picked":"sagemod:Fire_Brew","floor":14},{"not_picked":["sagemod:Vigorous_Body","sagemod:Alchemy_Expert"],"picked":"sagemod:Blurry","floor":16},{"not_picked":["sagemod:Fire_Brew","sagemod:Armor_Brew"],"picked":"sagemod:Ambition+1","floor":18},{"not_picked":["sagemod:Ambition","sagemod:Fire_Brew"],"picked":"sagemod:Gearwheel_Master","floor":20},{"not_picked":["sagemod:Deadly_Contraption","sagemod:Study+1"],"picked":"sagemod:Perpetuum_Mobile","floor":21}],"player_experience":514302,"relics_obtained":[{"floor":9,"key":"infinitespire:Satchel"},{"floor":14,"key":"CeramicFish"}],"event_choices":[{"cards_removed":["sagemod:Defend"],"damage_healed":0,"gold_gain":0,"player_choice":"Purged","damage_taken":0,"max_hp_gain":0,"max_hp_loss":0,"event_name":"Purifier","floor":3,"gold_loss":0},{"damage_healed":0,"gold_gain":175,"player_choice":"AGREE","damage_taken":0,"max_hp_gain":0,"max_hp_loss":0,"event_name":"Liars Game","floor":12,"gold_loss":0,"cards_obtained":["Doubt"]}],"is_beta":false,"boss_relics":[{"not_picked":["StuffTheSpire:RunicHypercube","Calling Bell"],"picked":"hubris:VirtuousBlindfold"},{"not_picked":[]}],"items_purged_floors":[],"is_endless":false,"potions_floor_spawned":[7,14,16,21],"killed_by":"Snake Plant","ascension_level":0}}