{"host":"12piqfhmdln9x2la","time":1608961145,"event":{"mods":["2.2 Compatiblity","AchievementEnabler","BaseMod","BetterRewards","Colored Powertips","Minty Spire (QoL Compilation)","Quick Restart","SuperFastMode"],"gold_per_floor":[144,144,144,186,229,229,286,236,236,236,267,9,9,53,53,175,175,190,204,204,249,315,373,37,37,60,60,60],"floor_reached":27,"playtime":574,"items_purged":["Defend_R","Bash"],"score":302,"play_id":"241a55ed-7803-4557-be8a-e54ef5bb4b4b","local_time":"20201226143905","is_ascension_mode":true,"campfire_choices":[{"floor":6,"key":"RECALL"},{"data":"Flex","floor":10,"key":"SMITH"},{"data":"Rage","floor":15,"key":"SMITH"}],"circlet_count":0,"master_deck":["Strike_R","Strike_R","Strike_R","Defend_R","Defend_R","HandOfGreed+1","Flex+1","Heavy Blade+1","Pommel Strike+1","Sword Boomerang+1","Rage+1","Flex","Rampage+1","Flex","Corruption+1","Wild Strike+1","Cleave+1","Flex","Inflame+1","Armaments","Bandage Up"],"relics":["Burning Blood","Molten Egg 2","Frozen Egg 2","CaptainsWheel","Incense Burner","Bronze Scales","Bag of Preparation","Ancient Tea Set","Black Star","Pantograph","Darkstone Periapt","Kunai","Vajra","Nunchaku"],"acts_visited":["Exordium","TheCity"],"potions_floor_usage":[11,23,23],"damage_taken":[{"damage":0,"enemies":"2 Louse","floor":1,"turns":2},{"damage":7,"enemies":"Jaw Worm","floor":4,"turns":3},{"damage":0,"enemies":"Cultist","floor":5,"turns":2},{"damage":16,"enemies":"Gremlin Nob","floor":7,"turns":4},{"damage":9,"enemies":"Lagavulin","floor":11,"turns":4},{"damage":15,"enemies":"Exordium Wildlife","floor":14,"turns":3},{"damage":1,"enemies":"Slime Boss","floor":16,"turns":3},{"damage":17,"enemies":"2 Thieves","floor":18,"turns":3},{"damage":0,"enemies":"Spheric Guardian","floor":19,"turns":1},{"damage":20,"enemies":"Cultist and Chosen","floor":21,"turns":5},{"damage":2,"enemies":"Sentry and Sphere","floor":22,"turns":5},{"damage":18,"enemies":"Slavers","floor":23,"turns":4},{"damage":60,"enemies":"Gremlin Leader","floor":27,"turns":4}],"seed_played":"2602680747781844627","potions_obtained":[{"floor":4,"key":"LiquidMemories"},{"floor":11,"key":"Ancient Potion"},{"floor":14,"key":"Energy Potion"},{"floor":18,"key":"Block Potion"},{"floor":23,"key":"Strength Potion"}],"is_trial":false,"path_per_floor":["M","?","?","M","M","R","E","?","T","R","E","$","?","M","R","B",null,"M","M","T","M","M","E","$","?","T","E"],"character_chosen":"IRONCLAD","items_purchased":["Molten Egg 2","HandOfGreed+1","Frozen Egg 2","Flex","Ancient Tea Set","Rampage+1","Vajra","Bandage Up"],"campfire_rested":0,"item_purchase_floors":[0,0,0,0,12,12,24,24],"current_hp_per_floor":[50,50,50,49,55,55,45,45,45,45,42,42,42,33,33,38,80,69,75,75,61,65,53,53,53,53,0,0],"gold":60,"neow_bonus":"","is_daily":false,"chose_seed":false,"campfire_upgraded":2,"win_rate":0.0,"timestamp":1608961145,"path_taken":["M","?","?","?","M","R","E","?","T","R","E","$","?","M","R","BOSS","M","?","?","M","M","E","$","?","T","E"],"items_purchased_type":["Relic","Card","Relic","Card","Relic","Card","Relic","Card"],"build_version":"2020-12-22","purchased_purges":2,"victory":false,"max_hp_per_floor":[80,80,80,80,80,80,80,80,80,80,80,80,80,80,80,80,80,80,80,80,80,80,80,80,80,80,80,80],"card_choices":[{"not_picked":["Combust+1","Dual Wield"],"picked":"Heavy Blade+1","floor":1},{"not_picked":["Perfected Strike+1","Warcry"],"picked":"Pommel Strike+1","floor":4},{"not_picked":["Wild Strike+1","True Grit"],"picked":"Sword Boomerang+1","floor":5},{"not_picked":["Body Slam+1","Metallicize+1"],"picked":"Rage","floor":7},{"not_picked":["Havoc","Carnage+1"],"picked":"Flex","floor":11},{"not_picked":["Clash+1","Havoc"],"picked":"Flex","floor":14},{"not_picked":["Offering","Exhume"],"picked":"Corruption+1","floor":16},{"not_picked":["Warcry","Reckless Charge+1"],"picked":"Wild Strike+1","floor":18},{"not_picked":["Rampage+1","Uppercut+1"],"picked":"Cleave+1","floor":19},{"not_picked":["Body Slam+1","Dropkick+1"],"picked":"Flex","floor":21},{"not_picked":["Perfected Strike+1","Spot Weakness+1"],"picked":"Inflame+1","floor":22},{"not_picked":["Disarm","Corruption+1"],"picked":"Armaments","floor":23}],"player_experience":123147,"relics_obtained":[{"floor":7,"key":"Bronze Scales"},{"floor":11,"key":"Bag of Preparation"},{"floor":20,"key":"Pantograph"},{"floor":23,"key":"Darkstone Periapt"},{"floor":23,"key":"Kunai"},{"floor":26,"key":"Nunchaku"}],"event_choices":[{"damage_healed":0,"gold_gain":0,"player_choice":"Box","damage_taken":0,"relics_obtained":["Incense Burner"],"max_hp_gain":0,"max_hp_loss":0,"event_name":"Big Fish","floor":2,"gold_loss":0,"cards_obtained":["Regret"]},{"cards_removed":["Regret"],"damage_healed":0,"gold_gain":0,"player_choice":"Purged","damage_taken":0,"max_hp_gain":0,"max_hp_loss":0,"event_name":"Purifier","floor":3,"gold_loss":0},{"cards_removed":["Strike_R"],"damage_healed":0,"gold_gain":0,"player_choice":"Card Removal","damage_taken":0,"max_hp_gain":0,"max_hp_loss":0,"event_name":"The Cleric","floor":8,"gold_loss":50},{"cards_removed":["Strike_R"],"damage_healed":0,"gold_gain":0,"player_choice":"Card Removal","damage_taken":0,"max_hp_gain":0,"max_hp_loss":0,"event_name":"Wheel of Change","floor":13,"gold_loss":0},{"cards_removed":["Defend_R"],"damage_healed":0,"gold_gain":0,"player_choice":"Purged","damage_taken":0,"max_hp_gain":0,"max_hp_loss":0,"event_name":"Purifier","floor":25,"gold_loss":0}],"is_beta":false,"boss_relics":[{"not_picked":["SlaversCollar","Black Blood"],"picked":"Black Star"}],"items_purged_floors":[12,24],"is_endless":false,"potions_floor_spawned":[4,11,14,18,23],"killed_by":"Gremlin Leader","ascension_level":3}}