{"host":"55yei7x27djrlaep","time":1608981011,"event":{"mods":["Act Like it!","Aspiration","BaseMod","Better Altar","Better Match","Better Note","Better Sensory Stone","Better Skull","Better Third Choice","BetterRewards","Colored Map","Conspire","Friendly Minions","GifTheSpireLib","Halation","Hubris","Minty Spire (QoL Compilation)","Pale of the Ancients","Relic Sorter","Replay The Spire","Spikes Relics","StSLib","Stuff the Spire","The Elementalist","The Marked"],"gold_per_floor":[111,126,76,76,76,125,160,197,224,224,253,253,253,303,303,410,410,435,450,450,450,468,504,704,704,704,724,776,776,334,373,373,475,475,489,489,343,343,363,403,403,433,433,445,445,480,517,543,543,548,567,581,581,608,608,608,608,608,608,608,608],"floor_reached":60,"playtime":4491,"items_purged":["Strike_R","Defend_R","Strike_R"],"score":1514,"play_id":"28d7ff77-a7db-48b3-940c-607fa494c1cf","local_time":"20201226141011","is_ascension_mode":true,"campfire_choices":[{"data":"ReplayTheSpireMod:LeadingStrike","floor":10,"key":"SMITH"},{"floor":15,"key":"DIG"},{"data":"Massacre","floor":25,"key":"SMITH"},{"data":"Barricade","floor":32,"key":"SMITH"},{"floor":41,"key":"RECALL"},{"data":"Vault","floor":45,"key":"SMITH"},{"data":"Replay:Many Hands","floor":49,"key":"SMITH"},{"data":"Finesse","floor":55,"key":"SMITH"},{"data":"Limit Break","floor":57,"key":"SMITH"}],"circlet_count":0,"master_deck":["ReplayTheSpireMod:LeadingStrike+1","Finesse+1","Ghostly Armor","Metallicize","hubris:ReadiedAction","Shrug It Off","Flex","Barricade+1","Invigoration+1","WindmillStrike","Twin Strike","Limit Break+1","StuffTheSpire:RagingBull","Demon Form+1","hubris:ReadiedAction+1","Massacre+1","Replay:Many Hands","conspire:Purge","Metallicize","DeceiveReality","Replay:Many Hands+1","Shrug It Off","Flame Barrier","Vault+1","Flex+1","Finesse","Invigoration+1","WheelKick","Pommel Strike","Pommel Strike+1","Ragnarok","Protect","Poisoned Stab","Choke","ReplayTheSpireMod:Speed Training"],"relics":["Burning Blood","Prayer Wheel","halation:QuantumPhysicsTextbook","GiantMaggot","Orichalcum","StuffTheSpire:Expresso","halation:TwoAmDonut","Gremlin Horn","aspiration:HiddenCompartment","Replay:Mystery Machine","aspiration:BabyByrd","hubris:DisguiseKit","Vajra","Anchor","halation:PinkSoulGem","RollingBoulder","Bottled Lightning","ChewingGum","Torii","Regal Pillow","Juzu Bracelet","Replay:Bottled Snecko","Rawhide","StuffTheSpire:Kangaroo","DollysMirror","Replay:Bottled Steam","halation:LettersToHer","Ancient Tea Set","hubris:CuriousFeather","LugNut","paleoftheancients:Timepiece","paleoftheancients:KeyRelic","Bronze Scales","hubris:SlimyHat","Durian"],"acts_visited":["Exordium","TheCity","TheBeyond","paleoftheancients:PaleOfTheAncients"],"potions_floor_usage":[8,23,23,31,40,44,56,60,60],"damage_taken":[{"damage":2,"enemies":"Small Slimes","floor":1,"turns":4},{"damage":0,"enemies":"conspire:RoseBush","floor":2,"turns":3},{"damage":0,"enemies":"Replay:BlueRogue","floor":6,"turns":8},{"damage":0,"enemies":"2 Louse","floor":7,"turns":4},{"damage":24,"enemies":"Gremlin Nob","floor":8,"turns":5},{"damage":0,"enemies":"Large Slime","floor":11,"turns":5},{"damage":2,"enemies":"Hexaghost","floor":16,"turns":7},{"damage":3,"enemies":"Shell Parasite","floor":18,"turns":5},{"damage":0,"enemies":"Chosen","floor":19,"turns":6},{"damage":2,"enemies":"Snake Plant","floor":22,"turns":3},{"damage":5,"enemies":"conspire:Head Lice","floor":23,"turns":5},{"damage":9,"enemies":"Snecko","floor":27,"turns":5},{"damage":6,"enemies":"Replay:Snechameleon","floor":28,"turns":6},{"damage":7,"enemies":"conspire:Head Lice","floor":31,"turns":5},{"damage":5,"enemies":"conspire:MysteriousRune","floor":33,"turns":7},{"damage":6,"enemies":"Orb Walker","floor":35,"turns":3},{"damage":15,"enemies":"3 Shapes","floor":39,"turns":4},{"damage":7,"enemies":"R_Hoarder","floor":40,"turns":5},{"damage":0,"enemies":"Giant Head","floor":42,"turns":2},{"damage":5,"enemies":"Transient","floor":44,"turns":5},{"damage":0,"enemies":"R_Hoarder","floor":46,"turns":3},{"damage":0,"enemies":"Spire Growth","floor":47,"turns":3},{"damage":0,"enemies":"Nemesis","floor":48,"turns":3},{"damage":0,"enemies":"hubris:GrandSnecko","floor":50,"turns":3},{"damage":0,"enemies":"hubris:GrandSnecko","floor":51,"turns":4},{"damage":18,"enemies":"hubris:GrandSnecko","floor":52,"turns":7},{"damage":464,"enemies":"hubris:GrandSnecko","floor":56,"turns":3},{"damage":166,"enemies":"paleoftheancients:N","floor":60,"turns":6}],"seed_played":"9071317568337902448","potions_obtained":[{"floor":8,"key":"Elixir"},{"floor":11,"key":"Languid Potion"},{"floor":19,"key":"ColorlessPotion"},{"floor":27,"key":"Explosive Potion"},{"floor":28,"key":"Dexterity Potion"},{"floor":31,"key":"Strength Potion"},{"floor":35,"key":"GamblersBrew"},{"floor":42,"key":"Adrenaline Potion"},{"floor":48,"key":"PowerPotion"}],"is_trial":false,"path_per_floor":["M","M","?","?","?","E","M","E","T","R","M","?","?","T","R_BF","B",null,"M","M","?","?","M","E","?","R","T","M","E","?","$","E","R","B",null,"M","?","$","?","M","E","R","E","T","M","R","E","M","E","R","B","M","M","?","T","R","M","R","T","?","B"],"character_chosen":"IRONCLAD","items_purchased":["ReplayTheSpireMod:LeadingStrike","Finesse","Ghostly Armor","Metallicize","GiantMaggot","Orichalcum","halation:TwoAmDonut","Gremlin Horn","AttackPotion","Juzu Bracelet","Replay:Bottled Snecko","Shrug It Off","DollysMirror"],"campfire_rested":0,"item_purchase_floors":[0,0,0,0,0,0,0,0,0,30,30,30,37],"current_hp_per_floor":[36,42,42,42,42,48,54,36,36,36,42,42,42,42,42,46,80,80,80,80,80,80,80,80,80,80,77,77,77,77,76,76,77,80,80,80,80,80,71,70,70,76,76,77,77,80,80,80,80,80,80,74,74,74,74,80,80,85,85,0,0],"gold":608,"neow_bonus":"","is_daily":false,"chose_seed":false,"campfire_upgraded":7,"win_rate":0.0,"timestamp":1608981011,"path_taken":["M","M","?","?","?","E","M","E","T","R","M","?","?","?","R_BF","BOSS","M","M","?","?","M","E","?","R","T","?","E","?","$","E","R","BOSS","M","?","$","?","M","E","R","E","T","M","R","E","M","E","R","BOSS","M","M","?","T","R","M","R","T","?","BOSS"],"items_purchased_type":["Card","Card","Card","Card","Relic","Relic","Relic","Relic","Potion","Relic","Relic","Card","Relic"],"build_version":"2020-12-22","purchased_purges":3,"victory":false,"max_hp_per_floor":[80,80,80,80,80,80,80,80,80,80,80,80,80,80,80,80,80,80,80,80,80,80,80,80,80,80,80,80,80,80,80,80,80,80,80,80,80,80,80,80,80,80,80,80,80,80,80,80,80,80,80,80,80,80,80,80,80,85,85,85,85],"card_choices":[{"not_picked":["Dropkick","Shrug It Off"],"picked":"hubris:ReadiedAction","floor":1},{"not_picked":["Rupture","Iron Wave"],"picked":"Shrug It Off","floor":1},{"not_picked":["Sword Boomerang","Second Wind"],"picked":"Flex","floor":2},{"not_picked":["Rage","Wild Strike"],"picked":"Barricade","floor":2},{"not_picked":["Anger","Run Through"],"picked":"Invigoration","floor":6},{"not_picked":["Life Link","Pommel Strike","Sever Soul"],"picked":"WindmillStrike","floor":7},{"not_picked":["Iron Wave","hubris:CleavingFinish","FlurryOfBlows"],"picked":"Twin Strike","floor":7},{"not_picked":["Infernal Blade","Body Slam","DeceiveReality"],"picked":"Limit Break","floor":8},{"not_picked":["StuffTheSpire:RockThrow","Run Through","Swivel"],"picked":"StuffTheSpire:RagingBull","floor":11},{"not_picked":["Wild Strike","StuffTheSpire:RockThrow","Cleave","FlurryOfBlows"],"picked":"SKIP","floor":11},{"not_picked":["Barricade","Exhume","Replay:AllIn"],"picked":"Demon Form","floor":16},{"not_picked":["Invigoration","Metallicize","FlurryOfBlows"],"picked":"hubris:ReadiedAction+1","floor":18},{"not_picked":["Spot Weakness","True Grit","SignatureMove"],"picked":"Massacre","floor":18},{"not_picked":["Clothesline","Flex","ClearTheMind"],"picked":"Heavy Blade","floor":19},{"not_picked":["Clothesline+1","Thunderclap","Iron Wave","Halt"],"picked":"SKIP","floor":19},{"not_picked":["StuffTheSpire:RockThrow","Cleave","Replay:BluntJabs"],"picked":"conspire:Purge","floor":22},{"not_picked":["Searing Blow","Burning Pact","Hemokinesis","Halt"],"picked":"SKIP","floor":22},{"not_picked":["Anger","Whirlwind+1","Indignation"],"picked":"Metallicize","floor":23},{"not_picked":["Whirlwind","StuffTheSpire:RockThrow","True Grit"],"picked":"DeceiveReality","floor":27},{"not_picked":["Fire Breathing","Second Wind","Run Through"],"picked":"SandsOfTime","floor":27},{"not_picked":["Perfected Strike+1","Heavy Blade","Worship"],"picked":"Replay:Many Hands","floor":28},{"not_picked":["Spot Weakness","Reckless Charge","DeceiveReality"],"picked":"Flame Barrier","floor":31},{"not_picked":["Corruption","Double Tap","Fiend Fire"],"picked":"Vault","floor":33},{"not_picked":["Armaments","conspire:ExplosiveBarrier+1","WaveOfTheHand"],"picked":"Flex+1","floor":35},{"not_picked":["Absolvement","Sword Boomerang+1","Dark Embrace+1","Fasting2"],"picked":"SKIP","floor":35},{"not_picked":["Body Slam+1","ReplayTheSpireMod:LeadingStrike+1","BowlingBash"],"picked":"Invigoration+1","floor":39},{"not_picked":["Replay:Undeath\u0027s Touch+1","Clash","conspire:Charge","FlurryOfBlows"],"picked":"SKIP","floor":39},{"not_picked":["Massacre+1","Brutality","Disarm+1","ClearTheMind"],"picked":"SKIP","floor":40},{"not_picked":["Thunderclap","Iron Wave+1","Infernal Blade"],"picked":"WheelKick","floor":42},{"not_picked":["Twin Strike","Headbutt+1","hubris:ReadiedAction+1","Evaluate"],"picked":"SKIP","floor":44},{"not_picked":["Hemokinesis","Clothesline+1","Havoc","Adaptation"],"picked":"SKIP","floor":44},{"not_picked":["Evolve","Heavy Blade","InnerPeace"],"picked":"Pommel Strike","floor":46},{"not_picked":["Uppercut","ReplayReversal+1","Body Slam+1","Fasting2"],"picked":"SKIP","floor":47},{"not_picked":["True Grit+1","Disarm","Sever Soul","CrushJoints"],"picked":"SKIP","floor":47},{"not_picked":["Run Through+1","Ghostly Armor+1","Thunderclap+1","SignatureMove"],"picked":"SKIP","floor":48},{"not_picked":["Rampage+1","Clothesline+1","Replay:AtTheReady"],"picked":"Pommel Strike+1","floor":51},{"not_picked":["Thunderclap","hubris:SharpeningStone","hubris:ReadiedAction+1","PathToVictory"],"picked":"SKIP","floor":51},{"not_picked":["Body Slam","Iron Wave","Replay:Undeath\u0027s Touch"],"picked":"Ragnarok","floor":52},{"not_picked":["Thunderclap","Flex+1","Burning Pact+1"],"picked":"Protect","floor":52}],"player_experience":375503,"relics_obtained":[{"floor":6,"key":"hubris:DisguiseKit"},{"floor":8,"key":"Vajra"},{"floor":9,"key":"Anchor"},{"floor":14,"key":"RollingBoulder"},{"floor":15,"key":"Bottled Lightning"},{"floor":23,"key":"Torii"},{"floor":28,"key":"Regal Pillow"},{"floor":31,"key":"Rawhide"},{"floor":40,"key":"Replay:Bottled Steam"},{"floor":42,"key":"halation:LettersToHer"},{"floor":43,"key":"halation:LettersToHer"},{"floor":43,"key":"Ancient Tea Set"},{"floor":46,"key":"hubris:CuriousFeather"},{"floor":48,"key":"LugNut"},{"floor":54,"key":"halation:LettersToHer"},{"floor":54,"key":"hubris:SlimyHat"},{"floor":58,"key":"halation:LettersToHer"},{"floor":58,"key":"Durian"}],"event_choices":[{"damage_healed":0,"gold_gain":0,"player_choice":"Invest 1","damage_taken":0,"max_hp_gain":0,"max_hp_loss":0,"event_name":"conspire:Investor","floor":3,"gold_loss":0},{"damage_healed":0,"gold_gain":0,"player_choice":"Read","damage_taken":0,"max_hp_gain":0,"max_hp_loss":0,"event_name":"The Library","floor":21,"gold_loss":0,"cards_obtained":["Replay:Many Hands"]},{"damage_healed":0,"gold_gain":200,"player_choice":"Gold","damage_taken":0,"max_hp_gain":0,"max_hp_loss":0,"event_name":"Wheel of Change","floor":24,"gold_loss":0},{"damage_healed":0,"gold_gain":0,"player_choice":"Ignored","damage_taken":0,"max_hp_gain":0,"max_hp_loss":0,"event_name":"Ghosts","floor":29,"gold_loss":0},{"damage_healed":0,"gold_gain":0,"player_choice":"Full Heal","damage_taken":0,"max_hp_gain":0,"max_hp_loss":0,"event_name":"Wheel of Change","floor":36,"gold_loss":0},{"damage_healed":0,"gold_gain":0,"player_choice":"Upgraded","damage_taken":0,"max_hp_gain":0,"max_hp_loss":0,"event_name":"Upgrade Shrine","floor":38,"gold_loss":0,"cards_upgraded":["Demon Form"]}],"is_beta":false,"boss_relics":[{"not_picked":["Astrolabe","Painkiller Herb"],"picked":"ChewingGum"},{"not_picked":["StuffTheSpire:RunicHypercube","halation:PinkAlligatorPlush"],"picked":"StuffTheSpire:Kangaroo"}],"items_purged_floors":[0,0,0],"is_endless":false,"potions_floor_spawned":[8,11,19,27,28,31,35,39,42,48],"killed_by":"paleoftheancients:N","ascension_level":4}}