{"host":"sa7ebub27cgn5wai","time":1608981995,"event":{"mods":["BaseMod","Colored Map","Minty Spire (QoL Compilation)","SuperFastMode"],"gold_per_floor":[116,4,16,32,47,47,63,79,79,79,79,79,95,111,111,210,210,210,56,56,56,56,56,56,56,56,56,56,56,56,56,56,56,56,56,56,56,56,56,56,56,56,56,56,56,56,56,56,56,56],"floor_reached":51,"playtime":1195,"items_purged":["Strike_G"],"score":757,"play_id":"04fe2363-2763-4518-8c5b-0c0ddba6c5be","local_time":"20201226202635","is_ascension_mode":false,"campfire_choices":[{"data":"Skewer","floor":6,"key":"SMITH"},{"data":"Blade Dance","floor":10,"key":"SMITH"},{"data":"Accuracy","floor":12,"key":"SMITH"},{"data":"Cloak And Dagger","floor":15,"key":"SMITH"},{"data":"Blade Dance","floor":23,"key":"SMITH"},{"data":"Slice","floor":25,"key":"SMITH"},{"data":"After Image","floor":27,"key":"SMITH"},{"floor":29,"key":"REST"},{"floor":32,"key":"REST"},{"floor":41,"key":"REST"},{"floor":47,"key":"REST"},{"floor":49,"key":"REST"}],"circlet_count":0,"master_deck":["Strike_G","Strike_G","Strike_G","Defend_G","Defend_G","Defend_G","Defend_G","Defend_G","Survivor","Neutralize+1","Dagger Throw","Accuracy+1","Underhanded Strike","Finisher","Skewer+1","Blade Dance+1","Slice+1","Cloak And Dagger+1","Endless Agony","After Image+1","Dagger Throw","Blade Dance+1","Blur","Blade Dance","Prepared+1","Accuracy+1","PiercingWail+1","Adrenaline","Dagger Spray+1","Backflip+1","Finesse","Blade Dance+1","Writhe","Backflip+1","Parasite","Dodge and Roll+1","Dodge and Roll+1","After Image","Slice"],"relics":["Ring of the Snake","Bottled Flame","Ectoplasm","Chemical X","Dream Catcher","WristBlade","Pocketwatch","Mercury Hourglass","Paper Crane","Boot"],"acts_visited":["Exordium","TheCity","TheBeyond"],"potions_floor_usage":[33,33,40,40,50,50,50],"damage_taken":[{"damage":3,"enemies":"Jaw Worm","floor":1,"turns":6},{"damage":0,"enemies":"Cultist","floor":3,"turns":4},{"damage":3,"enemies":"2 Louse","floor":4,"turns":3},{"damage":0,"enemies":"2 Fungi Beasts","floor":5,"turns":2},{"damage":9,"enemies":"Blue Slaver","floor":7,"turns":2},{"damage":0,"enemies":"Looter","floor":8,"turns":3},{"damage":4,"enemies":"Exordium Wildlife","floor":13,"turns":3},{"damage":0,"enemies":"Exordium Thugs","floor":14,"turns":4},{"damage":43,"enemies":"The Guardian","floor":16,"turns":11},{"damage":0,"enemies":"3 Byrds","floor":18,"turns":3},{"damage":0,"enemies":"Spheric Guardian","floor":21,"turns":2},{"damage":21,"enemies":"Shelled Parasite and Fungi","floor":22,"turns":4},{"damage":0,"enemies":"Sentry and Sphere","floor":24,"turns":2},{"damage":0,"enemies":"Snecko","floor":28,"turns":3},{"damage":0,"enemies":"Cultist and Chosen","floor":30,"turns":4},{"damage":16,"enemies":"Centurion and Healer","floor":31,"turns":5},{"damage":18,"enemies":"Collector","floor":33,"turns":8},{"damage":8,"enemies":"3 Darklings","floor":35,"turns":3},{"damage":13,"enemies":"2 Orb Walkers","floor":36,"turns":5},{"damage":32,"enemies":"3 Shapes","floor":38,"turns":3},{"damage":5,"enemies":"Reptomancer","floor":40,"turns":4},{"damage":3,"enemies":"Nemesis","floor":42,"turns":5},{"damage":6,"enemies":"Jaw Worm Horde","floor":44,"turns":3},{"damage":0,"enemies":"Writhing Mass","floor":45,"turns":3},{"damage":0,"enemies":"3 Darklings","floor":46,"turns":3},{"damage":7,"enemies":"Sphere and 2 Shapes","floor":48,"turns":2},{"damage":54,"enemies":"Time Eater","floor":50,"turns":8}],"seed_played":"-4663779117731044508","potions_obtained":[{"floor":5,"key":"Explosive Potion"},{"floor":8,"key":"DuplicationPotion"},{"floor":14,"key":"SkillPotion"},{"floor":16,"key":"Explosive Potion"},{"floor":33,"key":"SpeedPotion"},{"floor":35,"key":"Strength Potion"},{"floor":40,"key":"Fire Potion"},{"floor":46,"key":"SteroidPotion"}],"is_trial":false,"path_per_floor":["M","$","M","M","M","R","M","M","T","R","?","R","M","M","R","B",null,"M","$","?","M","M","R","M","R","T","R","M","R","M","M","R","B",null,"M","?","?","M","?","E","R","E","T","M","M","M","R","M","R","B",null],"character_chosen":"THE_SILENT","items_purchased":["Accuracy","Chemical X"],"campfire_rested":5,"item_purchase_floors":[2,19],"current_hp_per_floor":[67,67,67,64,64,64,55,55,55,55,55,55,51,51,51,8,70,70,70,70,70,49,49,49,49,49,49,49,70,70,54,70,52,70,62,49,49,17,35,30,51,48,48,42,42,42,63,56,70,16],"gold":56,"neow_bonus":"UPGRADE_CARD","is_daily":false,"chose_seed":false,"campfire_upgraded":7,"win_rate":0.0,"timestamp":1608981995,"path_taken":["M","$","M","M","M","R","M","M","T","R","?","R","M","M","R","BOSS","M","$","?","M","M","R","M","R","T","R","M","R","?","M","R","BOSS","M","?","?","M","?","E","R","E","T","M","M","?","R","M","R","BOSS"],"items_purchased_type":["Card","Relic"],"build_version":"2020-12-22","purchased_purges":1,"victory":true,"max_hp_per_floor":[70,70,70,70,70,70,70,70,70,70,70,70,70,70,70,70,70,70,70,70,70,70,70,70,70,70,70,70,70,70,70,70,70,70,70,70,70,70,70,70,70,70,70,70,70,70,70,70,70,70],"card_choices":[{"not_picked":["Masterful Stab","Prepared"],"picked":"Dagger Throw","floor":1},{"not_picked":["Dagger Throw","Well Laid Plans"],"picked":"Underhanded Strike","floor":3},{"not_picked":["Bouncing Flask","Acrobatics"],"picked":"Finisher","floor":4},{"not_picked":["Outmaneuver","Corpse Explosion"],"picked":"Skewer","floor":5},{"not_picked":["Dodge and Roll","Prepared"],"picked":"Blade Dance","floor":7},{"not_picked":["PiercingWail","Dagger Spray"],"picked":"Slice","floor":8},{"not_picked":["Footwork","Die Die Die"],"picked":"Cloak And Dagger","floor":13},{"not_picked":["Backflip","Prepared"],"picked":"Endless Agony","floor":14},{"not_picked":["Die Die Die","Adrenaline"],"picked":"After Image","floor":16},{"not_picked":["Underhanded Strike+1","Poisoned Stab+1","Dagger Throw"],"picked":"SKIP","floor":18},{"not_picked":["Backstab","Leg Sweep"],"picked":"Blade Dance","floor":21},{"not_picked":["Eviscerate","Flying Knee"],"picked":"Blur","floor":22},{"not_picked":["Deadly Poison","Underhanded Strike+1","Catalyst+1"],"picked":"SKIP","floor":24},{"not_picked":["Choke","Leg Sweep"],"picked":"Blade Dance","floor":28},{"not_picked":["Flechettes+1","Outmaneuver"],"picked":"Prepared+1","floor":30},{"not_picked":["Backflip","Deflect"],"picked":"Accuracy+1","floor":31},{"not_picked":["Backflip","Bane"],"picked":"PiercingWail+1","floor":32},{"not_picked":["Grand Finale","Burst"],"picked":"Adrenaline","floor":33},{"not_picked":["Deadly Poison+1","Outmaneuver"],"picked":"Dagger Spray+1","floor":35},{"not_picked":["Quick Slash","Setup+1"],"picked":"Backflip+1","floor":36},{"not_picked":["Apotheosis","Dramatic Entrance"],"picked":"Finesse","floor":37},{"not_picked":["All Out Attack","Prepared+1"],"picked":"Blade Dance+1","floor":38},{"not_picked":["Bane","Flying Knee","Poisoned Stab+1"],"picked":"SKIP","floor":40},{"not_picked":["Dagger Throw+1","Bouncing Flask"],"picked":"Backflip+1","floor":42},{"not_picked":["Dagger Spray","Acrobatics","All Out Attack"],"picked":"SKIP","floor":44},{"not_picked":["Flying Knee+1","Corpse Explosion"],"picked":"Dodge and Roll+1","floor":45},{"not_picked":["Calculated Gamble+1","Eviscerate+1","Noxious Fumes"],"picked":"SKIP","floor":46},{"not_picked":["Slice+1","Outmaneuver"],"picked":"Dodge and Roll+1","floor":47},{"not_picked":["Outmaneuver","Eviscerate"],"picked":"After Image","floor":48},{"not_picked":["Noxious Fumes+1","Underhanded Strike+1"],"picked":"Slice","floor":49}],"player_experience":285109,"relics_obtained":[{"floor":9,"key":"Bottled Flame"},{"floor":26,"key":"Dream Catcher"},{"floor":36,"key":"Pocketwatch"},{"floor":40,"key":"Mercury Hourglass"},{"floor":42,"key":"Paper Crane"},{"floor":43,"key":"Boot"}],"event_choices":[{"damage_healed":0,"gold_gain":0,"player_choice":"Ignored","damage_taken":0,"max_hp_gain":0,"max_hp_loss":0,"event_name":"NoteForYourself","floor":11,"gold_loss":0},{"damage_healed":0,"gold_gain":0,"cards_transformed":["Strike_G"],"player_choice":"Transformed","damage_taken":0,"max_hp_gain":0,"max_hp_loss":0,"event_name":"Transmorgrifier","floor":20,"gold_loss":0,"cards_obtained":["Dagger Throw"]},{"damage_healed":0,"gold_gain":0,"player_choice":"Fight","damage_taken":0,"max_hp_gain":0,"max_hp_loss":0,"event_name":"Mysterious Sphere","floor":36,"gold_loss":0},{"damage_healed":0,"gold_gain":0,"player_choice":"Memory 1","damage_taken":0,"max_hp_gain":0,"max_hp_loss":0,"event_name":"SensoryStone","floor":37,"gold_loss":0},{"damage_healed":18,"gold_gain":0,"player_choice":"Writhe","damage_taken":0,"max_hp_gain":0,"max_hp_loss":0,"event_name":"Winding Halls","floor":39,"gold_loss":0,"cards_obtained":["Writhe"]}],"is_beta":false,"boss_relics":[{"not_picked":["Ring of the Serpent","Coffee Dripper"],"picked":"Ectoplasm"},{"not_picked":["Calling Bell","Empty Cage"],"picked":"WristBlade"}],"items_purged_floors":[2],"is_endless":false,"potions_floor_spawned":[5,8,14,16,18,21,30,31,33,35,38,40,46,48],"ascension_level":0}}