{"host":"qc1sjgtdjonvdsd8","time":1608992542,"event":{"mods":["BaseMod","Colored Map","Colored Powertips","Curses Come First","Minty Spire (QoL Compilation)","Replay The Spire","StSLib"],"gold_per_floor":[116,191,191,32,51,51,62,89,89,105,105,33,52,62,62,62,62],"floor_reached":16,"playtime":1320,"items_purged":["Defend_G"],"score":102,"play_id":"8614536a-4295-41ad-b51e-bcf1de239452","local_time":"20201226062222","is_ascension_mode":false,"campfire_choices":[{"data":"Tactician","floor":6,"key":"SMITH"},{"floor":15,"key":"REST"}],"circlet_count":0,"master_deck":["Strike_G","Strike_G","Strike_G","Strike_G","Defend_G","Defend_G","Defend_G","Defend_G","Survivor","Neutralize","Footwork","Tools of the Trade+1","Tactician+1","Backflip","Footwork","Reflex","Tactician","Calculated Gamble"],"relics":["Replay:Bronze Core","Unceasing Top","Letter Opener","Onion Ring"],"acts_visited":["Exordium"],"potions_floor_usage":[8,8],"damage_taken":[{"damage":3,"enemies":"2 Louse","floor":1,"turns":3},{"damage":0,"enemies":"Small Slimes","floor":5,"turns":4},{"damage":0,"enemies":"Jaw Worm","floor":7,"turns":5},{"damage":7,"enemies":"Gremlin Nob","floor":8,"turns":5},{"damage":0,"enemies":"Exordium Wildlife","floor":10,"turns":7},{"damage":1,"enemies":"Looter","floor":13,"turns":3},{"damage":0,"enemies":"Exordium Thugs","floor":14,"turns":7},{"damage":67,"enemies":"Hexaghost","floor":16,"turns":16}],"seed_played":"7767170942243782867","potions_obtained":[{"floor":5,"key":"Block Potion"},{"floor":7,"key":"Poison Potion"},{"floor":8,"key":"DuplicationPotion"}],"is_trial":false,"path_per_floor":["M","?","?","$","M","R","M","E","T","M","?","$","M","M","R","B"],"character_chosen":"THE_SILENT","items_purchased":["Tactician","Backflip","Reflex"],"campfire_rested":1,"item_purchase_floors":[4,4,12],"current_hp_per_floor":[67,56,56,56,56,56,56,49,49,49,46,46,45,45,66,0,0],"gold":62,"neow_bonus":"BOSS_RELIC","is_daily":false,"chose_seed":false,"campfire_upgraded":1,"win_rate":0.0,"timestamp":1608992542,"path_taken":["M","?","?","?","?","R","M","E","T","M","?","?","M","M","R","BOSS"],"items_purchased_type":["Card","Card","Card"],"build_version":"2020-12-22","purchased_purges":1,"victory":false,"max_hp_per_floor":[70,70,70,70,70,70,70,70,70,70,70,70,70,70,70,70,70],"card_choices":[{"not_picked":["Sucker Punch","Skewer"],"picked":"Footwork","floor":1},{"not_picked":["Deadly Poison","Dagger Throw"],"picked":"Footwork","floor":5},{"not_picked":["ReplayTheSpireMod:The Works","Deadly Poison","Quick Slash"],"picked":"SKIP","floor":7},{"not_picked":["ReplayTheSpireMod:The Works","Deadly Poison","Quick Slash"],"picked":"SKIP","floor":7},{"not_picked":["Sucker Punch","Deadly Poison","Underhanded Strike"],"picked":"SKIP","floor":8},{"not_picked":["Outmaneuver","Deadly Poison","Catalyst"],"picked":"SKIP","floor":10},{"not_picked":["Blade Dance","Bane"],"picked":"Tactician","floor":13},{"not_picked":["Dodge and Roll","Tools of the Trade"],"picked":"Calculated Gamble","floor":14}],"player_experience":167448,"relics_obtained":[{"floor":8,"key":"Unceasing Top"},{"floor":9,"key":"Letter Opener"}],"event_choices":[{"damage_healed":0,"gold_gain":75,"player_choice":"Gather Gold","damage_taken":11,"max_hp_gain":0,"max_hp_loss":0,"event_name":"World of Goop","floor":2,"gold_loss":0},{"damage_healed":0,"gold_gain":0,"player_choice":"Success","damage_taken":3,"relics_obtained":["Onion Ring"],"max_hp_gain":0,"max_hp_loss":0,"event_name":"Scrap Ooze","floor":11,"gold_loss":0}],"is_beta":false,"boss_relics":[],"items_purged_floors":[4],"is_endless":false,"potions_floor_spawned":[5,7,8],"killed_by":"Hexaghost","ascension_level":0}}