{"host":"w2kjv12xyhtt0cv2","time":1608961879,"event":{"mods":["Act Like it!","BaseMod","Colored Map","Conspire","Downfall","Friendly Minions","Gensokyo","Highlight Path","Hubris","Marisa£¨ìFÓê¡¡Ä§ÀíÉ³£©","Minty Spire (QoL Compilation)","Quick Restart","Reimu£¨²©ÀöÁéÃÎ£©","Relic Stats","Replay The Spire","RumiaBox-Â¶Ã×æ«µÄÉñÃØºÐ×Ó","Spicy Shops","StSLib","SuperFastMode","The Servant 0.9.4","UnlockEverythingMod","Waifu the Spire","vexMod","¡¾¹¦ÄÜMod¡¿»ìãçÖ®»·ÐÞ¸´²¹¶¡","¡¾ÒÅÎï¿¨ÅÆ¡¿REMEMod"],"gold_per_floor":[116,130,140,54,74,74,74],"floor_reached":6,"playtime":366,"items_purged":["hubris:Envy"],"score":76,"play_id":"5a90bdf5-a85f-4da3-a2b8-0a44dde0ae4e","local_time":"20201226135119","is_ascension_mode":true,"campfire_choices":[],"circlet_count":0,"master_deck":["AscendersBane","Strike_P","Strike_P","Strike_P","Strike_P","Defend_P","Defend_P","Defend_P","Defend_P","Eruption","Vigilance","TreasureHunter","Adaptation","SignatureMove","Pot Of Greed","Pot Of Greed","Wallop"],"relics":["PureWater","REME_ComplimentaryCards","NeowsBlessing","ReplayTheSpireMod:CursedCoin","Grinning Jar"],"acts_visited":["Exordium"],"potions_floor_usage":[],"damage_taken":[{"damage":0,"enemies":"Jaw Worm","floor":1,"turns":1},{"damage":0,"enemies":"Cultist","floor":2,"turns":1},{"damage":0,"enemies":"2 Louse","floor":3,"turns":1},{"damage":50,"enemies":"Gremlin Gang","floor":5,"turns":5},{"damage":0,"enemies":"Lagavulin","floor":6,"turns":1}],"seed_played":"5335658923568385120","potions_obtained":[{"floor":2,"key":"Elixir"},{"floor":3,"key":"Strength Potion"},{"floor":5,"key":"champ:CounterPotion"}],"is_trial":false,"path_per_floor":["M","M","M","$","M","E"],"character_chosen":"WATCHER","items_purchased":["ReplayTheSpireMod:CursedCoin","Grinning Jar"],"campfire_rested":0,"item_purchase_floors":[4,4],"current_hp_per_floor":[61,61,61,61,11,11,11],"gold":74,"neow_bonus":"THREE_ENEMY_KILL","is_daily":false,"chose_seed":false,"campfire_upgraded":0,"win_rate":0.0,"timestamp":1608961879,"path_taken":["M","M","M","$","M","E"],"items_purchased_type":["Relic","Relic"],"build_version":"2020-12-22","purchased_purges":1,"victory":false,"max_hp_per_floor":[68,68,68,68,68,68,68],"relic_stats":{"counters":[5,9],"obtain_stats":[{"NeowsBlessing":0,"ReplayTheSpireMod:CursedCoin":4,"PureWater":0,"Grinning Jar":4,"REME_ComplimentaryCards":0},{"NeowsBlessing":0,"ReplayTheSpireMod:CursedCoin":3,"PureWater":0,"Grinning Jar":3,"REME_ComplimentaryCards":0},{"NeowsBlessing":0,"ReplayTheSpireMod:CursedCoin":3,"PureWater":0,"Grinning Jar":3,"REME_ComplimentaryCards":0}]},"card_choices":[{"not_picked":["Indignation","InnerPeace"],"picked":"Adaptation","floor":1},{"not_picked":["Replay:DivineShield","DeceiveReality"],"picked":"SignatureMove","floor":2},{"not_picked":["SashWhip","Replay:AtTheReady","REME_Repentance"],"picked":"SKIP","floor":3},{"not_picked":["JustLucky","FlyingSleeves"],"picked":"Wallop","floor":5}],"player_experience":612,"relics_obtained":[],"event_choices":[],"is_beta":false,"boss_relics":[],"items_purged_floors":[4],"is_endless":false,"potions_floor_spawned":[2,3,5],"killed_by":"Lagavulin","ascension_level":20}}