{"host":"yd9r7zy2pq4z3cad","time":1608976815,"event":{"mods":["AchievementEnabler","Act Like it!","Astrologer","BaseMod","Beaked The Cultist","Better Third Choice","BetterRewards","Colored Map","Colored Powertips","Conspire","Curses Come First","Displayed Cursed Tome","Downfall","Elementarium","GifTheSpireLib","Halation","Hallownest","Hermit","Highlight Path","Hubris","Infinite Spire","Jorbs\u0027s Wanderer Trilogy","Menagerie","Minty Spire (QoL Compilation)","Pale of the Ancients","Permanent Neow","Rare Cards Sparkle","Relic Sorter","Relic Stats","Replay The Spire","Shade Mod","StSLib","Stuff the Spire","The Alterego","The Blackbeard","The Bladedancer","The Bug Knight","The Cursed","The Dragon Tamer","The Exalted","The Factory","The Forsaken","The Gatherer","The Hierophant","The Jungle","The Mystic","The Necromancer","The Problem Sleuth","The Runesmith","The Servant 0.9.4","The Spell Scribe","vexMod"],"gold_per_floor":[110,110,120,45,45,45,64,64,64,94,21,21,21,76,76,177,177,195,195,210,230,130,130,130,130,144,144,171,171,187,187,197,208,208,208,208],"floor_reached":35,"playtime":1148,"items_purged":["Strike_R","Pain"],"score":257,"play_id":"6dd48bef-095d-4141-bab8-82dd1f13b4ed","local_time":"20201226150015","is_ascension_mode":false,"campfire_choices":[{"data":"Flex","floor":6,"key":"SMITH"},{"data":"Sword Boomerang","floor":8,"key":"SMITH"},{"floor":15,"key":"REST"},{"floor":23,"key":"REST"},{"floor":27,"key":"REST"},{"data":"Rampage","floor":34,"key":"SMITH"}],"circlet_count":0,"master_deck":["Strike_R","Strike_R","Strike_R","Defend_R","Defend_R","Defend_R","Defend_R","Bash","Flex+1","Sword Boomerang+1","Rampage+1","Ghostly Armor","Double Tap","Thunderclap+1","StuffTheSpire:Vigor","Headbutt","Spot Weakness+1"],"relics":["Burning Blood","Gambling Chip","Shuriken","hubris:OldNail","Sozu","Ancient Tea Set"],"acts_visited":["Exordium","TheCity"],"potions_floor_usage":[5,10,10,16],"damage_taken":[{"damage":5,"enemies":"Small Slimes","floor":1,"turns":5},{"damage":4,"enemies":"Cultist","floor":3,"turns":4},{"damage":1,"enemies":"Jaw Worm","floor":5,"turns":2},{"damage":4,"enemies":"Blue Slaver","floor":7,"turns":3},{"damage":20,"enemies":"3 Sentries","floor":10,"turns":6},{"damage":48,"enemies":"Hexaghost","floor":16,"turns":8},{"damage":10,"enemies":"Spheric Guardian","floor":18,"turns":4},{"damage":34,"enemies":"2 Thieves","floor":20,"turns":5},{"damage":0,"enemies":"Cultist and Chosen","floor":21,"turns":4},{"damage":20,"enemies":"Snake Plant","floor":26,"turns":4},{"damage":4,"enemies":"Centurion and Healer","floor":30,"turns":4},{"damage":0,"enemies":"Cultist and Chosen","floor":32,"turns":5},{"damage":0,"enemies":"Snecko","floor":33,"turns":4},{"damage":85,"enemies":"Automaton","floor":35,"turns":8}],"seed_played":"4762895634813638002","potions_obtained":[{"floor":0,"key":"Toxic Potion"},{"floor":0,"key":"Death Potion"},{"floor":0,"key":"Flashbang"},{"floor":1,"key":"ElixirPotion"},{"floor":2,"key":"ColorlessPotion"},{"floor":2,"key":"SmokeBomb"},{"floor":7,"key":"ColorlessPotion"},{"floor":10,"key":"SkillPotion"}],"is_trial":false,"path_per_floor":["M","?","M","$","M","R","M","R","T","E","$","?","?","T","R_BF","B",null,"M","?","M","M","$","R","PTL","PTL","M","R","T","?","M","?","M","M","R","B"],"character_chosen":"IRONCLAD","items_purchased":["Ghostly Armor"],"campfire_rested":3,"item_purchase_floors":[11],"current_hp_per_floor":[80,80,80,80,80,80,80,80,80,66,66,59,59,59,80,38,80,76,76,48,54,54,78,78,78,64,80,80,80,80,80,80,80,80,0,0],"gold":208,"neow_bonus":"THREE_SMALL_POTIONS","is_daily":false,"chose_seed":false,"campfire_upgraded":3,"win_rate":0.0,"timestamp":1608976815,"path_taken":["M","?","M","?","M","R","M","R","T","E","?","?","?","?","R_BF","BOSS","M","?","M","M","$","R","PTL","PTL","M","R","T","?","M","?","?","M","R","BOSS"],"items_purchased_type":["Card"],"build_version":"2020-12-22","purchased_purges":2,"victory":false,"max_hp_per_floor":[80,80,80,80,80,80,80,80,80,80,80,80,80,80,80,80,80,80,80,80,80,80,80,80,80,80,80,80,80,80,80,80,80,80,80,80],"relic_stats":{"Sozu":3,"counters":[14,66],"Shuriken":[15],"Gambling Chip":[12],"obtain_stats":[{"Sozu":17,"Shuriken":10,"Gambling Chip":9,"Ancient Tea Set":28,"Burning Blood":0,"hubris:OldNail":14},{"Sozu":6,"Shuriken":5,"Gambling Chip":4,"Ancient Tea Set":10,"Burning Blood":0,"hubris:OldNail":5},{"Sozu":28,"Shuriken":20,"Gambling Chip":14,"Ancient Tea Set":45,"Burning Blood":0,"hubris:OldNail":20}],"Burning Blood":54},"card_choices":[{"not_picked":["StuffTheSpire:RockThrow","Searing Blow"],"picked":"Flex","floor":1},{"not_picked":["Flex","StuffTheSpire:Incineration"],"picked":"Sword Boomerang","floor":3},{"not_picked":["True Grit","Defy Death","Sever Soul"],"picked":"SKIP","floor":7},{"not_picked":["StuffTheSpire:Incineration","Twin Strike"],"picked":"Rampage","floor":10},{"not_picked":["Hemogenesis","conspire:HitWhereItHurts"],"picked":"Double Tap","floor":16},{"not_picked":["Cleave+1","Life Link"],"picked":"Thunderclap+1","floor":18},{"not_picked":["Shrug It Off","Shockwave+1"],"picked":"Headbutt","floor":20},{"not_picked":["Blood for Blood","Replay:Undeath\u0027s Touch"],"picked":"Spot Weakness+1","floor":21},{"not_picked":["Fire Breathing","Ghostly Armor","hubris:ReadiedAction"],"picked":"SKIP","floor":26},{"not_picked":["StuffTheSpire:Slingshot+1","infinitespire:OneForAll","Anger"],"picked":"SKIP","floor":30},{"not_picked":["Defy Death+1","Anger","StuffTheSpire:RockThrow"],"picked":"SKIP","floor":32},{"not_picked":["hubris:ReadiedAction+1","Sever Soul","Replay:Undeath\u0027s Touch"],"picked":"SKIP","floor":33}],"player_experience":168381,"relics_obtained":[{"floor":9,"key":"Gambling Chip"},{"floor":10,"key":"Shuriken"},{"floor":14,"key":"hubris:OldNail"},{"floor":28,"key":"Ancient Tea Set"}],"event_choices":[{"damage_healed":0,"gold_gain":0,"player_choice":"Got Potions","damage_taken":0,"max_hp_gain":0,"max_hp_loss":0,"event_name":"Lab","floor":2,"gold_loss":0},{"cards_removed":["Strike_R"],"damage_healed":0,"gold_gain":0,"player_choice":"Card Removal","damage_taken":7,"max_hp_gain":0,"max_hp_loss":0,"event_name":"Golden Wing","floor":12,"gold_loss":0}],"is_beta":false,"boss_relics":[{"not_picked":["Honey Jar","ChewingGum"],"picked":"Sozu"}],"items_purged_floors":[4,22],"is_endless":false,"potions_floor_spawned":[1,7,10,18,21,26],"killed_by":"Automaton","ascension_level":0}}