{"host":"jwbw4f4imxd0v0b0","time":1608967658,"event":{"mods":["BaseMod","Colored Map","Highlight Path","Minty Spire (QoL Compilation)","Relic Stats","StSLib"],"gold_per_floor":[116,116,116,141,66,66,100,118,144,156,184,219,254,266,278,290,290],"floor_reached":16,"playtime":1053,"items_purged":[],"score":204,"play_id":"868858da-f657-4308-8e16-ee7eed820c4e","local_time":"20201226012738","is_ascension_mode":true,"campfire_choices":[{"data":"Hemokinesis","floor":6.0,"key":"SMITH"},{"data":"Bash","floor":10,"key":"SMITH"},{"data":"Juggernaut","floor":15,"key":"SMITH"}],"circlet_count":0,"master_deck":["AscendersBane","Strike_R","Strike_R","Strike_R","Strike_R","Defend_R","Defend_R","Defend_R","Defend_R","Bash+1","Hemokinesis+1","Sever Soul","Anger","Juggernaut+1","Armaments","Pain"],"relics":["Burning Blood","Golden Idol","Ancient Tea Set","MawBank","WarpedTongs"],"acts_visited":["Exordium"],"potions_floor_usage":[],"damage_taken":[{"damage":1.0,"enemies":"2 Louse","floor":1.0,"turns":4.0},{"damage":2.0,"enemies":"Cultist","floor":4.0,"turns":2.0},{"damage":29.0,"enemies":"Gremlin Nob","floor":7.0,"turns":4.0},{"damage":9,"enemies":"Jaw Worm","floor":8,"turns":2},{"damage":1,"enemies":"Looter","floor":11,"turns":2},{"damage":14,"enemies":"Blue Slaver","floor":12,"turns":5},{"damage":11,"enemies":"2 Fungi Beasts","floor":13,"turns":4},{"damage":42,"enemies":"The Guardian","floor":16,"turns":9}],"seed_played":"1095253667978690226","potions_obtained":[{"floor":4.0,"key":"EssenceOfSteel"},{"floor":8,"key":"Strength Potion"},{"floor":11,"key":"EssenceOfSteel"}],"is_trial":false,"path_per_floor":["M","?","?","M","?","R","E","M","T","R","M","M","M","?","R","B"],"character_chosen":"IRONCLAD","items_purchased":[],"campfire_rested":0,"item_purchase_floors":[],"current_hp_per_floor":[80,80,74,74,74,74,51,48,48,48,53,45,40,40,40,0,0],"gold":290,"neow_bonus":"TEN_PERCENT_HP_BONUS","is_daily":false,"chose_seed":false,"campfire_upgraded":3,"win_rate":0.0,"timestamp":1608967658,"path_taken":["M","?","?","M","?","R","E","M","T","R","M","M","M","?","R","BOSS"],"items_purchased_type":[],"build_version":"2020-12-22","purchased_purges":0,"victory":false,"max_hp_per_floor":[82,82,74,74,74,74,74,74,74,74,74,74,74,74,74,74,74],"relic_stats":{"counters":[8,32],"Golden Idol":29,"MawBank":84,"obtain_stats":[{"Golden Idol":3,"Ancient Tea Set":7,"MawBank":9,"Burning Blood":0,"WarpedTongs":14},{"Golden Idol":1,"Ancient Tea Set":3,"MawBank":4,"Burning Blood":0,"WarpedTongs":7},{"Golden Idol":4,"Ancient Tea Set":10,"MawBank":12,"Burning Blood":0,"WarpedTongs":23}],"Burning Blood":38,"WarpedTongs":[8]},"card_choices":[{"not_picked":["Iron Wave","Havoc"],"picked":"Hemokinesis","floor":1.0},{"not_picked":["Entrench","Burning Pact"],"picked":"Sever Soul","floor":4.0},{"not_picked":["Perfected Strike","Twin Strike"],"picked":"Anger","floor":7.0},{"not_picked":["Heavy Blade","Sword Boomerang","Iron Wave"],"picked":"SKIP","floor":8},{"not_picked":["Headbutt","Body Slam","True Grit"],"picked":"SKIP","floor":11},{"not_picked":["Shrug It Off","Heavy Blade"],"picked":"Juggernaut","floor":12},{"not_picked":["Headbutt","Thunderclap"],"picked":"Armaments","floor":13}],"player_experience":959571,"relics_obtained":[{"floor":7.0,"key":"Ancient Tea Set"},{"floor":9,"key":"MawBank"}],"event_choices":[{"damage_healed":0.0,"max_hp_gain":0.0,"max_hp_loss":0.0,"gold_gain":0.0,"event_name":"Liars Game","player_choice":"Ignored","floor":2.0,"gold_loss":0.0,"damage_taken":0.0},{"damage_healed":0.0,"max_hp_gain":0.0,"max_hp_loss":8.0,"gold_gain":0.0,"event_name":"Golden Idol","player_choice":"Lose Max HP","floor":3.0,"gold_loss":0.0,"damage_taken":0.0,"relics_obtained":["Golden Idol"]},{"cards_removed":["Strike_R"],"damage_healed":0.0,"max_hp_gain":0.0,"max_hp_loss":0.0,"gold_gain":0.0,"event_name":"The Cleric","player_choice":"Card Removal","floor":5.0,"gold_loss":75.0,"damage_taken":0.0},{"damage_healed":0,"gold_gain":0,"player_choice":"Rummage","damage_taken":0,"relics_obtained":["WarpedTongs"],"max_hp_gain":0,"max_hp_loss":0,"event_name":"Accursed Blacksmith","floor":14,"gold_loss":0,"cards_obtained":["Pain"]}],"is_beta":false,"boss_relics":[],"items_purged_floors":[],"is_endless":false,"potions_floor_spawned":[4,8,11],"killed_by":"The Guardian","ascension_level":20}}