{"host":"c9wjytal7yz6nwo6","time":1608954509,"event":{"mods":["AchievementEnabler","BaseMod","Bestiary","Colored Map","Curses Come First","Downfall","Highlight Path","Minty Spire (QoL Compilation)","Quick Restart","StSLib","SuperFastMode"],"gold_per_floor":[112,112,187,205,380,380,413,413,413,433,433,212,212,20,20,117,117,134,233,62,62,75,75,102,102,126,142,142,161,175,185,185,185,185],"floor_reached":33,"playtime":1243,"items_purged":["Doubt"],"score":288,"play_id":"22061caf-7b49-44ca-8c0d-91b45ca4c2fe","local_time":"20201225214829","is_ascension_mode":false,"campfire_choices":[{"data":"Flex","floor":6,"key":"SMITH"},{"data":"Bash","floor":8,"key":"SMITH"},{"floor":11,"key":"REST"},{"data":"Flex","floor":13,"key":"SMITH"},{"data":"Armaments","floor":15,"key":"SMITH"},{"data":"Shockwave","floor":23,"key":"SMITH"},{"data":"Dropkick","floor":28,"key":"SMITH"},{"data":"Flame Barrier","floor":32,"key":"SMITH"}],"circlet_count":0,"master_deck":["Strike_R","Strike_R","Strike_R+1","Strike_R","Strike_R+1","Defend_R","Defend_R","Defend_R","Defend_R","Bash+1","Pommel Strike","Flex+1","Rampage+1","Flex+1","Armaments+1","Offering","Cleave","Shockwave+1","Dropkick+1","Clash+1","Flame Barrier+1","Offering"],"relics":["Burning Blood","Pen Nib","Happy Flower","Boot","Oddly Smooth Stone","SlaversCollar","MutagenicStrength","Anchor","Potion Belt"],"acts_visited":["Exordium","TheCity"],"potions_floor_usage":[7,7,24,24,24,29,30,33,33],"damage_taken":[{"damage":11,"enemies":"2 Louse","floor":1,"turns":3},{"damage":5,"enemies":"Small Slimes","floor":4,"turns":3},{"damage":19,"enemies":"Lagavulin","floor":7,"turns":6},{"damage":1,"enemies":"Jaw Worm","floor":10,"turns":3},{"damage":38,"enemies":"The Guardian","floor":16,"turns":9},{"damage":6,"enemies":"Chosen","floor":18,"turns":3},{"damage":6,"enemies":"3 Byrds","floor":22,"turns":4},{"damage":6,"enemies":"Book of Stabbing","floor":24,"turns":3},{"damage":11,"enemies":"Snake Plant","floor":27,"turns":2},{"damage":6,"enemies":"3 Cultists","floor":29,"turns":3},{"damage":2,"enemies":"Centurion and Healer","floor":30,"turns":3},{"damage":12,"enemies":"Snecko","floor":31,"turns":1},{"damage":135,"enemies":"Champ","floor":33,"turns":7}],"seed_played":"-447595603288006875","potions_obtained":[{"floor":1,"key":"AttackPotion"},{"floor":4,"key":"EssenceOfSteel"},{"floor":10,"key":"AttackPotion"},{"floor":16,"key":"SkillPotion"},{"floor":29,"key":"Fruit Juice"},{"floor":30,"key":"Slimebound:ThreeZeroPotion"},{"floor":31,"key":"FairyPotion"}],"is_trial":false,"path_per_floor":["M","?","?","M","?","R","E","R","T","M","R","$","R","$","R","B",null,"M","?","$","?","M","R","E","?","T","M","R","M","M","M","R","B"],"character_chosen":"IRONCLAD","items_purchased":["Boot","Oddly Smooth Stone","Armaments","EntropicBrew","Shockwave"],"campfire_rested":1,"item_purchase_floors":[12,14,14,20,20],"current_hp_per_floor":[75,59,48,49,49,49,36,36,36,41,65,65,65,65,65,33,80,80,80,80,80,80,80,80,80,80,75,75,80,84,78,78,0,0],"gold":185,"neow_bonus":"","is_daily":false,"chose_seed":false,"campfire_upgraded":7,"win_rate":0.0,"timestamp":1608954509,"path_taken":["M","?","?","M","?","R","E","R","T","?","R","$","R","$","R","BOSS","M","?","$","?","M","R","E","?","T","M","R","?","M","M","R","BOSS"],"items_purchased_type":["Relic","Relic","Card","Potion","Card"],"build_version":"2020-12-22","purchased_purges":1,"victory":false,"max_hp_per_floor":[80,80,80,80,80,80,80,80,80,80,80,80,80,80,80,80,80,80,80,80,80,80,80,80,80,80,80,80,85,85,85,85,85,85],"card_choices":[{"not_picked":["Uppercut","Warcry"],"picked":"Pommel Strike","floor":1},{"not_picked":["Shockwave","Sever Soul"],"picked":"Flex","floor":4},{"not_picked":["Rupture","Dual Wield"],"picked":"Rampage","floor":7},{"not_picked":["Blood for Blood","Corruption"],"picked":"Flex","floor":10},{"not_picked":["Impervious","Barricade"],"picked":"Offering","floor":16},{"not_picked":["Armaments+1","Entrench"],"picked":"Cleave","floor":18},{"not_picked":["Thunderclap+1","Burning Pact"],"picked":"Dropkick","floor":22},{"not_picked":["Combust","Burning Pact"],"picked":"Clash+1","floor":24},{"not_picked":["Hemokinesis","Clothesline","Searing Blow"],"picked":"SKIP","floor":27},{"not_picked":["Perfected Strike","Pummel"],"picked":"Flame Barrier","floor":29},{"not_picked":["Fire Breathing","Flame Barrier"],"picked":"Offering","floor":30},{"not_picked":["Reckless Charge+1","Pommel Strike+1","Anger"],"picked":"SKIP","floor":31}],"player_experience":0,"relics_obtained":[{"floor":7,"key":"Pen Nib"},{"floor":9,"key":"Happy Flower"},{"floor":24,"key":"Anchor"},{"floor":26,"key":"Potion Belt"}],"event_choices":[{"damage_healed":0,"gold_gain":0,"player_choice":"Entered Light","damage_taken":16,"max_hp_gain":0,"max_hp_loss":0,"event_name":"Shining Light","floor":2,"gold_loss":0,"cards_upgraded":["Strike_R","Strike_R"]},{"damage_healed":0,"gold_gain":75,"player_choice":"Gather Gold","damage_taken":11,"max_hp_gain":0,"max_hp_loss":0,"event_name":"World of Goop","floor":3,"gold_loss":0},{"damage_healed":0,"gold_gain":175,"player_choice":"AGREE","damage_taken":0,"max_hp_gain":0,"max_hp_loss":0,"event_name":"Liars Game","floor":5,"gold_loss":0,"cards_obtained":["Doubt"]},{"damage_healed":0,"gold_gain":99,"player_choice":"Stole From Cult","damage_taken":0,"max_hp_gain":0,"max_hp_loss":0,"event_name":"Nest","floor":19,"gold_loss":0},{"damage_healed":0,"gold_gain":0,"player_choice":"Inject Mutagens","damage_taken":0,"relics_obtained":["MutagenicStrength"],"max_hp_gain":0,"max_hp_loss":0,"event_name":"Drug Dealer","floor":21,"gold_loss":0},{"damage_healed":0,"gold_gain":0,"player_choice":"Forge","damage_taken":0,"max_hp_gain":0,"max_hp_loss":0,"event_name":"Accursed Blacksmith","floor":25,"gold_loss":0,"cards_upgraded":["Rampage"]}],"is_beta":false,"boss_relics":[{"not_picked":["Busted Crown","Mark of Pain"],"picked":"SlaversCollar"}],"items_purged_floors":[12],"is_endless":false,"potions_floor_spawned":[1,4,10,16,24,29,30,31],"killed_by":"Champ","ascension_level":0}}