{"host":"97k5lqmr6aaz1p9r","time":1608971530,"event":{"mods":["BaseMod","Colored Map","Downfall","Jorbs\u0027s Wanderer Trilogy","Minty Spire (QoL Compilation)","StSLib"],"gold_per_floor":[99,99,99,99,110,28,98,98,126,139,64,164,164,175,194,297,297,297,315,328,328,343,213,213,242,427,427,507,507,524,131,151,248,248,248,262,282,491,491,516,588,588,638,488,513,513,528,82,98,98,98,132,51,51,51],"floor_reached":56,"playtime":7164,"items_purged":["stsjorbsmod:Amnesia","Guardian:Strike_Guardian"],"score":1291,"play_id":"27f533f5-2353-45a9-931e-4b5033aa5737","local_time":"20201226083210","is_ascension_mode":false,"campfire_choices":[{"data":"Guardian:TwinSlam","floor":1.0,"key":"SMITH"},{"data":"Guardian:CurlUp","floor":11.0,"key":"SMITH"},{"floor":13.0,"key":"REST"},{"data":"Guardian:PrismaticBeam","floor":18.0,"key":"SMITH"},{"data":"Jack Of All Trades","floor":27,"key":"SMITH"},{"floor":35,"key":"RECALL"},{"data":"Guardian:ExploitGems","floor":44,"key":"SMITH"},{"data":"expansioncontent:DefensiveStance","floor":46,"key":"SMITH"},{"data":"Guardian:ChargeUp","floor":54,"key":"SMITH"}],"circlet_count":0,"master_deck":["Guardian:Defend_Guardian+1","Guardian:Defend_Guardian","Guardian:CurlUp+1","Guardian:TwinSlam+1","Guardian:PiercingHide","Guardian:GuardianWhirl","Guardian:RevengeProtocol","Guardian:PiercingHide+1","Guardian:ArmoredProtocol","Guardian:SphericShield","Guardian:Planning","Jack Of All Trades+1","Guardian:PrismaticBeam+1","Guardian:RollAttack+1","Guardian:SentryBeam","Guardian:FloatingOrbs","Guardian:BronzeOrb+1","Guardian:PrimingBeam+1","expansioncontent:DefensiveStance+1","Guardian:ArmoredProtocol","Guardian:ExploitGems+1","Guardian:Recover+1","Guardian:GuardianWhirl+1","Guardian:FloatingOrbs+1","Guardian:BronzeOrb","Guardian:Repulse","Guardian:ChargeUp+1","Guardian:AncientConstruct","Guardian:ShieldCharger+1","Guardian:ChargeUp"],"relics":["Guardian:ModeShifterPlus","downfall:HeartsMalice","Matryoshka","Oddly Smooth Stone","Juzu Bracelet","downfall:HeartBlessingGreen","downfall:GremlinSack","Omamori","Mummified Hand","Du-Vu Doll","Strawberry","Singing Bowl","Astrolabe","War Paint","Blue Candle","Thread and Needle","downfall:HeartBlessingRed","downfall:HeartBlessingBlue","Bronze Scales","Guardian:BottledStasis","Bag of Preparation","HornCleat"],"acts_visited":["Exordium","TheCity","TheBeyond","TheEnding"],"potions_floor_usage":[55,55],"damage_taken":[{"damage":0.0,"enemies":"Small Slimes","floor":2.0,"turns":1.0},{"damage":0.0,"enemies":"Cultist","floor":3.0,"turns":1.0},{"damage":0.0,"enemies":"Jaw Worm","floor":4.0,"turns":1.0},{"damage":3.0,"enemies":"Blue Slaver","floor":5.0,"turns":4.0},{"damage":0.0,"enemies":"downfall:FleeingMerchant","floor":6.0,"turns":4.0},{"damage":41.0,"enemies":"Lagavulin","floor":9.0,"turns":9.0},{"damage":2.0,"enemies":"Exordium Thugs","floor":10.0,"turns":6.0},{"damage":24.0,"enemies":"Exordium Thugs","floor":12.0,"turns":6.0},{"damage":0.0,"enemies":"3 Louse","floor":14.0,"turns":3.0},{"damage":9.0,"enemies":"Exordium Wildlife","floor":15.0,"turns":4.0},{"damage":14.0,"enemies":"downfall:Silent","floor":16.0,"turns":13.0},{"damage":0.0,"enemies":"Spheric Guardian","floor":19.0,"turns":5.0},{"damage":0.0,"enemies":"3 Byrds","floor":20.0,"turns":4.0},{"damage":0.0,"enemies":"Snecko","floor":22.0,"turns":6.0},{"damage":9.0,"enemies":"downfall:FleeingMerchant","floor":23.0,"turns":4.0},{"damage":1.0,"enemies":"Book of Stabbing","floor":25.0,"turns":5.0},{"damage":5.0,"enemies":"downfall:FleeingMerchant","floor":26.0,"turns":4.0},{"damage":0,"enemies":"Chosen and Byrds","floor":30,"turns":6},{"damage":0,"enemies":"downfall:FleeingMerchant","floor":31,"turns":4},{"damage":0,"enemies":"Centurion and Healer","floor":32,"turns":7},{"damage":19,"enemies":"downfall:Watcher","floor":33,"turns":9},{"damage":0,"enemies":"3 Darklings","floor":36,"turns":3},{"damage":0,"enemies":"3 Shapes","floor":37,"turns":3},{"damage":3,"enemies":"downfall:FleeingMerchant","floor":38,"turns":4},{"damage":0,"enemies":"Giant Head","floor":40,"turns":6},{"damage":0,"enemies":"Mind Bloom Boss Battle","floor":43,"turns":6},{"damage":0,"enemies":"Transient","floor":47,"turns":5},{"damage":29,"enemies":"4 Shapes","floor":49,"turns":3},{"damage":0,"enemies":"downfall:Ironclad","floor":50,"turns":9},{"damage":7,"enemies":"downfall:CharBossMerchant","floor":52,"turns":8},{"damage":2,"enemies":"downfall:NeowBoss","floor":55,"turns":14}],"seed_played":"-5855837744560881622","potions_obtained":[{"floor":5.0,"key":"LiquidBronze"},{"floor":9.0,"key":"Fire Potion"},{"floor":14.0,"key":"sneckomod:MuddlingPotion"},{"floor":19.0,"key":"ColorlessPotion"},{"floor":20.0,"key":"Fire Potion"},{"floor":22.0,"key":"Ancient Potion"},{"floor":29,"key":"Guardian:DefensiveModePotion"},{"floor":29,"key":"LiquidMemories"},{"floor":30,"key":"PowerPotion"}],"is_trial":false,"path_per_floor":["R","M","M","M","M","$","T","?","E","M","R","?","R","M","M","B",null,"R","M","M","?","M","$","T","E","$","R","T","?","M","$","M","B",null,"R","M","M","$","?","E","T","?","?","R","?","R","M","$","M","B",null,"E","$","R","B",null],"character_chosen":"GUARDIAN","items_purchased":["Guardian:ArmoredProtocol","Guardian:FloatingOrbs","expansioncontent:DefensiveStance","Guardian:Gem_Synthetic","Guardian:ArmoredProtocol","War Paint","Guardian:Repulse","Guardian:ChargeUp","Guardian:BottledStasis","Bag of Preparation","Guardian:ChargeUp"],"campfire_rested":1,"item_purchase_floors":[6,23,31,31,31,38,48,48,48,48,53],"current_hp_per_floor":[80,80,80,80,77,77,77,77,36,34,34,10,34,34,25,11,80,80,80,80,80,80,71,71,70,65,65,72,72,72,74,76,57,91,91,91,93,92,92,92,92,92,94,104,104,104,106,106,77,77,109,102,102,102,100],"gold":51,"neow_bonus":"THREE_ENEMY_KILL","is_daily":false,"chose_seed":false,"campfire_upgraded":7,"win_rate":0.0,"timestamp":1608971530,"path_taken":["R","M","M","M","M","$","T","?","E","M","R","?","R","M","M","BOSS","R","M","M","?","M","$","T","E","?","R","?","?","M","$","M","BOSS","R","M","M","$","?","E","T","?","?","R","?","R","M","$","M","BOSS","E","$","R","BOSS"],"items_purchased_type":["Card","Card","Card","Card","Card","Relic","Card","Card","Relic","Relic","Card"],"build_version":"2020-12-22","purchased_purges":2,"victory":true,"max_hp_per_floor":[80,80,80,80,80,80,80,80,80,80,80,80,80,80,80,80,80,80,80,80,80,80,80,80,80,80,80,87,87,87,89,91,91,91,91,91,93,95,95,95,95,95,97,107,107,107,109,109,109,109,109,109,109,109,109],"card_choices":[{"not_picked":["Guardian:TemporalStrike","Guardian:VentSteam"],"picked":"Guardian:PiercingHide","floor":2.0},{"not_picked":["Guardian:WalkerClaw","Guardian:Planning"],"picked":"Guardian:GuardianWhirl","floor":3.0},{"not_picked":["Guardian:GuardianWhirl","Guardian:ChargeCore"],"picked":"Guardian:Gem_Green","floor":4.0},{"not_picked":["Guardian:PrismaticBeam","Guardian:Reroute"],"picked":"Guardian:RevengeProtocol","floor":5.0},{"not_picked":["Guardian:ShieldCharger","Guardian:Reroute"],"picked":"Guardian:PiercingHide","floor":6.0},{"not_picked":["Guardian:HyperBeam_Guardian","Guardian:Incinerate"],"picked":"Guardian:SphericShield","floor":9.0},{"not_picked":["Guardian:Gem_Purple","Guardian:Suspension"],"picked":"Guardian:Gem_Fragmented","floor":10.0},{"not_picked":["Guardian:TemporalStrike","Guardian:PiercingHide"],"picked":"Guardian:Gem_White","floor":12.0},{"not_picked":["Guardian:TimeCapacitor","Guardian:ShieldCharger","Guardian:Preprogram"],"picked":"SKIP","floor":14.0},{"not_picked":["Guardian:GuardianWhirl","Guardian:ChargeUp"],"picked":"Guardian:PrismaticBeam","floor":15.0},{"not_picked":["Guardian:FastForward","Guardian:BaubleBeam"],"picked":"Guardian:Gem_Synthetic","floor":16.0},{"not_picked":["Guardian:BronzeArmor","Guardian:Harden"],"picked":"Guardian:RollAttack+1","floor":19.0},{"not_picked":["Guardian:ArmoredProtocol","Guardian:Gem_Red"],"picked":"Guardian:SentryBeam","floor":20.0},{"not_picked":["Guardian:TemporalStrike","Guardian:PrismaticBeam","Guardian:Planning"],"picked":"SKIP","floor":22.0},{"not_picked":["Guardian:Gem_Red","Guardian:Gem_Green"],"picked":"Guardian:Gem_Blue","floor":23.0},{"not_picked":["Guardian:Reroute","Guardian:Recover"],"picked":"Guardian:BronzeOrb+1","floor":25.0},{"not_picked":["Guardian:BronzeArmor","Guardian:SpikerProtocol"],"picked":"Guardian:PrimingBeam+1","floor":30},{"not_picked":["Guardian:ChargeCore+1","Guardian:ShieldCharger","Guardian:Reroute"],"picked":"Singing Bowl","floor":31},{"not_picked":["Guardian:ShieldSpikes","Guardian:Gem_Cyan","Guardian:Recover"],"picked":"Singing Bowl","floor":32},{"not_picked":["Guardian:Gem_Synthetic","Guardian:RevengeProtocol"],"picked":"Guardian:ExploitGems","floor":33},{"not_picked":["Guardian:Clone","Guardian:VentSteam+1"],"picked":"Guardian:FloatingOrbs+1","floor":36},{"not_picked":["Guardian:WalkerClaw","Guardian:Gem_Lightblue","Guardian:Planning"],"picked":"Singing Bowl","floor":37},{"not_picked":["Guardian:VentSteam","Guardian:TemporalShield+1","Guardian:Recover"],"picked":"Singing Bowl","floor":38},{"not_picked":["Guardian:ChargeCore","Guardian:Emergency+1"],"picked":"Guardian:BronzeOrb","floor":40},{"not_picked":["Guardian:RollAttack","Guardian:Planning+1","Guardian:Gem_Green"],"picked":"Singing Bowl","floor":43},{"not_picked":["Guardian:VentSteam+1","Guardian:RollAttack","Guardian:PrimingBeam"],"picked":"Singing Bowl","floor":47},{"not_picked":["Guardian:ArmoredProtocol","Guardian:Suspension"],"picked":"Guardian:AncientConstruct","floor":49},{"not_picked":["Guardian:Reroute+1","Guardian:Recover"],"picked":"Guardian:ShieldCharger+1","floor":52}],"player_experience":536099,"relics_obtained":[{"floor":7.0,"key":"Matryoshka"},{"floor":8.0,"key":"Oddly Smooth Stone"},{"floor":9.0,"key":"Juzu Bracelet"},{"floor":12.0,"key":"downfall:GremlinSack"},{"floor":24.0,"key":"Omamori"},{"floor":24.0,"key":"Mummified Hand"},{"floor":25.0,"key":"Du-Vu Doll"},{"floor":28,"key":"Strawberry"},{"floor":28,"key":"Singing Bowl"},{"floor":40,"key":"Blue Candle"},{"floor":43,"key":"Thread and Needle"},{"floor":45,"key":"Bronze Scales"},{"floor":52,"key":"HornCleat"}],"event_choices":[{"damage_healed":0.0,"max_hp_gain":0.0,"max_hp_loss":0.0,"gold_gain":0.0,"event_name":"Wheel of Change","player_choice":"Relic","floor":8.0,"gold_loss":0.0,"damage_taken":0.0},{"damage_healed":0,"gold_gain":200,"player_choice":"Gold","damage_taken":0,"max_hp_gain":0,"max_hp_loss":0,"event_name":"Wheel of Change","floor":26,"gold_loss":0},{"damage_healed":0,"gold_gain":0,"player_choice":"Got Potions","damage_taken":0,"max_hp_gain":0,"max_hp_loss":0,"event_name":"Lab","floor":29,"gold_loss":0},{"cards_removed":["Guardian:Strike_Guardian"],"damage_healed":0,"gold_gain":0,"player_choice":"Removed Attack","damage_taken":0,"max_hp_gain":0,"max_hp_loss":0,"event_name":"Falling","floor":39,"gold_loss":0}],"is_beta":false,"boss_relics":[{"not_picked":["Fusion Hammer","Sozu"],"picked":"Guardian:ModeShifterPlus"},{"not_picked":["Philosopher\u0027s Stone","Cursed Key"],"picked":"Astrolabe"}],"items_purged_floors":[23,31],"is_endless":false,"potions_floor_spawned":[5,9,14,19,20,22,30,40,43,47,49,52],"ascension_level":0}}