{"host":"jgyoyy5iuhtvyvtg","time":1608976458,"event":{"mods":["2.2 Compatiblity","BaseMod","Challenge The Spire","Colored Map","Conspire","Downfall","Hermit","Highlight Path","Infinite Spire","Lobotomy","LobotomyExtend","Minty Spire (QoL Compilation)","Quick Restart","Replay The Spire","Spikes Relics","StSLib","The Construct","The Disciple","The Jungle","Yuri Mod"],"gold_per_floor":[117,117,26,41,41,41,71,71,98,23,34,34,45,70,70,182,182,182,182,207,248,271,271,291,291,316,356,380,380,391,391],"floor_reached":30,"playtime":1384,"items_purged":["hermit:Strike_Hermit"],"score":399,"play_id":"8c0fe98c-7b78-415f-82ce-9570c0ad0a38","local_time":"20201226015418","is_ascension_mode":true,"campfire_choices":[{"data":"hermit:Combo","floor":6,"key":"SMITH"},{"data":"hermit:Quickdraw","floor":8,"key":"SMITH"},{"data":"hermit:Snapshot","floor":12,"key":"SMITH"},{"data":"hermit:Scavenge","floor":15,"key":"SMITH"},{"floor":23,"key":"REST"},{"floor":25,"key":"REST"}],"circlet_count":0,"master_deck":["hermit:Strike_Hermit","hermit:Strike_Hermit","hermit:Strike_Hermit","hermit:Defend_Hermit","hermit:Defend_Hermit","hermit:Defend_Hermit","hermit:Defend_Hermit","hermit:Snapshot+1","hermit:Covet","hermit:Combo+1","hermit:ItchyTrigger","hermit:Snipe+1","hermit:Quickdraw+1","hermit:LoneWolf","hermit:GhostlyPresence","hermit:Scavenge+1","hermit:DeadOrAlive","hermit:PistolWhip","hermit:BigShot+1","hermit:Scavenge+1","hermit:Vantage"],"relics":["hermit:ClaspedLocket","Boot","LetterFromLob","Mirror","Bag of Marbles","Replay:Baseball","MiniBlackHole","Nunchaku"],"acts_visited":["Exordium","Exordium"],"potions_floor_usage":[7,16,27,30],"damage_taken":[{"damage":1,"enemies":"Cultist","floor":1,"turns":3},{"damage":11,"enemies":"conspire:RoseBush","floor":4,"turns":7},{"damage":5,"enemies":"Lagavulin","floor":7,"turns":7},{"damage":2,"enemies":"Small Slimes","floor":11,"turns":2},{"damage":4,"enemies":"Blue Slaver","floor":13,"turns":3},{"damage":0,"enemies":"2 Fungi Beasts","floor":14,"turns":3},{"damage":39,"enemies":"Fading Forest","floor":16,"turns":11},{"damage":0,"enemies":"theJungle:GiantWrat","floor":20,"turns":6},{"damage":5,"enemies":"theJungle:5_Spyders","floor":21,"turns":10},{"damage":32,"enemies":"theJungle:SlimyTreeVines","floor":22,"turns":6},{"damage":34,"enemies":"theJungle:JungleHuntersEncounter","floor":24,"turns":8},{"damage":0,"enemies":"theJungle:2_Phrogs","floor":27,"turns":6},{"damage":29,"enemies":"theJungle:2_Flameangoes","floor":28,"turns":10},{"damage":15,"enemies":"conspire:MimicChest","floor":30,"turns":7}],"seed_played":"-323653885835437540","potions_obtained":[{"floor":4,"key":"Weak Potion"},{"floor":11,"key":"hermit:Eclipse"},{"floor":20,"key":"Dexterity Potion"},{"floor":28,"key":"Fire Potion"}],"is_trial":false,"path_per_floor":["M","?","$","M","T","R","E","R","T","$","M","R","M","M","R","B",null,"M","?","M","M","M","R","M","R","T","E","M","?","?"],"character_chosen":"HERMIT","items_purchased":["hermit:Snipe+1","hermit:Quickdraw"],"campfire_rested":2,"item_purchase_floors":[3,3],"current_hp_per_floor":[67,67,67,56,56,56,51,51,51,51,49,49,45,45,45,6,58,58,58,58,53,27,49,15,37,37,37,8,10,0,0],"gold":391,"neow_bonus":"RANDOM_COMMON_RELIC","is_daily":false,"chose_seed":false,"campfire_upgraded":4,"win_rate":0.0,"timestamp":1608976458,"path_taken":["M","?","?","?","?","R","E","R","T","$","M","R","M","M","R","BOSS","M","?","M","M","M","R","M","R","T","E","M","?","?"],"items_purchased_type":["Card","Card"],"build_version":"2020-12-22","purchased_purges":1,"victory":false,"max_hp_per_floor":[75,75,75,75,75,75,75,75,75,75,75,75,75,75,75,75,75,75,75,75,75,75,75,75,75,75,75,75,75,75,75],"card_choices":[{"not_picked":["hermit:HoleUp","hermit:LowProfile"],"picked":"hermit:Combo","floor":1},{"not_picked":["hermit:CalledShot","hermit:ShadowCloak"],"picked":"hermit:LoneWolf","floor":4},{"not_picked":["hermit:HighCaliber","hermit:CursedWeapon","hermit:Feint"],"picked":"SKIP","floor":7},{"not_picked":["hermit:PistolWhip","hermit:Snipe"],"picked":"hermit:GhostlyPresence","floor":11},{"not_picked":["hermit:TrackingShot","hermit:Quickdraw"],"picked":"hermit:Scavenge","floor":13},{"not_picked":["hermit:HoleUp","hermit:Grudge","hermit:Snipe"],"picked":"SKIP","floor":14},{"not_picked":["hermit:Dissolve","hermit:FatalDesire"],"picked":"hermit:DeadOrAlive","floor":16},{"not_picked":["hermit:TrackingShot+1","hermit:FullyLoaded+1","hermit:Feint"],"picked":"SKIP","floor":20},{"not_picked":["hermit:Midnight","hermit:TrackingShot"],"picked":"hermit:PistolWhip","floor":21},{"not_picked":["hermit:HighNoon","hermit:Brawl+1"],"picked":"hermit:BigShot+1","floor":22},{"not_picked":["hermit:ItchyTrigger","hermit:CursedWeapon","hermit:HoleUp"],"picked":"SKIP","floor":24},{"not_picked":["hermit:Maintenance","hermit:Cheat"],"picked":"hermit:Scavenge+1","floor":27},{"not_picked":["hermit:Glare","hermit:Desperado"],"picked":"hermit:Vantage","floor":28}],"player_experience":3187682,"relics_obtained":[{"floor":1,"key":"LetterFromLob"},{"floor":5,"key":"Mirror"},{"floor":7,"key":"Bag of Marbles"},{"floor":9,"key":"Replay:Baseball"},{"floor":26,"key":"MiniBlackHole"},{"floor":27,"key":"Nunchaku"}],"event_choices":[{"damage_healed":0,"gold_gain":0,"player_choice":"1 cards matched","damage_taken":0,"max_hp_gain":0,"max_hp_loss":0,"event_name":"Match and Keep!","floor":2,"gold_loss":0,"cards_obtained":["hermit:ItchyTrigger"]},{"damage_healed":0,"gold_gain":0,"player_choice":"Leave","damage_taken":0,"max_hp_gain":0,"max_hp_loss":0,"event_name":"conspire:Investor","floor":19,"gold_loss":0}],"is_beta":false,"boss_relics":[{"not_picked":["Replay:Wanted Poster","Black Star"],"picked":"hermit:ClaspedLocket"}],"items_purged_floors":[10],"is_endless":false,"potions_floor_spawned":[4,11,20,28],"killed_by":"conspire:MimicChest","ascension_level":9}}