{"host":"8w77ry71wnq5rafu","time":1608962746,"event":{"mods":["AchievementEnabler","BaseMod","ChefMod","Colored Map","Hermit","Highlight Path","Key Reminder","Minty Spire (QoL Compilation)","Permanent Neow","Random Character Button","Rare Cards Sparkle","StSLib","The Edgeheg","The IronCluck","The Problem Sleuth","The Senshi","Unceasing Turn Reminder","egg","everything is the same but u backflip on backflip","slay the spire mod where everything is the same but ironclad has a cowboy hat","thorton"],"gold_per_floor":[110,110,90,105,122,154,166,166,213,238,238,271,30,50,51,124,126,108,110,110],"floor_reached":19,"playtime":1139,"items_purged":[],"score":391,"play_id":"e097c1dd-effe-40e1-9455-4bec70f2dcc8","local_time":"20201225230546","is_ascension_mode":true,"campfire_choices":[{"data":"Skewer","floor":8,"key":"SMITH"},{"data":"Neutralize","floor":11,"key":"SMITH"},{"data":"Noxious Fumes","floor":15,"key":"SMITH"}],"circlet_count":0,"master_deck":["AscendersBane","Strike_G","Strike_G","Strike_G","Strike_G","Strike_G","Defend_G","Defend_G+1","Defend_G","Defend_G","Defend_G","Survivor+1","Neutralize+1","Skewer+1","PiercingWail","Poisoned Stab","Cloak And Dagger","Die Die Die","Well Laid Plans","Catalyst","Noxious Fumes+1","Venomology","Terror"],"relics":["SlaversCollar","Mummified Hand","Bronze Scales","Toy Ornithopter","keyreminder:keyreminder","War Paint","Oddly Smooth Stone","thethorton:BankDeed","Runic Pyramid"],"acts_visited":["Exordium","TheCity"],"potions_floor_usage":[6,7,12,16,18,19,19],"damage_taken":[{"damage":5,"enemies":"2 Louse","floor":1,"turns":3},{"damage":1,"enemies":"Small Slimes","floor":4,"turns":3},{"damage":6,"enemies":"Cultist","floor":5,"turns":4},{"damage":18,"enemies":"Gremlin Nob","floor":6,"turns":4},{"damage":10,"enemies":"Lots of Slimes","floor":7,"turns":3},{"damage":9,"enemies":"3 Sentries","floor":10,"turns":7},{"damage":3,"enemies":"Lagavulin","floor":12,"turns":5},{"damage":5,"enemies":"Red Slaver","floor":14,"turns":3},{"damage":0,"enemies":"Hexaghost","floor":16,"turns":8},{"damage":4,"enemies":"2 Thieves","floor":18,"turns":4},{"damage":33,"enemies":"Spheric Guardian","floor":19,"turns":6}],"seed_played":"6920337864426651016","potions_obtained":[{"floor":1,"key":"BlessingOfTheForge"},{"floor":3,"key":"SneckoOil"},{"floor":6,"key":"FearPotion"},{"floor":10,"key":"Strength Potion"},{"floor":14,"key":"Regen Potion"},{"floor":18,"key":"SteroidPotion"}],"is_trial":false,"path_per_floor":["M","?","?","M","M","E","M","R","T","E","R","E","$","M","R","B",null,"M","M"],"character_chosen":"THE_SILENT","items_purchased":["thethorton:BankDeed"],"campfire_rested":0,"item_purchase_floors":[13],"current_hp_per_floor":[58,51,51,50,44,26,16,16,16,7,7,9,9,4,4,9,55,56,42,42],"gold":110,"neow_bonus":"BOSS_RELIC","is_daily":false,"chose_seed":false,"campfire_upgraded":3,"win_rate":0.0,"timestamp":1608962746,"path_taken":["M","?","?","?","M","E","M","R","T","E","R","E","$","M","R","BOSS","M","M"],"items_purchased_type":["Relic"],"build_version":"2020-12-22","purchased_purges":0,"victory":false,"max_hp_per_floor":[70,70,70,70,70,70,70,70,70,70,70,70,70,70,70,70,70,70,70,70],"card_choices":[{"not_picked":["Reflex","Backflip"],"picked":"Skewer","floor":1},{"not_picked":["Quick Slash","Distraction"],"picked":"PiercingWail","floor":4},{"not_picked":["Masterful Stab","Dagger Throw"],"picked":"Poisoned Stab","floor":5},{"not_picked":["Accuracy","Bane"],"picked":"Cloak And Dagger","floor":6},{"not_picked":["Deflect","Underhanded Strike"],"picked":"Die Die Die","floor":7},{"not_picked":["Prepared","Catalyst"],"picked":"Well Laid Plans","floor":10},{"not_picked":["Expertise","Reflex"],"picked":"Catalyst","floor":12},{"not_picked":["Finisher","Poisoned Stab"],"picked":"Noxious Fumes","floor":14},{"not_picked":["Burst","Unload"],"picked":"Venomology","floor":16},{"not_picked":["Slice","Well Laid Plans"],"picked":"Terror","floor":18}],"player_experience":461928,"relics_obtained":[{"floor":6,"key":"Bronze Scales"},{"floor":9,"key":"Toy Ornithopter"},{"floor":10,"key":"War Paint"},{"floor":12,"key":"Oddly Smooth Stone"}],"event_choices":[{"damage_healed":0,"gold_gain":0,"player_choice":"Success","damage_taken":7,"relics_obtained":["Mummified Hand"],"max_hp_gain":0,"max_hp_loss":0,"event_name":"Scrap Ooze","floor":2,"gold_loss":0},{"damage_healed":0,"gold_gain":0,"player_choice":"Bought 1 Potion","damage_taken":0,"max_hp_gain":0,"max_hp_loss":0,"event_name":"The Woman in Blue","floor":3,"gold_loss":0}],"is_beta":false,"boss_relics":[{"not_picked":["Empty Cage","WristBlade"],"picked":"Runic Pyramid"}],"items_purged_floors":[],"is_endless":false,"potions_floor_spawned":[1,4,6,10,14,18],"killed_by":"Spheric Guardian","ascension_level":13}}