{"host":"w5ovz9boloi14a0g","time":1608946458,"event":{"mods":["BaseMod","Googly Eyes","Minty Spire (QoL Compilation)","Replay The Spire","StSLib","SuperFastMode"],"gold_per_floor":[112,124,22,22,38,38,66,80,104,118,118,128,148,178,178,279,279,294,310,43,61,76,103,103,129,129,139,139,139],"floor_reached":28,"playtime":775,"items_purged":[],"score":274,"play_id":"7785e811-dcf4-447a-82a0-afed64e76368","local_time":"20201225193418","is_ascension_mode":false,"campfire_choices":[{"data":"Barrage","floor":6.0,"key":"SMITH"},{"floor":11,"key":"REST"},{"floor":15,"key":"REST"},{"floor":24,"key":"REST"}],"circlet_count":0,"master_deck":["Strike_B","Strike_B+1","Strike_B","Strike_B","Defend_B","Defend_B","Defend_B","Defend_B","Zap","Dualcast","Doom and Gloom","Leap","Conserve Battery","Defragment","Barrage+1","Pot Of Greed","Pot Of Greed","Ball Lightning","Self Repair","Chaos","Glacier","Panic Button+1","Electrodynamics","Conserve Battery+1"],"relics":["Cracked Core","Juzu Bracelet","Nunchaku","Grinning Jar","Lantern","Inserter","Replay:WaspNest","Gremlin Food","Happy Flower","Strawberry"],"acts_visited":["Exordium","TheCity"],"potions_floor_usage":[],"damage_taken":[{"damage":6.0,"enemies":"2 Louse","floor":1.0,"turns":2.0},{"damage":6.0,"enemies":"Jaw Worm","floor":2.0,"turns":3.0},{"damage":0.0,"enemies":"Cultist","floor":5.0,"turns":3.0},{"damage":23,"enemies":"Gremlin Nob","floor":7,"turns":5},{"damage":9,"enemies":"3 Louse","floor":8,"turns":3},{"damage":1,"enemies":"Looter","floor":10,"turns":3},{"damage":9,"enemies":"Exordium Wildlife","floor":12,"turns":3},{"damage":0,"enemies":"2 Fungi Beasts","floor":13,"turns":2},{"damage":22,"enemies":"3 Sentries","floor":14,"turns":5},{"damage":21,"enemies":"Hexaghost","floor":16,"turns":9},{"damage":29,"enemies":"3 Byrds","floor":18,"turns":5},{"damage":7,"enemies":"Shell Parasite","floor":19,"turns":5},{"damage":18,"enemies":"Centurion and Healer","floor":21,"turns":6},{"damage":12,"enemies":"Snake Plant","floor":22,"turns":5},{"damage":30,"enemies":"Replay:Snechameleon","floor":23,"turns":5},{"damage":32,"enemies":"Slavers","floor":25,"turns":3},{"damage":5,"enemies":"Snecko","floor":27,"turns":3},{"damage":11,"enemies":"Replay:Snechameleon","floor":28,"turns":4}],"seed_played":"9067079809857440032","potions_obtained":[{"floor":8,"key":"Milkshake"},{"floor":10,"key":"EssenceOfDarkness"},{"floor":16,"key":"Elixir"}],"is_trial":false,"path_per_floor":["M","M","$","?","M","R","E","M","T","M","R","M","M","E","R","B",null,"M","M","$","M","M","E","R","E","T","M","E"],"character_chosen":"DEFECT","items_purchased":["Conserve Battery","Defragment","Replay:WaspNest","Panic Button"],"campfire_rested":3,"item_purchase_floors":[3,3,20,20],"current_hp_per_floor":[69,63,63,56,56,56,33,24,24,23,45,36,36,21,43,29,75,53,53,53,42,37,14,36,4,11,6,0,0],"gold":139,"neow_bonus":"RANDOM_EVENT","is_daily":false,"chose_seed":false,"campfire_upgraded":1,"win_rate":0.0,"timestamp":1608946458,"path_taken":["M","M","$","?","M","R","E","M","T","M","R","M","M","E","R","BOSS","M","M","$","M","M","E","R","E","T","M","E"],"items_purchased_type":["Card","Card","Relic","Card"],"build_version":"2020-12-22","purchased_purges":0,"victory":false,"max_hp_per_floor":[75,75,75,75,75,75,75,75,75,75,75,75,75,75,75,75,75,75,75,75,75,75,75,75,75,82,82,82,82],"card_choices":[{"not_picked":["Steam","Sweeping Beam"],"picked":"Doom and Gloom","floor":1.0},{"not_picked":["Compile Driver","Turbo"],"picked":"Leap","floor":2.0},{"not_picked":["ReplaySolidLightProjector","Auto Shields"],"picked":"Barrage","floor":5.0},{"not_picked":["Coolheaded","Double Energy","ReplayTheSpireMod:Omega Cannon"],"picked":"SKIP","floor":7},{"not_picked":["Skim","ReplayTheSpireMod:System Scan","Tempest"],"picked":"SKIP","floor":8},{"not_picked":["Panic Button","Hello World"],"picked":"Ball Lightning","floor":10},{"not_picked":["Stack","Steam"],"picked":"Self Repair","floor":12},{"not_picked":["Barrage","Rebound"],"picked":"Chaos","floor":13},{"not_picked":["Stack","Meteor Strike"],"picked":"Glacier","floor":14},{"not_picked":["Blizzard","Stack","Redo"],"picked":"SKIP","floor":18},{"not_picked":["Barrage+1","Cold Snap","Steam Power"],"picked":"SKIP","floor":19},{"not_picked":["Tempest+1","Leap"],"picked":"Electrodynamics","floor":21},{"not_picked":["Redo","Auto Shields+1","Gash"],"picked":"SKIP","floor":22},{"not_picked":["FIFO Queue","Leap","Panic Button"],"picked":"SKIP","floor":23},{"not_picked":["Sunder","ReplayTheSpireMod:System Scan+1"],"picked":"Conserve Battery+1","floor":25},{"not_picked":["Reinforced Body","Leap","Turbo"],"picked":"SKIP","floor":27}],"player_experience":18136,"relics_obtained":[{"floor":7,"key":"Nunchaku"},{"floor":9,"key":"Grinning Jar"},{"floor":14,"key":"Lantern"},{"floor":23,"key":"Gremlin Food"},{"floor":25,"key":"Happy Flower"},{"floor":26,"key":"Strawberry"}],"event_choices":[{"damage_healed":0.0,"max_hp_gain":0.0,"max_hp_loss":0.0,"gold_gain":0.0,"event_name":"Scrap Ooze","player_choice":"Success","floor":4.0,"gold_loss":0.0,"damage_taken":7.0,"relics_obtained":["Juzu Bracelet"]}],"is_beta":false,"boss_relics":[{"not_picked":["Coffee Dripper","Honey Jar"],"picked":"Inserter"}],"items_purged_floors":[],"is_endless":false,"potions_floor_spawned":[8,10,16,19,23,25,27],"killed_by":"Replay:Snechameleon","ascension_level":0}}