{"host":"z9811rt50ti81n54","time":1608981690,"event":{"mods":["BaseMod","Minty Spire (QoL Compilation)"],"gold_per_floor":[114,133,133,7,82,121,121,146,146,53,53,72,72,22,22,152,152,176,33,33,33,33,33,33],"floor_reached":23,"playtime":598,"items_purged":["Injury"],"score":252,"play_id":"8e9e4809-307f-490e-bbcf-809d57aa4663","local_time":"20201226202130","is_ascension_mode":true,"campfire_choices":[{"data":"Noxious Fumes","floor":7,"key":"SMITH"},{"data":"Setup","floor":13,"key":"SMITH"},{"floor":15,"key":"RECALL"}],"circlet_count":0,"master_deck":["Strike_G","Strike_G","Strike_G","Defend_G","Defend_G","Defend_G","Defend_G","Defend_G","Survivor","Neutralize","Noxious Fumes+1","Poisoned Stab","Flying Knee","Leg Sweep","Blur","Setup+1","Backflip","Dagger Spray","Burst","Dash","Writhe"],"relics":["Ring of the Snake","NeowsBlessing","Bloody Idol","HornCleat","Philosopher\u0027s Stone","TwistedFunnel","InkBottle","Regal Pillow"],"acts_visited":["Exordium","TheCity"],"potions_floor_usage":[18],"damage_taken":[{"damage":0,"enemies":"Small Slimes","floor":1,"turns":1},{"damage":0,"enemies":"2 Louse","floor":2,"turns":1},{"damage":0,"enemies":"Lagavulin","floor":6,"turns":1},{"damage":0,"enemies":"Cultist","floor":8,"turns":4},{"damage":1,"enemies":"2 Fungi Beasts","floor":12,"turns":4},{"damage":54,"enemies":"Slime Boss","floor":16,"turns":10},{"damage":13,"enemies":"3 Byrds","floor":18,"turns":6},{"damage":63,"enemies":"Slavers","floor":23,"turns":5}],"seed_played":"-5915641257747845077","potions_obtained":[{"floor":16,"key":"AttackPotion"}],"is_trial":false,"path_per_floor":["M","M","?","$","?","E","R","M","T","$","?","M","R","?","R","B",null,"M","$","?","?","T","E"],"character_chosen":"THE_SILENT","items_purchased":["Flying Knee","Setup","Backflip","TwistedFunnel"],"campfire_rested":0,"item_purchase_floors":[4,10,10,19],"current_hp_per_floor":[70,70,70,70,59,59,59,59,59,59,59,58,58,58,58,4,70,57,57,57,57,57,0,0],"gold":33,"neow_bonus":"THREE_ENEMY_KILL","is_daily":false,"chose_seed":false,"campfire_upgraded":2,"win_rate":0.0,"timestamp":1608981690,"path_taken":["M","M","?","$","?","E","R","M","T","$","?","?","R","?","R","BOSS","M","$","?","?","?","E"],"items_purchased_type":["Card","Card","Card","Relic"],"build_version":"2020-12-22","purchased_purges":1,"victory":false,"max_hp_per_floor":[70,70,70,70,70,70,70,70,70,70,70,70,70,70,70,70,70,70,70,70,70,70,70,70],"card_choices":[{"not_picked":["Deadly Poison","Underhanded Strike"],"picked":"Noxious Fumes","floor":1},{"not_picked":["Deflect","Backflip"],"picked":"Poisoned Stab","floor":2},{"not_picked":["Flechettes","Prepared"],"picked":"Leg Sweep","floor":6},{"not_picked":["Eviscerate","Dagger Throw"],"picked":"Blur","floor":8},{"not_picked":["Skewer","Blade Dance"],"picked":"Dagger Spray","floor":12},{"not_picked":["Glass Knife","Unload"],"picked":"Burst","floor":16},{"not_picked":["Eviscerate+1","Outmaneuver"],"picked":"Dash","floor":18}],"player_experience":228752,"relics_obtained":[{"floor":6,"key":"HornCleat"},{"floor":22,"key":"Regal Pillow"}],"event_choices":[{"damage_healed":0,"gold_gain":0,"player_choice":"Take Wound","damage_taken":0,"relics_obtained":["Golden Idol"],"max_hp_gain":0,"max_hp_loss":0,"event_name":"Golden Idol","floor":3,"gold_loss":0,"cards_obtained":["Injury"]},{"damage_healed":0,"gold_gain":75,"player_choice":"Gather Gold","damage_taken":11,"max_hp_gain":0,"max_hp_loss":0,"event_name":"World of Goop","floor":5,"gold_loss":0},{"cards_removed":["Strike_G"],"damage_healed":0,"gold_gain":0,"player_choice":"Purged","damage_taken":0,"max_hp_gain":0,"max_hp_loss":0,"event_name":"Purifier","floor":11,"gold_loss":0},{"cards_removed":["Strike_G"],"damage_healed":0,"gold_gain":0,"player_choice":"Card Removal","damage_taken":0,"max_hp_gain":0,"max_hp_loss":0,"event_name":"The Cleric","floor":14,"gold_loss":50},{"damage_healed":0,"gold_gain":0,"player_choice":"Opened","damage_taken":0,"relics_obtained":["InkBottle"],"max_hp_gain":0,"max_hp_loss":0,"event_name":"The Mausoleum","floor":20,"gold_loss":0,"cards_obtained":["Writhe"]},{"damage_healed":0,"gold_gain":0,"player_choice":"Gave Idol","damage_taken":0,"relics_obtained":["Bloody Idol"],"max_hp_gain":0,"max_hp_loss":0,"event_name":"Forgotten Altar","floor":21,"relics_lost":["Golden Idol"],"gold_loss":0}],"is_beta":false,"boss_relics":[{"not_picked":["Tiny House","Calling Bell"],"picked":"Philosopher\u0027s Stone"}],"items_purged_floors":[4],"is_endless":false,"potions_floor_spawned":[16],"killed_by":"Slavers","ascension_level":4}}