{"host":"Fun","time":1608943975,"event":{"mods":["BaseMod","Colored Map","Filter the Spire","Minty Spire (QoL Compilation)","Relic Stats","StSLib"],"gold_per_floor":[210,17,17,17,37,37,72,72,72,72,106,106,121,137,137,228,228,249,249,249,429,448,448,488,497,523,562,590,599,115,135,144,248,275,300,300,316,27,61,61,105,35,35,35,75,87,149,185,206,218],"floor_reached":51,"playtime":1565,"items_purged":["Strike_G","Strike_G"],"score":1436,"play_id":"892d245c-14d7-4b9d-bf23-cbf762ea8e09","local_time":"20201225195255","is_ascension_mode":true,"campfire_choices":[{"data":"Poisoned Stab","floor":6,"key":"SMITH"},{"data":"Neutralize","floor":10,"key":"SMITH"},{"data":"Bane","floor":12,"key":"SMITH"},{"data":"Blade Dance","floor":15,"key":"SMITH"},{"floor":23,"key":"REST"},{"floor":25,"key":"REST"},{"floor":29,"key":"REST"},{"floor":32,"key":"REST"},{"floor":40,"key":"REST"},{"floor":46,"key":"REST"},{"floor":49,"key":"REST"}],"circlet_count":0,"master_deck":["AscendersBane","Defend_G","Defend_G","Defend_G","Defend_G","Defend_G","Survivor","Neutralize+1","Poisoned Stab+1","Flying Knee","Blade Dance+1","Bane+1","Catalyst","Dash","Corpse Explosion","Necronomicurse","Backflip","PiercingWail","Acrobatics","Blur","Footwork","Escape Plan","PiercingWail","Blind","Crippling Poison","Adrenaline","All Out Attack+1","Unload+1","Sucker Punch+1","Dodge and Roll","Apotheosis","PiercingWail","Backflip","Cloak And Dagger","Well Laid Plans","Backflip+1","Bullet Time"],"relics":["Ring of the Snake","WarpedTongs","Oddly Smooth Stone","Bronze Scales","Strawberry","Golden Idol","Dream Catcher","Anchor","Fusion Hammer","Necronomicon","CeramicFish","Bag of Marbles","Du-Vu Doll","Paper Crane","Astrolabe","Mango","InkBottle","Smiling Mask","MawBank"],"acts_visited":["Exordium","TheCity","TheBeyond"],"potions_floor_usage":[24,33,50,50,50,50],"damage_taken":[{"damage":0,"enemies":"Jaw Worm","floor":1,"turns":7},{"damage":0,"enemies":"2 Louse","floor":5,"turns":2},{"damage":10,"enemies":"Lagavulin","floor":7,"turns":8},{"damage":14,"enemies":"Gremlin Nob","floor":11,"turns":4},{"damage":0,"enemies":"Small Slimes","floor":13,"turns":3},{"damage":0,"enemies":"Looter","floor":14,"turns":2},{"damage":7,"enemies":"Hexaghost","floor":16,"turns":9},{"damage":0,"enemies":"Shell Parasite","floor":18,"turns":4},{"damage":3,"enemies":"2 Thieves","floor":22,"turns":2},{"damage":15,"enemies":"Slavers","floor":24,"turns":3},{"damage":4,"enemies":"Book of Stabbing","floor":27,"turns":5},{"damage":7,"enemies":"Shelled Parasite and Fungi","floor":28,"turns":4},{"damage":1,"enemies":"Snecko","floor":31,"turns":4},{"damage":30,"enemies":"Collector","floor":33,"turns":8},{"damage":0,"enemies":"3 Shapes","floor":35,"turns":5},{"damage":0,"enemies":"3 Darklings","floor":37,"turns":2},{"damage":0,"enemies":"Transient","floor":39,"turns":5},{"damage":18,"enemies":"Reptomancer","floor":41,"turns":7},{"damage":0,"enemies":"Giant Head","floor":45,"turns":8},{"damage":14,"enemies":"Jaw Worm Horde","floor":48,"turns":3},{"damage":6,"enemies":"Donu and Deca","floor":50,"turns":9}],"seed_played":"-4625029797353720842","potions_obtained":[{"floor":11,"key":"SkillPotion"},{"floor":14,"key":"Swift Potion"},{"floor":22,"key":"DuplicationPotion"},{"floor":27,"key":"Regen Potion"},{"floor":33,"key":"FearPotion"},{"floor":35,"key":"Dexterity Potion"},{"floor":45,"key":"EntropicBrew"}],"is_trial":false,"path_per_floor":["M","$","?","?","M","R","E","?","T","R","E","R","M","M","R","B",null,"M","?","?","?","M","R","E","R","T","E","M","R","$","M","R","B",null,"M","?","M","$","M","R","E","$","T","T","E","R","?","M","R","B",null],"character_chosen":"THE_SILENT","items_purchased":["Oddly Smooth Stone","Flying Knee","Paper Crane","Escape Plan","PiercingWail","Blind","Apotheosis","PiercingWail","Well Laid Plans"],"campfire_rested":7,"item_purchase_floors":[2,2,30,30,30,30,38,38,42],"current_hp_per_floor":[59,59,48,53,53,53,50,50,50,50,36,36,36,36,36,29,61,61,61,40,21,18,39,24,45,45,41,34,55,55,54,71,56,67,67,67,67,67,67,71,67,67,67,67,67,85,85,71,85,79],"gold":230,"neow_bonus":"HUNDRED_GOLD","is_daily":false,"chose_seed":false,"campfire_upgraded":4,"win_rate":0.0,"timestamp":1608943975,"path_taken":["M","$","?","?","?","R","E","?","T","R","E","R","M","M","R","BOSS","M","?","?","?","M","R","E","R","T","E","?","R","$","M","R","BOSS","M","?","M","$","?","R","E","$","T","?","E","R","?","?","R","BOSS"],"items_purchased_type":["Relic","Card","Relic","Card","Card","Card","Card","Card","Card"],"build_version":"2020-12-18","purchased_purges":2,"victory":true,"max_hp_per_floor":[66,66,66,71,71,71,78,71,71,71,71,71,71,71,71,71,71,71,71,71,71,71,71,71,71,71,71,71,71,71,71,71,71,71,71,71,71,71,71,71,85,85,85,85,85,85,85,85,85,85],"relic_stats":{"counters":[21,104],"Golden Idol":127,"CeramicFish":180,"Astrolabe":["All Out Attack","Unload","Sucker Punch"],"Smiling Mask":0,"MawBank":72,"WarpedTongs":[81],"Dream Catcher":7,"Bronze Scales":[276],"Necronomicon":[16],"obtain_stats":[{"Golden Idol":8,"CeramicFish":24,"Astrolabe":34,"Oddly Smooth Stone":2,"Mango":41,"Paper Crane":30,"Smiling Mask":44,"MawBank":45,"WarpedTongs":1,"Du-Vu Doll":27,"Dream Catcher":9,"Anchor":11,"Bronze Scales":3,"Strawberry":7,"Fusion Hammer":17,"Necronomicon":20,"Bag of Marbles":26,"InkBottle":43,"Ring of the Snake":0},{"Golden Idol":3,"CeramicFish":10,"Astrolabe":14,"Oddly Smooth Stone":1,"Mango":18,"Paper Crane":12,"Smiling Mask":18,"MawBank":19,"WarpedTongs":1,"Du-Vu Doll":11,"Dream Catcher":3,"Anchor":4,"Bronze Scales":1,"Strawberry":3,"Fusion Hammer":7,"Necronomicon":8,"Bag of Marbles":10,"InkBottle":18,"Ring of the Snake":0},{"Golden Idol":17,"CeramicFish":44,"Astrolabe":65,"Oddly Smooth Stone":7,"Mango":84,"Paper Crane":53,"Smiling Mask":84,"MawBank":92,"WarpedTongs":1,"Du-Vu Doll":49,"Dream Catcher":17,"Anchor":21,"Bronze Scales":7,"Strawberry":17,"Fusion Hammer":35,"Necronomicon":39,"Bag of Marbles":44,"InkBottle":84,"Ring of the Snake":0}],"InkBottle":[9],"Ring of the Snake":[42]},"card_choices":[{"not_picked":["Acrobatics","Blade Dance"],"picked":"Poisoned Stab","floor":1},{"not_picked":["Flying Knee","Distraction","Prepared"],"picked":"SKIP","floor":5},{"not_picked":["Tactician","Escape Plan"],"picked":"Blade Dance","floor":7},{"not_picked":["Dodge and Roll","Underhanded Strike"],"picked":"Bane","floor":11},{"not_picked":["All Out Attack","PiercingWail"],"picked":"Catalyst","floor":13},{"not_picked":["Outmaneuver","Backflip"],"picked":"Dash","floor":14},{"not_picked":["After Image","Venomology"],"picked":"Corpse Explosion","floor":16},{"not_picked":["All Out Attack","Quick Slash","Underhanded Strike"],"picked":"SKIP","floor":18},{"not_picked":["Outmaneuver+1","Poisoned Stab+1"],"picked":"Backflip","floor":22},{"not_picked":["Masterful Stab","Skewer+1"],"picked":"PiercingWail","floor":24},{"not_picked":["Outmaneuver","Skewer+1"],"picked":"Acrobatics","floor":25},{"not_picked":["Heel Hook+1","Unload","Setup+1"],"picked":"SKIP","floor":27},{"not_picked":["Slice","Poisoned Stab"],"picked":"Blur","floor":28},{"not_picked":["Deadly Poison","Slice"],"picked":"Footwork","floor":29},{"not_picked":["Prepared","Deflect+1","Dagger Spray"],"picked":"SKIP","floor":31},{"not_picked":["Underhanded Strike+1","Bane"],"picked":"Crippling Poison","floor":32},{"not_picked":["Tools of the Trade","Unload"],"picked":"Adrenaline","floor":33},{"not_picked":["Blade Dance","Deflect+1"],"picked":"Dodge and Roll","floor":35},{"not_picked":["Backflip","Acrobatics","Calculated Gamble"],"picked":"SKIP","floor":37},{"not_picked":["Underhanded Strike","Flechettes"],"picked":"Backflip","floor":39},{"not_picked":["Blade Dance","Masterful Stab"],"picked":"Cloak And Dagger","floor":41},{"not_picked":["Dodge and Roll","Masterful Stab"],"picked":"Backflip+1","floor":45},{"not_picked":["Dagger Throw+1","Underhanded Strike","Poisoned Stab"],"picked":"SKIP","floor":48},{"not_picked":["Dagger Throw","Slice"],"picked":"Bullet Time","floor":49}],"player_experience":115791,"relics_obtained":[{"floor":7,"key":"Strawberry"},{"floor":9,"key":"Dream Catcher"},{"floor":11,"key":"Anchor"},{"floor":20,"key":"Necronomicon"},{"floor":24,"key":"CeramicFish"},{"floor":26,"key":"Bag of Marbles"},{"floor":27,"key":"Du-Vu Doll"},{"floor":41,"key":"Mango"},{"floor":43,"key":"InkBottle"},{"floor":44,"key":"Smiling Mask"},{"floor":45,"key":"MawBank"}],"event_choices":[{"damage_healed":0,"gold_gain":0,"player_choice":"Success","damage_taken":11,"relics_obtained":["Bronze Scales"],"max_hp_gain":0,"max_hp_loss":0,"event_name":"Scrap Ooze","floor":3,"gold_loss":0},{"damage_healed":0,"gold_gain":0,"player_choice":"Donut","damage_taken":0,"max_hp_gain":5,"max_hp_loss":0,"event_name":"Big Fish","floor":4,"gold_loss":0},{"damage_healed":0,"gold_gain":0,"player_choice":"Lose Max HP","damage_taken":0,"relics_obtained":["Golden Idol"],"max_hp_gain":0,"max_hp_loss":7,"event_name":"Golden Idol","floor":8,"gold_loss":0},{"damage_healed":0,"gold_gain":0,"player_choice":"Ignored","damage_taken":0,"max_hp_gain":0,"max_hp_loss":0,"event_name":"The Mausoleum","floor":19,"gold_loss":0},{"damage_healed":0,"gold_gain":0,"player_choice":"Obtained Book","damage_taken":21,"max_hp_gain":0,"max_hp_loss":0,"event_name":"Cursed Tome","floor":20,"gold_loss":0},{"damage_healed":0,"gold_gain":180,"player_choice":"GOLD GOLD ","damage_taken":19,"max_hp_gain":0,"max_hp_loss":0,"event_name":"Knowing Skull","floor":21,"potions_obtained":[],"gold_loss":0,"cards_obtained":[]},{"damage_healed":0,"gold_gain":0,"player_choice":"Got Potions","damage_taken":0,"max_hp_gain":0,"max_hp_loss":0,"event_name":"Lab","floor":36,"gold_loss":0},{"damage_healed":0,"gold_gain":50,"player_choice":"Pray","damage_taken":0,"max_hp_gain":0,"max_hp_loss":0,"event_name":"Golden Shrine","floor":47,"gold_loss":0}],"is_beta":true,"boss_relics":[{"not_picked":["Ring of the Serpent","Ectoplasm"],"picked":"Fusion Hammer"},{"not_picked":["Runic Pyramid","Calling Bell"],"picked":"Astrolabe"}],"items_purged_floors":[30,38],"is_endless":false,"potions_floor_spawned":[11,14,16,22,27,33,35,39,45,48],"ascension_level":15}}