{"host":"k5dhp0bkccqfauyu","time":1608993890,"event":{"mods":["BaseMod","Better Note","Better Skull","Better Vampires","Colored Map","Colored Powertips","DeckTracker","Minty Spire (QoL Compilation)","Permanent Neow","StSLib","SuperFastMode"],"gold_per_floor":[112,112,125,135,13,13,39,114,161,172,172,122,16,41,41,136,436,455,455,104,118,135,135,135,163,163,178,34,60,60,74,74,179,179,189,189,199,199,74,101,101,118,167,17,17,50,50,65,65,65,65,65,16,47,47],"floor_reached":56,"playtime":2176,"items_purged":["Strike_G","Strike_G","Defend_G","Defend_G"],"score":1454,"play_id":"00ae3164-e42b-4b21-9ba3-203c5560a521","local_time":"20201227014450","is_ascension_mode":true,"campfire_choices":[{"data":"Dagger Spray","floor":6,"key":"SMITH"},{"data":"Quick Slash","floor":11,"key":"SMITH"},{"data":"Die Die Die","floor":15,"key":"SMITH"},{"data":"Terror","floor":23,"key":"SMITH"},{"data":"Calculated Gamble","floor":30,"key":"SMITH"},{"data":"Grand Finale","floor":32,"key":"SMITH"},{"floor":41,"key":"RECALL"},{"data":"Master of Strategy","floor":45,"key":"SMITH"},{"data":"Purity","floor":47,"key":"SMITH"},{"data":"Blur","floor":49,"key":"SMITH"},{"data":"Quick Slash","floor":52,"key":"SMITH"}],"circlet_count":0,"master_deck":["Defend_G","Defend_G","Defend_G","Survivor","Neutralize","Quick Slash+1","Calculated Gamble+1","Blur+1","Dagger Spray+1","Backflip","Predator","Backflip+1","Die Die Die+1","Malaise+1","CurseOfTheBell","Crippling Poison+1","Terror+1","Heel Hook+1","Apotheosis+1","Acrobatics+1","Predator+1","Grand Finale+1","Acrobatics+1","Acrobatics+1","Quick Slash+1","Escape Plan","Prepared+1","Dagger Throw+1","Master of Strategy+1","Flash of Steel","Purity+1","Tactician+1","Sucker Punch+1","Venomology+1","Concentrate+1","Prepared+1"],"relics":["Ring of the Snake","Tough Bandages","PreservedInsect","Snake Skull","Pantograph","Calling Bell","Happy Flower","Eternal Feather","Old Coin","Gremlin Horn","Du-Vu Doll","Torii","Orrery","Centennial Puzzle","Empty Cage","InkBottle","War Paint","Toxic Egg 2","Pocketwatch"],"acts_visited":["Exordium","TheCity","TheBeyond","TheEnding"],"potions_floor_usage":[7,7,16,25,46,50,54,55,55,55],"damage_taken":[{"damage":0,"enemies":"Small Slimes","floor":1,"turns":4},{"damage":0,"enemies":"Cultist","floor":3,"turns":3},{"damage":0,"enemies":"2 Louse","floor":4,"turns":3},{"damage":0,"enemies":"Lagavulin","floor":7,"turns":6},{"damage":3,"enemies":"Exordium Wildlife","floor":10,"turns":5},{"damage":0,"enemies":"Gremlin Nob","floor":14,"turns":3},{"damage":25,"enemies":"Slime Boss","floor":16,"turns":11},{"damage":9,"enemies":"Shell Parasite","floor":18,"turns":11},{"damage":0,"enemies":"3 Byrds","floor":21,"turns":3},{"damage":0,"enemies":"Snecko","floor":22,"turns":6},{"damage":8,"enemies":"Book of Stabbing","floor":25,"turns":6},{"damage":0,"enemies":"Cultist and Chosen","floor":27,"turns":3},{"damage":0,"enemies":"Gremlin Leader","floor":29,"turns":2},{"damage":0,"enemies":"Centurion and Healer","floor":31,"turns":4},{"damage":50,"enemies":"Automaton","floor":33,"turns":14},{"damage":1,"enemies":"Orb Walker","floor":35,"turns":3},{"damage":0,"enemies":"3 Shapes","floor":37,"turns":4},{"damage":0,"enemies":"Reptomancer","floor":40,"turns":3},{"damage":0,"enemies":"Writhing Mass","floor":42,"turns":6},{"damage":22,"enemies":"Nemesis","floor":46,"turns":5},{"damage":0,"enemies":"Transient","floor":48,"turns":5},{"damage":49,"enemies":"Time Eater","floor":50,"turns":10},{"damage":22,"enemies":"Shield and Spear","floor":54,"turns":5},{"damage":39,"enemies":"The Heart","floor":55,"turns":8}],"seed_played":"-2734917567109157424","potions_obtained":[{"floor":1,"key":"Poison Potion"},{"floor":2,"key":"FairyPotion"},{"floor":2,"key":"SteroidPotion"},{"floor":7,"key":"LiquidMemories"},{"floor":16,"key":"PowerPotion"},{"floor":21,"key":"BlessingOfTheForge"},{"floor":27,"key":"FairyPotion"},{"floor":33,"key":"ColorlessPotion"},{"floor":42,"key":"ColorlessPotion"},{"floor":46,"key":"Dexterity Potion"}],"is_trial":false,"path_per_floor":["M","?","M","M","$","R","E","?","T","M","R","?","$","E","R","B",null,"M","?","$","M","M","R","?","E","T","M","$","E","R","M","R","B",null,"M","?","M","?","$","E","R","M","T","$","R","E","R","M","R","B",null,"R","$","E","B",null],"character_chosen":"THE_SILENT","items_purchased":["Dagger Spray","Predator","Backflip","Gremlin Horn","Orrery","Prepared+1"],"campfire_rested":0,"item_purchase_floors":[5,13,13,20,28,53],"current_hp_per_floor":[63,63,63,63,63,63,63,52,52,49,49,49,49,49,49,38,63,54,54,54,54,54,63,63,55,55,55,55,55,63,63,63,13,63,62,62,62,52,52,52,63,63,63,63,63,41,59,59,63,14,63,63,63,41,24],"gold":47,"neow_bonus":"ONE_RARE_RELIC","is_daily":false,"chose_seed":false,"campfire_upgraded":10,"win_rate":0.0,"timestamp":1608993890,"path_taken":["M","?","M","M","?","R","E","?","T","M","R","?","$","E","R","BOSS","M","?","?","?","M","R","?","E","T","M","$","E","R","M","R","BOSS","M","?","?","?","$","E","R","M","T","?","R","E","R","?","R","BOSS","R","$","E","BOSS"],"items_purchased_type":["Card","Card","Card","Relic","Relic","Card"],"build_version":"2020-12-22","purchased_purges":4,"victory":true,"max_hp_per_floor":[63,63,63,63,63,63,63,63,63,63,63,63,63,63,63,63,63,63,63,63,63,63,63,63,63,63,63,63,63,63,63,63,63,63,63,63,63,63,63,63,63,63,63,63,63,63,63,63,63,63,63,63,63,63,63],"card_choices":[{"not_picked":["Slice","PiercingWail"],"picked":"Quick Slash","floor":1},{"not_picked":["Poisoned Stab","Sucker Punch"],"picked":"Calculated Gamble","floor":3},{"not_picked":["Cloak And Dagger","Distraction"],"picked":"Blur","floor":4},{"not_picked":["Flechettes","Deadly Poison","All Out Attack"],"picked":"SKIP","floor":7},{"not_picked":["Slice","Distraction"],"picked":"Backflip","floor":10},{"not_picked":["Skewer","Cloak And Dagger"],"picked":"Die Die Die","floor":14},{"not_picked":["Phantasmal Killer","Die Die Die"],"picked":"Malaise","floor":16},{"not_picked":["Dagger Spray","Escape Plan"],"picked":"Crippling Poison+1","floor":18},{"not_picked":["Blur","Dodge and Roll"],"picked":"Terror","floor":21},{"not_picked":["Blur","Bane+1"],"picked":"Heel Hook+1","floor":22},{"not_picked":["Blade Dance","Prepared"],"picked":"Acrobatics","floor":25},{"not_picked":["Quick Slash","Eviscerate"],"picked":"Predator+1","floor":27},{"not_picked":["Poisoned Stab+1","Dash+1"],"picked":"Grand Finale","floor":28},{"not_picked":["Riddle With Holes+1","Quick Slash"],"picked":"Acrobatics+1","floor":28},{"not_picked":["Poisoned Stab","Dodge and Roll"],"picked":"Acrobatics+1","floor":28},{"not_picked":["Underhanded Strike","Doppelganger"],"picked":"Quick Slash","floor":28},{"not_picked":["Choke","Backflip","Distraction"],"picked":"SKIP","floor":29},{"not_picked":["Choke","Backflip","Distraction"],"picked":"SKIP","floor":29},{"not_picked":["Underhanded Strike+1","Quick Slash"],"picked":"Escape Plan","floor":31},{"not_picked":["Caltrops","Poisoned Stab"],"picked":"Prepared+1","floor":35},{"not_picked":["Dagger Throw+1","PiercingWail","Slice+1"],"picked":"SKIP","floor":37},{"not_picked":["PiercingWail","Slice+1"],"picked":"Dagger Throw+1","floor":37},{"not_picked":["Transmutation","Bandage Up"],"picked":"Master of Strategy","floor":38},{"not_picked":["Secret Technique","Good Instincts"],"picked":"Flash of Steel","floor":38},{"not_picked":["Discovery","Impatience"],"picked":"Purity","floor":38},{"not_picked":["Dagger Spray+1","A Thousand Cuts"],"picked":"Tactician+1","floor":40},{"not_picked":["Outmaneuver","Blade Dance"],"picked":"Sucker Punch+1","floor":42},{"not_picked":["Poisoned Stab+1","Masterful Stab+1"],"picked":"Venomology+1","floor":46},{"not_picked":["Backstab","Distraction+1"],"picked":"Concentrate+1","floor":48},{"not_picked":["Choke","Sucker Punch+1","Blade Dance+1"],"picked":"SKIP","floor":54}],"player_experience":1829103,"relics_obtained":[{"floor":7,"key":"PreservedInsect"},{"floor":9,"key":"Snake Skull"},{"floor":14,"key":"Pantograph"},{"floor":17,"key":"Happy Flower"},{"floor":17,"key":"Eternal Feather"},{"floor":17,"key":"Old Coin"},{"floor":25,"key":"Du-Vu Doll"},{"floor":26,"key":"Torii"},{"floor":29,"key":"Centennial Puzzle"},{"floor":40,"key":"War Paint"},{"floor":46,"key":"Toxic Egg 2"},{"floor":54,"key":"Pocketwatch"}],"event_choices":[{"damage_healed":0,"gold_gain":0,"player_choice":"Got Potions","damage_taken":0,"max_hp_gain":0,"max_hp_loss":0,"event_name":"Lab","floor":2,"gold_loss":0},{"damage_healed":0,"gold_gain":75,"player_choice":"Gather Gold","damage_taken":11,"max_hp_gain":0,"max_hp_loss":0,"event_name":"World of Goop","floor":8,"gold_loss":0},{"cards_removed":["Strike_G"],"damage_healed":0,"gold_gain":0,"player_choice":"Card Removal","damage_taken":0,"max_hp_gain":0,"max_hp_loss":0,"event_name":"The Cleric","floor":12,"gold_loss":50},{"damage_healed":0,"gold_gain":0,"player_choice":"Upgraded","damage_taken":0,"max_hp_gain":0,"max_hp_loss":0,"event_name":"Upgrade Shrine","floor":19,"gold_loss":0,"cards_upgraded":["Malaise"]},{"cards_removed":["Die Die Die"],"damage_healed":0,"gold_gain":0,"player_choice":"Take \u0026 Give","damage_taken":0,"max_hp_gain":0,"max_hp_loss":0,"event_name":"betterNote:BetterNote","floor":24,"gold_loss":0,"cards_obtained":["Apotheosis"]},{"damage_healed":0,"gold_gain":0,"player_choice":"Gave Potion","damage_taken":0,"relics_obtained":["InkBottle"],"max_hp_gain":0,"max_hp_loss":0,"event_name":"WeMeetAgain","floor":36,"gold_loss":0},{"damage_healed":0,"gold_gain":0,"player_choice":"Memory 3","damage_taken":10,"max_hp_gain":0,"max_hp_loss":0,"event_name":"SensoryStone","floor":38,"gold_loss":0}],"is_beta":false,"boss_relics":[{"not_picked":["WristBlade","SacredBark"],"picked":"Calling Bell"},{"not_picked":["Busted Crown","Runic Dome"],"picked":"Empty Cage"}],"items_purged_floors":[5,20,39,44],"is_endless":false,"potions_floor_spawned":[1,7,16,21,27,33,35,42,46,54],"ascension_level":1}}