{"host":"65a95dzim48ko8ke","time":1608968637,"event":{"mods":["BaseMod","DeckTracker","Minty Spire (QoL Compilation)","Quick Restart","Rare Cards Sparkle","Slay-I","Spicy Shops","StSLib"],"gold_per_floor":[115,132,307,307,325,360,372,28,78,96,127,127,157,157,157,252,252,266,280,280,35,35,35,35,67,120,135,149,159,159,186,186,281,281,299,299,299,59,70,103,120,149,149,201,234,250,276,276,276,276],"floor_reached":51,"playtime":3769,"items_purged":["Pain","Regret"],"score":1180,"play_id":"4bdc93ef-c12b-41c5-b7b3-064dc46981be","local_time":"20201226164357","is_ascension_mode":true,"campfire_choices":[{"floor":7.0,"key":"RECALL"},{"floor":15.0,"key":"REST"},{"floor":23.0,"key":"REST"},{"floor":32.0,"key":"REST"},{"floor":49,"key":"REST"}],"circlet_count":0,"master_deck":["Strike_P+1","Strike_P","Strike_P","Defend_P","Defend_P","Defend_P","Defend_P+1","Eruption+1","Vigilance","FlurryOfBlows","EmptyBody","Doubt","FearNoEvil+1","SashWhip","MentalFortress","ThirdEye","Wallop","FearNoEvil","Vault","ThirdEye","Sanctity","Clumsy","CutThroughFate+1","CarveReality+1","Judgement","FlurryOfBlows","Scrawl","Fasting2+1","DevaForm","DeceiveReality","Halt+1","CutThroughFate","Nirvana","Wireheading+1","Wish","Nirvana+1","ClearTheMind+1","Scrawl"],"relics":["Fusion Hammer","WarpedTongs","MawBank","Potion Belt","Torii","Whetstone","White Beast Statue","Art of War","Pear","Cursed Key","Sling","MutagenicStrength","Strawberry","Omamori","Nilry\u0027s Codex","Blue Candle","SlaversCollar","Question Card","Prayer Wheel","Gremlin Horn","CaptainsWheel","Singing Bowl","Boot"],"acts_visited":["Exordium","TheCity","TheBeyond"],"potions_floor_usage":[46,47,50,50,50,50],"damage_taken":[{"damage":0.0,"enemies":"Small Slimes","floor":1.0,"turns":3.0},{"damage":0.0,"enemies":"2 Louse","floor":2.0,"turns":1.0},{"damage":5.0,"enemies":"Cultist","floor":5.0,"turns":4.0},{"damage":12.0,"enemies":"3 Sentries","floor":6.0,"turns":8.0},{"damage":0.0,"enemies":"Looter","floor":10.0,"turns":3.0},{"damage":2.0,"enemies":"Lagavulin","floor":11.0,"turns":6.0},{"damage":1.0,"enemies":"Gremlin Nob","floor":13.0,"turns":3.0},{"damage":1.0,"enemies":"Slime Boss","floor":16.0,"turns":8.0},{"damage":2.0,"enemies":"2 Thieves","floor":18.0,"turns":4.0},{"damage":2.0,"enemies":"3 Byrds","floor":19.0,"turns":5.0},{"damage":0.0,"enemies":"Gremlin Leader","floor":25.0,"turns":6.0},{"damage":8.0,"enemies":"Centurion and Healer","floor":27.0,"turns":5.0},{"damage":9.0,"enemies":"Snecko","floor":28.0,"turns":4.0},{"damage":0.0,"enemies":"3 Cultists","floor":29.0,"turns":5.0},{"damage":0.0,"enemies":"Book of Stabbing","floor":31.0,"turns":5.0},{"damage":49.0,"enemies":"Collector","floor":33.0,"turns":9.0},{"damage":2.0,"enemies":"Orb Walker","floor":35.0,"turns":4.0},{"damage":11.0,"enemies":"3 Shapes","floor":39.0,"turns":4.0},{"damage":25.0,"enemies":"Nemesis","floor":40.0,"turns":7.0},{"damage":7.0,"enemies":"Transient","floor":41.0,"turns":7.0},{"damage":0.0,"enemies":"Reptomancer","floor":42.0,"turns":5.0},{"damage":2,"enemies":"2 Orb Walkers","floor":44,"turns":5},{"damage":0,"enemies":"Giant Head","floor":45,"turns":6},{"damage":1,"enemies":"Jaw Worm Horde","floor":46,"turns":5},{"damage":26,"enemies":"Reptomancer","floor":47,"turns":8},{"damage":45,"enemies":"Time Eater","floor":50,"turns":7}],"seed_played":"2826700611190489606","potions_obtained":[{"floor":2.0,"key":"Explosive Potion"},{"floor":5.0,"key":"LiquidMemories"},{"floor":6.0,"key":"Regen Potion"},{"floor":13.0,"key":"Dexterity Potion"},{"floor":16.0,"key":"SpeedPotion"},{"floor":18.0,"key":"SkillPotion"},{"floor":19.0,"key":"Ambrosia"},{"floor":25.0,"key":"Dexterity Potion"},{"floor":27.0,"key":"SteroidPotion"},{"floor":28.0,"key":"FearPotion"},{"floor":29.0,"key":"AttackPotion"},{"floor":31.0,"key":"PowerPotion"},{"floor":33.0,"key":"Energy Potion"},{"floor":35.0,"key":"BlessingOfTheForge"},{"floor":39.0,"key":"Explosive Potion"},{"floor":40.0,"key":"Strength Potion"},{"floor":41.0,"key":"Block Potion"},{"floor":42.0,"key":"AttackPotion"},{"floor":44,"key":"SteroidPotion"},{"floor":45,"key":"FearPotion"},{"floor":46,"key":"PowerPotion"},{"floor":47,"key":"DistilledChaos"}],"is_trial":false,"path_per_floor":["M","M","?","?","M","E","R","$","T","M","E","?","E","?","R","B",null,"M","M","?","$","?","R","$","E","T","M","M","M","?","E","R","B",null,"M","?","?","$","M","E","M","E","T","?","E","M","E","?","R","B",null],"character_chosen":"WATCHER","items_purchased":["Potion Belt","Torii","MentalFortress","Sling","DevaForm"],"campfire_rested":4,"item_purchase_floors":[8,8,8,21,38],"current_hp_per_floor":[72,72,72,72,67,55,55,55,55,55,53,53,62,46,70,69,82,80,78,78,78,78,82,82,89,89,81,72,72,56,56,82,33,89,87,87,87,87,85,60,53,53,53,51,51,50,24,24,50,5],"gold":276,"neow_bonus":"BOSS_RELIC","is_daily":false,"chose_seed":false,"campfire_upgraded":0,"win_rate":0.0,"timestamp":1608968637,"path_taken":["M","M","?","?","M","E","R","$","T","?","E","?","E","?","R","BOSS","M","M","?","$","?","R","?","E","T","M","M","M","?","E","R","BOSS","M","?","?","$","M","E","M","E","T","?","E","M","E","?","R","BOSS"],"items_purchased_type":["Relic","Relic","Card","Relic","Card"],"build_version":"2020-12-22","purchased_purges":2,"victory":true,"max_hp_per_floor":[72,72,72,72,72,72,72,72,72,72,72,72,82,82,82,82,82,82,82,82,82,82,82,82,89,89,89,89,89,89,89,89,89,89,89,89,89,89,89,89,89,89,89,89,89,89,89,89,89,89],"card_choices":[{"not_picked":["ClearTheMind","EmptyFist"],"picked":"FlurryOfBlows","floor":1.0},{"not_picked":["Scrawl","ThirdEye"],"picked":"EmptyBody","floor":2.0},{"not_picked":["ClearTheMind","SashWhip"],"picked":"FearNoEvil","floor":5.0},{"not_picked":["PathToVictory","ClearTheMind"],"picked":"SashWhip","floor":6.0},{"not_picked":["SpiritShield","Weave"],"picked":"ThirdEye","floor":10.0},{"not_picked":["FlyingSleeves","CrushJoints"],"picked":"Wallop","floor":11.0},{"not_picked":["EmptyFist","FlyingSleeves"],"picked":"FearNoEvil","floor":13.0},{"not_picked":["ConjureBlade","Scrawl"],"picked":"Vault","floor":16.0},{"not_picked":["FlyingSleeves+1","PathToVictory","Prostrate"],"picked":"SKIP","floor":18.0},{"not_picked":["Worship","EmptyFist"],"picked":"ThirdEye","floor":19.0},{"not_picked":["Consecrate","Weave+1"],"picked":"Sanctity","floor":25.0},{"not_picked":["MasterReality","EmptyFist"],"picked":"CutThroughFate+1","floor":27.0},{"not_picked":["FlurryOfBlows","ReachHeaven+1"],"picked":"CarveReality+1","floor":28.0},{"not_picked":["FlyingSleeves+1","Nirvana"],"picked":"Judgement","floor":29.0},{"not_picked":["FlyingSleeves","Prostrate"],"picked":"FlurryOfBlows","floor":31.0},{"not_picked":["ConjureBlade","Establishment"],"picked":"Scrawl","floor":33.0},{"not_picked":["WreathOfFlame","Worship"],"picked":"Fasting2+1","floor":35.0},{"not_picked":["Worship+1","CutThroughFate"],"picked":"DeceiveReality","floor":39.0},{"not_picked":["Worship+1","Study+1"],"picked":"Halt+1","floor":40.0},{"not_picked":["Halt","FollowUp","SashWhip+1"],"picked":"CutThroughFate","floor":41.0},{"not_picked":["CutThroughFate","Wireheading+1","SashWhip+1"],"picked":"Nirvana","floor":42.0},{"not_picked":["WreathOfFlame","Protect+1","Brilliance"],"picked":"Wireheading+1","floor":44},{"not_picked":["CutThroughFate","Swivel","ClearTheMind+1"],"picked":"Wish","floor":45},{"not_picked":["ThirdEye","CrushJoints+1","FlurryOfBlows"],"picked":"Nirvana+1","floor":46},{"not_picked":["FollowUp","PathToVictory+1","EmptyBody"],"picked":"ClearTheMind+1","floor":46},{"not_picked":["SashWhip+1","ReachHeaven+1","ForeignInfluence"],"picked":"Scrawl","floor":47}],"player_experience":269873,"relics_obtained":[{"floor":6.0,"key":"MawBank"},{"floor":9.0,"key":"Whetstone"},{"floor":11.0,"key":"White Beast Statue"},{"floor":13.0,"key":"Pear"},{"floor":25.0,"key":"Strawberry"},{"floor":26.0,"key":"Omamori"},{"floor":30.0,"key":"Nilry\u0027s Codex"},{"floor":31.0,"key":"Blue Candle"},{"floor":40.0,"key":"Question Card"},{"floor":42.0,"key":"Prayer Wheel"},{"floor":43.0,"key":"Gremlin Horn"},{"floor":44,"key":"CaptainsWheel"},{"floor":45,"key":"Singing Bowl"},{"floor":47,"key":"Boot"}],"event_choices":[{"damage_healed":0.0,"max_hp_gain":0.0,"max_hp_loss":0.0,"gold_gain":175.0,"event_name":"Liars Game","player_choice":"AGREE","floor":3.0,"gold_loss":0.0,"damage_taken":0.0,"cards_obtained":["Doubt"]},{"damage_healed":0.0,"max_hp_gain":0.0,"max_hp_loss":0.0,"gold_gain":0.0,"event_name":"Accursed Blacksmith","player_choice":"Rummage","floor":4.0,"gold_loss":0.0,"damage_taken":0.0,"relics_obtained":["WarpedTongs"],"cards_obtained":["Pain"]},{"damage_healed":0.0,"max_hp_gain":0.0,"max_hp_loss":0.0,"gold_gain":0.0,"event_name":"Big Fish","player_choice":"Box","floor":12.0,"gold_loss":0.0,"damage_taken":0.0,"relics_obtained":["Art of War"],"cards_obtained":["Regret"]},{"damage_healed":0.0,"max_hp_gain":0.0,"max_hp_loss":0.0,"gold_gain":0.0,"event_name":"Shining Light","player_choice":"Entered Light","floor":14.0,"gold_loss":0.0,"damage_taken":16.0,"cards_upgraded":["Defend_P","Strike_P"]},{"damage_healed":0.0,"max_hp_gain":0.0,"max_hp_loss":0.0,"gold_gain":0.0,"event_name":"Ghosts","player_choice":"Ignored","floor":20.0,"gold_loss":0.0,"damage_taken":0.0},{"damage_healed":0.0,"max_hp_gain":0.0,"max_hp_loss":0.0,"gold_gain":0.0,"event_name":"Drug Dealer","player_choice":"Inject Mutagens","floor":22.0,"gold_loss":0.0,"damage_taken":0.0,"relics_obtained":["MutagenicStrength"]},{"damage_healed":0.0,"max_hp_gain":0.0,"max_hp_loss":0.0,"gold_gain":0.0,"event_name":"Cursed Tome","player_choice":"Obtained Book","floor":30.0,"gold_loss":0.0,"damage_taken":16.0},{"cards_removed":["Strike_P"],"damage_healed":0.0,"max_hp_gain":0.0,"max_hp_loss":0.0,"gold_gain":0.0,"event_name":"Falling","player_choice":"Removed Attack","floor":36.0,"gold_loss":0.0,"damage_taken":0.0},{"damage_healed":0.0,"max_hp_gain":0.0,"max_hp_loss":0.0,"gold_gain":0.0,"event_name":"Tomb of Lord Red Mask","player_choice":"Ignored","floor":37.0,"gold_loss":0.0,"damage_taken":0.0},{"damage_healed":0,"gold_gain":0,"player_choice":"Fight","damage_taken":0,"max_hp_gain":0,"max_hp_loss":0,"event_name":"Mysterious Sphere","floor":44,"gold_loss":0},{"damage_healed":0,"gold_gain":0,"player_choice":"Ignored","damage_taken":0,"max_hp_gain":0,"max_hp_loss":0,"event_name":"The Moai Head","floor":48,"gold_loss":0}],"is_beta":false,"boss_relics":[{"not_picked":["Calling Bell","Snecko Eye"],"picked":"Cursed Key"},{"not_picked":["Busted Crown","Empty Cage"],"picked":"SlaversCollar"}],"items_purged_floors":[8,21],"is_endless":false,"potions_floor_spawned":[2,5,6,13,16,18,19,25,27,28,29,31,33,35,39,40,41,42,44,45,46,47],"ascension_level":4}}