{"host":"tx5rs9w5gu6e5gf0","time":1608995376,"event":{"mods":["BaseMod","Colored Map","Filter the Spire","Minty Spire (QoL Compilation)","Relic Stats","StSLib"],"gold_per_floor":[99,99,99,99,99,99,54,54,54,54,54,54,54,9,9,9,9],"floor_reached":16,"playtime":649,"items_purged":[],"score":114,"play_id":"0e0e387b-d01a-4604-a9b2-9a8d08480f53","local_time":"20201226160936","is_ascension_mode":false,"campfire_choices":[{"floor":8,"key":"REST"},{"data":"Hologram","floor":11,"key":"SMITH"},{"data":"Consume","floor":15,"key":"SMITH"}],"circlet_count":0,"master_deck":["Strike_B","Strike_B","Strike_B","Defend_B","Defend_B","Defend_B","Defend_B","Zap","Dualcast","Darkness","Hologram+1","Sweeping Beam","Gash","Biased Cognition","Genetic Algorithm","FTL","Self Repair","Consume+1"],"relics":["Ectoplasm","Kunai","PreservedInsect","Oddly Smooth Stone"],"acts_visited":["Exordium"],"potions_floor_usage":[6,10,10,16],"damage_taken":[{"damage":0,"enemies":"Cultist","floor":1,"turns":4},{"damage":5,"enemies":"Small Slimes","floor":2,"turns":4},{"damage":10,"enemies":"Jaw Worm","floor":4,"turns":4},{"damage":12,"enemies":"Blue Slaver","floor":5,"turns":3},{"damage":10,"enemies":"3 Sentries","floor":6,"turns":4},{"damage":12,"enemies":"Exordium Thugs","floor":7,"turns":4},{"damage":5,"enemies":"Gremlin Gang","floor":10,"turns":6},{"damage":18,"enemies":"Lagavulin","floor":13,"turns":7},{"damage":0,"enemies":"Looter","floor":14,"turns":4},{"damage":29,"enemies":"Slime Boss","floor":16,"turns":3}],"seed_played":"-7257151838391439110","potions_obtained":[{"floor":2,"key":"Block Potion"},{"floor":5,"key":"PowerPotion"},{"floor":6,"key":"SkillPotion"},{"floor":10,"key":"Explosive Potion"}],"is_trial":false,"path_per_floor":["M","M","?","M","M","E","M","R","T","M","R","?","E","M","R","B"],"character_chosen":"DEFECT","items_purchased":[],"campfire_rested":1,"item_purchase_floors":[],"current_hp_per_floor":[75,70,63,53,41,31,19,41,41,36,36,36,18,25,25,0,0],"gold":9,"neow_bonus":"BOSS_RELIC","is_daily":false,"chose_seed":false,"campfire_upgraded":2,"win_rate":0.0,"timestamp":1608995376,"path_taken":["M","?","?","M","M","E","M","R","T","M","R","?","E","M","R","BOSS"],"items_purchased_type":[],"build_version":"2020-12-22","purchased_purges":0,"victory":false,"max_hp_per_floor":[75,75,75,75,75,75,75,75,75,75,75,75,75,75,75,75,75],"relic_stats":{"counters":[10,43],"Ectoplasm":360,"PreservedInsect":28,"Kunai":[3],"obtain_stats":[{"Oddly Smooth Stone":13,"Ectoplasm":0,"PreservedInsect":9,"Kunai":6,"Cracked Core":0},{"Oddly Smooth Stone":8,"Ectoplasm":0,"PreservedInsect":6,"Kunai":5,"Cracked Core":0},{"Oddly Smooth Stone":36,"Ectoplasm":0,"PreservedInsect":23,"Kunai":19,"Cracked Core":0}]},"card_choices":[{"not_picked":["Sweeping Beam","Steam Power"],"picked":"Darkness","floor":1},{"not_picked":["Sweeping Beam","Stack"],"picked":"Hologram","floor":2},{"not_picked":["Conserve Battery","Fusion"],"picked":"Sweeping Beam","floor":4},{"not_picked":["Beam Cell","Barrage"],"picked":"Gash","floor":5},{"not_picked":["Go for the Eyes","White Noise"],"picked":"Biased Cognition","floor":6},{"not_picked":["Force Field","Coolheaded"],"picked":"Genetic Algorithm","floor":7},{"not_picked":["Compile Driver","Auto Shields"],"picked":"FTL","floor":10},{"not_picked":["Sweeping Beam","Cold Snap"],"picked":"Self Repair","floor":13},{"not_picked":["FTL","Coolheaded"],"picked":"Consume","floor":14}],"player_experience":5781,"relics_obtained":[{"floor":6,"key":"Kunai"},{"floor":9,"key":"PreservedInsect"},{"floor":13,"key":"Oddly Smooth Stone"}],"event_choices":[{"cards_removed":["Strike_B"],"damage_healed":0,"gold_gain":0,"player_choice":"Card Removal","damage_taken":7,"max_hp_gain":0,"max_hp_loss":0,"event_name":"Golden Wing","floor":3,"gold_loss":0},{"damage_healed":0,"gold_gain":100,"player_choice":"Pray","damage_taken":0,"max_hp_gain":0,"max_hp_loss":0,"event_name":"Golden Shrine","floor":12,"gold_loss":0}],"is_beta":false,"boss_relics":[],"items_purged_floors":[],"is_endless":false,"potions_floor_spawned":[2,5,6,10],"killed_by":"Slime Boss","ascension_level":0}}