{"host":"w4b7hmige5bnqipq","time":1608945944,"event":{"mods":["BaseMod","Minty Spire (QoL Compilation)","Rare Cards Sparkle","SuperFastMode","everything is the same but u backflip on backflip","slay the spire mod where everything is the same but ironclad has a cowboy hat"],"gold_per_floor":[112,130,205,355,355,355,382,392,417,437,322,322,322],"floor_reached":12,"playtime":229,"items_purged":["Doubt"],"score":206,"play_id":"adb82912-3d0f-4666-8159-fa9d23a46702","local_time":"20201226102544","is_ascension_mode":true,"campfire_choices":[{"data":"Well Laid Plans","floor":6,"key":"SMITH"}],"circlet_count":0,"master_deck":["AscendersBane","Strike_G","Strike_G","Strike_G","Strike_G","Strike_G","Defend_G","Defend_G","Defend_G","Defend_G","Defend_G","Survivor","Neutralize","Acrobatics","Well Laid Plans+1","Footwork","Deflect","Malaise","Masterful Stab"],"relics":["Ring of the Snake","NeowsBlessing","Mercury Hourglass","Nunchaku","Bronze Scales"],"acts_visited":["Exordium"],"potions_floor_usage":[],"damage_taken":[{"damage":0,"enemies":"Jaw Worm","floor":1,"turns":1},{"damage":0,"enemies":"Small Slimes","floor":2,"turns":1},{"damage":0,"enemies":"Lagavulin","floor":7,"turns":1},{"damage":0,"enemies":"2 Louse","floor":8,"turns":3},{"damage":30,"enemies":"Exordium Wildlife","floor":10,"turns":6},{"damage":8,"enemies":"Gremlin Nob","floor":12,"turns":3}],"seed_played":"-1613231625766561262","potions_obtained":[{"floor":1,"key":"LiquidBronze"},{"floor":2,"key":"SteroidPotion"}],"is_trial":false,"path_per_floor":["M","M","?","?","T","R","E","M","T","M","$","E"],"character_chosen":"THE_SILENT","items_purchased":["Masterful Stab"],"campfire_rested":0,"item_purchase_floors":[11],"current_hp_per_floor":[59,59,48,48,48,48,48,48,48,18,18,10,10],"gold":322,"neow_bonus":"THREE_ENEMY_KILL","is_daily":false,"chose_seed":false,"campfire_upgraded":1,"win_rate":0.0,"timestamp":1608945944,"path_taken":["M","M","?","?","?","R","E","M","T","M","$","E"],"items_purchased_type":["Card"],"build_version":"2020-12-22","purchased_purges":1,"victory":false,"max_hp_per_floor":[66,66,66,66,66,66,66,66,66,66,66,66,66],"card_choices":[{"not_picked":["Quick Slash","Dagger Spray"],"picked":"Acrobatics","floor":1},{"not_picked":["Quick Slash","Underhanded Strike"],"picked":"Well Laid Plans","floor":2},{"not_picked":["Deadly Poison","Escape Plan"],"picked":"Footwork","floor":7},{"not_picked":["Acrobatics","Dodge and Roll"],"picked":"Deflect","floor":8},{"not_picked":["Deflect","Leg Sweep"],"picked":"Malaise","floor":10}],"player_experience":424778,"relics_obtained":[{"floor":5,"key":"Mercury Hourglass"},{"floor":7,"key":"Nunchaku"},{"floor":9,"key":"Bronze Scales"}],"event_choices":[{"damage_healed":0,"gold_gain":75,"player_choice":"Gather Gold","damage_taken":11,"max_hp_gain":0,"max_hp_loss":0,"event_name":"World of Goop","floor":3,"gold_loss":0},{"damage_healed":0,"gold_gain":150,"player_choice":"AGREE","damage_taken":0,"max_hp_gain":0,"max_hp_loss":0,"event_name":"Liars Game","floor":4,"gold_loss":0,"cards_obtained":["Doubt"]}],"is_beta":false,"boss_relics":[],"items_purged_floors":[11],"is_endless":false,"potions_floor_spawned":[1,2],"killed_by":"Gremlin Nob","ascension_level":20}}