{"host":"7cp3z5w0tcrrm8ys","time":1608980506,"event":{"mods":["AchievementEnabler","BaseMod","DeckTracker","Minty Spire (QoL Compilation)","StSLib","SuperFastMode"],"gold_per_floor":[111,111,127,140,315,315,349,349,430,442,460,472,59,59,59,155,155,168,186,101,101,101,101,129,140,140,173,173,183,198,212,212,212,212],"floor_reached":33,"playtime":858,"items_purged":["Doubt"],"score":542,"play_id":"d6fdad52-4ada-475d-b88f-d3f4ddac4cf1","local_time":"20201226200146","is_ascension_mode":true,"campfire_choices":[{"data":"Eruption","floor":6.0,"key":"SMITH"},{"floor":8.0,"key":"REST"},{"data":"Adaptation","floor":15.0,"key":"SMITH"},{"floor":23.0,"key":"REST"},{"floor":28.0,"key":"REST"},{"floor":32.0,"key":"REST"}],"circlet_count":0,"master_deck":["AscendersBane","Strike_P+1","Strike_P","Strike_P+1","Strike_P","Defend_P+1","Defend_P","Defend_P","Defend_P","Eruption+1","Vigilance","Conclude+1","TalkToTheHand","Adaptation+1","FlurryOfBlows","Crescendo+1","Halt+1","Master of Strategy+1","DeceiveReality+1","Necronomicurse","LessonLearned+1","ClearTheMind+1","Decay","Fasting2+1"],"relics":["PureWater","Bronze Scales","Toxic Egg 2","Medical Kit","Cursed Key","Tiny Chest","Necronomicon","Yang","Frozen Egg 2","Question Card"],"acts_visited":["Exordium","TheCity"],"potions_floor_usage":[],"damage_taken":[{"damage":0.0,"enemies":"Small Slimes","floor":1.0,"turns":4.0},{"damage":0.0,"enemies":"Jaw Worm","floor":3.0,"turns":2.0},{"damage":0.0,"enemies":"Cultist","floor":4.0,"turns":2.0},{"damage":32.0,"enemies":"Gremlin Nob","floor":7.0,"turns":4.0},{"damage":23.0,"enemies":"Exordium Thugs","floor":10.0,"turns":5.0},{"damage":0.0,"enemies":"Large Slime","floor":11.0,"turns":2.0},{"damage":0.0,"enemies":"2 Fungi Beasts","floor":12.0,"turns":2.0},{"damage":0.0,"enemies":"Hexaghost","floor":16.0,"turns":6.0},{"damage":0.0,"enemies":"Spheric Guardian","floor":18.0,"turns":2.0},{"damage":0.0,"enemies":"Chosen","floor":19.0,"turns":3.0},{"damage":50.0,"enemies":"Slavers","floor":24.0,"turns":4.0},{"damage":7.0,"enemies":"Snecko","floor":25.0,"turns":6.0},{"damage":11.0,"enemies":"Book of Stabbing","floor":27.0,"turns":4.0},{"damage":20.0,"enemies":"Snake Plant","floor":29.0,"turns":4.0},{"damage":0.0,"enemies":"Centurion and Healer","floor":30.0,"turns":6.0},{"damage":12.0,"enemies":"Chosen and Byrds","floor":31.0,"turns":4.0},{"damage":93,"enemies":"Champ","floor":33,"turns":11}],"seed_played":"4601770123651309654","potions_obtained":[{"floor":1.0,"key":"PowerPotion"},{"floor":3.0,"key":"CultistPotion"},{"floor":12.0,"key":"StancePotion"},{"floor":16.0,"key":"FairyPotion"},{"floor":18.0,"key":"CultistPotion"},{"floor":24.0,"key":"Regen Potion"},{"floor":25.0,"key":"AttackPotion"}],"is_trial":false,"path_per_floor":["M","?","M","M","?","R","E","R","T","M","M","M","$","?","R","B",null,"M","M","?","?","?","R","E","M","T","E","R","M","M","M","R","B"],"character_chosen":"WATCHER","items_purchased":["Medical Kit","Master of Strategy+1"],"campfire_rested":4,"item_purchase_floors":[13,13],"current_hp_per_floor":[72,56,56,56,56,56,24,47,47,24,24,24,24,24,24,24,65,65,65,65,49,49,72,22,30,30,19,42,22,22,10,33,0,0],"gold":212,"neow_bonus":"TEN_PERCENT_HP_BONUS","is_daily":false,"chose_seed":false,"campfire_upgraded":2,"win_rate":0.0,"timestamp":1608980506,"path_taken":["M","?","M","M","?","R","E","R","T","M","M","M","$","?","R","BOSS","M","?","?","?","?","R","E","M","T","E","R","M","M","M","R","BOSS"],"items_purchased_type":["Relic","Card"],"build_version":"2020-12-22","purchased_purges":1,"victory":false,"max_hp_per_floor":[79,79,79,79,79,79,79,79,79,79,79,79,79,79,79,79,79,79,79,79,79,79,79,79,79,79,79,79,79,79,79,79,79,79],"card_choices":[{"not_picked":["Tantrum","Evaluate"],"picked":"Conclude","floor":1.0},{"not_picked":["ThirdEye","WaveOfTheHand"],"picked":"TalkToTheHand","floor":3.0},{"not_picked":["FollowUp","DeceiveReality"],"picked":"Adaptation","floor":4.0},{"not_picked":["CrushJoints","CutThroughFate"],"picked":"FlurryOfBlows","floor":7.0},{"not_picked":["Swivel+1","ThirdEye+1","PathToVictory+1"],"picked":"SKIP","floor":10.0},{"not_picked":["DeceiveReality+1","Fasting2"],"picked":"Crescendo+1","floor":11.0},{"not_picked":["Adaptation","PathToVictory+1"],"picked":"Halt+1","floor":12.0},{"not_picked":["SashWhip","Halt+1","Worship+1"],"picked":"SKIP","floor":18.0},{"not_picked":["FlyingSleeves","Evaluate+1"],"picked":"DeceiveReality+1","floor":19.0},{"not_picked":["FollowUp","ThirdEye+1"],"picked":"ClearTheMind+1","floor":24.0},{"not_picked":["Evaluate+1","Prostrate+1","JustLucky+1"],"picked":"SKIP","floor":25.0},{"not_picked":["CarveReality","Protect+1","CutThroughFate"],"picked":"SKIP","floor":27.0},{"not_picked":["PathToVictory+1","ClearTheMind+1","BowlingBash","Prostrate+1"],"picked":"SKIP","floor":29.0},{"not_picked":["EmptyMind+1","Wallop","ClearTheMind+1"],"picked":"Fasting2+1","floor":30.0},{"not_picked":["Wireheading+1","ClearTheMind+1","FollowUp","SignatureMove"],"picked":"SKIP","floor":31.0}],"player_experience":793764,"relics_obtained":[{"floor":7.0,"key":"Bronze Scales"},{"floor":9.0,"key":"Toxic Egg 2"},{"floor":21.0,"key":"Necronomicon"},{"floor":24.0,"key":"Yang"},{"floor":26.0,"key":"Frozen Egg 2"},{"floor":27.0,"key":"Question Card"}],"event_choices":[{"damage_healed":0.0,"max_hp_gain":0.0,"max_hp_loss":0.0,"gold_gain":0.0,"event_name":"Shining Light","player_choice":"Entered Light","floor":2.0,"gold_loss":0.0,"damage_taken":16.0,"cards_upgraded":["Strike_P","Defend_P"]},{"damage_healed":0.0,"max_hp_gain":0.0,"max_hp_loss":0.0,"gold_gain":175.0,"event_name":"Liars Game","player_choice":"AGREE","floor":5.0,"gold_loss":0.0,"damage_taken":0.0,"cards_obtained":["Doubt"]},{"damage_healed":0.0,"max_hp_gain":0.0,"max_hp_loss":0.0,"gold_gain":0.0,"event_name":"The Woman in Blue","player_choice":"Bought 0 Potions","floor":14.0,"gold_loss":0.0,"damage_taken":0.0},{"damage_healed":0.0,"max_hp_gain":0.0,"max_hp_loss":0.0,"gold_gain":0.0,"event_name":"Addict","player_choice":"Obtained Relic","floor":20.0,"gold_loss":85.0,"damage_taken":0.0,"relics_obtained":["Tiny Chest"]},{"damage_healed":0.0,"max_hp_gain":0.0,"max_hp_loss":0.0,"gold_gain":0.0,"event_name":"Cursed Tome","player_choice":"Obtained Book","floor":21.0,"gold_loss":0.0,"damage_taken":16.0},{"damage_healed":0.0,"max_hp_gain":0.0,"max_hp_loss":0.0,"gold_gain":0.0,"event_name":"Match and Keep!","player_choice":"1 cards matched","floor":22.0,"gold_loss":0.0,"damage_taken":0.0,"cards_obtained":["LessonLearned"]}],"is_beta":false,"boss_relics":[{"not_picked":["Empty Cage","SacredBark"],"picked":"Cursed Key"}],"items_purged_floors":[13],"is_endless":false,"potions_floor_spawned":[1,3,12,16,18,24,25],"killed_by":"Champ","ascension_level":12}}