{"host":"49c2zf0lajbcs427","time":1608941298,"event":{"mods":["AchievementEnabler","BaseMod","Colored Map","Colored Powertips","Highlight Path","Key Reminder","Minty Spire (QoL Compilation)","Relic Stats","StSLib"],"gold_per_floor":[112,45,55,69,69,99,99,127,127,127,157,177,191,219,219,315,315,326,346,346,85,96,126,126,160,207,233,4,23,23,34,34,131,131,144,104,114,77,87,87,120,120,120,150,162,172,172,187,187,187,187,187,60,86,86],"floor_reached":56,"playtime":3393,"items_purged":["Doubt"],"score":1503,"play_id":"c4c7e0c6-462f-4ff5-9580-14b1a86fa9fc","local_time":"20201226130818","is_ascension_mode":true,"campfire_choices":[{"data":"Whirlwind","floor":7,"key":"SMITH"},{"data":"Double Tap","floor":10,"key":"SMITH"},{"data":"Clothesline","floor":15,"key":"SMITH"},{"data":"Feed","floor":24,"key":"SMITH"},{"data":"Offering","floor":32,"key":"SMITH"},{"floor":40,"key":"REST"},{"floor":42,"key":"REST"},{"floor":49,"key":"RECALL"},{"floor":52,"key":"REST"}],"circlet_count":0,"master_deck":["Strike_R","Strike_R+1","Strike_R","Strike_R","Defend_R","Defend_R+1","Defend_R","Defend_R+1","Bash+1","Wild Strike","Whirlwind+1","Battle Trance","Double Tap+1","Pain","Clothesline+1","Reaper+1","Rupture+1","Armaments+1","Feed+1","Offering+1","Dual Wield+1","Shrug It Off","Bloodletting","Battle Trance","Shrug It Off","Bloodletting","Pain","Shockwave+1","Warcry+1","Heavy Blade"],"relics":["Cursed Key","Frozen Egg 2","Eternal Feather","White Beast Statue","Nunchaku","Happy Flower","SacredBark","Oddly Smooth Stone","Whetstone","Boot","Centennial Puzzle","Blood Vial","Potion Belt","War Paint","Fusion Hammer","Letter Opener","Shuriken","Orichalcum"],"acts_visited":["Exordium","TheCity","TheBeyond","TheEnding"],"potions_floor_usage":[6,18,21,23,25,25,55,55,55],"damage_taken":[{"damage":0,"enemies":"Small Slimes","floor":1,"turns":2},{"damage":1,"enemies":"Cultist","floor":3,"turns":3},{"damage":0,"enemies":"2 Louse","floor":4,"turns":2},{"damage":16,"enemies":"Gremlin Nob","floor":6,"turns":3},{"damage":8,"enemies":"3 Sentries","floor":8,"turns":5},{"damage":3,"enemies":"Gremlin Nob","floor":11,"turns":2},{"damage":1,"enemies":"Lots of Slimes","floor":12,"turns":2},{"damage":7,"enemies":"Looter","floor":13,"turns":2},{"damage":0,"enemies":"3 Sentries","floor":14,"turns":1},{"damage":52,"enemies":"The Guardian","floor":16,"turns":11},{"damage":5,"enemies":"Spheric Guardian","floor":18,"turns":2},{"damage":9,"enemies":"Shell Parasite","floor":19,"turns":2},{"damage":18,"enemies":"Cultist and Chosen","floor":22,"turns":6},{"damage":8,"enemies":"Book of Stabbing","floor":23,"turns":4},{"damage":31,"enemies":"Slavers","floor":25,"turns":5},{"damage":14,"enemies":"Book of Stabbing","floor":27,"turns":3},{"damage":15,"enemies":"Sentry and Sphere","floor":29,"turns":3},{"damage":16,"enemies":"Snake Plant","floor":31,"turns":3},{"damage":27,"enemies":"Collector","floor":33,"turns":4},{"damage":25,"enemies":"3 Shapes","floor":35,"turns":3},{"damage":9,"enemies":"3 Darklings","floor":37,"turns":1},{"damage":43,"enemies":"Writhing Mass","floor":39,"turns":8},{"damage":76,"enemies":"Nemesis","floor":41,"turns":7},{"damage":20,"enemies":"Giant Head","floor":44,"turns":4},{"damage":49,"enemies":"4 Shapes","floor":45,"turns":6},{"damage":45,"enemies":"Transient","floor":46,"turns":5},{"damage":19,"enemies":"Jaw Worm Horde","floor":48,"turns":3},{"damage":70,"enemies":"Awakened One","floor":50,"turns":5},{"damage":26,"enemies":"Shield and Spear","floor":54,"turns":3},{"damage":118,"enemies":"The Heart","floor":55,"turns":6}],"seed_played":"916478743763813473","potions_obtained":[{"floor":3,"key":"SkillPotion"},{"floor":6,"key":"EssenceOfSteel"},{"floor":8,"key":"FearPotion"},{"floor":11,"key":"SmokeBomb"},{"floor":12,"key":"Energy Potion"},{"floor":14,"key":"Block Potion"},{"floor":16,"key":"AttackPotion"},{"floor":18,"key":"ColorlessPotion"},{"floor":22,"key":"Block Potion"},{"floor":23,"key":"ColorlessPotion"},{"floor":25,"key":"FearPotion"},{"floor":27,"key":"CultistPotion"},{"floor":29,"key":"BlessingOfTheForge"},{"floor":31,"key":"FairyPotion"},{"floor":33,"key":"Block Potion"},{"floor":35,"key":"SteroidPotion"},{"floor":45,"key":"LiquidMemories"},{"floor":48,"key":"Regen Potion"}],"is_trial":false,"path_per_floor":["M","$","M","M","?","E","R","E","T","R","E","M","M","E","R","B",null,"M","M","?","$","M","E","R","E","T","E","$","M","?","M","R","B",null,"M","?","M","$","M","R","E","R","T","E","M","M","?","M","R","B",null,"R","$","E","B",null],"character_chosen":"IRONCLAD","items_purchased":["Whirlwind","Fruit Juice","Whetstone","War Paint","Battle Trance","LiquidMemories","Heavy Blade"],"campfire_rested":3,"item_purchase_floors":[2,21,21,28,38,53,53],"current_hp_per_floor":[80,80,79,79,79,63,63,55,55,61,58,57,50,50,59,7,80,75,66,66,76,68,60,69,78,78,98,98,83,83,69,81,101,102,84,84,77,77,40,88,33,81,81,92,93,72,72,118,118,52,122,122,122,126,92],"gold":86,"neow_bonus":"BOSS_RELIC","is_daily":false,"chose_seed":false,"campfire_upgraded":5,"win_rate":0.0,"timestamp":1608941298,"path_taken":["M","$","M","M","?","E","R","E","T","R","E","?","M","E","R","BOSS","M","?","?","$","?","E","R","E","T","E","?","M","?","M","R","BOSS","M","?","M","$","M","R","E","R","T","E","?","M","?","?","R","BOSS","R","$","E","BOSS"],"items_purchased_type":["Card","Potion","Relic","Relic","Card","Potion","Card"],"build_version":"2020-12-22","purchased_purges":1,"victory":true,"max_hp_per_floor":[80,80,80,80,80,80,80,80,80,80,80,80,80,80,80,80,80,80,80,80,90,90,90,90,94,94,98,98,98,98,98,98,102,102,106,106,106,106,110,110,110,110,110,110,114,114,114,118,118,122,122,122,122,126,126],"relic_stats":{"Happy Flower":[31],"counters":[30,116],"Eternal Feather":66,"Whetstone":["Reaper","Strike_R"],"Letter Opener":[123],"War Paint":["Defend_R","Defend_R"],"Orichalcum":[0],"Cursed Key":3,"Boot":[28],"Blood Vial":20,"Nunchaku":[20],"Centennial Puzzle":[45],"Shuriken":[10],"obtain_stats":[{"Potion Belt":27,"Happy Flower":14,"SacredBark":17,"Oddly Smooth Stone":20,"Eternal Feather":8,"Whetstone":21,"Letter Opener":41,"Frozen Egg 2":6,"War Paint":28,"Orichalcum":54,"Cursed Key":0,"Boot":23,"Burning Blood":0,"White Beast Statue":9,"Blood Vial":26,"keyreminder:keyreminder":43,"Nunchaku":11,"Centennial Puzzle":25,"Shuriken":44,"Fusion Hammer":34},{"Potion Belt":16,"Happy Flower":9,"SacredBark":10,"Oddly Smooth Stone":12,"Eternal Feather":5,"Whetstone":12,"Letter Opener":23,"Frozen Egg 2":4,"War Paint":16,"Orichalcum":29,"Cursed Key":0,"Boot":14,"Burning Blood":0,"White Beast Statue":5,"Blood Vial":15,"keyreminder:keyreminder":23,"Nunchaku":6,"Centennial Puzzle":15,"Shuriken":24,"Fusion Hammer":19},{"Potion Belt":55,"Happy Flower":22,"SacredBark":33,"Oddly Smooth Stone":37,"Eternal Feather":15,"Whetstone":37,"Letter Opener":84,"Frozen Egg 2":10,"War Paint":55,"Orichalcum":110,"Cursed Key":0,"Boot":47,"Burning Blood":0,"White Beast Statue":15,"Blood Vial":52,"keyreminder:keyreminder":84,"Nunchaku":17,"Centennial Puzzle":52,"Shuriken":88,"Fusion Hammer":65}]},"card_choices":[{"not_picked":["Sword Boomerang","Armaments"],"picked":"Wild Strike","floor":1},{"not_picked":["Twin Strike","Disarm","True Grit"],"picked":"SKIP","floor":3},{"not_picked":["True Grit","Anger"],"picked":"Battle Trance","floor":4},{"not_picked":["Sentinel","Blood for Blood"],"picked":"Double Tap","floor":6},{"not_picked":["Whirlwind","Blood for Blood","Wild Strike"],"picked":"SKIP","floor":8},{"not_picked":["Heavy Blade","True Grit","Bludgeon"],"picked":"SKIP","floor":11},{"not_picked":["Warcry","Iron Wave","Flex"],"picked":"SKIP","floor":12},{"not_picked":["True Grit","Body Slam","Twin Strike"],"picked":"SKIP","floor":13},{"not_picked":["Iron Wave","Burning Pact"],"picked":"Clothesline","floor":14},{"not_picked":["Offering","Barricade+1"],"picked":"Reaper","floor":16},{"not_picked":["Anger","Power Through"],"picked":"Rupture+1","floor":18},{"not_picked":["Pommel Strike","Rage"],"picked":"Armaments","floor":19},{"not_picked":["Wild Strike+1","Headbutt","Body Slam+1"],"picked":"SKIP","floor":22},{"not_picked":["Metallicize+1","Wild Strike"],"picked":"Feed","floor":23},{"not_picked":["Pummel","Hemokinesis"],"picked":"Offering","floor":25},{"not_picked":["Flex","Carnage+1"],"picked":"Dual Wield+1","floor":27},{"not_picked":["Metallicize+1","Carnage"],"picked":"Shrug It Off","floor":29},{"not_picked":["Dark Embrace+1","Armaments","Flex+1"],"picked":"SKIP","floor":31},{"not_picked":["Whirlwind","Wild Strike+1","Iron Wave"],"picked":"SKIP","floor":35},{"not_picked":["Warcry","Havoc","Carnage"],"picked":"SKIP","floor":37},{"not_picked":["Wild Strike","Dark Embrace+1"],"picked":"Shrug It Off","floor":39},{"not_picked":["True Grit","Cleave"],"picked":"Bloodletting","floor":41},{"not_picked":["Twin Strike+1","Berserk+1","Headbutt"],"picked":"SKIP","floor":44},{"not_picked":["Whirlwind+1","Sever Soul","Fire Breathing+1"],"picked":"SKIP","floor":45},{"not_picked":["Pommel Strike","Searing Blow+1"],"picked":"Shockwave","floor":46},{"not_picked":["Anger","Entrench+1"],"picked":"Warcry+1","floor":48},{"not_picked":["Thunderclap+1","Metallicize+1","Dropkick+1"],"picked":"SKIP","floor":54}],"player_experience":2158438,"relics_obtained":[{"floor":6,"key":"Frozen Egg 2"},{"floor":8,"key":"Eternal Feather"},{"floor":9,"key":"White Beast Statue"},{"floor":11,"key":"Nunchaku"},{"floor":14,"key":"Happy Flower"},{"floor":23,"key":"Boot"},{"floor":25,"key":"Centennial Puzzle"},{"floor":26,"key":"Blood Vial"},{"floor":27,"key":"Potion Belt"},{"floor":41,"key":"Letter Opener"},{"floor":44,"key":"Shuriken"},{"floor":54,"key":"Orichalcum"}],"event_choices":[{"cards_removed":["Strike_R"],"damage_healed":0,"gold_gain":0,"player_choice":"Offered Basic","damage_taken":0,"max_hp_gain":0,"max_hp_loss":0,"event_name":"Bonfire Elementals","floor":5,"gold_loss":0},{"damage_healed":0,"gold_gain":0,"player_choice":"Gave Potion","damage_taken":0,"relics_obtained":["Oddly Smooth Stone"],"max_hp_gain":0,"max_hp_loss":0,"event_name":"WeMeetAgain","floor":20,"gold_loss":0},{"damage_healed":0,"gold_gain":0,"player_choice":"Read","damage_taken":0,"max_hp_gain":0,"max_hp_loss":0,"event_name":"The Library","floor":30,"gold_loss":0,"cards_obtained":["Bloodletting"]},{"damage_healed":0,"gold_gain":0,"player_choice":"Upgraded Two","damage_taken":0,"max_hp_gain":0,"max_hp_loss":0,"event_name":"Designer","floor":36,"gold_loss":40,"cards_upgraded":["Bash","Armaments"]},{"damage_healed":0,"gold_gain":0,"player_choice":"Upgraded","damage_taken":0,"max_hp_gain":0,"max_hp_loss":0,"event_name":"Upgrade Shrine","floor":47,"gold_loss":0,"cards_upgraded":["Shockwave"]}],"is_beta":false,"boss_relics":[{"not_picked":["Mark of Pain","SlaversCollar"],"picked":"SacredBark"},{"not_picked":["Calling Bell","Tiny House"],"picked":"Fusion Hammer"}],"items_purged_floors":[28],"is_endless":false,"potions_floor_spawned":[3,6,8,11,12,13,14,16,18,19,22,23,25,27,29,31,33,35,37,39,41,44,45,46,48,54],"ascension_level":1}}