{"host":"6hzrz31j95f2y1pa","time":1608963141,"event":{"mods":["BaseMod","Colored Map","Downfall","Minty Spire (QoL Compilation)","StSLib"],"gold_per_floor":[0,10,10,30,46,78,104,119,146,166,316,316,241,274,292,393,393,393,405,431,443,463,463,490,524,449,477,490,415,31,31,51,149,149,149,163,174,184,184,419,419,419,449,459,489,500,520,552,569,569,569,600,49,49,49],"floor_reached":56,"playtime":3307,"items_purged":["Slimebound:Icky","champ:Defend"],"score":1876,"play_id":"81fee45d-181c-4885-a91c-9449a4deb838","local_time":"20201226011221","is_ascension_mode":true,"campfire_choices":[{"data":"champ:Taunt","floor":1,"key":"SMITH"},{"data":"champ:GladiatorStyle","floor":13,"key":"SMITH"},{"data":"champ:VampiricStrike","floor":18,"key":"SMITH"},{"floor":26,"key":"RECALL"},{"data":"champ:Duel","floor":29,"key":"SMITH"},{"data":"champ:FaceSlap","floor":35,"key":"SMITH"},{"data":"champ:Shatter","floor":42,"key":"SMITH"},{"data":"champ:RageSigil","floor":54,"key":"SMITH"}],"circlet_count":0,"master_deck":["champ:Strike","champ:Strike","champ:Strike","champ:Strike+1","champ:Defend","champ:Defend+1","champ:Defend+1","champ:Execute+1","champ:Taunt+1","champ:GladiatorStyle+1","champ:RecklessLeap","champ:BringItOn","champ:GladiatorStyle","champ:FlashCut","Regret","champ:RageSigil+1","champ:Duel+1","champ:VampiricStrike+1","champ:BladeFlurry","champ:Aggression+1","champ:Encircle","champ:RageSigil+1","champ:PerfectedStrike","champ:FaceSlap+1","champ:AdrenalArmor","Necronomicurse","champ:RisingSlash","champ:MurderStrike","champ:Shatter+1","champ:RageSigil+1","champ:GutPunch+1","champ:StanceDance+1","champ:BerserkersShout+1","champ:GladiatorsShout+1","champ:ShieldSigil+1","champ:SwordSigil+1"],"relics":["champ:ChampionCrown","hexamod:BolsterEngine","Blue Candle","downfall:HeartBlessingBlue","Toy Ornithopter","Coffee Dripper","Red Mask","Anchor","War Paint","downfall:HeartBlessingGreen","The Courier","downfall:HeartBlessingRed","champ:SignatureFinisher","Necronomicon","Black Star","InkBottle","Toxic Egg 2","Mercury Hourglass","Blood Vial","Thread and Needle","Mango","champ:FightingForDummies","Boot","Centennial Puzzle","Oddly Smooth Stone","Medical Kit","Happy Flower","StrikeDummy"],"acts_visited":["Exordium","TheCity","TheBeyond","TheEnding"],"potions_floor_usage":[16,16,20,27,43,55],"damage_taken":[{"damage":1,"enemies":"2 Louse","floor":2,"turns":4},{"damage":10,"enemies":"Small Slimes","floor":4,"turns":4},{"damage":9,"enemies":"Jaw Worm","floor":5,"turns":4},{"damage":33,"enemies":"Lagavulin","floor":6,"turns":8},{"damage":15,"enemies":"Blue Slaver","floor":8,"turns":3},{"damage":27,"enemies":"3 Sentries","floor":9,"turns":8},{"damage":20,"enemies":"2 Fungi Beasts","floor":10,"turns":3},{"damage":33,"enemies":"Gremlin Nob","floor":14,"turns":3},{"damage":13,"enemies":"Large Slime","floor":15,"turns":5},{"damage":40,"enemies":"downfall:Defect","floor":16,"turns":8},{"damage":17,"enemies":"Shell Parasite","floor":19,"turns":4},{"damage":66,"enemies":"Masked Bandits","floor":20,"turns":5},{"damage":30,"enemies":"3 Byrds","floor":21,"turns":6},{"damage":13,"enemies":"Snake Plant","floor":22,"turns":4},{"damage":44,"enemies":"Gremlin Leader","floor":25,"turns":8},{"damage":31,"enemies":"Slavers","floor":27,"turns":7},{"damage":34,"enemies":"Snecko","floor":28,"turns":4},{"damage":18,"enemies":"downfall:FleeingMerchant","floor":30,"turns":4},{"damage":5,"enemies":"Centurion and Healer","floor":32,"turns":3},{"damage":44,"enemies":"downfall:Watcher","floor":33,"turns":6},{"damage":25,"enemies":"3 Darklings","floor":36,"turns":4},{"damage":1,"enemies":"3 Shapes","floor":37,"turns":4},{"damage":52,"enemies":"Jaw Worm Horde","floor":38,"turns":5},{"damage":38,"enemies":"downfall:FleeingMerchant","floor":40,"turns":4},{"damage":41,"enemies":"Reptomancer","floor":43,"turns":6},{"damage":66,"enemies":"Maw","floor":44,"turns":5},{"damage":94,"enemies":"Nemesis","floor":45,"turns":5},{"damage":60,"enemies":"Spire Growth","floor":46,"turns":4},{"damage":24,"enemies":"3 Darklings","floor":47,"turns":3},{"damage":53,"enemies":"Giant Head","floor":48,"turns":3},{"damage":26,"enemies":"4 Shapes","floor":49,"turns":9},{"damage":143,"enemies":"downfall:Silent","floor":50,"turns":9},{"damage":57,"enemies":"downfall:CharBossMerchant","floor":52,"turns":4},{"damage":225,"enemies":"downfall:NeowBoss","floor":55,"turns":19}],"seed_played":"8121352862018144176","potions_obtained":[{"floor":2,"key":"SteroidPotion"},{"floor":6,"key":"EssenceOfSteel"},{"floor":14,"key":"champ:UltimateStancePotion"},{"floor":21,"key":"Guardian:BlockOnCardUsePotion"},{"floor":28,"key":"CultistPotion"},{"floor":32,"key":"Regen Potion"},{"floor":37,"key":"Block Potion"},{"floor":44,"key":"champ:TechniquePotion"}],"is_trial":false,"path_per_floor":["R","M","?","M","M","E","T","M","E","M","?","?","R","E","M","B",null,"R","M","?","M","M","?","T","E","R","E","M","R","$","?","M","B",null,"R","M","M","M","?","$","T","R","E","M","E","M","M","E","M","B",null,"E","$","R","B",null],"character_chosen":"THE_CHAMP","items_purchased":["champ:FaceSlap","champ:AdrenalArmor","champ:SignatureFinisher","Oddly Smooth Stone","Medical Kit","Happy Flower","StrikeDummy"],"campfire_rested":0,"item_purchase_floors":[30,30,30,53,53,53,53],"current_hp_per_floor":[99,98,98,93,89,71,71,71,59,54,54,54,64,46,38,23,94,94,107,80,73,78,78,78,87,87,90,75,75,106,90,118,118,118,118,97,117,118,118,118,118,118,118,106,111,118,115,130,131,102,125,111,111,111,74],"gold":49,"neow_bonus":"TWENTY_PERCENT_HP_BONUS","is_daily":false,"chose_seed":false,"campfire_upgraded":7,"win_rate":0.0,"timestamp":1608963141,"path_taken":["R","M","?","M","M","E","T","M","E","M","?","?","R","E","M","BOSS","R","M","?","M","M","?","T","E","R","E","M","R","$","?","M","BOSS","R","M","M","M","?","$","T","R","E","M","E","M","M","E","M","BOSS","E","$","R","BOSS"],"items_purchased_type":["Card","Card","Relic","Relic","Relic","Relic","Relic"],"build_version":"2020-12-22","purchased_purges":2,"victory":true,"max_hp_per_floor":[108,108,108,108,108,108,108,108,108,108,108,108,118,118,118,118,118,118,118,118,118,118,118,118,118,118,118,118,118,118,118,118,118,118,118,118,118,118,118,118,118,118,118,118,118,118,118,132,132,132,132,132,132,132,132],"card_choices":[{"not_picked":["champ:FocusedGladiator","champ:DefensiveShout"],"picked":"champ:GladiatorStyle","floor":2},{"not_picked":["champ:Circumvent","champ:RapidStrikes"],"picked":"champ:RecklessLeap","floor":4},{"not_picked":["champ:ShieldSigil","champ:EnragedBash"],"picked":"champ:BringItOn","floor":5},{"not_picked":["champ:Control","champ:FocusedDefense","champ:DefensiveShout"],"picked":"SKIP","floor":6},{"not_picked":["champ:FocusedBerserking","champ:CrookedStrike","champ:BerserkersShout"],"picked":"SKIP","floor":8},{"not_picked":["champ:SwordSigil","champ:EnchantCrown"],"picked":"champ:GladiatorStyle","floor":9},{"not_picked":["champ:HeartStrike","champ:BringItOn"],"picked":"champ:FlashCut","floor":10},{"not_picked":["champ:PerfectedStrike","champ:FaceSlap"],"picked":"champ:RageSigil","floor":14},{"not_picked":["champ:SteelEdge","champ:BerserkersShout"],"picked":"champ:Duel","floor":15},{"not_picked":["champ:ShieldThrow","champ:HoldFirm"],"picked":"champ:VampiricStrike","floor":16},{"not_picked":["champ:PerfectedStrike","champ:DefensiveShout"],"picked":"champ:BladeFlurry","floor":19},{"not_picked":["champ:ShieldThrow","champ:BladeFlurry"],"picked":"champ:Aggression","floor":21},{"not_picked":["champ:Balance","champ:EndlessRage"],"picked":"champ:Encircle","floor":22},{"not_picked":["champ:StanceDance","champ:DefensiveShout+1"],"picked":"champ:RageSigil+1","floor":25},{"not_picked":["champ:RageSigil+1","champ:BerserkerStyle","champ:CrookedStrike"],"picked":"SKIP","floor":27},{"not_picked":["champ:FalseCounter+1","champ:Encircle","champ:GladiatorsShout"],"picked":"SKIP","floor":28},{"not_picked":["champ:TornadoPunch+1","champ:GladiatorsShout+1"],"picked":"champ:PerfectedStrike","floor":30},{"not_picked":["champ:AdrenalArmor","champ:FanOfKnives+1"],"picked":"champ:RisingSlash","floor":32},{"not_picked":["champ:SteelEdge","champ:VampiricStrike"],"picked":"champ:MurderStrike","floor":33},{"not_picked":["champ:Backstep+1","champ:FocusedGladiator","champ:RageSigil"],"picked":"SKIP","floor":36},{"not_picked":["champ:FanOfKnives","champ:Riposte+1"],"picked":"champ:Shatter","floor":37},{"not_picked":["champ:RapidStrikes","champ:DefensiveShout"],"picked":"champ:RageSigil+1","floor":38},{"not_picked":["champ:FocusedGladiator+1","champ:RecklessLeap","champ:DefensiveStyle"],"picked":"SKIP","floor":40},{"not_picked":["champ:FlashCut","champ:BringItOn+1"],"picked":"champ:GutPunch+1","floor":43},{"not_picked":["champ:RecklessLeap","champ:FanOfKnives+1"],"picked":"champ:StanceDance+1","floor":44},{"not_picked":["champ:Haymaker+1","champ:Balance+1","champ:AdrenalArmor+1"],"picked":"SKIP","floor":45},{"not_picked":["champ:EnragedBash","champ:PerfectedStrike+1"],"picked":"champ:BerserkersShout+1","floor":46},{"not_picked":["champ:AdrenalArmor+1","champ:VampiricStrike","champ:Backstep+1"],"picked":"SKIP","floor":47},{"not_picked":["champ:DefensiveShout+1","champ:CheapShot"],"picked":"champ:GladiatorsShout+1","floor":48},{"not_picked":["champ:TornadoPunch","champ:Circumvent+1"],"picked":"champ:ShieldSigil+1","floor":49},{"not_picked":["champ:ViciousMockery+1","champ:DancingMaster"],"picked":"champ:SwordSigil+1","floor":52}],"player_experience":1248337,"relics_obtained":[{"floor":6,"key":"hexamod:BolsterEngine"},{"floor":9,"key":"Blue Candle"},{"floor":14,"key":"Toy Ornithopter"},{"floor":20,"key":"Red Mask"},{"floor":24,"key":"Anchor"},{"floor":25,"key":"War Paint"},{"floor":27,"key":"The Courier"},{"floor":31,"key":"Necronomicon"},{"floor":41,"key":"InkBottle"},{"floor":43,"key":"Toxic Egg 2"},{"floor":43,"key":"Mercury Hourglass"},{"floor":45,"key":"Blood Vial"},{"floor":45,"key":"Thread and Needle"},{"floor":48,"key":"Mango"},{"floor":48,"key":"champ:FightingForDummies"},{"floor":52,"key":"Boot"},{"floor":52,"key":"Centennial Puzzle"}],"event_choices":[{"damage_healed":0,"gold_gain":0,"player_choice":"Fought Bandits","damage_taken":0,"max_hp_gain":0,"max_hp_loss":0,"event_name":"Masked Bandits","floor":20,"gold_loss":0}],"is_beta":false,"boss_relics":[{"not_picked":["Cursed Key","downfall:Hecktoplasm"],"picked":"Coffee Dripper"},{"not_picked":["SlaversCollar","Velvet Choker"],"picked":"Black Star"}],"items_purged_floors":[30,40],"is_endless":false,"potions_floor_spawned":[2,6,14,15,21,28,32,37,38,44,46,48],"ascension_level":9}}