{"host":"hvwa7s69zr612rn1","time":1608974526,"event":{"mods":["BaseMod","Colored Map","Colored Powertips","Downfall","Minty Spire (QoL Compilation)","StSLib"],"gold_per_floor":[99,116,165,165,179,194,220,253,267,267,302,322,9,25,45,150,150,150,162,182,182,182,216,216,216,227,262,272,283,283,383,394,491,491,491,502,518,528,542,567,567,617,630,660,671,686,704,732,748,748],"floor_reached":51,"playtime":4867,"items_purged":[],"score":1071,"play_id":"e51dd807-6ce9-43f5-8bb9-eb8429b3b20c","local_time":"20201226202206","is_ascension_mode":true,"campfire_choices":[{"data":"Guardian:CompilePackage","floor":1,"key":"SMITH"},{"data":"Guardian:CompilePackage","floor":10,"key":"SMITH"},{"data":"Guardian:PrismaticBarrier","floor":18,"key":"SMITH"},{"data":"Guardian:CompilePackage","floor":30,"key":"SMITH"},{"data":"Guardian:DecasProtection","floor":35,"key":"SMITH"}],"circlet_count":0,"master_deck":["Guardian:Strike_Guardian","Guardian:Strike_Guardian","Guardian:Strike_Guardian","Guardian:Defend_Guardian","Guardian:Defend_Guardian","Guardian:Defend_Guardian","Guardian:Defend_Guardian","Guardian:CurlUp","Guardian:TwinSlam","Guardian:CompilePackage+1","Guardian:BronzeOrb","Guardian:Repulse","Guardian:CompilePackage+1","Guardian:DecasProtection+1","Guardian:ChargeCore","Guardian:PrismaticBarrier+1","Guardian:FastForward","Guardian:DecasProtection","Shame","Guardian:Preprogram","Guardian:CompilePackage+1","Guardian:TimeCapacitor+1","Guardian:GatlingBeam","Guardian:Gem_Purple","Guardian:Gem_Crimson","Injury","Guardian:TimeSifter","Guardian:TimeSifter","Guardian:Gem_Yellow","Guardian:ChargeUp+1","Guardian:GatlingBeam+1"],"relics":["Guardian:ModeShifter","Lantern","Bag of Marbles","Darkstone Periapt","Toy Ornithopter","FossilizedHelix","Black Star","Orichalcum","StrikeDummy","Boot","Ice Cream","Incense Burner","Blue Candle","Cursed Key","Regal Pillow","Bottled Lightning","Molten Egg 2","Dead Branch","Bottled Tornado","Blood Vial","Gremlin Horn","Calipers"],"acts_visited":["Exordium","TheCity","TheBeyond"],"potions_floor_usage":[14,16,20,27,38,40,47,50,50],"damage_taken":[{"damage":0,"enemies":"Cultist","floor":2,"turns":3},{"damage":0,"enemies":"Jaw Worm","floor":5,"turns":3},{"damage":2,"enemies":"Small Slimes","floor":6,"turns":3},{"damage":10,"enemies":"3 Sentries","floor":8,"turns":5},{"damage":0,"enemies":"3 Louse","floor":9,"turns":2},{"damage":0,"enemies":"Gremlin Nob","floor":11,"turns":2},{"damage":0,"enemies":"Large Slime","floor":12,"turns":2},{"damage":0,"enemies":"downfall:FleeingMerchant","floor":13,"turns":4},{"damage":0,"enemies":"Gremlin Gang","floor":14,"turns":3},{"damage":2,"enemies":"Exordium Wildlife","floor":15,"turns":6},{"damage":1,"enemies":"downfall:Watcher","floor":16,"turns":5},{"damage":0,"enemies":"Shell Parasite","floor":19,"turns":5},{"damage":0,"enemies":"Centurion and Healer","floor":20,"turns":3},{"damage":12,"enemies":"Gremlin Leader","floor":23,"turns":6},{"damage":11,"enemies":"Sentry and Sphere","floor":26,"turns":6},{"damage":0,"enemies":"Slavers","floor":27,"turns":7},{"damage":0,"enemies":"3 Cultists","floor":28,"turns":2},{"damage":8,"enemies":"Snake Plant","floor":29,"turns":3},{"damage":1,"enemies":"Centurion and Healer","floor":32,"turns":5},{"damage":17,"enemies":"downfall:Defect","floor":33,"turns":10},{"damage":15,"enemies":"3 Shapes","floor":36,"turns":4},{"damage":0,"enemies":"3 Darklings","floor":37,"turns":3},{"damage":0,"enemies":"4 Shapes","floor":38,"turns":1},{"damage":0,"enemies":"Transient","floor":39,"turns":5},{"damage":0,"enemies":"Giant Head","floor":40,"turns":5},{"damage":21,"enemies":"Mind Bloom Boss Battle","floor":42,"turns":7},{"damage":0,"enemies":"Jaw Worm Horde","floor":43,"turns":2},{"damage":0,"enemies":"Nemesis","floor":44,"turns":5},{"damage":0,"enemies":"3 Darklings","floor":45,"turns":3},{"damage":2,"enemies":"4 Shapes","floor":46,"turns":3},{"damage":0,"enemies":"Spire Growth","floor":47,"turns":3},{"damage":0,"enemies":"Giant Head","floor":48,"turns":6},{"damage":25,"enemies":"Maw","floor":49,"turns":7},{"damage":1,"enemies":"downfall:Ironclad","floor":50,"turns":6}],"seed_played":"-5053877459467519938","potions_obtained":[{"floor":2,"key":"LiquidBronze"},{"floor":5,"key":"BlessingOfTheForge"},{"floor":6,"key":"SteroidPotion"},{"floor":11,"key":"hexamod:EctoCoolerPotion"},{"floor":14,"key":"SteroidPotion"},{"floor":16,"key":"PowerPotion"},{"floor":19,"key":"Energy Potion"},{"floor":23,"key":"Guardian:DefensiveModePotion"},{"floor":25,"key":"CultistPotion"},{"floor":28,"key":"AttackPotion"},{"floor":32,"key":"PowerPotion"},{"floor":36,"key":"DuplicationPotion"},{"floor":42,"key":"Swift Potion"},{"floor":45,"key":"ColorlessPotion"}],"is_trial":false,"path_per_floor":["R","M","T","?","M","M","T","E","M","R","E","M","$","M","M","B",null,"R","M","M","?","?","E","T","?","M","E","M","M","R","?","M","B",null,"R","M","M","M","M","E","T","?","M","E","M","M","M","E","M","B",null],"character_chosen":"GUARDIAN","items_purchased":["FossilizedHelix"],"campfire_rested":0,"item_purchase_floors":[13],"current_hp_per_floor":[72,72,72,72,72,70,70,60,60,60,60,60,60,65,63,67,72,72,72,72,78,78,66,66,66,55,60,60,52,52,52,51,34,78,78,63,63,68,68,73,79,58,58,58,60,60,67,69,46,57],"gold":748,"neow_bonus":"THREE_RARE_CARDS","is_daily":false,"chose_seed":false,"campfire_upgraded":5,"win_rate":0.0,"timestamp":1608974526,"path_taken":["R","M","?","?","M","M","T","E","M","R","E","?","$","M","M","BOSS","R","M","M","?","?","E","T","?","M","E","M","M","R","?","M","BOSS","R","M","M","M","?","E","T","?","M","E","M","M","M","E","M","BOSS"],"items_purchased_type":["Relic"],"build_version":"2020-12-22","purchased_purges":0,"victory":true,"max_hp_per_floor":[72,72,72,72,72,72,72,72,72,72,72,72,72,72,72,72,72,72,72,72,78,78,78,78,78,78,78,78,78,78,78,78,78,78,78,78,78,78,78,78,84,84,84,84,84,84,84,84,84,84],"card_choices":[{"not_picked":["Guardian:AncientConstruct","Guardian:StasisStrike"],"picked":"Guardian:CompilePackage","floor":0},{"not_picked":["Guardian:BronzeArmor","Guardian:Gem_Red"],"picked":"Guardian:BronzeOrb","floor":2},{"not_picked":["Guardian:PiercingHide","Guardian:Gem_Red","Guardian:RollAttack"],"picked":"SKIP","floor":5},{"not_picked":["Guardian:Gem_Green","Guardian:Planning"],"picked":"Guardian:CompilePackage","floor":6},{"not_picked":["Guardian:TimeBomb","Guardian:Harden"],"picked":"Guardian:DecasProtection","floor":8},{"not_picked":["Guardian:RefractedBeam","Guardian:VentSteam"],"picked":"Guardian:ChargeCore","floor":9},{"not_picked":["Guardian:Recover","Guardian:RollAttack"],"picked":"Guardian:Gem_White","floor":11},{"not_picked":["Guardian:PolyBeam","Guardian:PiercingHide","Guardian:Repulse"],"picked":"SKIP","floor":12},{"not_picked":["Guardian:Gem_Green","Guardian:Planning","Guardian:Gem_Cyan"],"picked":"SKIP","floor":13},{"not_picked":["Guardian:TimeBomb","Guardian:CrystalBeam"],"picked":"Guardian:PrismaticBarrier","floor":14},{"not_picked":["Guardian:ChargeUp","Guardian:TemporalShield"],"picked":"Guardian:Gem_Orange","floor":15},{"not_picked":["Guardian:SphericShield","Guardian:AncientConstruct"],"picked":"Guardian:FastForward","floor":16},{"not_picked":["Guardian:PiercingHide+1","Guardian:PolyBeam","Guardian:Recover"],"picked":"SKIP","floor":19},{"not_picked":["Guardian:VentSteam","Guardian:RefractedBeam"],"picked":"Guardian:DecasProtection","floor":20},{"not_picked":["Guardian:PolyBeam","Guardian:Gem_Cyan"],"picked":"Guardian:Preprogram","floor":23},{"not_picked":["Guardian:RollAttack","Guardian:Suspension+1","Guardian:Recover"],"picked":"SKIP","floor":26},{"not_picked":["Guardian:PrismaticBeam","Guardian:CrystalBeam+1","Guardian:TemporalStrike"],"picked":"SKIP","floor":27},{"not_picked":["Guardian:Gem_Cyan","Guardian:Incinerate","Guardian:Planning"],"picked":"SKIP","floor":28},{"not_picked":["Guardian:PolyBeam","Guardian:TemporalShield+1"],"picked":"Guardian:CompilePackage","floor":29},{"not_picked":["Guardian:ChargeUp","Guardian:CrystalBeam"],"picked":"Guardian:TimeCapacitor+1","floor":32},{"not_picked":["Guardian:GemFinder","Guardian:ConstructionForm"],"picked":"Guardian:GatlingBeam","floor":33},{"not_picked":["Guardian:ShieldCharger","Guardian:ChargeCore","Guardian:SentryBeam+1"],"picked":"SKIP","floor":36},{"not_picked":["Guardian:CrystalBeam","Guardian:Repulse+1","Guardian:SpikerProtocol"],"picked":"SKIP","floor":37},{"not_picked":["Guardian:TemporalStrike+1","Guardian:PrismaticBeam"],"picked":"Guardian:Gem_Purple","floor":38},{"not_picked":["Guardian:SentryBeam+1","Guardian:Gem_Green","Guardian:ChargeCore"],"picked":"SKIP","floor":39},{"not_picked":["Guardian:Gem_Blue","Guardian:RollAttack+1"],"picked":"Guardian:Gem_Crimson","floor":40},{"not_picked":["Guardian:PrimingBeam+1","Guardian:ShieldCharger"],"picked":"Guardian:TimeSifter","floor":43},{"not_picked":["Guardian:GemFire+1","Guardian:TimeBomb+1"],"picked":"Guardian:TimeSifter","floor":44},{"not_picked":["Guardian:TemporalStrike+1","Guardian:PrismaticBeam+1","Guardian:ChargeCore+1"],"picked":"SKIP","floor":45},{"not_picked":["Guardian:VentSteam+1","Guardian:Suspension+1"],"picked":"Guardian:Gem_Yellow","floor":46},{"not_picked":["Guardian:Recover","Guardian:DonusPower+1"],"picked":"Guardian:ChargeUp+1","floor":47},{"not_picked":["Guardian:Gem_Fragmented","Guardian:Emergency","Guardian:FloatingOrbs"],"picked":"SKIP","floor":48},{"not_picked":["Guardian:FuturePlans+1","Guardian:VentSteam"],"picked":"Guardian:GatlingBeam+1","floor":49}],"player_experience":392045,"relics_obtained":[{"floor":3,"key":"Lantern"},{"floor":7,"key":"Bag of Marbles"},{"floor":8,"key":"Darkstone Periapt"},{"floor":11,"key":"Toy Ornithopter"},{"floor":23,"key":"StrikeDummy"},{"floor":23,"key":"Boot"},{"floor":24,"key":"Ice Cream"},{"floor":27,"key":"Incense Burner"},{"floor":27,"key":"Blue Candle"},{"floor":40,"key":"Regal Pillow"},{"floor":40,"key":"Bottled Lightning"},{"floor":41,"key":"Molten Egg 2"},{"floor":42,"key":"Dead Branch"},{"floor":44,"key":"Bottled Tornado"},{"floor":44,"key":"Blood Vial"},{"floor":48,"key":"Gremlin Horn"},{"floor":48,"key":"Calipers"}],"event_choices":[{"damage_healed":0,"gold_gain":0,"cards_transformed":["Guardian:Strike_Guardian"],"player_choice":"Transformed","damage_taken":0,"max_hp_gain":0,"max_hp_loss":0,"event_name":"Transmorgrifier","floor":4,"gold_loss":0,"cards_obtained":["Guardian:Repulse"]},{"damage_healed":0,"gold_gain":0,"player_choice":"Stole Relic","damage_taken":0,"relics_obtained":["Orichalcum"],"max_hp_gain":0,"max_hp_loss":0,"event_name":"Addict","floor":21,"gold_loss":0,"cards_obtained":["Shame"]},{"damage_healed":0,"gold_gain":0,"player_choice":"Ignored","damage_taken":0,"max_hp_gain":0,"max_hp_loss":0,"event_name":"Vampires","floor":22,"gold_loss":0}],"is_beta":false,"boss_relics":[{"not_picked":["Fusion Hammer","Philosopher\u0027s Stone"],"picked":"Black Star"},{"not_picked":["Sozu","Runic Dome"],"picked":"Cursed Key"}],"items_purged_floors":[],"is_endless":false,"potions_floor_spawned":[2,5,6,11,14,16,19,23,28,32,33,36,37,42,45,47],"ascension_level":2}}