{"host":"hkfd27larxvbrzdx","time":1608991416,"event":{"mods":["AchievementEnabler","BaseMod","Minty Spire (QoL Compilation)"],"gold_per_floor":[113,113,129,31,31,59,59,91,91,91,109,140,154,154,154,258,258,272,272,272,172,172,207,207,207,207,37,37,56,66,79,79,184,234,252,252,252,266,316,316,191,191,243,243,243,254,69,80,80,80],"floor_reached":51,"playtime":9907,"items_purged":["Strike_R","Strike_R","Strike_R"],"score":704,"play_id":"feaaae3e-9f50-4074-b74c-fe7e0ae2407a","local_time":"20201226220336","is_ascension_mode":false,"campfire_choices":[{"data":"Whirlwind","floor":7,"key":"SMITH"},{"data":"Shrug It Off","floor":10,"key":"SMITH"},{"floor":15,"key":"REST"},{"data":"Feel No Pain","floor":28,"key":"SMITH"},{"data":"Shrug It Off","floor":32,"key":"SMITH"},{"data":"Entrench","floor":40,"key":"SMITH"},{"data":"Body Slam","floor":44,"key":"SMITH"},{"floor":49,"key":"REST"}],"circlet_count":0,"master_deck":["Defend_R+1","Defend_R","Defend_R","Defend_R","Bash","Whirlwind+1","Twin Strike","Shrug It Off+1","Sword Boomerang","Pommel Strike","Fiend Fire","Body Slam+1","Reaper","Shrug It Off+1","RitualDagger","Feel No Pain+1","Apotheosis","Shrug It Off+1","Barricade","Body Slam+1","Secret Weapon","Entrench+1","Shrug It Off+1","Thinking Ahead"],"relics":["Burning Blood","MealTicket","Magic Flower","Ginger","InkBottle","Calipers","Sozu","Juzu Bracelet","MutagenicStrength","PreservedInsect","Ice Cream","White Beast Statue","Tiny House","Lizard Tail","Potion Belt"],"acts_visited":["Exordium","TheCity","TheBeyond"],"potions_floor_usage":[12,16],"damage_taken":[{"damage":6,"enemies":"Jaw Worm","floor":1,"turns":4},{"damage":5,"enemies":"Cultist","floor":3,"turns":4},{"damage":44,"enemies":"Gremlin Nob","floor":6,"turns":5},{"damage":14,"enemies":"3 Sentries","floor":8,"turns":5},{"damage":0,"enemies":"2 Louse","floor":11,"turns":1},{"damage":20,"enemies":"Lagavulin","floor":12,"turns":8},{"damage":9,"enemies":"Blue Slaver","floor":13,"turns":4},{"damage":19,"enemies":"The Guardian","floor":16,"turns":10},{"damage":4,"enemies":"Shell Parasite","floor":18,"turns":6},{"damage":37,"enemies":"Gremlin Leader","floor":23,"turns":8},{"damage":7,"enemies":"3 Byrds","floor":29,"turns":3},{"damage":10,"enemies":"Centurion and Healer","floor":30,"turns":8},{"damage":5,"enemies":"Snake Plant","floor":31,"turns":4},{"damage":66,"enemies":"Collector","floor":33,"turns":13},{"damage":9,"enemies":"Orb Walker","floor":35,"turns":3},{"damage":27,"enemies":"3 Darklings","floor":38,"turns":5},{"damage":22,"enemies":"Mind Bloom Boss Battle","floor":39,"turns":7},{"damage":2,"enemies":"Jaw Worm Horde","floor":46,"turns":5},{"damage":36,"enemies":"Sphere and 2 Shapes","floor":48,"turns":8},{"damage":18,"enemies":"Donu and Deca","floor":50,"turns":10}],"seed_played":"-1568202917932666252","potions_obtained":[{"floor":3,"key":"BlessingOfTheForge"},{"floor":6,"key":"Dexterity Potion"},{"floor":11,"key":"AttackPotion"},{"floor":13,"key":"BlessingOfTheForge"}],"is_trial":false,"path_per_floor":["M","?","M","$","?","E","R","E","T","R","M","E","M","?","R","B",null,"M","?","?","$","?","E","?","?","T","$","R","M","M","M","R","B",null,"M","?","?","M","?","R","$","?","T","R","?","M","$","M","R","B",null],"character_chosen":"IRONCLAD","items_purchased":["Twin Strike","Apotheosis","Thinking Ahead"],"campfire_rested":2,"item_purchase_floors":[4,27,47],"current_hp_per_floor":[80,80,80,80,80,42,42,37,37,37,46,35,35,28,52,42,80,80,74,74,80,80,70,70,70,70,80,80,80,80,80,80,35,85,85,85,85,67,62,62,77,77,77,77,77,84,85,58,83,82],"gold":80,"neow_bonus":"RANDOM_COMMON_RELIC","is_daily":false,"chose_seed":false,"campfire_upgraded":6,"win_rate":0.0,"timestamp":1608991416,"path_taken":["M","?","M","$","?","E","R","E","T","R","M","E","?","?","R","BOSS","M","?","?","$","?","E","?","?","T","?","R","M","M","M","R","BOSS","M","?","?","M","?","R","$","?","T","R","?","M","?","M","R","BOSS"],"items_purchased_type":["Card","Card","Card"],"build_version":"2020-12-22","purchased_purges":3,"victory":true,"max_hp_per_floor":[80,80,80,80,80,80,80,80,80,80,80,80,80,80,80,80,80,80,80,80,80,80,80,80,80,80,80,80,80,80,80,80,80,85,85,85,85,85,85,85,85,85,85,85,85,85,85,85,85,85],"card_choices":[{"not_picked":["Warcry","Seeing Red"],"picked":"Whirlwind","floor":1},{"not_picked":["Rage","Whirlwind","Entrench"],"picked":"SKIP","floor":3},{"not_picked":["Brutality","Twin Strike"],"picked":"Sword Boomerang","floor":6},{"not_picked":["Power Through","Combust","Dark Embrace"],"picked":"SKIP","floor":8},{"not_picked":["Perfected Strike","Rage"],"picked":"Pommel Strike","floor":11},{"not_picked":["Intimidate","Seeing Red"],"picked":"Fiend Fire","floor":12},{"not_picked":["Infernal Blade","Rampage"],"picked":"Body Slam","floor":13},{"not_picked":["Berserk","Impervious"],"picked":"Reaper","floor":16},{"not_picked":["Ghostly Armor+1","Body Slam"],"picked":"Shrug It Off","floor":18},{"not_picked":["Burning Pact","Thunderclap+1"],"picked":"Feel No Pain","floor":23},{"not_picked":["Sword Boomerang","Blood for Blood","Body Slam"],"picked":"SKIP","floor":29},{"not_picked":["Blood for Blood+1","Perfected Strike+1"],"picked":"Shrug It Off+1","floor":30},{"not_picked":["Flame Barrier+1","Flex","Anger+1"],"picked":"SKIP","floor":31},{"not_picked":["Brutality","Reaper"],"picked":"Barricade","floor":33},{"not_picked":["Headbutt","Perfected Strike"],"picked":"Body Slam","floor":34},{"not_picked":["Barricade","Perfected Strike","Flame Barrier+1"],"picked":"SKIP","floor":35},{"not_picked":["Thinking Ahead","Transmutation"],"picked":"Secret Weapon","floor":36},{"not_picked":["True Grit","Carnage+1"],"picked":"Entrench","floor":38},{"not_picked":["Iron Wave+1","Clash","Dark Embrace+1"],"picked":"SKIP","floor":46},{"not_picked":["Infernal Blade+1","True Grit","Burning Pact+1"],"picked":"SKIP","floor":48}],"player_experience":73166,"relics_obtained":[{"floor":6,"key":"Magic Flower"},{"floor":8,"key":"Ginger"},{"floor":9,"key":"InkBottle"},{"floor":12,"key":"Calipers"},{"floor":20,"key":"Juzu Bracelet"},{"floor":23,"key":"PreservedInsect"},{"floor":26,"key":"White Beast Statue"},{"floor":39,"key":"Lizard Tail"},{"floor":43,"key":"Potion Belt"}],"event_choices":[{"cards_removed":["Strike_R"],"damage_healed":0,"gold_gain":0,"player_choice":"Forget","damage_taken":0,"max_hp_gain":0,"max_hp_loss":0,"event_name":"Living Wall","floor":2,"gold_loss":0},{"damage_healed":0,"gold_gain":0,"player_choice":"1 cards matched","damage_taken":0,"max_hp_gain":0,"max_hp_loss":0,"event_name":"Match and Keep!","floor":5,"gold_loss":0,"cards_obtained":["Shrug It Off"]},{"cards_removed":["Strike_R"],"damage_healed":0,"gold_gain":0,"player_choice":"Card Removal","damage_taken":7,"max_hp_gain":0,"max_hp_loss":0,"event_name":"Golden Wing","floor":14,"gold_loss":0},{"damage_healed":0,"gold_gain":0,"player_choice":"Joined the Cult","damage_taken":6,"max_hp_gain":0,"max_hp_loss":0,"event_name":"Nest","floor":19,"gold_loss":0,"cards_obtained":["RitualDagger"]},{"damage_healed":0,"gold_gain":0,"player_choice":"Relic","damage_taken":0,"max_hp_gain":0,"max_hp_loss":0,"event_name":"Wheel of Change","floor":20,"gold_loss":0},{"damage_healed":0,"gold_gain":0,"player_choice":"Inject Mutagens","damage_taken":0,"relics_obtained":["MutagenicStrength"],"max_hp_gain":0,"max_hp_loss":0,"event_name":"Drug Dealer","floor":22,"gold_loss":0},{"damage_healed":0,"gold_gain":0,"player_choice":"Upgraded","damage_taken":0,"max_hp_gain":0,"max_hp_loss":0,"event_name":"Upgrade Shrine","floor":24,"gold_loss":0,"cards_upgraded":["Body Slam"]},{"damage_healed":0,"gold_gain":0,"player_choice":"Gave Potion","damage_taken":0,"relics_obtained":["Ice Cream"],"max_hp_gain":0,"max_hp_loss":0,"event_name":"WeMeetAgain","floor":25,"gold_loss":0},{"damage_healed":0,"gold_gain":0,"player_choice":"Memory 1","damage_taken":0,"max_hp_gain":0,"max_hp_loss":0,"event_name":"SensoryStone","floor":36,"gold_loss":0},{"damage_healed":0,"gold_gain":0,"player_choice":"Ignored","damage_taken":0,"max_hp_gain":0,"max_hp_loss":0,"event_name":"Tomb of Lord Red Mask","floor":37,"gold_loss":0},{"damage_healed":0,"gold_gain":0,"player_choice":"Fight","damage_taken":0,"max_hp_gain":0,"max_hp_loss":0,"event_name":"MindBloom","floor":39,"gold_loss":0},{"damage_healed":0,"gold_gain":0,"player_choice":"Copied","damage_taken":0,"max_hp_gain":0,"max_hp_loss":0,"event_name":"Duplicator","floor":42,"gold_loss":0,"cards_obtained":["Shrug It Off"]},{"damage_healed":0,"gold_gain":0,"player_choice":"Ignored","damage_taken":0,"max_hp_gain":0,"max_hp_loss":0,"event_name":"NoteForYourself","floor":45,"gold_loss":0}],"is_beta":false,"boss_relics":[{"not_picked":["Runic Cube","Runic Pyramid"],"picked":"Sozu"},{"not_picked":["Fusion Hammer","Mark of Pain"],"picked":"Tiny House"}],"items_purged_floors":[4,21,41],"is_endless":false,"potions_floor_spawned":[3,6,11,13,18,29,30,31,33,35,38,39,46,48],"ascension_level":0}}