{"host":"oluf6aumjll4vfac","time":1608989920,"event":{"mods":["BaseMod","Colored Map","Colored Powertips","Conspire","Downfall","Minty Spire (QoL Compilation)","Quick Restart","Shop Mod","StSLib","SuperFastMode"],"gold_per_floor":[118,130,130,130,150,150,183,183,210,224,224,238,263,278,278,382,382,401,138,157,6,23,23,53,65,135,135,152,112,123,19,19,19,19],"floor_reached":33,"playtime":1362,"items_purged":[],"score":259,"play_id":"1b7db1ec-acab-4b4a-855d-059a33bc0526","local_time":"20201226213840","is_ascension_mode":false,"campfire_choices":[{"data":"Flex","floor":6,"key":"SMITH"},{"floor":8,"key":"REST"},{"data":"Carnage","floor":11,"key":"SMITH"},{"floor":15,"key":"REST"},{"floor":23,"key":"REST"},{"floor":27,"key":"REST"},{"floor":32,"key":"REST"}],"circlet_count":0,"master_deck":["Strike_R","Strike_R+1","Strike_R","Strike_R+1","Strike_R","Defend_R","Defend_R","Defend_R","Defend_R","Bash","Flex+1","Bash","Anger","Carnage+1","Clash","conspire:ExplosiveBarrier","Limit Break+1","Impervious","Anger","Flex","Armaments+1","Hemokinesis+1","Cleave"],"relics":["Burning Blood","NeowsBlessing","MealTicket","Ginger","Strawberry","MerchantsRug","Regal Pillow","conspire:BottledYoYo","Darkstone Periapt"],"acts_visited":["Exordium","TheCity"],"potions_floor_usage":[7,7,12,16,20,24,28,30,33,33],"damage_taken":[{"damage":0,"enemies":"Cultist","floor":1,"turns":1},{"damage":0,"enemies":"Small Slimes","floor":2,"turns":1},{"damage":0,"enemies":"Jaw Worm","floor":5,"turns":1},{"damage":55,"enemies":"3 Sentries","floor":7,"turns":9},{"damage":10,"enemies":"Looter","floor":10,"turns":2},{"damage":6,"enemies":"Large Slime","floor":12,"turns":2},{"damage":31,"enemies":"Lagavulin","floor":13,"turns":4},{"damage":6,"enemies":"3 Louse","floor":14,"turns":2},{"damage":21,"enemies":"Slime Boss","floor":16,"turns":8},{"damage":19,"enemies":"Shell Parasite","floor":18,"turns":3},{"damage":15,"enemies":"2 Thieves","floor":20,"turns":3},{"damage":34,"enemies":"Cultist and Chosen","floor":22,"turns":6},{"damage":42,"enemies":"conspire:MimicChest","floor":24,"turns":6},{"damage":41,"enemies":"3 Cultists","floor":25,"turns":6},{"damage":34,"enemies":"Centurion and Healer","floor":28,"turns":6},{"damage":23,"enemies":"Snake Plant","floor":30,"turns":3},{"damage":82,"enemies":"Automaton","floor":33,"turns":6}],"seed_played":"-5174173020802811503","potions_obtained":[{"floor":1,"key":"Regen Potion"},{"floor":5,"key":"Guardian:BlockOnCardUsePotion"},{"floor":7,"key":"SkillPotion"},{"floor":13,"key":"SteroidPotion"},{"floor":14,"key":"Fruit Juice"},{"floor":16,"key":"Regen Potion"},{"floor":24,"key":"Dexterity Potion"},{"floor":25,"key":"FearPotion"},{"floor":28,"key":"SteroidPotion"}],"is_trial":false,"path_per_floor":["M","M","$","?","M","R","E","R","T","M","R","M","E","M","R","B",null,"M","$","M","$","M","R","?","M","T","R","M","?","M","$","R","B"],"character_chosen":"IRONCLAD","items_purchased":["Strawberry","MerchantsRug","Fire Potion","Flex","Regal Pillow","Cleave","Energy Potion"],"campfire_rested":5,"item_purchase_floors":[19,19,19,19,21,31,31],"current_hp_per_floor":[80,80,80,80,80,80,46,70,70,66,66,66,41,41,65,50,80,67,87,78,87,59,87,56,21,21,62,34,34,17,32,73,0,0],"gold":19,"neow_bonus":"THREE_ENEMY_KILL","is_daily":false,"chose_seed":false,"campfire_upgraded":2,"win_rate":0.0,"timestamp":1608989920,"path_taken":["M","M","?","?","M","R","E","R","T","M","R","?","E","M","R","BOSS","M","$","M","$","M","R","?","?","T","R","M","?","?","$","R","BOSS"],"items_purchased_type":["Relic","Relic","Potion","Card","Relic","Card","Potion"],"build_version":"2020-12-22","purchased_purges":0,"victory":false,"max_hp_per_floor":[80,80,80,80,80,80,80,80,80,80,80,80,80,80,80,80,80,80,87,87,87,87,87,87,87,87,87,87,87,87,87,87,87,87],"card_choices":[{"not_picked":["Fire Breathing","Metallicize"],"picked":"Flex","floor":1},{"not_picked":["Fire Breathing","Bloodletting","Sever Soul"],"picked":"SKIP","floor":2},{"not_picked":["Sever Soul","Uppercut"],"picked":"Anger","floor":5},{"not_picked":["Shrug It Off","Body Slam","Sword Boomerang"],"picked":"SKIP","floor":7},{"not_picked":["Thunderclap","Flex"],"picked":"Carnage","floor":10},{"not_picked":["Body Slam","Shrug It Off"],"picked":"Clash","floor":12},{"not_picked":["Second Wind","Warcry"],"picked":"conspire:ExplosiveBarrier","floor":13},{"not_picked":["Twin Strike","Sentinel"],"picked":"Limit Break","floor":14},{"not_picked":["Immolate","Juggernaut"],"picked":"Impervious","floor":16},{"not_picked":["Burning Pact","Warcry"],"picked":"Anger","floor":18},{"not_picked":["Iron Wave","Perfected Strike","Entrench"],"picked":"SKIP","floor":20},{"not_picked":["Disarm","Sentinel+1"],"picked":"Armaments+1","floor":22},{"not_picked":["Shockwave","Iron Wave+1","Havoc"],"picked":"SKIP","floor":25},{"not_picked":["Headbutt","Limit Break"],"picked":"Hemokinesis+1","floor":28},{"not_picked":["Iron Wave+1","Body Slam","Clothesline"],"picked":"SKIP","floor":30}],"player_experience":52111,"relics_obtained":[{"floor":7,"key":"Whetstone"},{"floor":9,"key":"MealTicket"},{"floor":13,"key":"Ginger"},{"floor":24,"key":"conspire:BottledYoYo"},{"floor":26,"key":"Darkstone Periapt"}],"event_choices":[{"damage_healed":0,"gold_gain":0,"player_choice":"1 cards matched","damage_taken":0,"max_hp_gain":0,"max_hp_loss":0,"event_name":"Match and Keep!","floor":4,"gold_loss":0,"cards_obtained":["Bash"]},{"damage_healed":0,"gold_gain":0,"player_choice":"Upgrade","damage_taken":0,"max_hp_gain":0,"max_hp_loss":0,"event_name":"Designer","floor":29,"gold_loss":40,"cards_upgraded":["Limit Break"]}],"is_beta":false,"boss_relics":[{"not_picked":["conspire:SeveredTorchhead","Runic Dome"],"picked":"Runic Pyramid"}],"items_purged_floors":[],"is_endless":false,"potions_floor_spawned":[1,5,7,13,14,16,24,25,28],"killed_by":"Automaton","ascension_level":0}}