{"host":"r5cycnjhcbwgkpkf","time":1608958912,"event":{"mods":["2.2 Compatiblity","AchievementEnabler","BaseMod","Bestiary","Better Match","Better Note","Better Skull","Better Third Choice","BetterRewards","Colored Map","Colored Powertips","Downfall","Googly Eyes","Infinite Spire","Minty Spire (QoL Compilation)","Replay The Spire","Spicy Shops","StSLib"],"gold_per_floor":[99,114,124,137,332,332,332,332,343,360,360,360,360,360],"floor_reached":12,"playtime":612,"items_purged":[],"score":77,"play_id":"93fc8ec7-b2d9-4c7e-88ad-7f011e9f53ee","local_time":"20201225210152","is_ascension_mode":true,"campfire_choices":[{"floor":1.0,"key":"DIG"},{"floor":8,"key":"REST"},{"data":"champ:ViciousMockery","floor":11,"key":"SMITH"}],"circlet_count":0,"master_deck":["champ:Strike","champ:Strike","champ:Strike","champ:Strike","champ:Defend","champ:Defend","champ:Defend","champ:Defend","champ:Execute","champ:Taunt","champ:ViciousMockery+1","champ:DeathBlow","champ:BringItOn","champ:BerserkersShout","champ:Aggression"],"relics":["champ:ChampionCrown","Calipers","Bag of Preparation","Replay:Accelerometer"],"acts_visited":["Exordium"],"potions_floor_usage":[],"damage_taken":[{"damage":13.0,"enemies":"Small Slimes","floor":2.0,"turns":4.0},{"damage":9.0,"enemies":"Jaw Worm","floor":3.0,"turns":6.0},{"damage":19.0,"enemies":"2 Louse","floor":4.0,"turns":2.0},{"damage":23,"enemies":"2 Fungi Beasts","floor":9,"turns":3},{"damage":10,"enemies":"Exordium Wildlife","floor":10,"turns":4},{"damage":105,"enemies":"Gremlin Nob","floor":12,"turns":5}],"seed_played":"4425187056801139683","potions_obtained":[{"floor":4.0,"key":"LiquidBronze"},{"floor":9,"key":"Explosive Potion"}],"is_trial":false,"path_per_floor":["R_BF","M","M","M","?","?","T","R","M","M","R","E"],"character_chosen":"THE_CHAMP","items_purchased":[],"campfire_rested":1,"item_purchase_floors":[],"current_hp_per_floor":[81,73,69,63,43,48,48,73,65,65,65,0,0,0],"gold":360,"neow_bonus":"ONE_RARE_RELIC","is_daily":false,"chose_seed":false,"campfire_upgraded":1,"win_rate":0.0,"timestamp":1608958912,"path_taken":["R_BF","M","M","M","?","?","T","R","M","M","R","E"],"items_purchased_type":[],"build_version":"2020-12-22","purchased_purges":0,"victory":false,"max_hp_per_floor":[81,81,81,81,81,86,86,86,86,86,86,86,86,86],"card_choices":[{"not_picked":["champ:PerfectedStrike","champ:Circumvent"],"picked":"champ:ViciousMockery","floor":2.0},{"not_picked":["champ:Shatter","champ:Lariat"],"picked":"champ:DeathBlow","floor":3.0},{"not_picked":["champ:Backstep","champ:DefensiveShout"],"picked":"champ:BringItOn","floor":4.0},{"not_picked":["champ:Circumvent","champ:FocusedDefense"],"picked":"champ:BerserkersShout","floor":5},{"not_picked":["champ:FightOn","champ:EndlessRage"],"picked":"champ:Aggression","floor":9},{"not_picked":["champ:FlashCut","champ:Backstep","champ:GladiatorStyle"],"picked":"SKIP","floor":10}],"player_experience":384991,"relics_obtained":[{"floor":1.0,"key":"Bag of Preparation"},{"floor":7,"key":"Replay:Accelerometer"}],"event_choices":[{"damage_healed":0,"gold_gain":0,"player_choice":"Donut","damage_taken":0,"max_hp_gain":5,"max_hp_loss":0,"event_name":"Big Fish","floor":6,"gold_loss":0}],"is_beta":false,"boss_relics":[],"items_purged_floors":[],"is_endless":false,"potions_floor_spawned":[4,9],"killed_by":"Gremlin Nob","ascension_level":2}}