{"host":"oiai0qxasotny765","time":1608981632,"event":{"mods":["2.2 Compatiblity","AchievementEnabler","BaseMod","Colored Map","Minty Spire (QoL Compilation)","Permanent Neow","Relic Stats","StSLib","SuperFastMode","everything is the same but u backflip on backflip"],"gold_per_floor":[11,23,36,36,36,36,47,47,123,138,63,63,98,112,112,186,186,205,130,143,143,162,162,196,196,196,229,242,242,242,260,260,260,260],"floor_reached":33,"playtime":978,"items_purged":[],"score":545,"play_id":"cfda065c-ea88-4e55-8f77-d61a4e15b79e","local_time":"20201226202032","is_ascension_mode":true,"campfire_choices":[{"data":"Dagger Spray","floor":6,"key":"SMITH"},{"data":"Neutralize","floor":8,"key":"SMITH"},{"data":"Blade Dance","floor":12,"key":"SMITH"},{"data":"Deadly Poison","floor":15,"key":"SMITH"},{"data":"Adrenaline","floor":23,"key":"SMITH"},{"floor":25,"key":"REST"},{"data":"Ghostly","floor":30,"key":"SMITH"},{"floor":32,"key":"REST"}],"circlet_count":0,"master_deck":["AscendersBane","Strike_G","Strike_G","Defend_G","Defend_G","Defend_G","Defend_G","Defend_G","Survivor","Neutralize+1","Die Die Die","Blade Dance+1","Dagger Spray+1","After Image","Deadly Poison+1","Adrenaline+1","CurseOfTheBell","Backflip","Grand Finale+1","Heel Hook+1","Ghostly","Ghostly","Ghostly+1"],"relics":["Ring of the Snake","Darkstone Periapt","Bronze Scales","Calling Bell","Art of War","The Specimen","Nloth\u0027s Gift","Molten Egg 2","Pen Nib","Bag of Preparation"],"acts_visited":["Exordium","TheCity"],"potions_floor_usage":[13,13,24,24,33],"damage_taken":[{"damage":5.0,"enemies":"Jaw Worm","floor":1.0,"turns":4.0},{"damage":0.0,"enemies":"2 Louse","floor":2.0,"turns":1.0},{"damage":2.0,"enemies":"Small Slimes","floor":3.0,"turns":3.0},{"damage":6,"enemies":"Red Slaver","floor":7,"turns":6},{"damage":11,"enemies":"Large Slime","floor":10,"turns":5},{"damage":6,"enemies":"Gremlin Nob","floor":13,"turns":3},{"damage":6,"enemies":"Looter","floor":14,"turns":3},{"damage":2,"enemies":"The Guardian","floor":16,"turns":10},{"damage":0,"enemies":"3 Byrds","floor":18,"turns":4},{"damage":0,"enemies":"Chosen","floor":20,"turns":5},{"damage":26,"enemies":"Snecko","floor":22,"turns":6},{"damage":20,"enemies":"Slavers","floor":24,"turns":2},{"damage":13,"enemies":"Gremlin Leader","floor":27,"turns":8},{"damage":8,"enemies":"Centurion and Healer","floor":28,"turns":6},{"damage":1,"enemies":"Snake Plant","floor":31,"turns":3},{"damage":28,"enemies":"Collector","floor":33,"turns":8}],"seed_played":"613312898323604382","potions_obtained":[{"floor":2.0,"key":"AttackPotion"},{"floor":10,"key":"DistilledChaos"},{"floor":13,"key":"CunningPotion"},{"floor":18,"key":"LiquidMemories"},{"floor":28,"key":"SpeedPotion"}],"is_trial":false,"path_per_floor":["M","M","M","$","?","R","M","R","T","M","?","R","E","M","R","B",null,"M","?","M","?","M","R","E","R","T","E","M","?","R","M","R","B"],"character_chosen":"THE_SILENT","items_purchased":[],"campfire_rested":2,"item_purchase_floors":[],"current_hp_per_floor":[54,54,52,52,52,52,46,46,46,35,35,35,29,23,23,21,61,61,61,61,61,35,35,15,36,36,23,15,15,15,14,24,0,0],"gold":260,"neow_bonus":"THREE_RARE_CARDS","is_daily":false,"chose_seed":false,"campfire_upgraded":6,"win_rate":0.0,"timestamp":1608981632,"path_taken":["M","M","M","$","?","R","M","R","T","M","?","R","E","M","R","BOSS","M","?","M","?","M","R","E","R","T","E","?","?","R","M","R","BOSS"],"items_purchased_type":[],"build_version":"2020-12-22","purchased_purges":0,"victory":false,"max_hp_per_floor":[66,66,66,66,66,66,66,66,66,66,66,66,66,66,66,66,72,72,72,72,72,72,72,72,72,72,72,72,36,36,36,36,36,36],"relic_stats":{"Darkstone Periapt":6,"counters":[16,77],"Bronze Scales":[162],"Pen Nib":[6],"Art of War":[3],"Nloth\u0027s Gift":1,"Bag of Preparation":[6],"obtain_stats":[{"Darkstone Periapt":9,"Calling Bell":17,"The Specimen":17,"Ninja Scroll":17,"Bronze Scales":13,"Molten Egg 2":24,"Pen Nib":26,"Art of War":17,"Nloth\u0027s Gift":21,"Bag of Preparation":27,"Ring of the Snake":0},{"Darkstone Periapt":4,"Calling Bell":8,"The Specimen":8,"Ninja Scroll":8,"Bronze Scales":6,"Molten Egg 2":12,"Pen Nib":12,"Art of War":8,"Nloth\u0027s Gift":10,"Bag of Preparation":13,"Ring of the Snake":0},{"Darkstone Periapt":14,"Calling Bell":35,"The Specimen":35,"Ninja Scroll":35,"Bronze Scales":22,"Molten Egg 2":52,"Pen Nib":52,"Art of War":35,"Nloth\u0027s Gift":44,"Bag of Preparation":60,"Ring of the Snake":0}],"Ring of the Snake":[32]},"card_choices":[{"not_picked":["Phantasmal Killer","Venomology"],"picked":"Die Die Die","floor":0.0},{"not_picked":["Quick Slash","Dodge and Roll"],"picked":"Blade Dance","floor":1.0},{"not_picked":["Flying Knee","Prepared","Deflect"],"picked":"SKIP","floor":2.0},{"not_picked":["Concentrate","Escape Plan"],"picked":"Dagger Spray","floor":3.0},{"not_picked":["Sucker Punch","Dagger Spray","Prepared"],"picked":"SKIP","floor":7},{"not_picked":["Endless Agony","Deflect","Blade Dance"],"picked":"SKIP","floor":10},{"not_picked":["Escape Plan","Outmaneuver"],"picked":"After Image","floor":13},{"not_picked":["Underhanded Strike","Infinite Blades"],"picked":"Deadly Poison","floor":14},{"not_picked":["Unload","Burst"],"picked":"Adrenaline","floor":16},{"not_picked":["Dash","Deadly Poison"],"picked":"Backflip","floor":18},{"not_picked":["Infinite Blades","Underhanded Strike+1","Choke"],"picked":"SKIP","floor":20},{"not_picked":["Backflip","Deadly Poison","Skewer"],"picked":"SKIP","floor":22},{"not_picked":["Slice+1","Acrobatics+1"],"picked":"Grand Finale+1","floor":24},{"not_picked":["Noxious Fumes","Eviscerate+1"],"picked":"Heel Hook+1","floor":27},{"not_picked":["Doppelganger","Endless Agony+1","Poisoned Stab+1"],"picked":"SKIP","floor":28},{"not_picked":["Dagger Throw+1","Riddle With Holes+1","PiercingWail"],"picked":"SKIP","floor":31}],"player_experience":282979,"relics_obtained":[{"floor":9,"key":"Darkstone Periapt"},{"floor":13,"key":"Bronze Scales"},{"floor":17,"key":"Art of War"},{"floor":17,"key":"The Specimen"},{"floor":17,"key":"Ninja Scroll"},{"floor":24,"key":"Molten Egg 2"},{"floor":26,"key":"Pen Nib"},{"floor":27,"key":"Bag of Preparation"}],"event_choices":[{"cards_removed":["Strike_G"],"damage_healed":0,"gold_gain":0,"player_choice":"Forget","damage_taken":0,"max_hp_gain":0,"max_hp_loss":0,"event_name":"Living Wall","floor":5,"gold_loss":0},{"cards_removed":["Strike_G"],"damage_healed":0,"gold_gain":0,"player_choice":"Card Removal","damage_taken":0,"max_hp_gain":0,"max_hp_loss":0,"event_name":"The Cleric","floor":11,"gold_loss":75},{"cards_removed":["Strike_G"],"damage_healed":0,"gold_gain":0,"player_choice":"Gave Gold","damage_taken":0,"max_hp_gain":0,"max_hp_loss":0,"event_name":"Beggar","floor":19,"gold_loss":75},{"damage_healed":0,"gold_gain":0,"player_choice":"Traded Relic","damage_taken":0,"relics_obtained":["Nloth\u0027s Gift"],"max_hp_gain":0,"max_hp_loss":0,"event_name":"N\u0027loth","floor":21,"relics_lost":["Ninja Scroll"],"gold_loss":0},{"damage_healed":0,"gold_gain":0,"player_choice":"Became a Ghost","damage_taken":0,"max_hp_gain":0,"max_hp_loss":36,"event_name":"Ghosts","floor":29,"gold_loss":0,"cards_obtained":["Ghostly","Ghostly","Ghostly"]}],"is_beta":false,"boss_relics":[{"not_picked":["Snecko Eye","Ring of the Serpent"],"picked":"Calling Bell"}],"items_purged_floors":[],"is_endless":false,"potions_floor_spawned":[2,10,13,18,28],"killed_by":"Collector","ascension_level":18}}