{"host":"y15j0sqd0it1yzon","time":1608985570,"event":{"mods":["AchievementEnabler","Act Like it!","BaseMod","Elementarium","Gensokyo","Infinite Spire","Menagerie","Minty Spire (QoL Compilation)","Replay The Spire","StSLib","The Jungle"],"gold_per_floor":[109,124,140,157,13,13,13,23,46,46,65,91,111,111,111,214,214,229,246,246,309,387,416,427,468,468,223,223,223,237,302,302,397,397,417,428,428,506,524,573,593,616,643,692,714,737,737,754,754,756,756],"floor_reached":50,"playtime":7761,"items_purged":["Strike_G","Strike_G","Strike_G"],"score":581,"play_id":"1db613ee-5523-4ba9-845e-d6281f4856ef","local_time":"20201226122610","is_ascension_mode":false,"campfire_choices":[{"data":"Catalyst","floor":6.0,"key":"SMITH"},{"data":"Bouncing Flask","floor":10.0,"key":"SMITH"},{"data":"Deadly Poison","floor":15.0,"key":"SMITH"},{"data":"Menagerie:SteelWall","floor":28,"key":"SMITH"},{"floor":32,"key":"REST"},{"floor":47,"key":"REST"},{"floor":49,"key":"REST"}],"circlet_count":0,"master_deck":["Strike_G","Strike_G","Defend_G","Defend_G","Defend_G","Defend_G","Defend_G","Survivor","Neutralize","Blade Dance","Bouncing Flask+1","Crippling Poison","Catalyst+1","Menagerie:SteelWall+1","Deadly Poison+1","Cloak And Dagger","Poison Darts","Deflect+1","Poisoned Stab+1","Deadly Poison+1","Hidden Blade+1","Venomology","Injury","Clumsy","PiercingWail","Parasite","Backflip+1","Outmaneuver+1","Parasite","PiercingWail+1"],"relics":["Ring of the Snake","Strawberry","Pet Ghost","SacredBark","ReplayTheSpireMod:Ring of Challenge","Replay:Bottled Flurry","Potion Belt","Ornamental Fan","Blood Vial","Elementarium:ElementariumTrophy","Replay:Ancient Bell","Replay:Mystery Machine","Darkstone Periapt","infinitespire:Lychee Nut","Replay:Bandana","Replay:Baseball","infinitespire:PuzzleCube","Quantum Egg"],"acts_visited":["Exordium","Menagerie:Menagerie","TheBeyond"],"potions_floor_usage":[21,23,25,31,35,39,40,40,40,41,42,44,44,44,44,44,45,45,46,48,50,50,50,50,50],"damage_taken":[{"damage":0.0,"enemies":"Menagerie:2_RABBITS","floor":1.0,"turns":6.0},{"damage":10.0,"enemies":"Menagerie:MonstrousExperiment","floor":2.0,"turns":6.0},{"damage":0.0,"enemies":"Menagerie:StygianBoar","floor":3.0,"turns":3.0},{"damage":6.0,"enemies":"Menagerie:EntropyWarlock","floor":4.0,"turns":5.0},{"damage":0.0,"enemies":"Menagerie:Hexasnake","floor":8.0,"turns":3.0},{"damage":1.0,"enemies":"Menagerie:BEAST_MAGE_AND_PROWLING_AMALGAM","floor":11.0,"turns":5.0},{"damage":5.0,"enemies":"Menagerie:Hydra","floor":12.0,"turns":4.0},{"damage":7.0,"enemies":"Menagerie:EntropyWarlock","floor":13.0,"turns":5.0},{"damage":3.0,"enemies":"Menagerie:Chimera","floor":16.0,"turns":6.0},{"damage":1,"enemies":"Elementarium:Cyclone","floor":18,"turns":4},{"damage":0,"enemies":"Elementarium:VoidCorruption","floor":19,"turns":5},{"damage":16,"enemies":"Elementarium:Hydrostalker","floor":21,"turns":5},{"damage":7,"enemies":"Elementarium:WarGolem","floor":23,"turns":4},{"damage":5,"enemies":"Elementarium:3_ELEMENTALS","floor":24,"turns":6},{"damage":2,"enemies":"Elementarium:CYCLONE_AND_LIVING_STORMCLOUD","floor":25,"turns":5},{"damage":9,"enemies":"Elementarium:STONE_GOLEMS","floor":30,"turns":6},{"damage":32,"enemies":"Elementarium:RubyGolem","floor":31,"turns":4},{"damage":7,"enemies":"Elementarium:GolemEmperor","floor":33,"turns":8},{"damage":0,"enemies":"Orb Walker","floor":35,"turns":4},{"damage":0,"enemies":"3 Shapes","floor":36,"turns":5},{"damage":0,"enemies":"Writhing Mass","floor":39,"turns":4},{"damage":0,"enemies":"Nightmare","floor":40,"turns":6},{"damage":9,"enemies":"Transient","floor":41,"turns":5},{"damage":13,"enemies":"3 Darklings","floor":42,"turns":4},{"damage":74,"enemies":"4 Shapes","floor":44,"turns":6},{"damage":9,"enemies":"Writhing Mass","floor":45,"turns":5},{"damage":0,"enemies":"Jaw Worm Horde","floor":46,"turns":7},{"damage":6,"enemies":"4 Shapes","floor":48,"turns":11},{"damage":99,"enemies":"Donu and Deca","floor":50,"turns":8}],"seed_played":"3831311234874797381","potions_obtained":[{"floor":2.0,"key":"Explosive Potion"},{"floor":4.0,"key":"Block Potion"},{"floor":12.0,"key":"Venom Potion"},{"floor":16.0,"key":"Flashbang"},{"floor":19,"key":"Dexterity Potion"},{"floor":23,"key":"Swift Potion"},{"floor":30,"key":"Cursed Concoction"},{"floor":33,"key":"Block Potion"},{"floor":35,"key":"SkillPotion"},{"floor":36,"key":"FearPotion"},{"floor":38,"key":"LifebloodPotion"},{"floor":41,"key":"Ancient Potion"},{"floor":46,"key":"SkillPotion"}],"is_trial":false,"path_per_floor":["M","M","M","M","$","R","?","M","T","R","M","E","M","?","R","B",null,"M","M","?","M","T","E","M","M","T","$","R","AVR","M","M","R","B",null,"M","M","?","?","M","NM","M","M","T","M","M","M","R","M","R","B"],"character_chosen":"THE_SILENT","items_purchased":["Catalyst","Blood Vial"],"campfire_rested":3,"item_purchase_floors":[5,27],"current_hp_per_floor":[77,67,67,61,61,61,61,61,68,68,67,62,55,60,60,57,89,88,88,88,72,72,65,60,58,58,58,58,58,51,21,47,42,84,84,84,80,60,74,82,78,73,73,7,12,20,47,49,76,0,0],"gold":756,"neow_bonus":"TEN_PERCENT_HP_BONUS","is_daily":false,"chose_seed":false,"campfire_upgraded":4,"win_rate":0.0,"timestamp":1608985570,"path_taken":["M","M","?","M","$","R","?","M","T","R","M","E","M","?","R","BOSS","M","?","?","M","?","E","M","M","T","$","R","AVR","?","M","R","BOSS","M","?","?","?","M","NM","M","M","T","M","M","M","R","M","R","BOSS"],"items_purchased_type":["Card","Relic"],"build_version":"2020-12-22","purchased_purges":3,"victory":false,"max_hp_per_floor":[77,77,77,77,77,77,77,77,84,84,84,84,84,89,89,89,89,89,89,89,89,89,89,89,89,89,89,89,89,89,89,89,89,84,84,84,80,80,86,86,86,86,86,86,92,92,92,92,92,92,92],"card_choices":[{"not_picked":["Distraction","Quick Slash"],"picked":"Blade Dance","floor":1.0},{"not_picked":["Setup","Eviscerate","Finisher"],"picked":"SKIP","floor":2.0},{"not_picked":["Prepared","Concentrate"],"picked":"Bouncing Flask","floor":3.0},{"not_picked":["Skewer","Outmaneuver"],"picked":"Crippling Poison","floor":4.0},{"not_picked":["Menagerie:Tinker","Menagerie:LightningBolt"],"picked":"Menagerie:SteelWall","floor":7.0},{"not_picked":["Sucker Punch","Underhanded Strike","Masterful Stab"],"picked":"SKIP","floor":8.0},{"not_picked":["Backflip","Blade Dance"],"picked":"Deadly Poison","floor":11.0},{"not_picked":["Eviscerate","Night Terror","Fluid Movement"],"picked":"SKIP","floor":12.0},{"not_picked":["Predator","Deflect"],"picked":"Cloak And Dagger","floor":13.0},{"not_picked":["Envenom","Phantasmal Killer"],"picked":"Poison Darts","floor":16.0},{"not_picked":["Backflip","Flying Knee"],"picked":"Deflect+1","floor":18},{"not_picked":["Dagger Spray","Quick Slash"],"picked":"Poisoned Stab+1","floor":19},{"not_picked":["Quick Slash+1","Dodge and Roll","Sucker Punch"],"picked":"SKIP","floor":21},{"not_picked":["ReplayTheSpireMod:Necrosis","Setup"],"picked":"Deadly Poison+1","floor":23},{"not_picked":["Replay:Poison Smokescreen+1","Dagger Throw","Slice"],"picked":"SKIP","floor":24},{"not_picked":["Cloak And Dagger","Sucker Punch","Wraith Form v2"],"picked":"SKIP","floor":25},{"not_picked":["Deflect+1","Cloak And Dagger"],"picked":"Hidden Blade+1","floor":30},{"not_picked":["Sucker Punch","Concentrate","Acrobatics"],"picked":"SKIP","floor":31},{"not_picked":["Unload","Malaise"],"picked":"Venomology","floor":33},{"not_picked":["ReplayTheSpireMod:Faulty Equipment","Gensokyo:ImpossibleRequest"],"picked":"Injury","floor":34},{"not_picked":["Decay","infinitespire:Pacifist"],"picked":"Clumsy","floor":34},{"not_picked":["Overencumbered","Shame"],"picked":"Elementarium:StickyTar","floor":34},{"not_picked":["Deflect+1","Acrobatics+1"],"picked":"PiercingWail","floor":35},{"not_picked":["Acrobatics","Dagger Throw+1","ReplayTheSpireMod:Tripwire"],"picked":"SKIP","floor":36},{"not_picked":["Hidden Blade","Cloak And Dagger"],"picked":"Backflip+1","floor":39},{"not_picked":["Prepared","Poisoned Stab","Dagger Throw"],"picked":"SKIP","floor":40},{"not_picked":["Setup","Dagger Throw"],"picked":"Outmaneuver+1","floor":41},{"not_picked":["Dash","Replay:Poison Smokescreen","Caltrops"],"picked":"SKIP","floor":42},{"not_picked":["Skewer+1","Eviscerate","Distraction+1"],"picked":"SKIP","floor":44},{"not_picked":["ReplayTheSpireMod:Tripwire+1","Skewer","Deflect"],"picked":"SKIP","floor":45},{"not_picked":["Sucker Punch","Deadly Poison+1"],"picked":"PiercingWail+1","floor":46},{"not_picked":["Dash","Poisoned Stab","ReplayTheSpireMod:Scrap Shanks"],"picked":"SKIP","floor":48}],"player_experience":391512,"relics_obtained":[{"floor":9.0,"key":"Strawberry"},{"floor":12.0,"key":"Pet Ghost"},{"floor":20,"key":"ReplayTheSpireMod:Ring of Challenge"},{"floor":22,"key":"Replay:Bottled Flurry"},{"floor":23,"key":"Potion Belt"},{"floor":26,"key":"Ornamental Fan"},{"floor":38,"key":"Replay:Bandana"},{"floor":40,"key":"Replay:Baseball"},{"floor":43,"key":"infinitespire:PuzzleCube"},{"floor":44,"key":"Quantum Egg"}],"event_choices":[{"damage_healed":0.0,"max_hp_gain":0.0,"max_hp_loss":0.0,"gold_gain":0.0,"event_name":"Menagerie:OvergrownLibrary","player_choice":"Peek","floor":7.0,"gold_loss":0.0,"damage_taken":0.0},{"damage_healed":0.0,"max_hp_gain":5.0,"max_hp_loss":0.0,"gold_gain":0.0,"event_name":"Menagerie:HarrowingRitual","player_choice":"Shield","floor":14.0,"gold_loss":0.0,"damage_taken":0.0},{"damage_healed":0,"gold_gain":0,"player_choice":"Max HP","damage_taken":0,"max_hp_gain":0,"max_hp_loss":4,"event_name":"Winding Halls","floor":37,"gold_loss":0}],"is_beta":false,"boss_relics":[{"not_picked":["Replay:Bronze Core","Busted Crown"],"picked":"SacredBark"},{"not_picked":["Ring of Chaos","Snecko Eye"],"picked":"Replay:Ancient Bell"},{"not_picked":["ReplayFunnel","Smiling Mask"],"picked":"Replay:Mystery Machine"},{"not_picked":["infinitespire:BottledMercury","infinitespire:Midas Blood"],"picked":"Darkstone Periapt"},{"not_picked":["Torii","Ice Cream"],"picked":"infinitespire:Lychee Nut"}],"items_purged_floors":[5,27,29],"is_endless":true,"potions_floor_spawned":[2,4,12,16,19,23,30,33,35,36,41,46],"killed_by":"Donu and Deca","ascension_level":0}}