{"host":"yuoancq4cku3x8wq","time":1608984491,"event":{"mods":["ATMod(°¢èªMod)","AchievementEnabler","BaseMod","Minty Spire (QoL Compilation)","Quick Restart","StSLib","SuperFastMode"],"gold_per_floor":[112,122,122,122,136,136,150,150,176,219,219,114,156,175,175,274,274,287,296,326,241,266,266,266],"floor_reached":23,"playtime":596,"items_purged":["Defend_B"],"score":392,"play_id":"ada1163e-0883-4375-8105-a3767aa13a6c","local_time":"20201226200811","is_ascension_mode":true,"campfire_choices":[{"data":"AT_DarkMatter","floor":6.0,"key":"SMITH"},{"data":"Skim","floor":11.0,"key":"SMITH"},{"data":"AT_StudyProgram","floor":15.0,"key":"SMITH"}],"circlet_count":0,"master_deck":["AscendersBane","Strike_B","Strike_B","Strike_B","Strike_B","Defend_B","Defend_B","Defend_B","Zap","Dualcast","AT_BreakingExtremeWeapon","AT_DarkMatter+1","Cold Snap","Skim+1","Turbo","Biased Cognition","Ball Lightning","AT_StudyProgram+1","BootSequence","Seek","Writhe","Glacier"],"relics":["Cracked Core","AT_ATBox","NeowsBlessing","Golden Idol","CeramicFish","Letter Opener","Boot","Runic Pyramid","AT_SpeedBoots","Nunchaku"],"acts_visited":["Exordium","TheCity"],"potions_floor_usage":[20],"damage_taken":[{"damage":0.0,"enemies":"2 Louse","floor":1.0,"turns":1.0},{"damage":0.0,"enemies":"Cultist","floor":2.0,"turns":1.0},{"damage":0.0,"enemies":"Jaw Worm","floor":5.0,"turns":1.0},{"damage":2.0,"enemies":"Blue Slaver","floor":7.0,"turns":3.0},{"damage":18.0,"enemies":"3 Sentries","floor":10.0,"turns":6.0},{"damage":8.0,"enemies":"Gremlin Nob","floor":13.0,"turns":3.0},{"damage":0.0,"enemies":"2 Fungi Beasts","floor":14.0,"turns":3.0},{"damage":33.0,"enemies":"Slime Boss","floor":16.0,"turns":5.0},{"damage":0.0,"enemies":"Chosen","floor":18.0,"turns":3.0},{"damage":1,"enemies":"2 Thieves","floor":20,"turns":3},{"damage":30,"enemies":"Centurion and Healer","floor":22,"turns":4},{"damage":27,"enemies":"Gremlin Leader","floor":23,"turns":4}],"seed_played":"3158032200217946783","potions_obtained":[{"floor":1.0,"key":"EssenceOfSteel"},{"floor":2.0,"key":"SteroidPotion"},{"floor":5.0,"key":"FocusPotion"},{"floor":18.0,"key":"PowerPotion"},{"floor":22,"key":"PotionOfCapacity"}],"is_trial":false,"path_per_floor":["M","M","?","?","M","R","M","T","T","E","R","$","E","M","R","B",null,"M","?","M","?","M","E"],"character_chosen":"DEFECT","items_purchased":["AT_StudyProgram"],"campfire_rested":0,"item_purchase_floors":[12],"current_hp_per_floor":[64,64,64,64,64,64,62,62,62,44,44,44,36,36,36,3,49,49,49,48,48,18,0,0],"gold":266,"neow_bonus":"THREE_ENEMY_KILL","is_daily":false,"chose_seed":false,"campfire_upgraded":3,"win_rate":0.0,"timestamp":1608984491,"path_taken":["M","M","?","?","M","R","?","?","T","E","R","?","E","M","R","BOSS","M","?","M","?","M","E"],"items_purchased_type":["Card"],"build_version":"2020-12-22","purchased_purges":1,"victory":false,"max_hp_per_floor":[71,71,64,64,64,64,64,64,64,64,64,64,64,64,64,64,64,64,64,64,64,64,64,64],"card_choices":[{"not_picked":["FTL","Double Energy"],"picked":"AT_DarkMatter","floor":1.0},{"not_picked":["AT_HeatAcrobatics","Hologram"],"picked":"Cold Snap","floor":2.0},{"not_picked":["Beam Cell","Ball Lightning"],"picked":"Biased Cognition","floor":5.0},{"not_picked":["Stack","Conserve Battery"],"picked":"Ball Lightning","floor":7.0},{"not_picked":["Sweeping Beam","FTL","Lockon"],"picked":"SKIP","floor":10.0},{"not_picked":["Biased Cognition","Hello World"],"picked":"BootSequence","floor":13.0},{"not_picked":["Beam Cell","Genetic Algorithm","Barrage"],"picked":"SKIP","floor":14.0},{"not_picked":["Echo Form","Machine Learning"],"picked":"Seek","floor":16.0},{"not_picked":["Leap","Turbo","Hologram"],"picked":"SKIP","floor":18.0},{"not_picked":["Tempest","AT_HeatAcrobatics+1"],"picked":"Glacier","floor":20},{"not_picked":["Hello World","Auto Shields","Conserve Battery"],"picked":"SKIP","floor":22}],"player_experience":233176,"relics_obtained":[{"floor":9.0,"key":"CeramicFish"},{"floor":10.0,"key":"Letter Opener"},{"floor":13.0,"key":"Boot"}],"event_choices":[{"damage_healed":0.0,"max_hp_gain":0.0,"max_hp_loss":7.0,"gold_gain":0.0,"event_name":"Golden Idol","player_choice":"Lose Max HP","floor":3.0,"gold_loss":0.0,"damage_taken":0.0,"relics_obtained":["Golden Idol"]},{"damage_healed":0.0,"max_hp_gain":0.0,"max_hp_loss":0.0,"gold_gain":0.0,"event_name":"Match and Keep!","player_choice":"2 cards matched","floor":4.0,"gold_loss":0.0,"damage_taken":0.0,"cards_obtained":["Skim","Turbo"]},{"damage_healed":0.0,"max_hp_gain":0.0,"max_hp_loss":0.0,"gold_gain":0.0,"event_name":"The Mausoleum","player_choice":"Opened","floor":19.0,"gold_loss":0.0,"damage_taken":0.0,"relics_obtained":["AT_SpeedBoots"],"cards_obtained":["Writhe"]},{"damage_healed":0,"gold_gain":0,"player_choice":"Obtained Relic","damage_taken":0,"relics_obtained":["Nunchaku"],"max_hp_gain":0,"max_hp_loss":0,"event_name":"Addict","floor":21,"gold_loss":85}],"is_beta":false,"boss_relics":[{"not_picked":["Sozu","SacredBark"],"picked":"Runic Pyramid"}],"items_purged_floors":[12],"is_endless":false,"potions_floor_spawned":[1,2,5,18,22],"killed_by":"Gremlin Leader","ascension_level":19}}