{"host":"Alvar","time":1608985381,"event":{"mods":["AchievementEnabler","Aspiration","BaseMod","Hubris","Infinite Spire","Minty Spire (QoL Compilation)","StSLib"],"gold_per_floor":[113,113,113,113,131,164,184,207,207,247,247,247,288,304,304,403,403,427,477,61,61,75,115,135,153,153,172,215,235,235,254,254,254,254],"floor_reached":33,"playtime":1275,"items_purged":["Strike_R","Strike_R"],"score":668,"play_id":"a8b34ba2-75b0-42cf-acc6-97f7d83b58da","local_time":"20201226192301","is_ascension_mode":true,"campfire_choices":[{"data":"Clothesline","floor":12,"key":"SMITH"},{"data":"Disarm","floor":15,"key":"SMITH"},{"floor":32,"key":"REST"}],"circlet_count":0,"master_deck":["AscendersBane","Strike_R","Strike_R","Strike_R","Defend_R","Defend_R","Defend_R","Defend_R","Bash+1","Clothesline+1","Cleave","Bludgeon","Anger","Disarm+1","Immolate","Offering","Shrug It Off","Shrug It Off+1","True Grit","hubris:ReadiedAction+1"],"relics":["Burning Blood","NeowsBlessing","hubris:Towel","Golden Idol","Thread and Needle","infinitespire:WardingShard","infinitespire:FocusingShard","aspiration:StickyExplosives_weak","hubris:DisguiseKit","infinitespire:Cupcake","aspiration:HatOfInfinitePower","Mummified Hand","Peace Pipe","Ornamental Fan","Vajra","hubris:GrandSneckoEye","HandDrill"],"acts_visited":["Exordium","TheCity"],"potions_floor_usage":[23],"damage_taken":[{"damage":0,"enemies":"Cultist","floor":1,"turns":1},{"damage":0,"enemies":"2 Louse","floor":5,"turns":1},{"damage":0,"enemies":"3 Sentries","floor":6,"turns":1},{"damage":0,"enemies":"Jaw Worm","floor":7,"turns":3},{"damage":7,"enemies":"Looter","floor":8,"turns":3},{"damage":23,"enemies":"Lagavulin","floor":10,"turns":6},{"damage":4,"enemies":"Gremlin Nob","floor":13,"turns":3},{"damage":12,"enemies":"Exordium Thugs","floor":14,"turns":4},{"damage":41,"enemies":"Hexaghost","floor":16,"turns":10},{"damage":18,"enemies":"2 Thieves","floor":18,"turns":2},{"damage":6,"enemies":"Chosen","floor":22,"turns":3},{"damage":10,"enemies":"Book of Stabbing","floor":23,"turns":4},{"damage":22,"enemies":"Sentry and Sphere","floor":24,"turns":4},{"damage":0,"enemies":"Centurion and Healer","floor":25,"turns":4},{"damage":6,"enemies":"Snake Plant","floor":27,"turns":4},{"damage":19,"enemies":"Nightmare","floor":28,"turns":11},{"damage":9,"enemies":"Shelled Parasite and Fungi","floor":29,"turns":9},{"damage":9,"enemies":"Centurion and Healer","floor":31,"turns":3},{"damage":6,"enemies":"Collector","floor":33,"turns":2}],"seed_played":"4360462158698753649","potions_obtained":[{"floor":5,"key":"BlessingOfTheForge"},{"floor":10,"key":"EntropicBrew"},{"floor":14,"key":"Regen Potion"},{"floor":23,"key":"Energy Potion"}],"is_trial":false,"path_per_floor":["M","?","?","?","M","E","M","M","T","E","T","R","E","M","R","B",null,"M","?","$","T","M","E","M","M","T","M","NM","M","AVR","M","R","B"],"character_chosen":"IRONCLAD","items_purchased":["aspiration:HatOfInfinitePower"],"campfire_rested":1,"item_purchase_floors":[20],"current_hp_per_floor":[74,74,74,48,54,60,66,65,65,48,48,48,50,44,44,9,59,47,47,47,47,47,55,39,45,45,45,32,29,29,26,48,42,42],"gold":254,"neow_bonus":"THREE_ENEMY_KILL","is_daily":false,"chose_seed":false,"campfire_upgraded":2,"win_rate":0.0,"timestamp":1608985381,"path_taken":["M","?","?","?","M","E","M","M","T","E","?","R","E","M","R","BOSS","M","?","$","?","M","E","?","?","T","M","NM","M","AVR","M","R","BOSS"],"items_purchased_type":["Relic"],"build_version":"2020-12-18","purchased_purges":2,"victory":false,"max_hp_per_floor":[75,75,75,75,75,75,75,75,75,75,75,75,75,75,75,75,75,75,75,75,75,75,75,75,75,75,75,75,75,75,75,75,75,75],"card_choices":[{"not_picked":["Iron Wave","Pommel Strike"],"picked":"Clothesline","floor":1},{"not_picked":["Warcry","Shrug It Off"],"picked":"Cleave","floor":5},{"not_picked":["Searing Blow","Headbutt"],"picked":"Bludgeon","floor":6},{"not_picked":["Perfected Strike","Pommel Strike"],"picked":"Anger","floor":7},{"not_picked":["Body Slam","Havoc","hubris:CleavingFinish"],"picked":"SKIP","floor":8},{"not_picked":["Thunderclap","Body Slam","Rage"],"picked":"SKIP","floor":10},{"not_picked":["Headbutt","Sentinel"],"picked":"Disarm","floor":13},{"not_picked":["hubris:ReadiedAction","Twin Strike","PathToVictory"],"picked":"Immolate","floor":14},{"not_picked":["Exhume","Demon Form","ConjureBlade"],"picked":"Offering","floor":16},{"not_picked":["Wild Strike","Twin Strike","Heavy Blade","WindmillStrike"],"picked":"SKIP","floor":18},{"not_picked":["Headbutt","Infernal Blade","WindmillStrike"],"picked":"Shrug It Off","floor":22},{"not_picked":["Combust","Perfected Strike","Reckless Charge","Vengeance"],"picked":"SKIP","floor":23},{"not_picked":["Perfected Strike","Seeing Red","Iron Wave","SashWhip"],"picked":"SKIP","floor":24},{"not_picked":["Body Slam","Havoc","Consecrate"],"picked":"Shrug It Off+1","floor":25},{"not_picked":["Thunderclap+1","Flex","PathToVictory"],"picked":"True Grit","floor":27},{"not_picked":["Sword Boomerang","Blood for Blood","FollowUp"],"picked":"hubris:ReadiedAction+1","floor":28},{"not_picked":["Infernal Blade","Blood for Blood","Warcry","FlyingSleeves"],"picked":"SKIP","floor":29},{"not_picked":["Heavy Blade","Entrench","Headbutt","SashWhip"],"picked":"SKIP","floor":31}],"player_experience":740062,"relics_obtained":[{"floor":6,"key":"Thread and Needle"},{"floor":9,"key":"infinitespire:WardingShard"},{"floor":10,"key":"infinitespire:FocusingShard"},{"floor":11,"key":"aspiration:StickyExplosives_weak"},{"floor":13,"key":"hubris:DisguiseKit"},{"floor":21,"key":"Mummified Hand"},{"floor":23,"key":"Peace Pipe"},{"floor":26,"key":"Ornamental Fan"},{"floor":28,"key":"Vajra"}],"event_choices":[{"damage_healed":0,"gold_gain":0,"player_choice":"Take Damage","damage_taken":26,"relics_obtained":["Golden Idol"],"max_hp_gain":0,"max_hp_loss":0,"event_name":"Golden Idol","floor":4,"gold_loss":0},{"damage_healed":0,"gold_gain":50,"player_choice":"Pray","damage_taken":0,"max_hp_gain":0,"max_hp_loss":0,"event_name":"Golden Shrine","floor":19,"gold_loss":0}],"is_beta":true,"boss_relics":[{"not_picked":["Tiny House","hubris:VirtuousBlindfold"],"picked":"infinitespire:Cupcake"}],"items_purged_floors":[20,30],"is_endless":false,"potions_floor_spawned":[5,10,14,16,18,23,31],"killed_by":"Collector","ascension_level":20}}