{"host":"qhhcmep1unj6mpf7","time":1608960536,"event":{"mods":["2.2 Compatiblity","AchievementEnabler","BaseMod","Colored Map","DeckTracker","Highlight Path","Keyboard Shortcuts","Minty Spire (QoL Compilation)","Permanent Neow","Quick Restart","Random Character Button","StSLib","SuperFastMode","everything is the same but u backflip on backflip"],"gold_per_floor":[118,43,57,76,96,96,110,110,110],"floor_reached":8,"playtime":257,"items_purged":["Pain"],"score":73,"play_id":"ca9c6fc0-344a-49e6-8df6-802b5de092b8","local_time":"20201226142856","is_ascension_mode":true,"campfire_choices":[{"data":"Tempest","floor":6,"key":"SMITH"}],"circlet_count":0,"master_deck":["Strike_B","Strike_B","Defend_B","Defend_B","Defend_B","Defend_B","Zap","Dualcast","Stack","Skim","Genetic Algorithm","Sweeping Beam","Tempest+1"],"relics":["Cracked Core"],"acts_visited":["Exordium"],"potions_floor_usage":[],"damage_taken":[{"damage":4.0,"enemies":"Cultist","floor":1.0,"turns":4.0},{"damage":12,"enemies":"Jaw Worm","floor":3,"turns":4},{"damage":10,"enemies":"Small Slimes","floor":4,"turns":4},{"damage":9,"enemies":"3 Louse","floor":5,"turns":4},{"damage":4,"enemies":"Blue Slaver","floor":7,"turns":5},{"damage":36,"enemies":"Gremlin Nob","floor":8,"turns":3}],"seed_played":"-6248176764277809025","potions_obtained":[{"floor":4,"key":"SpeedPotion"},{"floor":5,"key":"EssenceOfSteel"}],"is_trial":false,"path_per_floor":["M","$","M","M","M","R","M","E"],"character_chosen":"DEFECT","items_purchased":[],"campfire_rested":0,"item_purchase_floors":[],"current_hp_per_floor":[64,64,52,42,33,33,29,0,0],"gold":110,"neow_bonus":"TRANSFORM_TWO_CARDS","is_daily":false,"chose_seed":false,"campfire_upgraded":1,"win_rate":0.0,"timestamp":1608960536,"path_taken":["M","$","M","M","M","R","?","E"],"items_purchased_type":[],"build_version":"2020-12-22","purchased_purges":1,"victory":false,"max_hp_per_floor":[75,75,75,75,75,75,75,75,75],"card_choices":[{"not_picked":["Chill","Leap"],"picked":"Genetic Algorithm","floor":1.0},{"not_picked":["Cold Snap","Ball Lightning"],"picked":"Sweeping Beam","floor":3},{"not_picked":["Static Discharge","Streamline"],"picked":"Tempest","floor":4},{"not_picked":["Redo","Turbo","Hologram"],"picked":"SKIP","floor":5},{"not_picked":["Barrage","Sweeping Beam","Go for the Eyes"],"picked":"SKIP","floor":7}],"player_experience":311464,"relics_obtained":[],"event_choices":[],"is_beta":false,"boss_relics":[],"items_purged_floors":[2],"is_endless":false,"potions_floor_spawned":[4,5],"killed_by":"Gremlin Nob","ascension_level":9}}