{"host":"s0rqbuvjzggdtc2s","time":1608994667,"event":{"mods":["ATMod(°¢èªMod)","BaseMod","Hermit","Minty Spire (QoL Compilation)","StSLib","¡¾ÒÅÎï¿¨ÅÆ¡¿REMEMod"],"gold_per_floor":[109,284,359,359,48,91,109,122,149,185,199,199,45,66,66,195,195,216,232,246,121,421,456,456,472,472,487,511,532,532,532],"floor_reached":30,"playtime":896,"items_purged":["hermit:Strike_Hermit"],"score":302,"play_id":"efeabc32-5fce-48e9-9bb3-2645003cea93","local_time":"20201226225747","is_ascension_mode":true,"campfire_choices":[{"data":"hermit:HighCaliber","floor":12.0,"key":"SMITH"},{"floor":15.0,"key":"REST"},{"data":"AT_EmpoweredMortalDraw","floor":24.0,"key":"SMITH"}],"circlet_count":0,"master_deck":["hermit:Strike_Hermit","hermit:Strike_Hermit","hermit:Strike_Hermit","hermit:Defend_Hermit","hermit:Defend_Hermit","hermit:Defend_Hermit","hermit:Defend_Hermit","hermit:Snapshot","hermit:Covet","AT_FamilyPortrait","AT_FamilyPortrait","hermit:Desperado+1","Doubt","hermit:Shortfuse+1","hermit:Desperado","hermit:Vantage","hermit:Midnight","hermit:HighCaliber+1","hermit:RoundhouseKick","hermit:Reprieve","AT_EmpoweredMortalDraw+1","hermit:Quickdraw","hermit:Enervate","hermit:Coalescence+1","hermit:HoleUp","hermit:Gestalt","Writhe","hermit:LoneWolf+1","hermit:HoleUp","hermit:Headshot","hermit:Headshot+1"],"relics":["hermit:Momento","AT_ATBox","REME_ComplimentaryCards","NeowsBlessing","Golden Idol","Whetstone","hermit:RyeStalk","Orichalcum","Bottled Flame","Tiny Chest","AT_MortalBlade","Old Coin","AT_EbonyIvory","Vajra"],"acts_visited":["Exordium","TheCity"],"potions_floor_usage":[30,30],"damage_taken":[{"damage":0.0,"enemies":"Jaw Worm","floor":1.0,"turns":1.0},{"damage":6.0,"enemies":"3 Sentries","floor":6.0,"turns":2.0},{"damage":0.0,"enemies":"Small Slimes","floor":7.0,"turns":1.0},{"damage":0.0,"enemies":"2 Louse","floor":8.0,"turns":2.0},{"damage":7.0,"enemies":"Gremlin Nob","floor":10.0,"turns":3.0},{"damage":0.0,"enemies":"Exordium Wildlife","floor":11.0,"turns":2.0},{"damage":7.0,"enemies":"Blue Slaver","floor":14.0,"turns":3.0},{"damage":17.0,"enemies":"The Guardian","floor":16.0,"turns":8.0},{"damage":0.0,"enemies":"Spheric Guardian","floor":18.0,"turns":2.0},{"damage":4.0,"enemies":"2 Thieves","floor":19.0,"turns":2.0},{"damage":4.0,"enemies":"Chosen and Byrds","floor":20.0,"turns":3.0},{"damage":17.0,"enemies":"Gremlin Leader","floor":23.0,"turns":4.0},{"damage":26.0,"enemies":"Snake Plant","floor":25.0,"turns":3.0},{"damage":10.0,"enemies":"Snecko","floor":27.0,"turns":4.0},{"damage":0.0,"enemies":"Cultist and Chosen","floor":28.0,"turns":4.0},{"damage":1,"enemies":"Sentry and Sphere","floor":29,"turns":3},{"damage":19,"enemies":"REME_1_Revenger","floor":30,"turns":3}],"seed_played":"2986222789121237285","potions_obtained":[{"floor":6.0,"key":"ColorlessPotion"},{"floor":11.0,"key":"Block Potion"},{"floor":14.0,"key":"FearPotion"},{"floor":16.0,"key":"SpeedPotion"},{"floor":20.0,"key":"hermit:Tonic"},{"floor":23.0,"key":"hermit:BlackBile"},{"floor":27.0,"key":"PowerPotion"},{"floor":28.0,"key":"EntropicBrew"}],"is_trial":false,"path_per_floor":["M","?","?","?","$","E","M","M","T","E","M","R","$","M","R","B",null,"M","M","M","$","?","E","R","M","T","M","M","M","E"],"character_chosen":"HERMIT","items_purchased":["hermit:Shortfuse","Whetstone","Tiny Chest","hermit:HoleUp","hermit:Gestalt"],"campfire_rested":1,"item_purchase_floors":[5,5,13,21,21],"current_hp_per_floor":[75,75,64,46,46,40,40,40,40,33,33,33,33,26,48,31,75,75,71,71,71,71,54,54,28,28,18,18,17,0,0],"gold":532,"neow_bonus":"THREE_ENEMY_KILL","is_daily":false,"chose_seed":false,"campfire_upgraded":2,"win_rate":0.0,"timestamp":1608994667,"path_taken":["M","?","?","?","$","E","M","M","T","E","M","R","?","M","R","BOSS","M","M","M","$","?","E","R","M","T","M","M","M","E"],"items_purchased_type":["Card","Relic","Relic","Card","Card"],"build_version":"2020-12-22","purchased_purges":1,"victory":false,"max_hp_per_floor":[75,75,75,75,75,75,75,75,75,75,75,75,75,75,75,75,75,75,75,75,75,75,75,75,75,75,75,75,75,75,75],"card_choices":[{"not_picked":["hermit:SprayPray","hermit:LowProfile"],"picked":"hermit:Desperado","floor":1.0},{"not_picked":["hermit:Glare","hermit:Dive"],"picked":"hermit:Desperado","floor":6.0},{"not_picked":["hermit:NoHoldsBarred","hermit:HighCaliber"],"picked":"hermit:Vantage","floor":7.0},{"not_picked":["hermit:TakeCover","hermit:Enervate"],"picked":"hermit:Midnight","floor":8.0},{"not_picked":["hermit:Midnight","hermit:GhostlyPresence"],"picked":"hermit:HighCaliber","floor":10.0},{"not_picked":["hermit:NoHoldsBarred","hermit:Showdown"],"picked":"hermit:RoundhouseKick","floor":11.0},{"not_picked":["hermit:SprayPray","hermit:Maintenance","hermit:CalledShot"],"picked":"SKIP","floor":14.0},{"not_picked":["hermit:HeroicBravado","hermit:DeadOrAlive"],"picked":"hermit:Reprieve","floor":16.0},{"not_picked":["hermit:Glare","hermit:Cheat"],"picked":"hermit:Quickdraw","floor":18.0},{"not_picked":["hermit:CalledShot","hermit:Manifest"],"picked":"hermit:Enervate","floor":19.0},{"not_picked":["hermit:DeadMansHand","hermit:Spite"],"picked":"hermit:Coalescence+1","floor":20.0},{"not_picked":["hermit:Enervate","hermit:FromBeyond"],"picked":"hermit:LoneWolf+1","floor":23.0},{"not_picked":["hermit:Dive+1","hermit:Manifest"],"picked":"hermit:HoleUp","floor":25.0},{"not_picked":["hermit:TrackingShot","hermit:GhostlyPresence"],"picked":"hermit:Headshot","floor":27.0},{"not_picked":["hermit:ItchyTrigger+1","hermit:BodyArmor"],"picked":"hermit:Headshot+1","floor":28.0},{"not_picked":["hermit:Manifest+1","hermit:Cheat","hermit:FullyLoaded"],"picked":"SKIP","floor":29}],"player_experience":200363,"relics_obtained":[{"floor":6.0,"key":"hermit:RyeStalk"},{"floor":9.0,"key":"Orichalcum"},{"floor":10.0,"key":"Bottled Flame"},{"floor":23.0,"key":"AT_EbonyIvory"},{"floor":26.0,"key":"Vajra"}],"event_choices":[{"damage_healed":0.0,"max_hp_gain":0.0,"max_hp_loss":0.0,"gold_gain":175.0,"event_name":"Liars Game","player_choice":"AGREE","floor":2.0,"gold_loss":0.0,"damage_taken":0.0,"cards_obtained":["Doubt"]},{"damage_healed":0.0,"max_hp_gain":0.0,"max_hp_loss":0.0,"gold_gain":75.0,"event_name":"World of Goop","player_choice":"Gather Gold","floor":3.0,"gold_loss":0.0,"damage_taken":11.0},{"damage_healed":0.0,"max_hp_gain":0.0,"max_hp_loss":0.0,"gold_gain":0.0,"event_name":"Golden Idol","player_choice":"Take Damage","floor":4.0,"gold_loss":0.0,"damage_taken":18.0,"relics_obtained":["Golden Idol"]},{"damage_healed":0.0,"max_hp_gain":0.0,"max_hp_loss":0.0,"gold_gain":0.0,"event_name":"The Mausoleum","player_choice":"Opened","floor":22.0,"gold_loss":0.0,"damage_taken":0.0,"relics_obtained":["Old Coin"],"cards_obtained":["Writhe"]}],"is_beta":false,"boss_relics":[{"not_picked":["Runic Dome","REME_LowDesire"],"picked":"AT_MortalBlade"}],"items_purged_floors":[5],"is_endless":false,"potions_floor_spawned":[6,11,14,16,20,23,27,28],"killed_by":"REME_1_Revenger","ascension_level":1}}