{"host":"3j7xx3dgykcuif7u","time":1608988112,"event":{"mods":["2.2 Compatiblity","Bard","BaseMod","Better Note","Better Third Choice","BetterRewards","Colored Map","Colored Powertips","Conspire","Custom Start","Downfall","Faster Ascension Climbing","Friendly Minions","GifTheSpireLib","Gremlin Skip","Hermit","Highlight Path","Hubris","Infinite Spire","Mad Scientist","Marisa????????","Mimic Mod","Minty Spire (QoL Compilation)","Permanent Neow","Potionbrewer","Quick Restart","RNG Fix","Relic Sorter","Relic Stats","Replay The Spire","Shop Mod","Somnambulant","StSLib","Stuff the Spire","SuperFastMode","The Blue Laboratory","The Construct","The Disciple","The Jungle","The Mystic","The Servant 0.9.4","vexMod"],"gold_per_floor":[110,123,123,123,123,153,153,187,187,187,221,252,271,344,344,479,479,545,595,81,81,133,169,192,192,192,234,301,310,310],"floor_reached":29,"playtime":14481,"items_purged":["Strike_MRS","Defend_MRS"],"score":545,"play_id":"13921387-e317-466f-af23-04d12893567a","local_time":"20201226070832","is_ascension_mode":true,"campfire_choices":[{"data":"MagicChant","floor":7.0,"key":"SMITH"},{"data":"OortCloud","floor":10.0,"key":"SMITH"},{"data":"LuminesStrike","floor":15.0,"key":"SMITH"}],"circlet_count":0,"master_deck":["AscendersBane","Strike_MRS","Defend_MRS+1","Defend_MRS","Defend_MRS+1","MasterSpark","UpSweep","NonDirectionalLaser","LuminesStrike+1","MagicChant+1","Robbery","OortCloud+1","Acceleration","6A","Robbery","ShootingEcho","OneTimeOff+1","Singularity+1","GalacticHalo+1","MilkyWay+1","UnstableBomb","GasGiant","infinitespire:TheBestDefense","Pot Of Greed","Pot Of Greed","UnstableBomb","Pot Of Greed"],"relics":["MiniHakkero","NeowsBlessing","Vajra","hubris:MysteriousPyramids","StuffTheSpire:Experiment12","MerchantsRug","Golden Egg","Blood Vial","hubris:Metronome","vexMod:TanglingVine","Singing Bowl","Grinning Jar"],"acts_visited":["Exordium","TheCity"],"potions_floor_usage":[29],"damage_taken":[{"damage":0.0,"enemies":"2 Louse","floor":1.0,"turns":1.0},{"damage":0.0,"enemies":"Cultist","floor":2.0,"turns":1.0},{"damage":0.0,"enemies":"3 Sentries","floor":6.0,"turns":1.0},{"damage":7.0,"enemies":"Small Slimes","floor":8.0,"turns":3.0},{"damage":0.0,"enemies":"Exordium Wildlife","floor":11.0,"turns":3.0},{"damage":1.0,"enemies":"2 Fungi Beasts","floor":12.0,"turns":3.0},{"damage":0.0,"enemies":"Exordium Thugs","floor":13.0,"turns":4.0},{"damage":5.0,"enemies":"Lagavulin","floor":14.0,"turns":8.0},{"damage":10.0,"enemies":"The Guardian","floor":16.0,"turns":10.0},{"damage":19.0,"enemies":"2 Thieves","floor":18.0,"turns":4.0},{"damage":14.0,"enemies":"Shell Parasite","floor":22.0,"turns":9.0},{"damage":19.0,"enemies":"Book of Stabbing","floor":23.0,"turns":4.0},{"damage":16.0,"enemies":"Snake Plant","floor":24.0,"turns":5.0},{"damage":8.0,"enemies":"Gremlin Leader","floor":27.0,"turns":5.0},{"damage":0.0,"enemies":"Centurion and Healer","floor":28.0,"turns":4.0},{"damage":26,"enemies":"Slavers","floor":29,"turns":2}],"seed_played":"509512852954766926","potions_obtained":[{"floor":1.0,"key":"SteroidPotion"},{"floor":2.0,"key":"Dexterity Potion"},{"floor":6.0,"key":"BottledSpark"},{"floor":22.0,"key":"blueLaboratory:BottledHope"},{"floor":23.0,"key":"BottledSpark"}],"is_trial":false,"path_per_floor":["M","M","?","?","?","E","R","M","T","R","M","M","M","E","R","B",null,"M","?","$","?","M","E","M","AVR","T","E","M","E"],"character_chosen":"MARISA","items_purchased":["MerchantsRug","Golden Egg","Singularity","GalacticHalo","MilkyWay"],"campfire_rested":0,"item_purchase_floors":[20,20,20,20,20],"current_hp_per_floor":[68,68,68,53,46,46,46,39,39,39,39,38,38,33,33,23,92,73,73,73,73,59,40,26,26,26,22,24,0,0],"gold":310,"neow_bonus":"THREE_ENEMY_KILL","is_daily":false,"chose_seed":false,"campfire_upgraded":3,"win_rate":0.0,"timestamp":1608988112,"path_taken":["M","M","?","?","?","E","R","M","T","R","M","M","?","E","R","BOSS","M","?","$","?","M","E","M","AVR","T","E","M","E"],"items_purchased_type":["Relic","Relic","Card","Card","Card"],"build_version":"2020-12-22","purchased_purges":2,"victory":false,"max_hp_per_floor":[75,75,75,75,75,75,75,75,75,75,75,75,75,75,75,75,105,105,105,105,105,105,105,105,105,105,107,107,107,107],"relic_stats":{"Blood Vial":8,"Singing Bowl":2,"counters":[16,67],"obtain_stats":[{"MerchantsRug":20,"Golden Egg":20,"hubris:Metronome":25,"NeowsBlessing":0,"Singing Bowl":26,"Vajra":6,"vexMod:TanglingVine":25,"hubris:MysteriousPyramids":9,"Blood Vial":23,"StuffTheSpire:Experiment12":14,"MiniHakkero":0,"Grinning Jar":27,"vexMod:BigBerry":17},{"MerchantsRug":10,"Golden Egg":10,"hubris:Metronome":13,"NeowsBlessing":0,"Singing Bowl":13,"Vajra":3,"vexMod:TanglingVine":13,"hubris:MysteriousPyramids":4,"Blood Vial":12,"StuffTheSpire:Experiment12":8,"MiniHakkero":0,"Grinning Jar":14,"vexMod:BigBerry":9},{"MerchantsRug":38,"Golden Egg":38,"hubris:Metronome":56,"NeowsBlessing":0,"Singing Bowl":56,"Vajra":3,"vexMod:TanglingVine":56,"hubris:MysteriousPyramids":6,"Blood Vial":51,"StuffTheSpire:Experiment12":24,"MiniHakkero":0,"Grinning Jar":61,"vexMod:BigBerry":34}]},"card_choices":[{"not_picked":["EnergyRecoil","LuminesStrike"],"picked":"NonDirectionalLaser","floor":1.0},{"not_picked":["MaximisePower","DC"],"picked":"LuminesStrike","floor":2.0},{"not_picked":["RefractionSpark","WitchOfGreed"],"picked":"Robbery","floor":6.0},{"not_picked":["ShootingEcho","GravityBeat"],"picked":"OortCloud","floor":8.0},{"not_picked":["Robbery","StarlightTyphoon"],"picked":"Acceleration","floor":11.0},{"not_picked":["EventHorizon","DoubleSpark"],"picked":"6A","floor":12.0},{"not_picked":["GasGiant","ShootTheMoon"],"picked":"Robbery","floor":13.0},{"not_picked":["Acceleration","DragonMeteor"],"picked":"ShootingEcho","floor":14.0},{"not_picked":["LuminesStrike","DC"],"picked":"OneTimeOff+1","floor":18.0},{"not_picked":["GravityBeat","Acceleration"],"picked":"UnstableBomb","floor":22.0},{"not_picked":["Singularity","ManaConvection","OrrerysSun"],"picked":"SKIP","floor":23.0},{"not_picked":["EventHorizon+1","GravityBeat+1"],"picked":"GasGiant","floor":24.0},{"not_picked":["ShootTheMoon","EnergyRecoil","StarlightTyphoon"],"picked":"Singing Bowl","floor":27.0},{"not_picked":["MagicChant+1","Robbery"],"picked":"UnstableBomb","floor":28.0}],"player_experience":955330,"relics_obtained":[{"floor":6.0,"key":"Vajra"},{"floor":9.0,"key":"hubris:MysteriousPyramids"},{"floor":14.0,"key":"StuffTheSpire:Experiment12"},{"floor":23.0,"key":"Blood Vial"},{"floor":26.0,"key":"Singing Bowl"},{"floor":27.0,"key":"Grinning Jar"}],"event_choices":[{"damage_healed":0.0,"max_hp_gain":0.0,"max_hp_loss":0.0,"gold_gain":0.0,"cards_transformed":["Strike_MRS"],"event_name":"Transmorgrifier","player_choice":"Transformed","floor":3.0,"gold_loss":0.0,"damage_taken":0.0,"cards_obtained":["MagicChant"]},{"damage_healed":68.0,"max_hp_gain":0.0,"max_hp_loss":75.0,"gold_gain":0.0,"event_name":"betterThird:BetterShining","player_choice":"Upgrade","floor":4.0,"gold_loss":0.0,"damage_taken":15.0,"cards_upgraded":["Defend_MRS","Defend_MRS"]},{"cards_removed":["Strike_MRS"],"damage_healed":0.0,"max_hp_gain":0.0,"max_hp_loss":0.0,"gold_gain":0.0,"event_name":"Golden Wing","player_choice":"Card Removal","floor":5.0,"gold_loss":0.0,"damage_taken":7.0},{"damage_healed":0.0,"max_hp_gain":0.0,"max_hp_loss":0.0,"gold_gain":100.0,"event_name":"The Joust","player_choice":"Bet on Murderer","floor":19.0,"gold_loss":50.0,"damage_taken":0.0},{"cards_removed":["OortCloud"],"damage_healed":0.0,"max_hp_gain":0.0,"max_hp_loss":0.0,"gold_gain":0.0,"event_name":"betterNote:BetterNote","player_choice":"Give","floor":21.0,"gold_loss":0.0,"damage_taken":0.0,"cards_obtained":["None"]}],"is_beta":false,"boss_relics":[{"not_picked":["Empty Cage","vexMod:MegatonBomb"],"picked":"vexMod:BigBerry"}],"items_purged_floors":[20,25],"is_endless":false,"potions_floor_spawned":[1,2,6,22,23],"killed_by":"Slavers","ascension_level":13}}