{"host":"bbld1ic1uj90ldt9","time":1608994139,"event":{"mods":["2.2 Compatiblity","AchievementEnabler","Act Like it!","BaseMod","Better Third Choice","Conspire","Downfall","Emptier Cage","Gensokyo","Hallownest","Hermit","Highlight Path","Hubris","Marisa????????","Minty Spire (QoL Compilation)","Random Character Button","Replay The Spire","StSLib","The Animator","The Bug Knight","The Cursed","The Disciple","The Hierophant","The Jungle","The Runesmith","The Servant 0.9.4"],"gold_per_floor":[99,118,132,32,71,71,143,175,175,175,226,22,73,75,75],"floor_reached":14,"playtime":1379,"items_purged":["Strike_S"],"score":147,"play_id":"a1b5bc0d-cad7-4ae6-94e6-2c6c21e708b8","local_time":"20201226154859","is_ascension_mode":true,"campfire_choices":[{"floor":1.0,"key":"RECALL"},{"data":"Exchange","floor":6.0,"key":"SMITH"}],"circlet_count":0,"master_deck":["Strike_S","Strike_S","Strike_S","Defend_S","Defend_S","Defend_S","Defend_S","KidneyShot","Exchange+1","Foresight","ShatteredReality","conspire:SpireCoStock","conspire:SpireCoStock","Rewind","PendulumOfEternity","Rearm","SilverMatrix","Alleviate"],"relics":["Uniform","Shuriken","Hallownest:SheosBrushRelic","hubris:Icosahedron","Pear","Membership Card"],"acts_visited":["Hallownest:Greenpath"],"potions_floor_usage":[13,14],"damage_taken":[{"damage":1.0,"enemies":"Hallownest:monsterHuskWarrior","floor":2.0,"turns":7.0},{"damage":3.0,"enemies":"Hallownest:monsterHuskGuard","floor":3.0,"turns":5.0},{"damage":5.0,"enemies":"Hallownest:2_Baldur","floor":5.0,"turns":4.0},{"damage":6.0,"enemies":"Hallownest:Wandering_and_Horned","floor":8.0,"turns":6.0},{"damage":46,"enemies":"Hallownest:eliteCrystalGuardian","floor":11,"turns":11},{"damage":3,"enemies":"downfall:FleeingMerchant","floor":12,"turns":4},{"damage":9,"enemies":"Hallownest:monsterAspidMother","floor":13,"turns":14},{"damage":7,"enemies":"Hallownest:eliteMossKnight","floor":14,"turns":6}],"seed_played":"2777265262154999942","potions_obtained":[{"floor":11,"key":"Ancient Potion"},{"floor":13,"key":"Explosive Potion"}],"is_trial":false,"path_per_floor":["R","M","M","?","M","R","T","M","?","?","E","$","M","E"],"character_chosen":"THE_SERVANT","items_purchased":["Membership Card"],"campfire_rested":0,"item_purchase_floors":[12],"current_hp_per_floor":[65,64,61,61,56,56,56,50,50,50,14,11,2,0,0],"gold":75,"neow_bonus":"TEN_PERCENT_HP_BONUS","is_daily":false,"chose_seed":false,"campfire_upgraded":1,"win_rate":0.0,"timestamp":1608994139,"path_taken":["R","M","?","?","M","R","T","M","?","?","E","$","M","E"],"items_purchased_type":["Relic"],"build_version":"2020-12-22","purchased_purges":1,"victory":false,"max_hp_per_floor":[71,71,71,71,71,71,71,71,71,71,81,81,81,81,81],"card_choices":[{"not_picked":["TimeWarp","BottledTime"],"picked":"Foresight","floor":2.0},{"not_picked":["Unruled","Rearm"],"picked":"ShatteredReality","floor":3.0},{"not_picked":["Rearm","Ricochet"],"picked":"Rewind","floor":5.0},{"not_picked":["Deadline","ShatteredReality"],"picked":"PendulumOfEternity","floor":8.0},{"not_picked":["Orbit","Collapse"],"picked":"Rearm","floor":11},{"not_picked":["Potential","InstantArmor"],"picked":"SilverMatrix","floor":12},{"not_picked":["Hightail","DualDimension"],"picked":"Alleviate","floor":13}],"player_experience":2169312,"relics_obtained":[{"floor":7.0,"key":"Shuriken"},{"floor":11,"key":"Pear"}],"event_choices":[{"damage_healed":0.0,"max_hp_gain":0.0,"max_hp_loss":0.0,"gold_gain":0.0,"event_name":"conspire:Investor","player_choice":"Invest 2","floor":4.0,"gold_loss":0.0,"damage_taken":0.0}],"is_beta":false,"boss_relics":[],"items_purged_floors":[12],"is_endless":false,"potions_floor_spawned":[11,13],"killed_by":"Hallownest:eliteMossKnight","ascension_level":8}}