{"host":"1tmagqyeywr2w44t","time":1608975477,"event":{"mods":["2.2 Compatiblity","BaseMod","Colored Powertips","Downfall","Marisa£¨Ùöéë¡¡Øª×âÞÞ£©","Minty Spire (QoL Compilation)","Rare Cards Sparkle","Replay The Spire","StSLib","SuperFastMode","The Marked"],"gold_per_floor":[99,113,123,123,139,174,200,235,253,269,301,311,321,333,344,447,447,447,447,447,447,447,447,447,447,447,447,447,447,55,55,55,55,55,55,55,55,18,18,18,18,18,18,18,18,18,18,18,18,18,18,18,18,18,18],"floor_reached":56,"playtime":2783,"items_purged":["Looming Evil"],"score":1800,"play_id":"3d45a00f-0f72-4795-a609-76a9d414d94c","local_time":"20201226183757","is_ascension_mode":true,"campfire_choices":[{"data":"Guardian:TwinSlam","floor":1,"key":"SMITH"},{"data":"Guardian:Planning","floor":18,"key":"SMITH"},{"data":"Guardian:CurlUp","floor":29,"key":"SMITH"},{"floor":35,"key":"RECALL"},{"data":"Guardian:TimeCapacitor","floor":45,"key":"SMITH"},{"data":"Guardian:PolyBeam","floor":47,"key":"SMITH"},{"data":"Guardian:Repulse","floor":54,"key":"SMITH"}],"circlet_count":0,"master_deck":["Guardian:Strike_Guardian","Guardian:Strike_Guardian","Guardian:Defend_Guardian","Guardian:Defend_Guardian","Guardian:Defend_Guardian","Guardian:Defend_Guardian","Guardian:CurlUp+1","Guardian:TwinSlam+1","Guardian:ChargeUp","Guardian:BronzeOrb","Guardian:PolyBeam+1","Guardian:Planning+1","Guardian:Repulse+1","Guardian:FierceBash+1","CurseOfTheBell","Guardian:VentSteam","Hallucinations","Guardian:TemporalShield+1","Guardian:PrismaticBeam","Guardian:SentryBeam","Guardian:TemporalStrike","Guardian:Reroute+1","Impatience","Guardian:PrismaticBarrier","Guardian:FastForward+1","Guardian:FloatingOrbs+1","Guardian:TimeCapacitor+1","Guardian:PrimingBeam+1"],"relics":["Guardian:ModeShifter","Anchor","Nunchaku","Kunai","Guardian:DefensiveModeMoreBlock","Replay:Grab Bag","downfall:Hecktoplasm","Cursed Key","Black Star","Calling Bell","Simple Rune","Chameleon Ring","Guardian:SackOfGems","downfall:HeartBlessingGreen","ReplayTheSpireMod:Ring of Addiction","Potion Belt","Toy Ornithopter","Ring of Searing","Happy Flower","ReplayFunnel","Calipers","MutagenicStrength","Membership Card","War Paint","Tiny House","downfall:HeartBlessingBlue","downfall:GremlinWheel","Gremlin Horn","downfall:HeartBlessingRed","Centennial Puzzle","Dream Catcher","Darkstone Periapt","Whetstone"],"acts_visited":["Exordium","TheCity","TheBeyond","TheEnding"],"potions_floor_usage":[6,6,11,16,25,25,27,27,30,33,33,36,38,40,46,49,52,55],"damage_taken":[{"damage":1,"enemies":"Small Slimes","floor":2,"turns":3},{"damage":0,"enemies":"Cultist","floor":3,"turns":3},{"damage":0,"enemies":"Jaw Worm","floor":5,"turns":3},{"damage":0,"enemies":"Gremlin Nob","floor":6,"turns":2},{"damage":19,"enemies":"Lagavulin","floor":8,"turns":9},{"damage":0,"enemies":"3 Louse","floor":9,"turns":4},{"damage":0,"enemies":"Large Slime","floor":10,"turns":4},{"damage":0,"enemies":"Gremlin Nob","floor":11,"turns":3},{"damage":0,"enemies":"Gremlin Gang","floor":12,"turns":4},{"damage":7,"enemies":"Blue Slaver","floor":13,"turns":4},{"damage":5,"enemies":"Large Slime","floor":14,"turns":8},{"damage":9,"enemies":"2 Fungi Beasts","floor":15,"turns":3},{"damage":41,"enemies":"downfall:Defect","floor":16,"turns":13},{"damage":23,"enemies":"Spheric Guardian","floor":19,"turns":5},{"damage":12,"enemies":"Shell Parasite","floor":20,"turns":4},{"damage":16,"enemies":"Cultist and Chosen","floor":25,"turns":6},{"damage":22,"enemies":"Book of Stabbing","floor":26,"turns":5},{"damage":0,"enemies":"downfall:Augmenter","floor":27,"turns":4},{"damage":0,"enemies":"Snake Plant","floor":28,"turns":5},{"damage":0,"enemies":"downfall:FleeingMerchant","floor":30,"turns":4},{"damage":0,"enemies":"Centurion and Healer","floor":31,"turns":4},{"damage":0,"enemies":"Cultist and Chosen","floor":32,"turns":4},{"damage":0,"enemies":"downfall:Ironclad","floor":33,"turns":7},{"damage":10,"enemies":"3 Shapes","floor":36,"turns":3},{"damage":15,"enemies":"3 Darklings","floor":37,"turns":4},{"damage":10,"enemies":"downfall:FleeingMerchant","floor":38,"turns":3},{"damage":5,"enemies":"downfall:FleeingMerchant","floor":39,"turns":3},{"damage":5,"enemies":"Transient","floor":40,"turns":5},{"damage":0,"enemies":"Spire Growth","floor":42,"turns":3},{"damage":0,"enemies":"3 Darklings","floor":43,"turns":4},{"damage":5,"enemies":"R_Hoarder","floor":46,"turns":4},{"damage":5,"enemies":"Sphere and 2 Shapes","floor":49,"turns":4},{"damage":0,"enemies":"downfall:Watcher","floor":50,"turns":4},{"damage":25,"enemies":"downfall:CharBossMerchant","floor":52,"turns":6},{"damage":5,"enemies":"downfall:NeowBoss","floor":55,"turns":20}],"seed_played":"8809731948329284163","potions_obtained":[{"floor":2,"key":"Adrenaline Potion"},{"floor":5,"key":"SteroidPotion"},{"floor":8,"key":"Cursed Concoction"},{"floor":9,"key":"SkillPotion"},{"floor":10,"key":"FairyPotion"},{"floor":15,"key":"sneckomod:MuddlingPotion"},{"floor":19,"key":"Block Potion"},{"floor":21,"key":"champ:CounterPotion"},{"floor":21,"key":"FearPotion"},{"floor":21,"key":"LiquidBronze"},{"floor":26,"key":"FearPotion"},{"floor":28,"key":"DuplicationPotion"},{"floor":32,"key":"LiquidMemories"},{"floor":34,"key":"Guardian:StasisDiscoveryPotion"},{"floor":36,"key":"Dexterity Potion"},{"floor":37,"key":"sneckomod:MuddlingPotion"},{"floor":43,"key":"SkillPotion"},{"floor":49,"key":"SteroidPotion"}],"is_trial":false,"path_per_floor":["R","M","M","?","M","E","T","E","M","M","E","M","M","M","M","B",null,"R","M","M","?","?","T","T","M","E","?","M","R","$","M","M","B",null,"R","M","M","$","?","M","T","M","M","?","R","E","R","?","M","B",null,"E","$","R","B",null],"character_chosen":"GUARDIAN","items_purchased":["Membership Card","War Paint","Languid Potion","EssenceOfSteel","Impatience","Guardian:TimeCapacitor"],"campfire_rested":0,"item_purchase_floors":[30,30,30,30,30,38],"current_hp_per_floor":[88,87,87,87,87,87,87,68,68,68,68,68,61,56,47,6,88,88,65,53,53,53,53,53,47,25,35,35,35,40,40,40,50,91,101,96,81,76,71,71,71,71,71,71,71,71,71,71,71,71,99,74,74,74,74],"gold":18,"neow_bonus":"TEN_PERCENT_HP_BONUS","is_daily":false,"chose_seed":false,"campfire_upgraded":6,"win_rate":0.0,"timestamp":1608975477,"path_taken":["R","M","M","?","M","E","T","E","?","M","E","M","M","M","M","BOSS","R","M","M","?","?","?","T","M","E","?","M","R","$","M","M","BOSS","R","M","M","$","?","M","T","M","?","?","R","E","R","?","M","BOSS","E","$","R","BOSS"],"items_purchased_type":["Relic","Relic","Potion","Potion","Card","Card"],"build_version":"2020-12-22","purchased_purges":1,"victory":true,"max_hp_per_floor":[88,88,88,88,88,88,88,88,88,88,88,88,88,88,88,88,88,88,88,88,88,88,88,88,86,86,86,86,86,86,86,86,86,91,101,101,101,101,101,101,101,101,101,99,99,99,99,99,99,99,99,99,99,99,99],"card_choices":[{"not_picked":["Guardian:Incinerate","Guardian:Gem_Blue"],"picked":"Guardian:ChargeUp","floor":2},{"not_picked":["Guardian:TemporalShield","Guardian:ChargeUp"],"picked":"Guardian:BronzeOrb","floor":3},{"not_picked":["Guardian:Gem_Crimson","Guardian:ShieldCharger"],"picked":"Guardian:PolyBeam","floor":5},{"not_picked":["Guardian:Gem_Crimson","Guardian:MultiBeam","Guardian:ChargeUp"],"picked":"SKIP","floor":6},{"not_picked":["Guardian:CrystalBeam","Guardian:ChargeUp","Guardian:Incinerate"],"picked":"SKIP","floor":8},{"not_picked":["Guardian:Preprogram","Guardian:Gem_Lightblue"],"picked":"Guardian:Planning","floor":9},{"not_picked":["Guardian:ShieldCharger","Guardian:Gem_Blue"],"picked":"Guardian:Gem_Yellow","floor":10},{"not_picked":["Guardian:GuardianWhirl","Guardian:Repulse"],"picked":"Guardian:Gem_White","floor":11},{"not_picked":["Guardian:DonusPower","Guardian:Harden"],"picked":"Guardian:Gem_Red","floor":12},{"not_picked":["Guardian:RollAttack","Guardian:WalkerClaw"],"picked":"Guardian:Repulse","floor":13},{"not_picked":["Guardian:DecasProtection","Guardian:Reroute"],"picked":"Guardian:Gem_Fragmented","floor":14},{"not_picked":["Guardian:BronzeArmor","Guardian:FloatingOrbs"],"picked":"Guardian:Gem_Blue","floor":15},{"not_picked":["Guardian:SphericShield","Guardian:ConstructionForm"],"picked":"Guardian:FierceBash","floor":16},{"not_picked":["Guardian:DecasProtection+1","Guardian:Gem_White"],"picked":"Guardian:VentSteam","floor":19},{"not_picked":["Guardian:ChargeUp","Guardian:Gem_Fragmented","Guardian:WalkerClaw+1"],"picked":"SKIP","floor":20},{"not_picked":["Guardian:ShieldCharger","Guardian:Suspension"],"picked":"Guardian:TemporalShield","floor":25},{"not_picked":["Guardian:BronzeOrb","Guardian:WalkerClaw"],"picked":"Guardian:PrismaticBeam","floor":26},{"not_picked":["Guardian:TimeBomb","Guardian:MultiBeam+1"],"picked":"Guardian:TemporalStrike","floor":27},{"not_picked":["Guardian:Gem_Crimson","Guardian:PiercingHide"],"picked":"Guardian:Reroute+1","floor":28},{"not_picked":["Guardian:EvasiveProtocol+1","Guardian:SentryBeam"],"picked":"Guardian:Gem_White","floor":30},{"not_picked":["Guardian:PrimingBeam","Guardian:RollAttack"],"picked":"Guardian:Gem_Yellow","floor":31},{"not_picked":["Guardian:Gem_Synthetic","Guardian:BronzeOrb"],"picked":"Guardian:PrismaticBarrier","floor":32},{"not_picked":["Guardian:AncientConstruct","Guardian:HyperBeam_Guardian"],"picked":"Guardian:FastForward","floor":33},{"not_picked":["Guardian:Planning+1","Guardian:PrimingBeam","Guardian:Gem_Cyan"],"picked":"SKIP","floor":36},{"not_picked":["Guardian:Incinerate","Guardian:PrismaticBeam+1"],"picked":"Guardian:FloatingOrbs+1","floor":37},{"not_picked":["Guardian:Gem_Lightblue","Guardian:VentSteam+1","Guardian:RollAttack"],"picked":"SKIP","floor":38},{"not_picked":["Guardian:ChargeUp","Guardian:BronzeOrb","Guardian:Preprogram"],"picked":"SKIP","floor":40},{"not_picked":["Guardian:CrystalBeam","Guardian:WalkerClaw+1","Guardian:Gem_Red"],"picked":"SKIP","floor":42},{"not_picked":["Guardian:Planning","Guardian:Harden","Guardian:ShieldSpikes"],"picked":"SKIP","floor":43},{"not_picked":["Guardian:HyperBeam_Guardian","Guardian:Gem_Red","Guardian:Suspension+1"],"picked":"SKIP","floor":46},{"not_picked":["Guardian:Preprogram+1","Guardian:PiercingHide"],"picked":"Guardian:PrimingBeam+1","floor":48},{"not_picked":["Guardian:CrystalBeam+1","Guardian:PiercingHide"],"picked":"Guardian:Gem_White","floor":49},{"not_picked":["Guardian:Gem_Blue","Guardian:GemFinder","Guardian:PrimingBeam+1"],"picked":"SKIP","floor":52}],"player_experience":209591,"relics_obtained":[{"floor":6,"key":"Anchor"},{"floor":7,"key":"Nunchaku"},{"floor":8,"key":"Kunai"},{"floor":11,"key":"Guardian:DefensiveModeMoreBlock"},{"floor":17,"key":"Simple Rune"},{"floor":17,"key":"Chameleon Ring"},{"floor":17,"key":"Guardian:SackOfGems"},{"floor":21,"key":"ReplayTheSpireMod:Ring of Addiction"},{"floor":21,"key":"Potion Belt"},{"floor":21,"key":"Toy Ornithopter"},{"floor":21,"key":"Ring of Searing"},{"floor":23,"key":"Happy Flower"},{"floor":26,"key":"ReplayFunnel"},{"floor":26,"key":"Calipers"},{"floor":27,"key":"MutagenicStrength"},{"floor":39,"key":"downfall:GremlinWheel"},{"floor":41,"key":"Gremlin Horn"},{"floor":46,"key":"Centennial Puzzle"},{"floor":46,"key":"Dream Catcher"},{"floor":48,"key":"Darkstone Periapt"},{"floor":52,"key":"Whetstone"}],"event_choices":[{"cards_removed":["Amnesia"],"damage_healed":0,"gold_gain":0,"player_choice":"Card Removal","damage_taken":0,"max_hp_gain":0,"max_hp_loss":0,"event_name":"Wheel of Change","floor":45,"gold_loss":0}],"is_beta":false,"boss_relics":[{"not_picked":["SlaversCollar","Sozu"],"picked":"Replay:Grab Bag"},{"not_picked":["Painkiller Herb","Replay:Wanted Poster"],"picked":"downfall:Hecktoplasm"},{"not_picked":["ReplayTheSpireMod:DimensionalGlitch","Runic Dome"],"picked":"Cursed Key"},{"not_picked":["Snecko Eye","Kintsugi"],"picked":"Black Star"},{"not_picked":["Replay:Drink Me","Astrolabe"],"picked":"Calling Bell"},{"not_picked":["Velvet Choker","Coffee Dripper"],"picked":"Tiny House"}],"items_purged_floors":[30],"is_endless":false,"potions_floor_spawned":[2,5,8,9,10,15,19,26,28,32,36,37,43,49],"ascension_level":2}}