{"host":"ci7ivtocgfxh0ueo","time":1608971431,"event":{"mods":["BaseMod","GifTheSpireLib","Minty Spire (QoL Compilation)","StSLib"],"gold_per_floor":[110,27,27,41,41,41,74,74,129,145,70,70,70,87,87,160,160,170,184,184,184,184,184,213,230,230,230,12,12,28,40,40,113,113,130,149,0,0,0,0,12,12,37,37,65,79,89,100,100,100],"floor_reached":51,"playtime":1552,"items_purged":[],"score":1315,"play_id":"970ba732-d56e-4af8-b409-87303b037655","local_time":"20201226163031","is_ascension_mode":true,"campfire_choices":[{"data":"Caltrops","floor":6,"key":"SMITH"},{"data":"Neutralize","floor":13,"key":"SMITH"},{"data":"Eviscerate","floor":15,"key":"SMITH"},{"floor":23,"key":"REST"},{"floor":32,"key":"REST"},{"data":"Adrenaline","floor":40,"key":"SMITH"},{"data":"Phantasmal Killer","floor":42,"key":"SMITH"},{"data":"Terror","floor":44,"key":"SMITH"},{"floor":49,"key":"REST"}],"circlet_count":0,"master_deck":["AscendersBane","Defend_G+1","Defend_G+1","Survivor","Neutralize+1","Caltrops+1","Underhanded Strike+1","Terror+1","Eviscerate+1","Adrenaline+1","All Out Attack+1","Leg Sweep","Blur+1","Slice","Terror","Phantasmal Killer+1","Crippling Poison","Acrobatics","Bullet Time","Adrenaline+1","Skewer+1","Venomology+1","Escape Plan","Acrobatics","Adrenaline+1","Prepared","Tactician"],"relics":["Ring of the Snake","NeowsBlessing","Pen Nib","Regal Pillow","WarpedTongs","Anchor","Empty Cage","Mercury Hourglass","Gremlin Horn","Orichalcum","Astrolabe","Red Mask","Vajra","Whetstone"],"acts_visited":["Exordium","TheCity","TheBeyond"],"potions_floor_usage":[14,16,24,33,33,36,41,45,45,47,48,48,50,50,50,50],"damage_taken":[{"damage":0,"enemies":"2 Louse","floor":1,"turns":1},{"damage":0,"enemies":"Small Slimes","floor":4,"turns":1},{"damage":0,"enemies":"3 Sentries","floor":7,"turns":1},{"damage":1,"enemies":"Cultist","floor":10,"turns":4},{"damage":0,"enemies":"Blue Slaver","floor":14,"turns":2},{"damage":21,"enemies":"Hexaghost","floor":16,"turns":8},{"damage":22,"enemies":"Spheric Guardian","floor":18,"turns":4},{"damage":12,"enemies":"Chosen","floor":19,"turns":4},{"damage":7,"enemies":"Slavers","floor":24,"turns":4},{"damage":5,"enemies":"Snecko","floor":25,"turns":4},{"damage":0,"enemies":"Centurion and Healer","floor":30,"turns":4},{"damage":2,"enemies":"Cultist and Chosen","floor":31,"turns":4},{"damage":48,"enemies":"Champ","floor":33,"turns":10},{"damage":0,"enemies":"Orb Walker","floor":35,"turns":2},{"damage":0,"enemies":"3 Shapes","floor":36,"turns":3},{"damage":0,"enemies":"Sphere and 2 Shapes","floor":41,"turns":3},{"damage":8,"enemies":"Giant Head","floor":45,"turns":6},{"damage":0,"enemies":"4 Shapes","floor":46,"turns":8},{"damage":0,"enemies":"Spire Growth","floor":47,"turns":2},{"damage":0,"enemies":"Writhing Mass","floor":48,"turns":3},{"damage":44,"enemies":"Donu and Deca","floor":50,"turns":9}],"seed_played":"3051907117058480922","potions_obtained":[{"floor":1,"key":"Strength Potion"},{"floor":19,"key":"Energy Potion"},{"floor":25,"key":"PowerPotion"},{"floor":33,"key":"EssenceOfSteel"}],"is_trial":false,"path_per_floor":["M","$","?","M","?","R","E","?","T","M","?","?","R","M","R","B",null,"M","M","?","?","?","R","E","M","T","?","$","?","M","M","R","B",null,"M","M","?","$","?","R","M","R","T","R","E","M","M","M","R","B",null],"character_chosen":"THE_SILENT","items_purchased":["Explosive Potion","Underhanded Strike","PowerPotion","Orichalcum"],"campfire_rested":3,"item_purchase_floors":[2,2,28,28],"current_hp_per_floor":[59,59,64,64,46,46,46,46,46,45,45,45,45,45,45,24,59,37,25,25,5,5,42,35,30,30,30,30,30,30,28,65,17,61,61,61,61,61,61,61,61,61,61,61,53,53,53,53,76,42],"gold":100,"neow_bonus":"THREE_ENEMY_KILL","is_daily":false,"chose_seed":false,"campfire_upgraded":6,"win_rate":0.0,"timestamp":1608971431,"path_taken":["M","$","?","M","?","R","E","?","T","?","?","?","R","M","R","BOSS","M","M","?","?","?","R","E","?","T","?","$","?","?","M","R","BOSS","M","M","?","$","?","R","M","R","T","R","E","M","M","M","R","BOSS"],"items_purchased_type":["Potion","Card","Potion","Relic"],"build_version":"2020-12-22","purchased_purges":0,"victory":true,"max_hp_per_floor":[66,66,71,71,71,71,71,71,71,71,71,71,71,71,71,71,71,71,71,71,76,76,76,76,76,76,76,76,76,76,76,76,76,76,76,76,76,76,76,76,76,76,76,76,76,76,76,76,76,76],"card_choices":[{"not_picked":["Well Laid Plans","Acrobatics"],"picked":"Caltrops","floor":1},{"not_picked":["Well Laid Plans","Backflip","Skewer"],"picked":"SKIP","floor":4},{"not_picked":["Burst","Setup","Slice"],"picked":"SKIP","floor":7},{"not_picked":["Dagger Spray","Quick Slash"],"picked":"Terror","floor":10},{"not_picked":["Prepared","Quick Slash"],"picked":"Eviscerate","floor":14},{"not_picked":["Night Terror","Storm of Steel"],"picked":"Adrenaline","floor":16},{"not_picked":["Dagger Throw+1","Poisoned Stab"],"picked":"All Out Attack","floor":18},{"not_picked":["Endless Agony","Quick Slash+1"],"picked":"Leg Sweep","floor":19},{"not_picked":["Well Laid Plans","Infinite Blades"],"picked":"Blur+1","floor":24},{"not_picked":["Outmaneuver+1","Deflect","Bane"],"picked":"SKIP","floor":25},{"not_picked":["Night Terror","Catalyst"],"picked":"Crippling Poison","floor":30},{"not_picked":["Reflex","Underhanded Strike+1"],"picked":"Acrobatics","floor":31},{"not_picked":["Envenom","Malaise"],"picked":"Bullet Time","floor":33},{"not_picked":["Quick Slash","Slice+1"],"picked":"Escape Plan","floor":35},{"not_picked":["Quick Slash","Blur"],"picked":"Acrobatics","floor":36},{"not_picked":["Backflip","PiercingWail","Outmaneuver"],"picked":"SKIP","floor":41},{"not_picked":["Backflip","Dagger Spray"],"picked":"Prepared","floor":45},{"not_picked":["Underhanded Strike","Deflect+1"],"picked":"Tactician","floor":46},{"not_picked":["Bouncing Flask","Blade Dance","Accuracy"],"picked":"SKIP","floor":47},{"not_picked":["Bouncing Flask+1","Backflip+1","Outmaneuver"],"picked":"SKIP","floor":48}],"player_experience":1306840,"relics_obtained":[{"floor":7,"key":"Regal Pillow"},{"floor":9,"key":"Anchor"},{"floor":24,"key":"Mercury Hourglass"},{"floor":26,"key":"Gremlin Horn"},{"floor":43,"key":"Vajra"},{"floor":45,"key":"Whetstone"}],"event_choices":[{"damage_healed":0,"gold_gain":0,"player_choice":"Donut","damage_taken":0,"max_hp_gain":5,"max_hp_loss":0,"event_name":"Big Fish","floor":3,"gold_loss":0},{"damage_healed":0,"gold_gain":0,"player_choice":"Success","damage_taken":18,"relics_obtained":["Pen Nib"],"max_hp_gain":0,"max_hp_loss":0,"event_name":"Scrap Ooze","floor":5,"gold_loss":0},{"damage_healed":0,"gold_gain":0,"player_choice":"Rummage","damage_taken":0,"relics_obtained":["WarpedTongs"],"max_hp_gain":0,"max_hp_loss":0,"event_name":"Accursed Blacksmith","floor":8,"gold_loss":0,"cards_obtained":["Pain"]},{"cards_removed":["Pain"],"damage_healed":0,"gold_gain":0,"player_choice":"Card Removal","damage_taken":0,"max_hp_gain":0,"max_hp_loss":0,"event_name":"The Cleric","floor":11,"gold_loss":75},{"damage_healed":0,"gold_gain":0,"player_choice":"Ignored","damage_taken":0,"max_hp_gain":0,"max_hp_loss":0,"event_name":"Golden Idol","floor":12,"gold_loss":0},{"damage_healed":0,"gold_gain":0,"player_choice":"Simplicity","damage_taken":0,"max_hp_gain":0,"max_hp_loss":0,"event_name":"Back to Basics","floor":20,"gold_loss":0,"cards_upgraded":["Strike_G","Strike_G","Strike_G","Defend_G","Defend_G","Defend_G","Defend_G","Defend_G"]},{"damage_healed":0,"gold_gain":0,"player_choice":"Shed Blood","damage_taken":25,"max_hp_gain":5,"max_hp_loss":0,"event_name":"Forgotten Altar","floor":21,"gold_loss":0},{"damage_healed":0,"gold_gain":0,"player_choice":"0 cards matched","damage_taken":0,"max_hp_gain":0,"max_hp_loss":0,"event_name":"Match and Keep!","floor":22,"gold_loss":0,"cards_obtained":[]},{"damage_healed":0,"gold_gain":0,"cards_transformed":["Defend_G","Defend_G"],"player_choice":"Became Test Subject","damage_taken":0,"max_hp_gain":0,"max_hp_loss":0,"event_name":"Drug Dealer","floor":27,"gold_loss":0,"cards_obtained":["Slice","Terror"]},{"damage_healed":0,"gold_gain":0,"cards_transformed":["Defend_G"],"player_choice":"Transformed","damage_taken":0,"max_hp_gain":0,"max_hp_loss":0,"event_name":"Transmorgrifier","floor":29,"gold_loss":0,"cards_obtained":["Phantasmal Killer"]},{"damage_healed":0,"gold_gain":0,"player_choice":"Paid","damage_taken":0,"relics_obtained":["Red Mask"],"max_hp_gain":0,"max_hp_loss":0,"event_name":"Tomb of Lord Red Mask","floor":37,"gold_loss":149},{"damage_healed":0,"gold_gain":0,"player_choice":"Copied","damage_taken":0,"max_hp_gain":0,"max_hp_loss":0,"event_name":"Duplicator","floor":39,"gold_loss":0,"cards_obtained":["Adrenaline"]}],"is_beta":false,"boss_relics":[{"not_picked":["Velvet Choker","WristBlade"],"picked":"Empty Cage"},{"not_picked":["Cursed Key","Fusion Hammer"],"picked":"Astrolabe"}],"items_purged_floors":[],"is_endless":false,"potions_floor_spawned":[1,4,7,10,19,25,33,35,41,47],"ascension_level":17}}