{"host":"lvhfn8l5bvc4nolx","time":1608993119,"event":{"mods":["AchievementEnabler","BaseMod","Colored Map","Keyboard Shortcuts","Minty Spire (QoL Compilation)","Permanent Neow","Quick Restart","SuperFastMode"],"gold_per_floor":[117,117,138,138,157,157,197,216,216,166,22,40,73,73,73,194,194,208,208,229,229,168,168,209,209,291,322,341,354,392,392,392,517,517,538,230,248,8,21,21,354,386,386,386,416,124,142,176,176,176,176,176,14,39,39],"floor_reached":56,"playtime":1862,"items_purged":["Strike_R","Shame","Inflame","Normality"],"score":2072,"play_id":"35582379-edc5-47b5-879d-4444345af940","local_time":"20201226233159","is_ascension_mode":true,"campfire_choices":[{"floor":6.0,"key":"REST"},{"data":"Body Slam","floor":15.0,"key":"SMITH"},{"data":"Feel No Pain","floor":23.0,"key":"SMITH"},{"data":"Seeing Red","floor":25.0,"key":"SMITH"},{"floor":32.0,"key":"REST"},{"data":"Evolve","floor":44.0,"key":"SMITH"},{"floor":49.0,"key":"RECALL"},{"data":"1","floor":52.0,"key":"LIFT"}],"circlet_count":0,"master_deck":["AscendersBane","Bash","Clumsy","Power Through","Pommel Strike","Body Slam+1","Seeing Red+1","Disarm","Bloodletting","Headbutt","Ghostly Armor","Second Wind","Thunderclap","Shrug It Off+1","Feel No Pain+1","Apotheosis+1","Power Through+1","Decay","Pommel Strike","Offering+1","Intimidate+1","Pummel","True Grit+1","Immolate","Feel No Pain","Feed","Flame Barrier+1","Evolve+1","Body Slam","Sentinel+1","Disarm+1","Shrug It Off+1","Trip+1","Impervious+1","Entrench+1"],"relics":["Burning Blood","Calipers","White Beast Statue","Matryoshka","Oddly Smooth Stone","Meat on the Bone","Potion Belt","Singing Bowl","Cursed Key","Akabeko","Toxic Egg 2","InkBottle","Bottled Lightning","Red Mask","Bag of Marbles","Pandora\u0027s Box","Blue Candle","Nunchaku","Girya","Membership Card","Pen Nib","Charon\u0027s Ashes","Art of War"],"acts_visited":["Exordium","TheCity","TheBeyond","TheEnding"],"potions_floor_usage":[55,55,55,55],"damage_taken":[{"damage":2.0,"enemies":"Jaw Worm","floor":1.0,"turns":3.0},{"damage":20.0,"enemies":"Small Slimes","floor":3.0,"turns":6.0},{"damage":1.0,"enemies":"Cultist","floor":5.0,"turns":3.0},{"damage":46.0,"enemies":"Lagavulin","floor":7.0,"turns":8.0},{"damage":7.0,"enemies":"Exordium Wildlife","floor":8.0,"turns":3.0},{"damage":9.0,"enemies":"2 Fungi Beasts","floor":12.0,"turns":5.0},{"damage":20.0,"enemies":"Gremlin Nob","floor":13.0,"turns":4.0},{"damage":27.0,"enemies":"Hexaghost","floor":16.0,"turns":10.0},{"damage":23.0,"enemies":"3 Byrds","floor":18.0,"turns":9.0},{"damage":30.0,"enemies":"Spheric Guardian","floor":20.0,"turns":6.0},{"damage":54.0,"enemies":"Slavers","floor":24.0,"turns":6.0},{"damage":9.0,"enemies":"Masked Bandits","floor":27.0,"turns":7.0},{"damage":0.0,"enemies":"Chosen and Byrds","floor":28.0,"turns":7.0},{"damage":0.0,"enemies":"Shelled Parasite and Fungi","floor":29.0,"turns":6.0},{"damage":14.0,"enemies":"Gremlin Leader","floor":30.0,"turns":11.0},{"damage":6.0,"enemies":"Collector","floor":33.0,"turns":8.0},{"damage":4.0,"enemies":"3 Shapes","floor":35.0,"turns":1.0},{"damage":0.0,"enemies":"3 Darklings","floor":37.0,"turns":2.0},{"damage":12.0,"enemies":"Spire Growth","floor":39.0,"turns":6.0},{"damage":8.0,"enemies":"Giant Head","floor":42.0,"turns":5.0},{"damage":8.0,"enemies":"Nemesis","floor":45.0,"turns":7.0},{"damage":34.0,"enemies":"Maw","floor":47.0,"turns":7.0},{"damage":7.0,"enemies":"Giant Head","floor":48.0,"turns":4.0},{"damage":20.0,"enemies":"Awakened One","floor":50.0,"turns":8.0},{"damage":9.0,"enemies":"Shield and Spear","floor":54.0,"turns":6.0},{"damage":10,"enemies":"The Heart","floor":55,"turns":5}],"seed_played":"7559131920854919248","potions_obtained":[{"floor":3.0,"key":"ElixirPotion"},{"floor":5.0,"key":"Strength Potion"},{"floor":7.0,"key":"SteroidPotion"},{"floor":8.0,"key":"BlessingOfTheForge"},{"floor":12.0,"key":"BloodPotion"},{"floor":13.0,"key":"PowerPotion"},{"floor":16.0,"key":"BlessingOfTheForge"},{"floor":18.0,"key":"ColorlessPotion"},{"floor":20.0,"key":"DuplicationPotion"},{"floor":24.0,"key":"Block Potion"},{"floor":27.0,"key":"LiquidBronze"},{"floor":28.0,"key":"Dexterity Potion"},{"floor":30.0,"key":"Swift Potion"},{"floor":33.0,"key":"Block Potion"},{"floor":35.0,"key":"PowerPotion"},{"floor":39.0,"key":"Dexterity Potion"},{"floor":45.0,"key":"Energy Potion"},{"floor":47.0,"key":"LiquidBronze"},{"floor":54.0,"key":"Regen Potion"}],"is_trial":false,"path_per_floor":["M","?","M","?","M","R","E","M","T","?","$","M","E","?","R","B",null,"M","?","M","T","$","R","E","R","T","?","M","M","E","?","R","B",null,"M","$","M","$","M","$","?","E","T","R","E","$","M","E","R","B",null,"R","$","E","B",null],"character_chosen":"IRONCLAD","items_purchased":["Bloodletting","Shrug It Off+1","Feel No Pain","Apotheosis+1","Flame Barrier+1","Evolve","DuplicationPotion","Blue Candle","Membership Card","Shrug It Off+1","Trip+1","Charon\u0027s Ashes","Entrench+1"],"campfire_rested":2,"item_purchase_floors":[11,22,22,22,36,36,36,38,46,46,46,53,53],"current_hp_per_floor":[76,56,42,42,47,71,31,30,30,30,30,39,53,28,28,21,67,50,82,58,58,58,58,22,22,22,33,53,61,53,53,79,79,86,90,90,90,90,84,84,84,84,84,84,82,82,56,55,55,53,84,84,84,87,97],"gold":39,"neow_bonus":"ONE_RARE_RELIC","is_daily":false,"chose_seed":false,"campfire_upgraded":4,"win_rate":0.0,"timestamp":1608993119,"path_taken":["M","?","M","?","M","R","E","?","T","?","$","M","E","?","R","BOSS","M","?","?","?","$","R","E","R","T","?","M","M","E","?","R","BOSS","M","$","M","?","M","?","?","E","T","R","E","$","M","E","R","BOSS","R","$","E","BOSS"],"items_purchased_type":["Card","Card","Card","Card","Card","Card","Potion","Relic","Relic","Card","Card","Relic","Card"],"build_version":"2020-12-22","purchased_purges":4,"victory":true,"max_hp_per_floor":[80,80,80,80,80,80,80,80,80,80,80,80,80,80,80,82,82,82,82,82,82,82,82,82,82,82,84,86,88,88,88,88,88,88,90,90,90,90,90,90,90,92,92,92,92,92,94,94,94,94,94,94,94,100,100],"card_choices":[{"not_picked":["Headbutt","Cleave"],"picked":"Power Through","floor":1.0},{"not_picked":["Clothesline","Havoc"],"picked":"Pommel Strike","floor":3.0},{"not_picked":["Warcry","Sword Boomerang"],"picked":"Body Slam","floor":5.0},{"not_picked":["Iron Wave","Rupture"],"picked":"Seeing Red","floor":7.0},{"not_picked":["Demon Form","Sever Soul"],"picked":"Disarm","floor":8.0},{"not_picked":["Anger","Twin Strike"],"picked":"Headbutt","floor":12.0},{"not_picked":["Cleave","Carnage"],"picked":"Ghostly Armor","floor":13.0},{"not_picked":["Berserk","Demon Form","Feed"],"picked":"Singing Bowl","floor":16.0},{"not_picked":["Pommel Strike+1","Bloodletting"],"picked":"Second Wind","floor":18.0},{"not_picked":["Rage","Intimidate"],"picked":"Thunderclap","floor":20.0},{"not_picked":["Warcry+1","Pummel"],"picked":"Power Through+1","floor":24.0},{"not_picked":["Cleave","Perfected Strike","Clothesline"],"picked":"Singing Bowl","floor":27.0},{"not_picked":["Heavy Blade","Armaments+1","Fiend Fire"],"picked":"Singing Bowl","floor":28.0},{"not_picked":["Anger+1","Sword Boomerang","Carnage"],"picked":"Singing Bowl","floor":29.0},{"not_picked":["Berserk","Intimidate+1"],"picked":"Pommel Strike","floor":30.0},{"not_picked":["Immolate","Fiend Fire"],"picked":"Offering+1","floor":33.0},{"not_picked":["Whirlwind+1","Clash","Cleave"],"picked":"Singing Bowl","floor":35.0},{"not_picked":["Twin Strike+1","Warcry+1"],"picked":"Body Slam","floor":37.0},{"not_picked":["Rampage+1","Wild Strike+1"],"picked":"Sentinel+1","floor":39.0},{"not_picked":["Clash+1","Iron Wave","Hemokinesis+1"],"picked":"Singing Bowl","floor":42.0},{"not_picked":["Evolve","Sever Soul"],"picked":"Disarm+1","floor":45.0},{"not_picked":["Flex+1","Dropkick+1","Heavy Blade"],"picked":"Singing Bowl","floor":47.0},{"not_picked":["Sword Boomerang","Clothesline+1"],"picked":"Impervious+1","floor":48.0},{"not_picked":["Wild Strike+1","Uppercut","Reckless Charge"],"picked":"Singing Bowl","floor":54.0}],"player_experience":338283,"relics_obtained":[{"floor":4.0,"key":"White Beast Statue"},{"floor":7.0,"key":"Matryoshka"},{"floor":9.0,"key":"Oddly Smooth Stone"},{"floor":9.0,"key":"Meat on the Bone"},{"floor":13.0,"key":"Potion Belt"},{"floor":21.0,"key":"Akabeko"},{"floor":21.0,"key":"Toxic Egg 2"},{"floor":24.0,"key":"InkBottle"},{"floor":26.0,"key":"Bottled Lightning"},{"floor":27.0,"key":"Red Mask"},{"floor":30.0,"key":"Bag of Marbles"},{"floor":42.0,"key":"Nunchaku"},{"floor":45.0,"key":"Girya"},{"floor":48.0,"key":"Pen Nib"},{"floor":54.0,"key":"Art of War"}],"event_choices":[{"damage_healed":0.0,"max_hp_gain":0.0,"max_hp_loss":0.0,"gold_gain":0.0,"event_name":"Golden Idol","player_choice":"Take Damage","floor":2.0,"gold_loss":0.0,"damage_taken":20.0,"relics_obtained":["Golden Idol"]},{"damage_healed":0.0,"max_hp_gain":0.0,"max_hp_loss":0.0,"gold_gain":0.0,"event_name":"Wheel of Change","player_choice":"Relic","floor":4.0,"gold_loss":0.0,"damage_taken":0.0},{"cards_removed":["Strike_R"],"damage_healed":0.0,"max_hp_gain":0.0,"max_hp_loss":0.0,"gold_gain":0.0,"event_name":"The Cleric","player_choice":"Card Removal","floor":10.0,"gold_loss":50.0,"damage_taken":0.0},{"damage_healed":0.0,"max_hp_gain":0.0,"max_hp_loss":0.0,"gold_gain":0.0,"event_name":"Scrap Ooze","player_choice":"Success","floor":14.0,"gold_loss":0.0,"damage_taken":25.0,"relics_obtained":["Singing Bowl"]},{"damage_healed":32.0,"max_hp_gain":0.0,"max_hp_loss":0.0,"gold_gain":0.0,"event_name":"Wheel of Change","player_choice":"Full Heal","floor":19.0,"gold_loss":0.0,"damage_taken":0.0},{"damage_healed":0.0,"max_hp_gain":0.0,"max_hp_loss":0.0,"gold_gain":0.0,"event_name":"Masked Bandits","player_choice":"Fought Bandits","floor":27.0,"gold_loss":0.0,"damage_taken":0.0},{"damage_healed":0.0,"max_hp_gain":0.0,"max_hp_loss":0.0,"gold_gain":0.0,"event_name":"The Woman in Blue","player_choice":"Bought 0 Potions","floor":31.0,"gold_loss":0.0,"damage_taken":0.0},{"damage_healed":0.0,"max_hp_gain":0.0,"max_hp_loss":0.0,"gold_gain":333.0,"event_name":"The Moai Head","player_choice":"Gave Idol","floor":41.0,"relics_lost":["Golden Idol"],"gold_loss":0.0,"damage_taken":0.0}],"is_beta":false,"boss_relics":[{"not_picked":["SacredBark","Busted Crown"],"picked":"Cursed Key"},{"not_picked":["Runic Cube","Black Star"],"picked":"Pandora\u0027s Box"}],"items_purged_floors":[11,22,36,46],"is_endless":false,"potions_floor_spawned":[3,5,7,8,12,13,16,18,20,24,27,28,29,30,33,35,37,39,42,45,47,48,54],"ascension_level":10}}