{"host":"dhyczjm99amxd3qx","time":1608997839,"event":{"mods":["BaseMod","Colored Map","Googly Eyes","Highlight Path","Minty Spire (QoL Compilation)","Quick Restart","StSLib"],"gold_per_floor":[111,124,141,141,156,189,189,203,203,215,232,232,12,46,46,148,198,217,217,65,65,77,108,108,134,159,159,159,170,170,189,189,287,287,300,345,645,658,676,676,693,693,693,693,693,693,718,52,52,52,52],"floor_reached":50,"playtime":2964,"items_purged":["Shame","Defend_R"],"score":570,"play_id":"1472069c-c165-4fb7-b3e6-d01591e41dcd","local_time":"20201226105039","is_ascension_mode":false,"campfire_choices":[{"data":"Whirlwind","floor":7,"key":"SMITH"},{"data":"Carnage","floor":12,"key":"SMITH"},{"data":"Limit Break","floor":15,"key":"SMITH"},{"floor":27,"key":"DIG"},{"floor":30,"key":"DIG"},{"floor":32,"key":"DIG"},{"floor":40,"key":"DIG"},{"floor":44,"key":"DIG"},{"floor":49,"key":"DIG"}],"circlet_count":0,"master_deck":["Strike_R","Strike_R","Strike_R","Strike_R","Defend_R","Defend_R+1","Defend_R+1","Bash","Shrug It Off+1","Whirlwind+1","Flex","Flex","Twin Strike","Carnage+1","Dropkick","Limit Break+1","Fiend Fire","Shockwave","Flex+1","Offering","Warcry+1","Immolate","Bludgeon","Twin Strike+1","Flex+1","Immolate","Metallicize","Rage","Finesse"],"relics":["Burning Blood","Sundial","Eternal Feather","Blood Vial","Orichalcum","Tiny House","Thread and Needle","MutagenicStrength","Boot","Shovel","Regal Pillow","Matryoshka","War Paint","Oddly Smooth Stone","SlaversCollar","Lizard Tail","Juzu Bracelet","Old Coin","Toy Ornithopter","Kunai","Peace Pipe","Sling","Shuriken"],"acts_visited":["Exordium","TheCity","TheBeyond"],"potions_floor_usage":[6,6,10,23,25,29,31,33,33,38,50],"damage_taken":[{"damage":5,"enemies":"Small Slimes","floor":1,"turns":5},{"damage":3,"enemies":"Cultist","floor":2,"turns":5},{"damage":0,"enemies":"2 Louse","floor":3,"turns":1},{"damage":34,"enemies":"Exordium Thugs","floor":5,"turns":5},{"damage":22,"enemies":"Lagavulin","floor":6,"turns":6},{"damage":15,"enemies":"Gremlin Gang","floor":8,"turns":3},{"damage":8,"enemies":"Lots of Slimes","floor":10,"turns":3},{"damage":7,"enemies":"Looter","floor":11,"turns":3},{"damage":14,"enemies":"3 Sentries","floor":14,"turns":4},{"damage":64,"enemies":"Hexaghost","floor":16,"turns":10},{"damage":28,"enemies":"3 Byrds","floor":18,"turns":7},{"damage":6,"enemies":"Chosen","floor":22,"turns":3},{"damage":11,"enemies":"Slavers","floor":23,"turns":5},{"damage":21,"enemies":"Book of Stabbing","floor":25,"turns":4},{"damage":6,"enemies":"Sentry and Sphere","floor":29,"turns":3},{"damage":0,"enemies":"Chosen and Byrds","floor":31,"turns":3},{"damage":72,"enemies":"Champ","floor":33,"turns":9},{"damage":6,"enemies":"Orb Walker","floor":35,"turns":3},{"damage":59,"enemies":"2 Orb Walkers","floor":36,"turns":5},{"damage":6,"enemies":"3 Darklings","floor":38,"turns":3},{"damage":65,"enemies":"Transient","floor":39,"turns":5},{"damage":30,"enemies":"4 Shapes","floor":41,"turns":1},{"damage":14,"enemies":"Nemesis","floor":47,"turns":5},{"damage":96,"enemies":"Donu and Deca","floor":50,"turns":6}],"seed_played":"239984368211196700","potions_obtained":[{"floor":2,"key":"FairyPotion"},{"floor":4,"key":"HeartOfIron"},{"floor":4,"key":"EssenceOfSteel"},{"floor":8,"key":"SpeedPotion"},{"floor":10,"key":"BloodPotion"},{"floor":16,"key":"Dexterity Potion"},{"floor":17,"key":"Swift Potion"},{"floor":22,"key":"FearPotion"},{"floor":23,"key":"Strength Potion"},{"floor":25,"key":"Swift Potion"},{"floor":29,"key":"FearPotion"},{"floor":36,"key":"Swift Potion"},{"floor":39,"key":"BloodPotion"}],"is_trial":false,"path_per_floor":["M","M","M","?","M","E","R","M","T","M","M","R","$","E","R","B",null,"M","?","$","?","M","E","?","E","T","R","?","M","R","M","R","B",null,"M","?","T","M","M","R","M","?","T","R","?","?","E","$","R","B"],"character_chosen":"IRONCLAD","items_purchased":["Blood Vial","Limit Break","Offering","Sling","Shuriken","Rage","Finesse"],"campfire_rested":0,"item_purchase_floors":[13,13,20,48,48,48,48],"current_hp_per_floor":[88,88,88,88,60,44,44,35,35,50,49,58,58,52,61,32,93,71,71,71,71,73,70,70,57,57,69,69,71,83,91,93,27,93,93,40,40,42,52,67,45,45,45,60,60,60,54,54,69,0,0],"gold":52,"neow_bonus":"TEN_PERCENT_HP_BONUS","is_daily":false,"chose_seed":false,"campfire_upgraded":3,"win_rate":0.0,"timestamp":1608997839,"path_taken":["M","M","M","?","M","E","R","M","T","M","?","R","$","E","R","BOSS","M","?","$","?","M","E","?","E","T","R","?","M","R","M","R","BOSS","M","?","?","M","M","R","M","?","T","R","?","?","E","$","R","BOSS"],"items_purchased_type":["Relic","Card","Card","Relic","Relic","Card","Card"],"build_version":"2020-12-22","purchased_purges":2,"victory":false,"max_hp_per_floor":[88,88,88,88,88,88,88,88,88,88,88,88,88,88,88,88,93,93,93,93,93,93,93,93,93,93,93,93,93,93,93,93,93,93,93,93,93,93,93,93,93,93,93,93,93,93,93,93,93,93,93],"card_choices":[{"not_picked":["Clothesline","Wild Strike"],"picked":"Shrug It Off","floor":1},{"not_picked":["Wild Strike","Spot Weakness"],"picked":"Whirlwind","floor":2},{"not_picked":["Anger","True Grit"],"picked":"Flex","floor":3},{"not_picked":["Fire Breathing","Warcry"],"picked":"Flex","floor":5},{"not_picked":["Evolve","Iron Wave"],"picked":"Twin Strike","floor":6},{"not_picked":["Twin Strike","Inflame"],"picked":"Carnage","floor":8},{"not_picked":["Armaments","Infernal Blade","Combust"],"picked":"SKIP","floor":10},{"not_picked":["Power Through","Intimidate"],"picked":"Dropkick","floor":11},{"not_picked":["Wild Strike","Fiend Fire","Burning Pact"],"picked":"SKIP","floor":14},{"not_picked":["Impervious","Brutality"],"picked":"Fiend Fire","floor":16},{"not_picked":["Rampage","Cleave"],"picked":"Shockwave","floor":17},{"not_picked":["Armaments","Dark Embrace"],"picked":"Flex+1","floor":18},{"not_picked":["Anger","Disarm"],"picked":"Warcry+1","floor":22},{"not_picked":["Carnage","Body Slam","Evolve"],"picked":"SKIP","floor":23},{"not_picked":["Reckless Charge+1","Pommel Strike+1"],"picked":"Immolate","floor":25},{"not_picked":["Wild Strike","Rampage","Clothesline+1"],"picked":"SKIP","floor":29},{"not_picked":["Carnage","Flex","Thunderclap"],"picked":"SKIP","floor":31},{"not_picked":["Corruption","Berserk"],"picked":"Bludgeon","floor":33},{"not_picked":["Rupture+1","Warcry+1","Second Wind"],"picked":"SKIP","floor":35},{"not_picked":["Headbutt","Evolve"],"picked":"Dark Embrace+1","floor":36},{"not_picked":["Armaments+1","Pommel Strike"],"picked":"Twin Strike+1","floor":38},{"not_picked":["Wild Strike+1","Clash"],"picked":"Flex+1","floor":39},{"not_picked":["Dual Wield","Entrench+1"],"picked":"Immolate","floor":41},{"not_picked":["Whirlwind+1","Perfected Strike+1"],"picked":"Metallicize","floor":47}],"player_experience":43803,"relics_obtained":[{"floor":6,"key":"Sundial"},{"floor":9,"key":"Eternal Feather"},{"floor":14,"key":"Orichalcum"},{"floor":23,"key":"Boot"},{"floor":25,"key":"Shovel"},{"floor":26,"key":"Regal Pillow"},{"floor":27,"key":"Matryoshka"},{"floor":30,"key":"Oddly Smooth Stone"},{"floor":36,"key":"Lizard Tail"},{"floor":37,"key":"Juzu Bracelet"},{"floor":37,"key":"Old Coin"},{"floor":43,"key":"Toy Ornithopter"},{"floor":43,"key":"Kunai"},{"floor":47,"key":"Peace Pipe"}],"event_choices":[{"damage_healed":0,"gold_gain":0,"player_choice":"Got Potions","damage_taken":0,"max_hp_gain":0,"max_hp_loss":0,"event_name":"Lab","floor":4,"gold_loss":0},{"damage_healed":0,"gold_gain":0,"player_choice":"Stole Relic","damage_taken":0,"relics_obtained":["Thread and Needle"],"max_hp_gain":0,"max_hp_loss":0,"event_name":"Addict","floor":19,"gold_loss":0,"cards_obtained":["Shame"]},{"damage_healed":0,"gold_gain":0,"player_choice":"Inject Mutagens","damage_taken":0,"relics_obtained":["MutagenicStrength"],"max_hp_gain":0,"max_hp_loss":0,"event_name":"Drug Dealer","floor":21,"gold_loss":0},{"cards_removed":["Strike_R"],"damage_healed":0,"gold_gain":0,"player_choice":"Elegance","damage_taken":0,"max_hp_gain":0,"max_hp_loss":0,"event_name":"Back to Basics","floor":24,"gold_loss":0},{"damage_healed":0,"gold_gain":0,"player_choice":"Opened","damage_taken":0,"relics_obtained":["War Paint"],"max_hp_gain":0,"max_hp_loss":0,"event_name":"The Mausoleum","floor":28,"gold_loss":0},{"damage_healed":0,"gold_gain":0,"player_choice":"Fight","damage_taken":0,"max_hp_gain":0,"max_hp_loss":0,"event_name":"Mysterious Sphere","floor":36,"gold_loss":0},{"damage_healed":0,"gold_gain":0,"player_choice":"Ignored","damage_taken":0,"max_hp_gain":0,"max_hp_loss":0,"event_name":"NoteForYourself","floor":42,"gold_loss":0},{"cards_removed":["Dark Embrace"],"damage_healed":0,"gold_gain":0,"player_choice":"Removed Power","damage_taken":0,"max_hp_gain":0,"max_hp_loss":0,"event_name":"Falling","floor":45,"gold_loss":0},{"damage_healed":0,"gold_gain":0,"player_choice":"Ignored","damage_taken":0,"max_hp_gain":0,"max_hp_loss":0,"event_name":"Tomb of Lord Red Mask","floor":46,"gold_loss":0}],"is_beta":false,"boss_relics":[{"not_picked":["Runic Cube","Runic Dome"],"picked":"Tiny House"},{"not_picked":["Busted Crown","Snecko Eye"],"picked":"SlaversCollar"}],"items_purged_floors":[20,48],"is_endless":false,"potions_floor_spawned":[2,8,10,16,22,23,25,29,36,39],"killed_by":"Donu and Deca","ascension_level":0}}