{"host":"nptej036rrbiurf5","time":1608995020,"event":{"mods":["BaseMod","Colored Map","Colored Powertips","DeckTracker","Minty Spire (QoL Compilation)","StSLib","SuperFastMode"],"gold_per_floor":[115,132,132,149,162,190,200,212,212,212,246,246,13,25,25,100,100,112,141,111,129,146,146,217,217,267,285,302,316,46,63,63,63,63],"floor_reached":33,"playtime":755,"items_purged":["Strike_R"],"score":526,"play_id":"5990cba1-0f1e-4205-b540-2b1e58227dff","local_time":"20201227000340","is_ascension_mode":true,"campfire_choices":[{"data":"Bash","floor":10,"key":"SMITH"},{"data":"Fiend Fire","floor":12,"key":"SMITH"},{"floor":15,"key":"REST"},{"data":"Inflame","floor":23,"key":"SMITH"},{"data":"Whirlwind","floor":25,"key":"SMITH"},{"data":"Apotheosis","floor":32,"key":"SMITH"}],"circlet_count":0,"master_deck":["AscendersBane","Strike_R","Strike_R","Strike_R","Defend_R","Defend_R","Defend_R","Defend_R","Bash+1","Dropkick","Whirlwind+1","Carnage","Second Wind","Fiend Fire+1","Reckless Charge","Sentinel","Sentinel","Reaper","Inflame+1","Battle Trance","Spot Weakness","Fire Breathing+1","Sword Boomerang+1","Dark Embrace+1","Apotheosis+1"],"relics":["Burning Blood","NeowsBlessing","Red Skull","CaptainsWheel","PreservedInsect","TheAbacus","Mark of Pain","Red Mask","Frozen Egg 2","Vajra"],"acts_visited":["Exordium","TheCity"],"potions_floor_usage":[16,18,19,22,31],"damage_taken":[{"damage":0.0,"enemies":"Cultist","floor":1.0,"turns":1.0},{"damage":0.0,"enemies":"Small Slimes","floor":2.0,"turns":1.0},{"damage":0,"enemies":"2 Louse","floor":4,"turns":1},{"damage":8,"enemies":"Red Slaver","floor":5,"turns":5},{"damage":57,"enemies":"Lagavulin","floor":6,"turns":8},{"damage":10,"enemies":"Exordium Thugs","floor":7,"turns":3},{"damage":0,"enemies":"Large Slime","floor":8,"turns":2},{"damage":8,"enemies":"Gremlin Nob","floor":11,"turns":3},{"damage":9,"enemies":"Red Slaver","floor":14,"turns":2},{"damage":28,"enemies":"Hexaghost","floor":16,"turns":9},{"damage":23,"enemies":"2 Thieves","floor":18,"turns":4},{"damage":12,"enemies":"Masked Bandits","floor":19,"turns":6},{"damage":23,"enemies":"Shell Parasite","floor":21,"turns":3},{"damage":31,"enemies":"Chosen and Byrds","floor":22,"turns":6},{"damage":0,"enemies":"Snecko","floor":27,"turns":3},{"damage":36,"enemies":"Shelled Parasite and Fungi","floor":28,"turns":4},{"damage":19,"enemies":"Centurion and Healer","floor":29,"turns":4},{"damage":17,"enemies":"Snake Plant","floor":31,"turns":3},{"damage":52,"enemies":"Collector","floor":33,"turns":7}],"seed_played":"4691344714711352802","potions_obtained":[{"floor":4,"key":"GamblersBrew"},{"floor":5,"key":"LiquidBronze"},{"floor":6,"key":"Fire Potion"},{"floor":11,"key":"Strength Potion"},{"floor":16,"key":"HeartOfIron"},{"floor":20,"key":"FairyPotion"},{"floor":20,"key":"Block Potion"},{"floor":21,"key":"BloodPotion"},{"floor":27,"key":"Weak Potion"}],"is_trial":false,"path_per_floor":["M","M","?","M","M","E","M","M","T","R","E","R","$","M","R","B",null,"M","?","?","M","M","R","T","R","T","M","M","M","$","M","R","B"],"character_chosen":"IRONCLAD","items_purchased":["TheAbacus","Dark Embrace+1","Apotheosis"],"campfire_rested":1,"item_purchase_floors":[13,30,30],"current_hp_per_floor":[74,75,75,75,73,22,18,24,24,24,22,22,22,19,41,19,61,48,42,42,25,32,32,32,32,32,49,24,11,11,24,24,0,0],"gold":63,"neow_bonus":"THREE_ENEMY_KILL","is_daily":false,"chose_seed":false,"campfire_upgraded":5,"win_rate":0.0,"timestamp":1608995020,"path_taken":["M","?","?","?","M","E","M","M","T","R","E","R","$","M","R","BOSS","M","?","?","M","?","R","?","R","T","M","M","M","$","M","R","BOSS"],"items_purchased_type":["Relic","Card","Card"],"build_version":"2020-12-22","purchased_purges":1,"victory":false,"max_hp_per_floor":[75,75,75,75,75,75,75,75,75,75,75,75,75,75,75,75,75,75,75,75,75,75,75,75,75,75,75,75,75,75,75,75,75,75],"card_choices":[{"not_picked":["Armaments","Flex"],"picked":"Dropkick","floor":1.0},{"not_picked":["Rage","Iron Wave"],"picked":"Whirlwind","floor":2.0},{"not_picked":["Intimidate","Body Slam"],"picked":"Carnage","floor":4},{"not_picked":["Heavy Blade","True Grit"],"picked":"Second Wind","floor":5},{"not_picked":["Armaments","Infernal Blade"],"picked":"Fiend Fire","floor":6},{"not_picked":["Evolve","Body Slam","Wild Strike"],"picked":"SKIP","floor":7},{"not_picked":["True Grit","Armaments"],"picked":"Reckless Charge","floor":8},{"not_picked":["Uppercut","Fiend Fire"],"picked":"Sentinel","floor":11},{"not_picked":["Shrug It Off","Warcry"],"picked":"Sentinel","floor":14},{"not_picked":["Demon Form","Berserk"],"picked":"Reaper","floor":16},{"not_picked":["Iron Wave","Reckless Charge","Heavy Blade+1"],"picked":"SKIP","floor":18},{"not_picked":["Sword Boomerang","Rupture"],"picked":"Inflame","floor":21},{"not_picked":["Sword Boomerang","Thunderclap"],"picked":"Battle Trance","floor":22},{"not_picked":["Anger","Armaments"],"picked":"Spot Weakness","floor":27},{"not_picked":["Reckless Charge","Whirlwind"],"picked":"Fire Breathing+1","floor":28},{"not_picked":["Flex","Bludgeon"],"picked":"Sword Boomerang+1","floor":29},{"not_picked":["Reckless Charge","Cleave+1","Armaments"],"picked":"SKIP","floor":31}],"player_experience":850161,"relics_obtained":[{"floor":6,"key":"Red Skull"},{"floor":9,"key":"CaptainsWheel"},{"floor":11,"key":"PreservedInsect"},{"floor":19,"key":"Red Mask"},{"floor":24,"key":"Frozen Egg 2"},{"floor":26,"key":"Vajra"}],"event_choices":[{"cards_removed":["Strike_R"],"damage_healed":0,"gold_gain":0,"player_choice":"Offered Basic","damage_taken":0,"max_hp_gain":0,"max_hp_loss":0,"event_name":"Bonfire Elementals","floor":3,"gold_loss":0},{"damage_healed":0,"gold_gain":0,"player_choice":"Fought Bandits","damage_taken":0,"max_hp_gain":0,"max_hp_loss":0,"event_name":"Masked Bandits","floor":19,"gold_loss":0},{"damage_healed":0,"gold_gain":0,"player_choice":"Bought 2 Potions","damage_taken":0,"max_hp_gain":0,"max_hp_loss":0,"event_name":"The Woman in Blue","floor":20,"gold_loss":0}],"is_beta":false,"boss_relics":[{"not_picked":["Ectoplasm","Runic Pyramid"],"picked":"Mark of Pain"}],"items_purged_floors":[13],"is_endless":false,"potions_floor_spawned":[4,5,6,8,11,16,21,27],"killed_by":"Collector","ascension_level":20}}