{"host":"toh0bbw446wnuexf","time":1608942320,"event":{"mods":["BaseMod","Downfall","Hermit","Minty Spire (QoL Compilation)","Random Character Button","StSLib"],"gold_per_floor":[99,114,134,151,151,151,151,151,151,61,73,73,93,78,98,197,197,122,141,154,154,165,184,184,201,216,216,216,56,56,56,66,166,166,166,176,176,189,298,298,298,298,298,317,317,328,328,328,339,339],"floor_reached":51,"playtime":2738,"items_purged":["sneckomod:Unknown"],"score":791,"play_id":"3178d5ea-4096-4d73-8744-49e9feca2b4e","local_time":"20201226132520","is_ascension_mode":false,"campfire_choices":[{"data":"sneckomod:SnekBite","floor":1,"key":"SMITH"},{"data":"sneckomod:TailWhip","floor":6,"key":"SMITH"},{"floor":8,"key":"RECALL"},{"data":"sneckomod:DiceBoulder","floor":12,"key":"SMITH"},{"data":"sneckomod:DiceBoulder+1","floor":18,"key":"SMITH"},{"floor":28,"key":"REST"},{"floor":30,"key":"REST"},{"data":"sneckomod:DiceBoulder+3","floor":35,"key":"SMITH"},{"data":"sneckomod:DiceBoulder+4","floor":42,"key":"SMITH"}],"circlet_count":0,"master_deck":["sneckomod:Strike","sneckomod:Strike","sneckomod:Strike+1","sneckomod:Defend","sneckomod:Defend","sneckomod:TailWhip+1","sneckomod:SnekBite+1","sneckomod:DiceBoulder+5","CurseOfTheBell"],"relics":["Velvet Choker","HornCleat","Calling Bell","Anchor","Pantograph","Dead Branch","downfall:HeartBlessingRed","Oddly Smooth Stone","Whetstone","SlaversCollar","Bag of Preparation","Ornamental Fan","Centennial Puzzle"],"acts_visited":["Exordium","TheCity","TheBeyond"],"potions_floor_usage":[19,25,33,33,50,50],"damage_taken":[{"damage":0,"enemies":"Cultist","floor":2,"turns":3},{"damage":0,"enemies":"Jaw Worm","floor":3,"turns":1},{"damage":1,"enemies":"2 Louse","floor":4,"turns":2},{"damage":0,"enemies":"downfall:FleeingMerchant","floor":10,"turns":4},{"damage":1,"enemies":"Exordium Wildlife","floor":11,"turns":4},{"damage":0,"enemies":"Blue Slaver","floor":13,"turns":2},{"damage":0,"enemies":"downfall:FleeingMerchant","floor":14,"turns":4},{"damage":8,"enemies":"Large Slime","floor":15,"turns":4},{"damage":11,"enemies":"downfall:Ironclad","floor":16,"turns":6},{"damage":14,"enemies":"Spheric Guardian","floor":19,"turns":4},{"damage":5,"enemies":"Chosen and Byrds","floor":20,"turns":6},{"damage":11,"enemies":"Sentry and Sphere","floor":22,"turns":4},{"damage":6,"enemies":"3 Cultists","floor":23,"turns":5},{"damage":24,"enemies":"Centurion and Healer","floor":25,"turns":5},{"damage":6,"enemies":"Snake Plant","floor":26,"turns":3},{"damage":1,"enemies":"downfall:FleeingMerchant","floor":29,"turns":4},{"damage":0,"enemies":"Snecko","floor":32,"turns":3},{"damage":70,"enemies":"downfall:Silent","floor":33,"turns":8},{"damage":1,"enemies":"Orb Walker","floor":36,"turns":3},{"damage":22,"enemies":"3 Darklings","floor":38,"turns":6},{"damage":0,"enemies":"downfall:FleeingMerchant","floor":39,"turns":2},{"damage":21,"enemies":"Writhing Mass","floor":44,"turns":6},{"damage":0,"enemies":"Spire Growth","floor":46,"turns":4},{"damage":11,"enemies":"Jaw Worm Horde","floor":49,"turns":4},{"damage":58,"enemies":"downfall:Defect","floor":50,"turns":9}],"seed_played":"-8076730836502408353","potions_obtained":[{"floor":2,"key":"sneckomod:MuddlingPotion"},{"floor":11,"key":"Ancient Potion"},{"floor":13,"key":"champ:CounterPotion"},{"floor":20,"key":"Dexterity Potion"},{"floor":25,"key":"ColorlessPotion"},{"floor":31,"key":"Ancient Potion"},{"floor":38,"key":"Guardian:BlockOnCardUsePotion"},{"floor":44,"key":"Dexterity Potion"}],"is_trial":false,"path_per_floor":["R","M","M","M","?","R","T","R","?","$","M","R","M","$","M","B",null,"R","M","M","?","M","M","T","M","M","?","R","$","R","?","M","B",null,"R","M","?","M","$","$","T","R","?","M","T","M","?","?","M","B",null],"character_chosen":"THE_SNECKO","items_purchased":["Whetstone","Bag of Preparation","expansioncontent:DecasProtection"],"campfire_rested":2,"item_purchase_floors":[29,39,39],"current_hp_per_floor":[90,90,90,89,89,89,89,89,89,89,88,88,88,88,80,69,90,90,76,71,71,60,54,54,30,24,24,51,50,77,77,77,20,90,90,89,89,67,67,67,67,67,67,46,46,46,46,90,79,32],"gold":339,"neow_bonus":"BOSS_RELIC","is_daily":false,"chose_seed":false,"campfire_upgraded":6,"win_rate":0.0,"timestamp":1608942320,"path_taken":["R","M","M","?","?","R","T","R","?","?","M","R","?","$","M","BOSS","R","M","M","?","M","M","T","M","?","?","R","$","R","?","M","BOSS","R","M","?","M","?","$","T","R","?","M","?","?","?","?","M","BOSS"],"items_purchased_type":["Relic","Relic","Card"],"build_version":"2020-12-22","purchased_purges":1,"victory":true,"max_hp_per_floor":[90,90,90,90,90,90,90,90,90,90,90,90,90,90,90,90,90,90,90,90,90,90,90,90,90,90,90,90,90,90,90,90,90,90,90,90,90,90,90,90,90,90,90,90,90,90,90,90,90,90],"card_choices":[{"not_picked":["sneckomod:QuickBite","sneckomod:SoulRoll","sneckomod:DiceBlock"],"picked":"SKIP","floor":2},{"not_picked":["sneckomod:SoulRoll","sneckomod:Unknown1Cost","sneckomod:WideSting"],"picked":"SKIP","floor":3},{"not_picked":["sneckomod:UnknownBlock","sneckomod:Mudshield","sneckomod:CheapStock"],"picked":"SKIP","floor":4},{"not_picked":["sneckomod:DiceCrush","sneckomod:UnknownWeak"],"picked":"sneckomod:DiceBoulder","floor":10},{"not_picked":["sneckomod:UnknownBlock","sneckomod:UnknownVulnerable","sneckomod:Restock"],"picked":"SKIP","floor":11},{"not_picked":["sneckomod:UnknownCommonSkill","sneckomod:MasterEye","sneckomod:UnknownX"],"picked":"SKIP","floor":13},{"not_picked":["sneckomod:WideSting","sneckomod:QuickMove","sneckomod:UnknownClassPURPLE"],"picked":"SKIP","floor":14},{"not_picked":["sneckomod:WideSting","sneckomod:UnknownCommonSkill","sneckomod:UnknownStrike"],"picked":"SKIP","floor":15},{"not_picked":["sneckomod:UnknownClassGUARDIAN","sneckomod:WideSting","sneckomod:UnknownBlock"],"picked":"SKIP","floor":19},{"not_picked":["sneckomod:QuickBite","sneckomod:SlitherStrike","sneckomod:DiceBlock"],"picked":"SKIP","floor":20},{"not_picked":["sneckomod:UnknownWeak","sneckomod:DiceBlock","sneckomod:SoulDraw"],"picked":"SKIP","floor":22},{"not_picked":["sneckomod:UnknownBlock","sneckomod:ImprovisedGuard","sneckomod:DiceCrush"],"picked":"SKIP","floor":23},{"not_picked":["sneckomod:UnknownUncommonAttack","sneckomod:UnknownVulnerable+1","sneckomod:DiceBlock"],"picked":"SKIP","floor":25},{"not_picked":["sneckomod:WideSting","sneckomod:UnknownVulnerable+1","sneckomod:QuickBite"],"picked":"SKIP","floor":26},{"not_picked":["sneckomod:RainOfDice","sneckomod:Nope","sneckomod:UnknownBlock+1"],"picked":"SKIP","floor":29},{"not_picked":["sneckomod:UnknownBlock","sneckomod:DiceCrush","sneckomod:Restock"],"picked":"SKIP","floor":32},{"not_picked":["sneckomod:ImprovisedGuard","sneckomod:UnknownVulnerable+1","sneckomod:IronFang+1"],"picked":"SKIP","floor":36},{"not_picked":["sneckomod:QuickMove+1","sneckomod:UnknownVulnerable","sneckomod:UnknownCommonAttack"],"picked":"SKIP","floor":38},{"not_picked":["sneckomod:Unknown1Cost+1","sneckomod:SoulExchange","sneckomod:SoulRoll"],"picked":"SKIP","floor":39},{"not_picked":["sneckomod:Nope+1","sneckomod:IronFang+1","sneckomod:Unknown0Cost+1"],"picked":"SKIP","floor":44},{"not_picked":["sneckomod:SoulDraw","sneckomod:UnknownCommonSkill","sneckomod:SnakeSap+1"],"picked":"SKIP","floor":46},{"not_picked":["sneckomod:TrashToTreasure+1","sneckomod:SoulRoll","sneckomod:Unknown1Cost+1"],"picked":"SKIP","floor":49}],"player_experience":530800,"relics_obtained":[{"floor":7,"key":"HornCleat"},{"floor":17,"key":"Anchor"},{"floor":17,"key":"Pantograph"},{"floor":17,"key":"Dead Branch"},{"floor":24,"key":"Oddly Smooth Stone"},{"floor":41,"key":"Ornamental Fan"},{"floor":45,"key":"Centennial Puzzle"}],"event_choices":[{"cards_removed":["sneckomod:Unknown"],"damage_healed":0,"gold_gain":0,"player_choice":"Forget","damage_taken":0,"max_hp_gain":0,"max_hp_loss":0,"event_name":"Living Wall","floor":9,"gold_loss":0},{"damage_healed":0,"gold_gain":0,"player_choice":"Got Potions","damage_taken":0,"max_hp_gain":0,"max_hp_loss":0,"event_name":"Lab","floor":31,"gold_loss":0},{"damage_healed":0,"gold_gain":0,"player_choice":"Ignored","damage_taken":0,"max_hp_gain":0,"max_hp_loss":0,"event_name":"Mysterious Sphere","floor":37,"gold_loss":0},{"cards_removed":["sneckomod:Defend"],"damage_healed":0,"gold_gain":0,"player_choice":"Removed Skill","damage_taken":0,"max_hp_gain":0,"max_hp_loss":0,"event_name":"Falling","floor":47,"gold_loss":0},{"cards_removed":["expansioncontent:DecasProtection"],"damage_healed":44,"gold_gain":0,"player_choice":"Offered Uncommon","damage_taken":0,"max_hp_gain":0,"max_hp_loss":0,"event_name":"Bonfire Elementals","floor":48,"gold_loss":0}],"is_beta":false,"boss_relics":[{"not_picked":["Pandora\u0027s Box","Runic Pyramid"],"picked":"Calling Bell"},{"not_picked":["Philosopher\u0027s Stone","Coffee Dripper"],"picked":"SlaversCollar"}],"items_purged_floors":[10],"is_endless":false,"potions_floor_spawned":[2,11,13,20,25,32,38,44],"ascension_level":0}}