{"host":"5dk97cf2ubw2v967","time":1608998191,"event":{"mods":["AlwaysNeverKeys","BaseMod","Better Altar","Better Vampires","Block Reminder","Colored Powertips","Downfall","Googly Eyes","Highlight Path","Minty Spire (QoL Compilation)","Permanent Neow","Potion Indicator Mod","Quick Restart","Relic Filter","Relic Stats","Say the Spire","Spicy Shops","StSLib","Waifu the Spire","everything is the same but u backflip on backflip"],"gold_per_floor":[99,99,24,24,24,24,24],"floor_reached":6,"playtime":250,"items_purged":["Strike_G"],"score":76,"play_id":"ab3bacf8-18b3-47e2-be60-7dd05d666849","local_time":"20201226155631","is_ascension_mode":true,"campfire_choices":[],"circlet_count":0,"master_deck":["AscendersBane","Strike_G","Strike_G","Strike_G","Strike_G","Defend_G","Defend_G","Defend_G","Defend_G","Defend_G","Survivor","Neutralize","Finisher","Crippling Poison","Deadly Poison"],"relics":["Ectoplasm"],"acts_visited":["Exordium"],"potions_floor_usage":[6],"damage_taken":[{"damage":6,"enemies":"Cultist","floor":1,"turns":5},{"damage":6,"enemies":"Small Slimes","floor":2,"turns":4},{"damage":4,"enemies":"Jaw Worm","floor":4,"turns":4},{"damage":12,"enemies":"Exordium Wildlife","floor":5,"turns":5},{"damage":11,"enemies":"Gremlin Nob","floor":6,"turns":3}],"seed_played":"-3763591922471312984","potions_obtained":[{"floor":2,"key":"sneckomod:MuddlingPotion"}],"is_trial":false,"path_per_floor":["M","M","$","M","M","E"],"character_chosen":"THE_SILENT","items_purchased":[],"campfire_rested":0,"item_purchase_floors":[],"current_hp_per_floor":[53,47,47,43,31,20,20],"gold":24,"neow_bonus":"BOSS_RELIC","is_daily":false,"chose_seed":false,"campfire_upgraded":0,"win_rate":0.0,"timestamp":1608998191,"path_taken":["M","?","$","M","M","E"],"items_purchased_type":[],"build_version":"2020-12-22","purchased_purges":1,"victory":false,"max_hp_per_floor":[66,66,66,66,66,66,66],"relic_stats":{"counters":[5,21],"Ectoplasm":63,"obtain_stats":[{"Ectoplasm":0,"Ring of the Snake":0},{"Ectoplasm":0,"Ring of the Snake":0},{"Ectoplasm":0,"Ring of the Snake":0}]},"card_choices":[{"not_picked":["PiercingWail","Endless Agony"],"picked":"Finisher","floor":1},{"not_picked":["Poisoned Stab","PiercingWail"],"picked":"Crippling Poison","floor":2},{"not_picked":["Prepared","Dodge and Roll"],"picked":"Deadly Poison","floor":4},{"not_picked":["Tactician","Calculated Gamble","Dagger Spray"],"picked":"SKIP","floor":5}],"player_experience":1257056,"relics_obtained":[],"event_choices":[],"is_beta":false,"boss_relics":[],"items_purged_floors":[3],"is_endless":false,"potions_floor_spawned":[2],"killed_by":"Gremlin Nob","ascension_level":20}}