{"host":"jkgg7n5hn1slsm35","time":1608979343,"event":{"mods":["Aspiration","BaseMod","BetterRewards","Conspire","Googly Eyes","Gremlin Skip","Halation","Highlight Path","Hubris","Infinite Spire","Minty Spire (QoL Compilation)","Permanent Neow","StSLib","SuperFastMode","vexMod"],"gold_per_floor":[113,62,62,62,86,127,127,148,148,148,73,73,91,5,5,98,98,119,142,157,157,157,157,157],"floor_reached":23,"playtime":496,"items_purged":["Strike_R"],"score":364,"play_id":"2bcc3b93-3aa5-4bf0-bf83-e55a1addea5f","local_time":"20201226114223","is_ascension_mode":true,"campfire_choices":[{"data":"Clash","floor":7,"key":"SMITH"},{"data":"Flex","floor":10,"key":"SMITH"},{"data":"Shrug It Off","floor":12,"key":"SMITH"},{"data":"Flash of Steel","floor":15,"key":"SMITH"}],"circlet_count":0,"master_deck":["AscendersBane","Defend_B","Strike_R","Strike_R","Strike_R","Strike_R","Defend_R","Defend_R+1","Defend_R","Defend_R","Bash+1","Shrug It Off","Clash+1","Shrug It Off+1","Flex+1","Flash of Steel+1","Cleave","Iron Wave"],"relics":["Burning Blood","NeowsBlessing","Golden Idol","Juzu Bracelet","Dream Catcher","SlaversCollar"],"acts_visited":["Exordium","TheCity"],"potions_floor_usage":[23,23],"damage_taken":[{"damage":0,"enemies":"Jaw Worm","floor":1,"turns":1},{"damage":0,"enemies":"Small Slimes","floor":5,"turns":2},{"damage":0,"enemies":"Lagavulin","floor":6,"turns":2},{"damage":0,"enemies":"2 Louse","floor":8,"turns":2},{"damage":8,"enemies":"Blue Slaver","floor":13,"turns":6},{"damage":25,"enemies":"The Guardian","floor":16,"turns":12},{"damage":19,"enemies":"Shell Parasite","floor":18,"turns":5},{"damage":20,"enemies":"Chosen","floor":19,"turns":6},{"damage":32,"enemies":"conspire:HollyBat","floor":20,"turns":9},{"damage":17,"enemies":"conspire:SneckoGhost","floor":23,"turns":7}],"seed_played":"79543965173480467","potions_obtained":[{"floor":1,"key":"Ancient Potion"},{"floor":8,"key":"Swift Potion"},{"floor":16,"key":"Block Potion"}],"is_trial":false,"path_per_floor":["M","$","?","?","M","E","R","M","T","R","$","R","M","$","R","B",null,"M","M","M","?","?","E"],"character_chosen":"IRONCLAD","items_purchased":["Clash","Flash of Steel"],"campfire_rested":0,"item_purchase_floors":[2,14],"current_hp_per_floor":[74,74,69,55,61,67,67,69,69,69,69,69,67,67,67,48,64,51,37,11,11,11,0,0],"gold":157,"neow_bonus":"THREE_ENEMY_KILL","is_daily":false,"chose_seed":false,"campfire_upgraded":4,"win_rate":0.0,"timestamp":1608979343,"path_taken":["M","$","?","?","M","E","R","M","T","R","$","R","M","$","R","BOSS","M","M","M","?","?","E"],"items_purchased_type":["Card","Card"],"build_version":"2020-12-22","purchased_purges":1,"victory":false,"max_hp_per_floor":[75,75,69,69,69,69,69,69,69,69,69,69,69,69,69,69,69,69,69,69,69,69,69,69],"card_choices":[{"not_picked":["Sentinel","Twin Strike"],"picked":"Shrug It Off","floor":1},{"not_picked":["Sword Boomerang","Carnage"],"picked":"Shrug It Off","floor":5},{"not_picked":["Berserk","Sword Boomerang","Shockwave"],"picked":"SKIP","floor":6},{"not_picked":["Searing Blow","Feel No Pain"],"picked":"Flex","floor":8},{"not_picked":["Carnage","True Grit","Headbutt"],"picked":"SKIP","floor":13},{"not_picked":["Burning Pact+1","Rupture"],"picked":"Cleave","floor":18},{"not_picked":["Heavy Blade","hubris:CleavingFinish","Headbutt+1"],"picked":"SKIP","floor":19},{"not_picked":["hubris:CleavingFinish","Wild Strike"],"picked":"Iron Wave","floor":20}],"player_experience":1792178,"relics_obtained":[{"floor":6,"key":"Juzu Bracelet"},{"floor":9,"key":"Dream Catcher"}],"event_choices":[{"damage_healed":0,"gold_gain":0,"player_choice":"Lose Max HP","damage_taken":0,"relics_obtained":["Golden Idol"],"max_hp_gain":0,"max_hp_loss":6,"event_name":"Golden Idol","floor":3,"gold_loss":0},{"damage_healed":0,"gold_gain":0,"player_choice":"Entered Light","damage_taken":14,"max_hp_gain":0,"max_hp_loss":0,"event_name":"Shining Light","floor":4,"gold_loss":0,"cards_upgraded":["Defend_R","Bash"]},{"damage_healed":0,"gold_gain":0,"player_choice":"Ignored","damage_taken":0,"max_hp_gain":0,"max_hp_loss":0,"event_name":"Cursed Tome","floor":22,"gold_loss":0}],"is_beta":false,"boss_relics":[{"not_picked":["Black Star","halation:Prosthetics"],"picked":"SlaversCollar"}],"items_purged_floors":[11],"is_endless":false,"potions_floor_spawned":[1,8,13,16,18,19,20],"killed_by":"conspire:SneckoGhost","ascension_level":14}}