{"host":"sxnl403xm2xmiyj1","time":1608977167,"event":{"mods":["AchievementEnabler","BaseMod","Colored Map","Keyboard Shortcuts","Minty Spire (QoL Compilation)","Quick Restart","StSLib","SuperFastMode"],"gold_per_floor":[112,128,11,11,11,36,36,67,91,91,102,102,113,113,113,216,216,226,236,151,151,171,203,203,231,231,258,273,291,323,18,18,123,123,138,149,0,0,13,40,40,68,68,68,68,80,80,94,94,94,94,94,20,51,51,51],"floor_reached":55,"playtime":1373,"items_purged":[],"score":1198,"play_id":"3f909ae9-fae7-43e5-adbd-58c61cc039bf","local_time":"20201226190607","is_ascension_mode":true,"campfire_choices":[{"data":"Choke","floor":7.0,"key":"SMITH"},{"data":"Terror","floor":10.0,"key":"SMITH"},{"data":"Accuracy","floor":15.0,"key":"SMITH"},{"floor":24.0,"key":"REST"},{"data":"Envenom","floor":32.0,"key":"SMITH"},{"data":"Tools of the Trade","floor":41.0,"key":"SMITH"},{"data":"Footwork","floor":45.0,"key":"SMITH"},{"data":"Acrobatics","floor":47.0,"key":"SMITH"},{"floor":49.0,"key":"RECALL"},{"data":"Tactician","floor":52.0,"key":"SMITH"}],"circlet_count":0,"master_deck":["Strike_G","Strike_G+1","Strike_G","Defend_G","Defend_G","Defend_G","Defend_G","Defend_G","Survivor","Neutralize","Underhanded Strike","Dagger Throw+1","Choke+1","Riddle With Holes","Blade Dance","Terror+1","Accuracy+1","Tactician+1","Adrenaline","Quick Slash+1","Blade Dance","Escape Plan","Dodge and Roll","Escape Plan","Deflect","Tools of the Trade+1","Envenom+1","Footwork+1","Eviscerate","Acrobatics+1","Adrenaline","Underhanded Strike+1","Prepared+1","Backstab+1","Envenom+1","Underhanded Strike+1","Calculated Gamble+1","Prepared+1","Footwork"],"relics":["Ring of the Snake","NeowsBlessing","Tiny Chest","Thread and Needle","Centennial Puzzle","HoveringKite","Gremlin Horn","Kunai","MealTicket","The Specimen","Gambling Chip","InkBottle","Eternal Feather","ClockworkSouvenir","Runic Dome","Red Mask","Singing Bowl","Toy Ornithopter","Toxic Egg 2","Bronze Scales"],"acts_visited":["Exordium","TheCity","TheBeyond","TheEnding"],"potions_floor_usage":[],"damage_taken":[{"damage":0.0,"enemies":"2 Louse","floor":1.0,"turns":1.0},{"damage":0.0,"enemies":"Small Slimes","floor":2.0,"turns":1.0},{"damage":0.0,"enemies":"Gremlin Nob","floor":6.0,"turns":1.0},{"damage":27.0,"enemies":"Lagavulin","floor":8.0,"turns":5.0},{"damage":0.0,"enemies":"Jaw Worm","floor":11.0,"turns":2.0},{"damage":0.0,"enemies":"Exordium Thugs","floor":13.0,"turns":3.0},{"damage":0.0,"enemies":"Hexaghost","floor":16.0,"turns":8.0},{"damage":0.0,"enemies":"Shell Parasite","floor":18.0,"turns":4.0},{"damage":0.0,"enemies":"2 Thieves","floor":19.0,"turns":3.0},{"damage":15.0,"enemies":"Snake Plant","floor":22.0,"turns":3.0},{"damage":24.0,"enemies":"Book of Stabbing","floor":23.0,"turns":5.0},{"damage":0.0,"enemies":"Gremlin Leader","floor":25.0,"turns":4.0},{"damage":0.0,"enemies":"Slavers","floor":27.0,"turns":2.0},{"damage":0.0,"enemies":"Snecko","floor":28.0,"turns":2.0},{"damage":0.0,"enemies":"Sentry and Sphere","floor":29.0,"turns":3.0},{"damage":0.0,"enemies":"Gremlin Leader","floor":30.0,"turns":4.0},{"damage":2.0,"enemies":"Champ","floor":33.0,"turns":5.0},{"damage":0.0,"enemies":"3 Shapes","floor":35.0,"turns":3.0},{"damage":0.0,"enemies":"Orb Walker","floor":36.0,"turns":2.0},{"damage":0.0,"enemies":"Spire Growth","floor":39.0,"turns":3.0},{"damage":8.0,"enemies":"Giant Head","floor":40.0,"turns":6.0},{"damage":13.0,"enemies":"Nemesis","floor":42.0,"turns":5.0},{"damage":28.0,"enemies":"Transient","floor":46.0,"turns":5.0},{"damage":26.0,"enemies":"Maw","floor":48.0,"turns":4.0},{"damage":20.0,"enemies":"Awakened One","floor":50.0,"turns":7.0},{"damage":46.0,"enemies":"Shield and Spear","floor":54.0,"turns":3.0},{"damage":27,"enemies":"The Heart","floor":55,"turns":2}],"seed_played":"3184008096453311438","potions_obtained":[{"floor":6.0,"key":"Explosive Potion"},{"floor":11.0,"key":"EssenceOfSteel"},{"floor":13.0,"key":"SmokeBomb"},{"floor":22.0,"key":"DuplicationPotion"},{"floor":23.0,"key":"SteroidPotion"},{"floor":28.0,"key":"Weak Potion"},{"floor":29.0,"key":"BlessingOfTheForge"},{"floor":30.0,"key":"GamblersBrew"},{"floor":36.0,"key":"Weak Potion"},{"floor":40.0,"key":"SteroidPotion"},{"floor":42.0,"key":"SpeedPotion"},{"floor":48.0,"key":"FearPotion"}],"is_trial":false,"path_per_floor":["M","M","$","?","?","E","R","E","T","R","M","?","M","?","R","B",null,"M","M","?","T","M","E","R","E","T","E","M","M","E","$","R","B",null,"M","M","?","T","M","E","R","E","T","?","R","M","R","M","R","B",null,"R","$","E","B"],"character_chosen":"THE_SILENT","items_purchased":["Choke","Riddle With Holes","Footwork","ClockworkSouvenir","Eviscerate","Acrobatics","Footwork"],"campfire_rested":1,"item_purchase_floors":[3,3,31,31,31,31,53],"current_hp_per_floor":[70,70,70,63,49,49,49,22,22,22,22,22,22,22,22,22,58,58,58,58,58,43,19,40,40,40,40,40,40,40,55,70,68,70,70,70,70,70,70,62,70,57,57,57,70,42,63,37,58,53,66,70,70,26,0,0],"gold":51,"neow_bonus":"THREE_ENEMY_KILL","is_daily":false,"chose_seed":false,"campfire_upgraded":8,"win_rate":0.0,"timestamp":1608977167,"path_taken":["M","M","$","?","?","E","R","E","T","R","M","?","M","?","R","BOSS","M","M","?","?","?","E","R","E","T","E","M","M","E","?","R","BOSS","M","M","?","?","M","E","R","E","T","?","R","M","R","?","R","BOSS","R","$","E","BOSS"],"items_purchased_type":["Card","Card","Card","Relic","Card","Card","Card"],"build_version":"2020-12-22","purchased_purges":0,"victory":false,"max_hp_per_floor":[70,70,70,70,70,70,70,70,70,70,70,70,70,70,70,70,70,70,70,70,70,70,70,70,70,70,70,70,70,70,70,70,70,70,70,70,70,70,70,70,70,70,70,70,70,70,70,70,70,70,70,70,70,72,72,72],"card_choices":[{"not_picked":["Bane","Deflect"],"picked":"Underhanded Strike","floor":1.0},{"not_picked":["Poisoned Stab","Footwork"],"picked":"Dagger Throw","floor":2.0},{"not_picked":["Flying Knee","Bane"],"picked":"Blade Dance","floor":6.0},{"not_picked":["Outmaneuver","Cloak And Dagger"],"picked":"Terror","floor":8.0},{"not_picked":["Quick Slash","Sucker Punch"],"picked":"Accuracy","floor":11.0},{"not_picked":["Dash","Venomology"],"picked":"Tactician","floor":13.0},{"not_picked":["Envenom","Malaise"],"picked":"Adrenaline","floor":16.0},{"not_picked":["Expertise","Deflect"],"picked":"Quick Slash+1","floor":18.0},{"not_picked":["Dodge and Roll","Riddle With Holes"],"picked":"Blade Dance","floor":19.0},{"not_picked":["Dagger Spray","Dodge and Roll"],"picked":"Escape Plan","floor":22.0},{"not_picked":["Dagger Spray","Eviscerate"],"picked":"Dodge and Roll","floor":23.0},{"not_picked":["Backflip","Poisoned Stab"],"picked":"Escape Plan","floor":25.0},{"not_picked":["Dagger Spray","Outmaneuver+1","Deadly Poison"],"picked":"SKIP","floor":27.0},{"not_picked":["Quick Slash","Well Laid Plans"],"picked":"Deflect","floor":28.0},{"not_picked":["Deadly Poison","Leg Sweep"],"picked":"Tools of the Trade","floor":29.0},{"not_picked":["Catalyst+1","PiercingWail"],"picked":"Envenom","floor":30.0},{"not_picked":["Night Terror","Corpse Explosion"],"picked":"Adrenaline","floor":33.0},{"not_picked":["Deadly Poison","Terror"],"picked":"Underhanded Strike+1","floor":35.0},{"not_picked":["Deadly Poison+1","Terror+1"],"picked":"Prepared+1","floor":36.0},{"not_picked":["Dash+1","PiercingWail+1"],"picked":"Backstab+1","floor":39.0},{"not_picked":["Bane+1","Doppelganger"],"picked":"Envenom","floor":40.0},{"not_picked":["Dodge and Roll+1","Deadly Poison"],"picked":"Underhanded Strike+1","floor":42.0},{"not_picked":["Escape Plan+1","Sucker Punch"],"picked":"Calculated Gamble+1","floor":46.0},{"not_picked":["Crippling Poison+1","Deflect+1"],"picked":"Prepared+1","floor":48.0},{"not_picked":["Flying Knee+1","Storm of Steel+1","Riddle With Holes"],"picked":"Singing Bowl","floor":54.0}],"player_experience":124315,"relics_obtained":[{"floor":6.0,"key":"Tiny Chest"},{"floor":8.0,"key":"Thread and Needle"},{"floor":9.0,"key":"Centennial Puzzle"},{"floor":21.0,"key":"Kunai"},{"floor":23.0,"key":"MealTicket"},{"floor":25.0,"key":"The Specimen"},{"floor":26.0,"key":"Gambling Chip"},{"floor":27.0,"key":"InkBottle"},{"floor":30.0,"key":"Eternal Feather"},{"floor":40.0,"key":"Singing Bowl"},{"floor":42.0,"key":"Toy Ornithopter"},{"floor":43.0,"key":"Toxic Egg 2"},{"floor":54.0,"key":"Bronze Scales"}],"event_choices":[{"cards_removed":["Strike_G"],"damage_healed":0.0,"max_hp_gain":0.0,"max_hp_loss":0.0,"gold_gain":0.0,"event_name":"Golden Wing","player_choice":"Card Removal","floor":4.0,"gold_loss":0.0,"damage_taken":7.0},{"damage_healed":0.0,"max_hp_gain":0.0,"max_hp_loss":0.0,"gold_gain":0.0,"event_name":"Shining Light","player_choice":"Entered Light","floor":5.0,"gold_loss":0.0,"damage_taken":14.0,"cards_upgraded":["Dagger Throw","Strike_G"]},{"cards_removed":["Strike_G"],"damage_healed":0.0,"max_hp_gain":0.0,"max_hp_loss":0.0,"gold_gain":0.0,"event_name":"Living Wall","player_choice":"Forget","floor":12.0,"gold_loss":0.0,"damage_taken":0.0},{"damage_healed":0.0,"max_hp_gain":0.0,"max_hp_loss":0.0,"gold_gain":0.0,"event_name":"Liars Game","player_choice":"Ignored","floor":14.0,"gold_loss":0.0,"damage_taken":0.0},{"damage_healed":0.0,"max_hp_gain":0.0,"max_hp_loss":0.0,"gold_gain":0.0,"event_name":"Addict","player_choice":"Obtained Relic","floor":20.0,"gold_loss":85.0,"damage_taken":0.0,"relics_obtained":["Gremlin Horn"]},{"damage_healed":0.0,"max_hp_gain":0.0,"max_hp_loss":0.0,"gold_gain":0.0,"event_name":"Tomb of Lord Red Mask","player_choice":"Paid","floor":37.0,"gold_loss":149.0,"damage_taken":0.0,"relics_obtained":["Red Mask"]},{"damage_healed":0.0,"max_hp_gain":0.0,"max_hp_loss":0.0,"gold_gain":0.0,"event_name":"Accursed Blacksmith","player_choice":"Forge","floor":44.0,"gold_loss":0.0,"damage_taken":0.0,"cards_upgraded":["Envenom"]}],"is_beta":false,"boss_relics":[{"not_picked":["SlaversCollar","Ring of the Serpent"],"picked":"HoveringKite"},{"not_picked":["Fusion Hammer","Velvet Choker"],"picked":"Runic Dome"}],"items_purged_floors":[],"is_endless":false,"potions_floor_spawned":[6,11,13,22,23,28,29,30,36,40,42,48],"killed_by":"The Heart","ascension_level":5}}