{"host":"a1eatafr7pisesky","time":1608962965,"event":{"mods":["BaseMod","Colored Map","DeckTracker","Highlight Path","Keyboard Shortcuts","Minty Spire (QoL Compilation)","Permanent Neow","Random Character Button","StSLib","SuperFastMode"],"gold_per_floor":[114,133,148,166,15,44,119,144,167,177,177,188,188,201,201,301,301,316,344,344,363,52,52,52,52],"floor_reached":24,"playtime":1107,"items_purged":["Strike_B"],"score":260,"play_id":"0c92b4a2-5753-499f-8ae5-10bd08920aa5","local_time":"20201226150925","is_ascension_mode":true,"campfire_choices":[{"floor":11.0,"key":"REST"},{"floor":13.0,"key":"REST"},{"data":"Dualcast","floor":15.0,"key":"SMITH"},{"floor":23,"key":"REST"}],"circlet_count":0,"master_deck":["Strike_B","Strike_B","Defend_B","Defend_B","Defend_B","Zap","Dualcast+1","Machine Learning","Recycle","Conserve Battery","Ball Lightning","Sweeping Beam","Heatsinks","Undo","Ball Lightning","Ball Lightning","Hologram","Creative AI","Conserve Battery","Reinforced Body+1","Lockon","Capacitor","Loop","Turbo","Meteor Strike"],"relics":["Cracked Core","Strawberry","Regal Pillow","MealTicket","SlaversCollar","Red Mask","Orrery"],"acts_visited":["Exordium","TheCity"],"potions_floor_usage":[24],"damage_taken":[{"damage":3.0,"enemies":"Jaw Worm","floor":1.0,"turns":4.0},{"damage":7.0,"enemies":"2 Louse","floor":2.0,"turns":3.0},{"damage":4.0,"enemies":"Cultist","floor":3.0,"turns":4.0},{"damage":7.0,"enemies":"Looter","floor":4.0,"turns":3.0},{"damage":18.0,"enemies":"Gremlin Nob","floor":6.0,"turns":4.0},{"damage":21.0,"enemies":"Lagavulin","floor":8.0,"turns":7.0},{"damage":10.0,"enemies":"2 Fungi Beasts","floor":10.0,"turns":3.0},{"damage":12.0,"enemies":"Lots of Slimes","floor":12.0,"turns":2.0},{"damage":11.0,"enemies":"Large Slime","floor":14.0,"turns":3.0},{"damage":39.0,"enemies":"The Guardian","floor":16.0,"turns":11.0},{"damage":34.0,"enemies":"Shell Parasite","floor":18.0,"turns":6.0},{"damage":12.0,"enemies":"Masked Bandits","floor":19.0,"turns":2.0},{"damage":17,"enemies":"Chosen","floor":21,"turns":6},{"damage":66,"enemies":"3 Cultists","floor":24,"turns":5}],"seed_played":"9055904910897567343","potions_obtained":[{"floor":1.0,"key":"CultistPotion"},{"floor":2.0,"key":"Block Potion"},{"floor":8.0,"key":"SteroidPotion"},{"floor":14.0,"key":"SkillPotion"},{"floor":18.0,"key":"DuplicationPotion"},{"floor":19.0,"key":"Swift Potion"}],"is_trial":false,"path_per_floor":["M","M","M","M","$","E","?","E","T","M","R","M","R","M","R","B",null,"M","?","?","M","$","R","M"],"character_chosen":"DEFECT","items_purchased":["Heatsinks","Orrery","Meteor Strike"],"campfire_rested":3,"item_purchase_floors":[5,22,22],"current_hp_per_floor":[72,65,61,54,54,43,32,11,11,1,40,28,67,56,56,17,66,32,20,20,3,18,57,0,0],"gold":52,"neow_bonus":"ONE_RANDOM_RARE_CARD","is_daily":false,"chose_seed":false,"campfire_upgraded":1,"win_rate":0.0,"timestamp":1608962965,"path_taken":["M","M","M","M","$","E","?","E","T","M","R","M","R","M","R","BOSS","M","?","?","M","$","R","M"],"items_purchased_type":["Card","Relic","Card"],"build_version":"2020-12-22","purchased_purges":1,"victory":false,"max_hp_per_floor":[75,75,75,75,75,82,82,82,82,82,82,82,82,82,82,82,82,82,82,82,82,82,82,82,82],"card_choices":[{"not_picked":["Rebound","Barrage"],"picked":"Recycle","floor":1.0},{"not_picked":["Storm","Go for the Eyes"],"picked":"Conserve Battery","floor":2.0},{"not_picked":["Rebound","Loop"],"picked":"Ball Lightning","floor":3.0},{"not_picked":["Loop","Hologram"],"picked":"Sweeping Beam","floor":4.0},{"not_picked":["Doom and Gloom","Chill"],"picked":"Undo","floor":6.0},{"not_picked":["Reinforced Body","Sweeping Beam"],"picked":"Ball Lightning","floor":8.0},{"not_picked":["Coolheaded","Fission"],"picked":"Ball Lightning","floor":10.0},{"not_picked":["Doom and Gloom","Rebound","Redo"],"picked":"SKIP","floor":12.0},{"not_picked":["Stack","Beam Cell"],"picked":"Hologram","floor":14.0},{"not_picked":["All For One","Amplify"],"picked":"Creative AI","floor":16.0},{"not_picked":["Redo","Rebound"],"picked":"Conserve Battery","floor":18.0},{"not_picked":["Sweeping Beam","Go for the Eyes"],"picked":"Reinforced Body+1","floor":19.0},{"not_picked":["Leap","Compile Driver+1","Stack+1"],"picked":"SKIP","floor":21},{"not_picked":["Ball Lightning","Auto Shields+1"],"picked":"Loop","floor":22},{"not_picked":["Cold Snap","Chill"],"picked":"Turbo","floor":22}],"player_experience":248431,"relics_obtained":[{"floor":6.0,"key":"Strawberry"},{"floor":8.0,"key":"Regal Pillow"},{"floor":9.0,"key":"MealTicket"},{"floor":19.0,"key":"Red Mask"}],"event_choices":[{"damage_healed":0.0,"max_hp_gain":0.0,"max_hp_loss":0.0,"gold_gain":75.0,"event_name":"World of Goop","player_choice":"Gather Gold","floor":7.0,"gold_loss":0.0,"damage_taken":11.0},{"damage_healed":0.0,"max_hp_gain":0.0,"max_hp_loss":0.0,"gold_gain":0.0,"event_name":"Masked Bandits","player_choice":"Fought Bandits","floor":19.0,"gold_loss":0.0,"damage_taken":0.0},{"damage_healed":0.0,"max_hp_gain":0.0,"max_hp_loss":0.0,"gold_gain":0.0,"cards_transformed":["Strike_B","Defend_B"],"event_name":"Drug Dealer","player_choice":"Became Test Subject","floor":20.0,"gold_loss":0.0,"damage_taken":0.0,"cards_obtained":["Lockon","Capacitor"]}],"is_beta":false,"boss_relics":[{"not_picked":["FrozenCore","Tiny House"],"picked":"SlaversCollar"}],"items_purged_floors":[5],"is_endless":false,"potions_floor_spawned":[1,2,8,14,18,19],"killed_by":"3 Cultists","ascension_level":5}}