{"host":"aaqofma31c3gm2hj","time":1608978426,"event":{"mods":["BaseMod","Minty Spire (QoL Compilation)","Replay The Spire","Spicy Shops","StSLib"],"gold_per_floor":[119,135,135,60,60,60,93,93,118,141,155,173,73,117,117,117,117],"floor_reached":16,"playtime":311,"items_purged":["Strike_B","Strike_B"],"score":270,"play_id":"1129e0b9-dc38-4589-8682-e3a63e30cdab","local_time":"20201226182706","is_ascension_mode":true,"campfire_choices":[{"data":"Dualcast","floor":6.0,"key":"SMITH"},{"data":"Turbo","floor":8.0,"key":"SMITH"},{"data":"Consume","floor":15,"key":"SMITH"}],"circlet_count":0,"master_deck":["AscendersBane","Strike_B","Strike_B","Defend_B","Defend_B","Defend_B","Defend_B","Zap","Dualcast+1","Turbo+1","Ball Lightning","Capacitor","Coolheaded","Cold Snap","Consume+1"],"relics":["Cracked Core","NeowsBlessing","Golden Idol","Chameleon Ring","Blood Vial","Replay:WaspNest"],"acts_visited":["Exordium"],"potions_floor_usage":[14],"damage_taken":[{"damage":0.0,"enemies":"Cultist","floor":1.0,"turns":1.0},{"damage":0.0,"enemies":"2 Louse","floor":2.0,"turns":1.0},{"damage":0.0,"enemies":"Replay:BlueRogue","floor":7.0,"turns":1.0},{"damage":12.0,"enemies":"Jaw Worm","floor":10.0,"turns":2.0},{"damage":12.0,"enemies":"Looter","floor":11.0,"turns":3.0},{"damage":8.0,"enemies":"Large Slime","floor":12.0,"turns":5.0},{"damage":26,"enemies":"3 Sentries","floor":14,"turns":9},{"damage":33,"enemies":"Slime Boss","floor":16,"turns":3}],"seed_played":"-5239595637705327","potions_obtained":[{"floor":7.0,"key":"Adrenaline Potion"},{"floor":11.0,"key":"SteroidPotion"},{"floor":12.0,"key":"Elixir"}],"is_trial":false,"path_per_floor":["M","M","?","$","?","R","E","R","T","M","M","M","$","E","R","B"],"character_chosen":"DEFECT","items_purchased":[],"campfire_rested":0,"item_purchase_floors":[],"current_hp_per_floor":[64,64,64,64,64,64,64,64,64,52,42,36,36,12,12,0,0],"gold":117,"neow_bonus":"THREE_ENEMY_KILL","is_daily":false,"chose_seed":false,"campfire_upgraded":3,"win_rate":0.0,"timestamp":1608978426,"path_taken":["M","?","?","$","?","R","E","R","T","M","M","M","$","E","R","BOSS"],"items_purchased_type":[],"build_version":"2020-12-22","purchased_purges":2,"victory":false,"max_hp_per_floor":[71,71,71,71,64,64,64,64,64,64,64,64,64,64,64,64,64],"card_choices":[{"not_picked":["Barrage","ReplayTheSpireMod:System Scan"],"picked":"Turbo","floor":1.0},{"not_picked":["Reinforced Body","Sweeping Beam"],"picked":"Ball Lightning","floor":2.0},{"not_picked":["Compile Driver","Steam Power"],"picked":"Capacitor","floor":7.0},{"not_picked":["Go for the Eyes","Hyperbeam","ReplayGash"],"picked":"SKIP","floor":10.0},{"not_picked":["Hologram","Redo"],"picked":"Coolheaded","floor":11.0},{"not_picked":["Amplify","Panic Button"],"picked":"Cold Snap","floor":12.0},{"not_picked":["Fusion","Cold Snap"],"picked":"Consume","floor":14}],"player_experience":539678,"relics_obtained":[{"floor":7.0,"key":"Chameleon Ring"},{"floor":9.0,"key":"Blood Vial"},{"floor":14,"key":"Replay:WaspNest"}],"event_choices":[{"damage_healed":0.0,"max_hp_gain":0.0,"max_hp_loss":0.0,"gold_gain":0.0,"event_name":"Shining Light","player_choice":"Ignored","floor":3.0,"gold_loss":0.0,"damage_taken":0.0},{"damage_healed":0.0,"max_hp_gain":0.0,"max_hp_loss":7.0,"gold_gain":0.0,"event_name":"Golden Idol","player_choice":"Lose Max HP","floor":5.0,"gold_loss":0.0,"damage_taken":0.0,"relics_obtained":["Golden Idol"]}],"is_beta":false,"boss_relics":[],"items_purged_floors":[4,13],"is_endless":false,"potions_floor_spawned":[7,11,12],"killed_by":"Slime Boss","ascension_level":20}}