{"host":"qxeepl7ydvsgmfdb","time":1608992791,"event":{"mods":["AchievementEnabler","BaseMod","Colored Powertips","Minty Spire (QoL Compilation)","Quick Restart","slay the spire mod where everything is the same but ironclad has a cowboy hat"],"gold_per_floor":[111,6,181,181,191,223,223,223,223,223,243,263,279,239,239,337,337,349,22,35,53,71,71,97,22,22,22,22,33,47,64,64,64,64],"floor_reached":33,"playtime":1168,"items_purged":[],"score":446,"play_id":"0ee85f68-68bb-4665-a41b-74c82422a95a","local_time":"20201226092631","is_ascension_mode":true,"campfire_choices":[{"data":"1","floor":7.0,"key":"LIFT"},{"floor":10.0,"key":"REST"},{"data":"Die Die Die","floor":15.0,"key":"SMITH"},{"floor":23.0,"key":"REST"},{"floor":28.0,"key":"REST"},{"floor":32.0,"key":"REST"}],"circlet_count":0,"master_deck":["Strike_G","Strike_G","Strike_G","Strike_G","Strike_G","Defend_G","Defend_G","Defend_G","Defend_G","Defend_G","Survivor","Neutralize","Backflip","Deadly Poison","Slice","Quick Slash","Deadly Poison+1","Die Die Die+1","Dagger Throw","Deadly Poison","Backstab+1","Poisoned Stab","Footwork","Cloak And Dagger","Endless Agony","Deadly Poison+1"],"relics":["Ring of the Snake","NeowsBlessing","CaptainsWheel","Girya","Blood Vial","WristBlade","The Specimen","Red Mask","Meat on the Bone"],"acts_visited":["Exordium","TheCity"],"potions_floor_usage":[33,33,33],"damage_taken":[{"damage":0.0,"enemies":"Jaw Worm","floor":1.0,"turns":1.0},{"damage":0.0,"enemies":"2 Louse","floor":5.0,"turns":1.0},{"damage":0.0,"enemies":"Lagavulin","floor":6.0,"turns":1.0},{"damage":7.0,"enemies":"Small Slimes","floor":11.0,"turns":3.0},{"damage":5.0,"enemies":"Gremlin Gang","floor":12.0,"turns":2.0},{"damage":0.0,"enemies":"2 Fungi Beasts","floor":13.0,"turns":2.0},{"damage":0.0,"enemies":"Slime Boss","floor":16.0,"turns":6.0},{"damage":15.0,"enemies":"3 Byrds","floor":18.0,"turns":1.0},{"damage":10.0,"enemies":"Shell Parasite","floor":20.0,"turns":2.0},{"damage":32.0,"enemies":"Snake Plant","floor":21.0,"turns":3.0},{"damage":0.0,"enemies":"Centurion and Healer","floor":22.0,"turns":4.0},{"damage":6.0,"enemies":"Masked Bandits","floor":24.0,"turns":3.0},{"damage":2.0,"enemies":"Snecko","floor":29.0,"turns":4.0},{"damage":14.0,"enemies":"Shelled Parasite and Fungi","floor":30.0,"turns":5.0},{"damage":0.0,"enemies":"Cultist and Chosen","floor":31.0,"turns":4.0},{"damage":87,"enemies":"Champ","floor":33,"turns":10}],"seed_played":"-7677304684028321851","potions_obtained":[{"floor":5.0,"key":"Dexterity Potion"},{"floor":12.0,"key":"Explosive Potion"},{"floor":13.0,"key":"Fire Potion"},{"floor":14.0,"key":"LiquidBronze"},{"floor":22.0,"key":"FearPotion"},{"floor":24.0,"key":"PowerPotion"},{"floor":29.0,"key":"EssenceOfSteel"},{"floor":30.0,"key":"DuplicationPotion"},{"floor":31.0,"key":"GamblersBrew"}],"is_trial":false,"path_per_floor":["M","$","?","?","M","E","R","?","T","R","M","M","M","?","R","B",null,"M","$","M","M","M","R","?","?","T","$","R","M","M","M","R","B"],"character_chosen":"THE_SILENT","items_purchased":["Deadly Poison","Slice","The Specimen","Poisoned Stab"],"campfire_rested":4,"item_purchase_floors":[2,2,19,19],"current_hp_per_floor":[63,63,63,45,45,45,45,45,45,66,61,58,60,60,60,62,68,55,55,47,17,19,40,36,36,36,36,57,57,45,47,68,0,0],"gold":64,"neow_bonus":"THREE_ENEMY_KILL","is_daily":false,"chose_seed":false,"campfire_upgraded":1,"win_rate":0.0,"timestamp":1608992791,"path_taken":["M","$","?","?","M","E","R","?","T","R","M","M","M","?","R","BOSS","M","$","?","M","M","R","?","?","T","$","R","M","M","M","R","BOSS"],"items_purchased_type":["Card","Card","Relic","Card"],"build_version":"2020-12-22","purchased_purges":0,"victory":false,"max_hp_per_floor":[70,70,70,70,70,70,70,70,70,70,70,70,70,70,70,70,70,70,70,70,70,70,70,70,70,70,70,70,70,70,70,70,70,70],"card_choices":[{"not_picked":["Accuracy","Acrobatics"],"picked":"Backflip","floor":1.0},{"not_picked":["Outmaneuver","Choke"],"picked":"Quick Slash","floor":5.0},{"not_picked":["Leg Sweep","Calculated Gamble"],"picked":"Deadly Poison","floor":6.0},{"not_picked":["Catalyst","Deflect"],"picked":"Die Die Die","floor":11.0},{"not_picked":["Acrobatics","Bane"],"picked":"Dagger Throw","floor":12.0},{"not_picked":["Bouncing Flask","Flying Knee"],"picked":"Deadly Poison","floor":13.0},{"not_picked":["Dagger Spray+1","Deflect"],"picked":"Backstab+1","floor":18.0},{"not_picked":["Setup+1","Escape Plan","Terror"],"picked":"SKIP","floor":20.0},{"not_picked":["Endless Agony+1","Tactician","Eviscerate"],"picked":"SKIP","floor":21.0},{"not_picked":["Outmaneuver","PiercingWail+1"],"picked":"Footwork","floor":22.0},{"not_picked":["Poisoned Stab","PiercingWail"],"picked":"Cloak And Dagger","floor":24.0},{"not_picked":["Catalyst","Crippling Poison+1"],"picked":"Endless Agony","floor":29.0},{"not_picked":["PiercingWail+1","Backflip"],"picked":"Deadly Poison+1","floor":30.0},{"not_picked":["Endless Agony","Terror","Masterful Stab"],"picked":"SKIP","floor":31.0}],"player_experience":388367,"relics_obtained":[{"floor":6.0,"key":"Girya"},{"floor":9.0,"key":"Blood Vial"},{"floor":24.0,"key":"Red Mask"},{"floor":26.0,"key":"Meat on the Bone"}],"event_choices":[{"damage_healed":0.0,"max_hp_gain":0.0,"max_hp_loss":0.0,"gold_gain":175.0,"event_name":"Liars Game","player_choice":"AGREE","floor":3.0,"gold_loss":0.0,"damage_taken":0.0,"cards_obtained":["Doubt"]},{"damage_healed":0.0,"max_hp_gain":0.0,"max_hp_loss":0.0,"gold_gain":0.0,"event_name":"Scrap Ooze","player_choice":"Success","floor":4.0,"gold_loss":0.0,"damage_taken":18.0,"relics_obtained":["CaptainsWheel"]},{"damage_healed":0.0,"max_hp_gain":0.0,"max_hp_loss":0.0,"gold_gain":0.0,"event_name":"Living Wall","player_choice":"Grow","floor":8.0,"gold_loss":0.0,"damage_taken":0.0,"cards_upgraded":["Deadly Poison"]},{"damage_healed":0.0,"max_hp_gain":0.0,"max_hp_loss":0.0,"gold_gain":0.0,"event_name":"The Woman in Blue","player_choice":"Bought 3 Potions","floor":14.0,"gold_loss":0.0,"damage_taken":0.0},{"damage_healed":0.0,"max_hp_gain":0.0,"max_hp_loss":0.0,"gold_gain":0.0,"event_name":"Masked Bandits","player_choice":"Fought Bandits","floor":24.0,"gold_loss":0.0,"damage_taken":0.0},{"cards_removed":["Doubt"],"damage_healed":0.0,"max_hp_gain":0.0,"max_hp_loss":0.0,"gold_gain":0.0,"event_name":"Beggar","player_choice":"Gave Gold","floor":25.0,"gold_loss":75.0,"damage_taken":0.0}],"is_beta":false,"boss_relics":[{"not_picked":["Tiny House","Runic Dome"],"picked":"WristBlade"}],"items_purged_floors":[],"is_endless":false,"potions_floor_spawned":[5,12,13,22,24,29,30,31],"killed_by":"Champ","ascension_level":6}}