{"host":"w4b7hmige5bnqipq","time":1608946477,"event":{"mods":["BaseMod","Minty Spire (QoL Compilation)","Rare Cards Sparkle","SuperFastMode","everything is the same but u backflip on backflip","slay the spire mod where everything is the same but ironclad has a cowboy hat"],"gold_per_floor":[112,112,112,37,52,93,113,113,113],"floor_reached":8,"playtime":132,"items_purged":["Strike_G"],"score":162,"play_id":"fbdb7155-ab0e-4c40-a021-818d1fb9f1de","local_time":"20201226103437","is_ascension_mode":true,"campfire_choices":[],"circlet_count":0,"master_deck":["AscendersBane","Strike_G","Strike_G","Strike_G","Strike_G","Defend_G","Defend_G","Defend_G","Defend_G","Defend_G","Survivor","Neutralize","Deadly Poison+1","Endless Agony","Catalyst","Tactician"],"relics":["Ring of the Snake","NeowsBlessing","Golden Idol","Dream Catcher"],"acts_visited":["Exordium"],"potions_floor_usage":[8,8],"damage_taken":[{"damage":0,"enemies":"2 Louse","floor":1,"turns":1},{"damage":0,"enemies":"Jaw Worm","floor":5,"turns":1},{"damage":0,"enemies":"Lagavulin","floor":6,"turns":1},{"damage":0,"enemies":"Cultist","floor":7,"turns":3},{"damage":69,"enemies":"Gremlin Nob","floor":8,"turns":4}],"seed_played":"7461995003972837767","potions_obtained":[{"floor":5,"key":"ColorlessPotion"},{"floor":6,"key":"SpeedPotion"},{"floor":7,"key":"Energy Potion"}],"is_trial":false,"path_per_floor":["M","?","?","$","M","E","M","E"],"character_chosen":"THE_SILENT","items_purchased":[],"campfire_rested":0,"item_purchase_floors":[],"current_hp_per_floor":[59,36,36,36,36,36,36,0,0],"gold":113,"neow_bonus":"THREE_ENEMY_KILL","is_daily":false,"chose_seed":false,"campfire_upgraded":0,"win_rate":0.0,"timestamp":1608946477,"path_taken":["M","?","?","$","M","E","M","E"],"items_purchased_type":[],"build_version":"2020-12-22","purchased_purges":1,"victory":false,"max_hp_per_floor":[66,66,66,66,66,66,66,66,66],"card_choices":[{"not_picked":["Prepared","Infinite Blades"],"picked":"Deadly Poison","floor":1},{"not_picked":["Quick Slash","Cloak And Dagger"],"picked":"Endless Agony","floor":5},{"not_picked":["Dodge and Roll","Quick Slash"],"picked":"Catalyst","floor":6},{"not_picked":["Choke","Flying Knee"],"picked":"Tactician","floor":7}],"player_experience":425356,"relics_obtained":[{"floor":6,"key":"Dream Catcher"}],"event_choices":[{"damage_healed":0,"gold_gain":0,"player_choice":"Take Damage","damage_taken":23,"relics_obtained":["Golden Idol"],"max_hp_gain":0,"max_hp_loss":0,"event_name":"Golden Idol","floor":2,"gold_loss":0},{"damage_healed":0,"gold_gain":0,"player_choice":"Grow","damage_taken":0,"max_hp_gain":0,"max_hp_loss":0,"event_name":"Living Wall","floor":3,"gold_loss":0,"cards_upgraded":["Deadly Poison"]}],"is_beta":false,"boss_relics":[],"items_purged_floors":[4],"is_endless":false,"potions_floor_spawned":[5,6,7],"killed_by":"Gremlin Nob","ascension_level":20}}