{"host":"pgordgimchdugpjs","time":1608977461,"event":{"mods":["AchievementEnabler","BaseMod","DeckTracker","Minty Spire (QoL Compilation)","Quick Restart","StSLib","SuperFastMode"],"gold_per_floor":[115,115,115,125,137,167,167,167,167,180,192,211,211,61,61,132,132,171,241,241,241,261,261,275,275,275,275,275],"floor_reached":27,"playtime":832,"items_purged":["Defend_P"],"score":426,"play_id":"68e9dd95-d4bd-4bb3-a889-37d3a02e3441","local_time":"20201226191101","is_ascension_mode":true,"campfire_choices":[{"data":"Eruption","floor":8.0,"key":"SMITH"},{"data":"Strike_P","floor":13.0,"key":"PURGE"},{"data":"Strike_P","floor":15.0,"key":"PURGE"},{"data":"Adaptation","floor":23.0,"key":"SMITH"},{"data":"Scrawl","floor":25.0,"key":"SMITH"}],"circlet_count":0,"master_deck":["AscendersBane","Strike_P+1","Strike_P","Defend_P+1","Defend_P","Defend_P","Eruption+1","Vigilance","BowlingBash","ForeignInfluence+1","FollowUp","Adaptation+1","Scrawl+1","JustLucky","MentalFortress","FlurryOfBlows","TalkToTheHand"],"relics":["PureWater","NeowsBlessing","Mango","Peace Pipe","VioletLotus","Bottled Tornado","Pantograph"],"acts_visited":["Exordium","TheCity"],"potions_floor_usage":[],"damage_taken":[{"damage":0.0,"enemies":"2 Louse","floor":1.0,"turns":1.0},{"damage":0.0,"enemies":"Jaw Worm","floor":4.0,"turns":1.0},{"damage":0.0,"enemies":"Small Slimes","floor":5.0,"turns":1.0},{"damage":12.0,"enemies":"3 Sentries","floor":6.0,"turns":4.0},{"damage":7.0,"enemies":"Red Slaver","floor":10.0,"turns":3.0},{"damage":4.0,"enemies":"Exordium Wildlife","floor":11.0,"turns":3.0},{"damage":0.0,"enemies":"Large Slime","floor":12.0,"turns":2.0},{"damage":3.0,"enemies":"The Guardian","floor":16.0,"turns":13.0},{"damage":19.0,"enemies":"Shell Parasite","floor":18.0,"turns":4.0},{"damage":0.0,"enemies":"Spheric Guardian","floor":22.0,"turns":1.0},{"damage":17.0,"enemies":"Centurion and Healer","floor":24.0,"turns":4.0},{"damage":21,"enemies":"Book of Stabbing","floor":27,"turns":5}],"seed_played":"-4650286089972816831","potions_obtained":[{"floor":4.0,"key":"Energy Potion"},{"floor":11.0,"key":"SpeedPotion"},{"floor":12.0,"key":"Dexterity Potion"}],"is_trial":false,"path_per_floor":["M","?","?","M","M","E","?","R","T","M","M","M","R","$","R","B",null,"M","T","?","?","M","R","M","R","T","E"],"character_chosen":"WATCHER","items_purchased":["Adaptation"],"campfire_rested":0,"item_purchase_floors":[14],"current_hp_per_floor":[61,41,41,41,41,43,43,43,43,36,32,32,32,32,32,29,69,50,50,50,50,50,50,33,33,33,12,12],"gold":275,"neow_bonus":"THREE_ENEMY_KILL","is_daily":false,"chose_seed":false,"campfire_upgraded":3,"win_rate":0.0,"timestamp":1608977461,"path_taken":["M","?","?","?","M","E","?","R","T","M","?","M","R","$","R","BOSS","M","?","?","?","M","R","M","R","T","E"],"items_purchased_type":["Card"],"build_version":"2020-12-22","purchased_purges":1,"victory":false,"max_hp_per_floor":[68,68,68,68,68,82,82,82,82,82,82,82,82,82,82,82,82,82,82,82,82,82,82,82,82,82,82,82],"card_choices":[{"not_picked":["EmptyBody","BowlingBash","Prostrate"],"picked":"SKIP","floor":1.0},{"not_picked":["Protect","JustLucky"],"picked":"BowlingBash","floor":4.0},{"not_picked":["Crescendo","EmptyBody"],"picked":"ForeignInfluence","floor":5.0},{"not_picked":["WindmillStrike","ConjureBlade","Worship"],"picked":"SKIP","floor":6.0},{"not_picked":["ClearTheMind","LikeWater","Prostrate"],"picked":"SKIP","floor":10.0},{"not_picked":["Protect","BattleHymn","ThirdEye"],"picked":"SKIP","floor":11.0},{"not_picked":["LikeWater","Consecrate"],"picked":"FollowUp","floor":12.0},{"not_picked":["Ragnarok","DeusExMachina"],"picked":"Scrawl","floor":16.0},{"not_picked":["Halt","Crescendo"],"picked":"JustLucky","floor":18.0},{"not_picked":["Study","CrushJoints"],"picked":"FlurryOfBlows","floor":22.0},{"not_picked":["WreathOfFlame+1","DevaForm"],"picked":"TalkToTheHand","floor":24.0}],"player_experience":535517,"relics_obtained":[{"floor":6.0,"key":"Mango"},{"floor":9.0,"key":"Peace Pipe"},{"floor":19.0,"key":"Bottled Tornado"},{"floor":26.0,"key":"Pantograph"}],"event_choices":[{"damage_healed":0.0,"max_hp_gain":0.0,"max_hp_loss":0.0,"gold_gain":0.0,"event_name":"Shining Light","player_choice":"Entered Light","floor":2.0,"gold_loss":0.0,"damage_taken":20.0,"cards_upgraded":["Strike_P","Defend_P"]},{"damage_healed":0.0,"max_hp_gain":0.0,"max_hp_loss":0.0,"gold_gain":0.0,"event_name":"Liars Game","player_choice":"Ignored","floor":3.0,"gold_loss":0.0,"damage_taken":0.0},{"damage_healed":0.0,"max_hp_gain":0.0,"max_hp_loss":0.0,"gold_gain":0.0,"event_name":"Accursed Blacksmith","player_choice":"Forge","floor":7.0,"gold_loss":0.0,"damage_taken":0.0,"cards_upgraded":["ForeignInfluence"]},{"damage_healed":0.0,"max_hp_gain":0.0,"max_hp_loss":0.0,"gold_gain":0.0,"event_name":"Vampires","player_choice":"Ignored","floor":20.0,"gold_loss":0.0,"damage_taken":0.0},{"damage_healed":0.0,"max_hp_gain":0.0,"max_hp_loss":0.0,"gold_gain":0.0,"event_name":"The Library","player_choice":"Read","floor":21.0,"gold_loss":0.0,"damage_taken":0.0,"cards_obtained":["MentalFortress"]}],"is_beta":false,"boss_relics":[{"not_picked":["Pandora\u0027s Box","Runic Dome"],"picked":"VioletLotus"}],"items_purged_floors":[14],"is_endless":false,"potions_floor_spawned":[4,11,12],"killed_by":"Book of Stabbing","ascension_level":20}}