{"host":"p1xsuo25udtrkbq2","time":1608969372,"event":{"mods":["BaseMod","Colored Map","Minty Spire (QoL Compilation)","Rare Cards Sparkle","Relic Stats","Slay the Relics Exporter","StSLib","everything is the same but u backflip on backflip"],"gold_per_floor":[112,122,122,122,136,12,45,45,45,79,95,118,118,162,162,286,286,309,324,36,50,69,69,82,121,168,211,254,254,254,289,289,414,414,428,441,138,156,170,203,203,227,227,227,248,248,248],"floor_reached":46,"playtime":11160,"items_purged":["Strike_G","Strike_G","Strike_G"],"score":532,"play_id":"9cfaa8c3-037b-41bb-af09-141c84dcfd0c","local_time":"20201226025612","is_ascension_mode":false,"campfire_choices":[{"floor":8.0,"key":"REST"},{"data":"Dash","floor":13.0,"key":"SMITH"},{"data":"Die Die Die","floor":15.0,"key":"SMITH"},{"data":"Well Laid Plans","floor":23.0,"key":"SMITH"},{"data":"Deadly Poison","floor":30.0,"key":"SMITH"},{"floor":32.0,"key":"REST"},{"data":"Thinking Ahead","floor":41.0,"key":"SMITH"},{"data":"Neutralize","floor":44.0,"key":"SMITH"}],"circlet_count":0,"master_deck":["Strike_G","Strike_G+1","Defend_G+1","Defend_G","Defend_G","Defend_G+1","Defend_G","Survivor+1","Neutralize+1","Poisoned Stab","Dash+1","Deadly Poison+1","Bane","Venomology","Cloak And Dagger","Dagger Throw","Die Die Die+1","Night Terror","Riddle With Holes+1","Predator+1","Well Laid Plans+1","PiercingWail","Venomology","PiercingWail","Blur+1","Bullet Time","Deadly Poison+1","Phantasmal Killer","Thinking Ahead+1","Cloak And Dagger+1","Choke+1","Parasite","Dodge and Roll+1"],"relics":["Ring of the Snake","Golden Idol","Darkstone Periapt","Happy Flower","War Paint","Paper Crane","Snecko Eye","Toy Ornithopter","Smiling Mask","Ancient Tea Set","Red Mask","Bronze Scales","Unceasing Top","Cursed Key","StoneCalendar","Turnip"],"acts_visited":["Exordium","TheCity","TheBeyond"],"potions_floor_usage":[45,45,45],"damage_taken":[{"damage":0.0,"enemies":"Small Slimes","floor":1.0,"turns":3.0},{"damage":3.0,"enemies":"Jaw Worm","floor":2.0,"turns":3.0},{"damage":0.0,"enemies":"Cultist","floor":5.0,"turns":3.0},{"damage":18.0,"enemies":"Lagavulin","floor":7.0,"turns":5.0},{"damage":10.0,"enemies":"Gremlin Nob","floor":10.0,"turns":4.0},{"damage":0.0,"enemies":"Lots of Slimes","floor":11.0,"turns":5.0},{"damage":0.0,"enemies":"Large Slime","floor":12.0,"turns":6.0},{"damage":13.0,"enemies":"Lagavulin","floor":14.0,"turns":6.0},{"damage":8.0,"enemies":"Slime Boss","floor":16.0,"turns":7.0},{"damage":0.0,"enemies":"Chosen","floor":18.0,"turns":3.0},{"damage":4.0,"enemies":"Spheric Guardian","floor":19.0,"turns":3.0},{"damage":0.0,"enemies":"Centurion and Healer","floor":21.0,"turns":5.0},{"damage":10.0,"enemies":"Chosen and Byrds","floor":22.0,"turns":4.0},{"damage":4.0,"enemies":"Snake Plant","floor":24.0,"turns":4.0},{"damage":8.0,"enemies":"Book of Stabbing","floor":25.0,"turns":4.0},{"damage":10.0,"enemies":"Masked Bandits","floor":27.0,"turns":2.0},{"damage":13.0,"enemies":"Slavers","floor":28.0,"turns":2.0},{"damage":1.0,"enemies":"Book of Stabbing","floor":31.0,"turns":4.0},{"damage":52.0,"enemies":"Automaton","floor":33.0,"turns":8.0},{"damage":7.0,"enemies":"3 Darklings","floor":35.0,"turns":3.0},{"damage":7.0,"enemies":"3 Shapes","floor":36.0,"turns":3.0},{"damage":13.0,"enemies":"Spire Growth","floor":38.0,"turns":4.0},{"damage":0.0,"enemies":"3 Darklings","floor":39.0,"turns":4.0},{"damage":8.0,"enemies":"Nemesis","floor":40.0,"turns":5.0},{"damage":0.0,"enemies":"Sphere and 2 Shapes","floor":42.0,"turns":3.0},{"damage":7,"enemies":"Jaw Worm Horde","floor":45,"turns":4}],"seed_played":"9104859775745760438","potions_obtained":[{"floor":1.0,"key":"EssenceOfSteel"},{"floor":5.0,"key":"SkillPotion"},{"floor":10.0,"key":"DuplicationPotion"},{"floor":14.0,"key":"DuplicationPotion"},{"floor":16.0,"key":"SteroidPotion"},{"floor":22.0,"key":"Regen Potion"},{"floor":24.0,"key":"Ancient Potion"},{"floor":35.0,"key":"AttackPotion"},{"floor":42.0,"key":"EssenceOfSteel"},{"floor":45,"key":"SmokeBomb"}],"is_trial":false,"path_per_floor":["M","M","?","?","M","$","E","R","T","E","M","M","R","E","R","B",null,"M","M","$","M","M","R","M","E","T","?","E","?","R","E","R","B",null,"M","M","$","M","M","E","R","M","T","R","M","?"],"character_chosen":"THE_SILENT","items_purchased":["AttackPotion","Well Laid Plans","Toy Ornithopter","Phantasmal Killer","Thinking Ahead"],"campfire_rested":2,"item_purchase_floors":[6,20,20,37,37],"current_hp_per_floor":[70,67,65,52,52,52,34,53,53,43,43,43,43,30,30,22,65,65,61,61,65,60,60,64,57,57,47,34,34,34,38,57,10,65,65,58,58,50,60,57,57,57,63,63,64,64,64],"gold":248,"neow_bonus":"THREE_CARDS","is_daily":false,"chose_seed":true,"campfire_upgraded":6,"win_rate":0.0,"timestamp":1608969372,"path_taken":["M","M","?","?","M","$","E","R","T","E","M","?","R","E","R","BOSS","M","?","?","M","M","R","M","E","T","?","E","?","R","E","R","BOSS","M","M","$","?","M","E","R","?","T","R","M","?"],"items_purchased_type":["Potion","Card","Relic","Card","Card"],"build_version":"2020-12-22","purchased_purges":3,"victory":false,"max_hp_per_floor":[70,70,65,65,65,65,65,65,65,65,65,65,65,65,65,65,65,65,65,65,65,65,65,65,65,65,65,65,65,65,65,65,65,65,65,65,65,65,65,65,65,65,71,71,71,71,71],"relic_stats":{"Darkstone Periapt":6,"Happy Flower":[31],"counters":[26,107],"Golden Idol":171,"StoneCalendar":[0],"War Paint":["Survivor","Defend_G"],"Smiling Mask":75,"Cursed Key":1,"Bronze Scales":[115],"Snecko Eye":[132,145,118,119],"Turnip":[0],"obtain_stats":[{"Darkstone Periapt":7,"Happy Flower":9,"Golden Idol":3,"StoneCalendar":40,"War Paint":10,"Paper Crane":14,"Smiling Mask":25,"Ancient Tea Set":26,"Cursed Key":34,"Bronze Scales":28,"Snecko Eye":17,"Turnip":43,"Red Mask":27,"Toy Ornithopter":20,"Unceasing Top":31,"Ring of the Snake":0},{"Darkstone Periapt":4,"Happy Flower":4,"Golden Idol":2,"StoneCalendar":24,"War Paint":5,"Paper Crane":8,"Smiling Mask":15,"Ancient Tea Set":15,"Cursed Key":19,"Bronze Scales":17,"Snecko Eye":9,"Turnip":25,"Red Mask":16,"Toy Ornithopter":11,"Unceasing Top":18,"Ring of the Snake":0},{"Darkstone Periapt":14,"Happy Flower":14,"Golden Idol":6,"StoneCalendar":100,"War Paint":18,"Paper Crane":35,"Smiling Mask":65,"Ancient Tea Set":65,"Cursed Key":81,"Bronze Scales":69,"Snecko Eye":42,"Turnip":103,"Red Mask":67,"Toy Ornithopter":48,"Unceasing Top":73,"Ring of the Snake":0}],"Toy Ornithopter":60,"Unceasing Top":[0],"Ring of the Snake":[52]},"card_choices":[{"not_picked":["Setup","Underhanded Strike"],"picked":"Poisoned Stab","floor":0.0},{"not_picked":["Blade Dance","Choke"],"picked":"Dash","floor":1.0},{"not_picked":["Infinite Blades","Flying Knee"],"picked":"Deadly Poison","floor":2.0},{"not_picked":["Flying Knee","Expertise"],"picked":"Bane","floor":5.0},{"not_picked":["PiercingWail","Dagger Spray"],"picked":"Venomology","floor":7.0},{"not_picked":["Dash","Distraction","Terror"],"picked":"SKIP","floor":10.0},{"not_picked":["Underhanded Strike","All Out Attack"],"picked":"Cloak And Dagger","floor":11.0},{"not_picked":["Bane","Deflect"],"picked":"Dagger Throw","floor":12.0},{"not_picked":["Deadly Poison","Night Terror"],"picked":"Die Die Die","floor":14.0},{"not_picked":["Storm of Steel","Glass Knife"],"picked":"Night Terror","floor":16.0},{"not_picked":["Escape Plan","Bane"],"picked":"Riddle With Holes+1","floor":18.0},{"not_picked":["Sucker Punch","Poisoned Stab"],"picked":"Predator","floor":19.0},{"not_picked":["Dodge and Roll","Deadly Poison","Well Laid Plans+1"],"picked":"SKIP","floor":21.0},{"not_picked":["Bane","Predator","Well Laid Plans"],"picked":"SKIP","floor":22.0},{"not_picked":["Acrobatics","All Out Attack"],"picked":"PiercingWail","floor":24.0},{"not_picked":["Choke","Heel Hook"],"picked":"Venomology","floor":25.0},{"not_picked":["Sucker Punch","Reflex"],"picked":"PiercingWail","floor":27.0},{"not_picked":["All Out Attack+1","Flechettes"],"picked":"Blur+1","floor":28.0},{"not_picked":["Choke","Heel Hook","Masterful Stab"],"picked":"SKIP","floor":31.0},{"not_picked":["After Image","Phantasmal Killer"],"picked":"Bullet Time","floor":33.0},{"not_picked":["Infinite Blades","Tactician","PiercingWail+1"],"picked":"SKIP","floor":35.0},{"not_picked":["Blade Dance+1","Dash+1"],"picked":"Deadly Poison+1","floor":36.0},{"not_picked":["Backstab","Infinite Blades","Skewer"],"picked":"SKIP","floor":38.0},{"not_picked":["Infinite Blades+1","All Out Attack+1","Blade Dance"],"picked":"SKIP","floor":39.0},{"not_picked":["Setup","Expertise+1"],"picked":"Cloak And Dagger+1","floor":40.0},{"not_picked":["Dagger Spray","Prepared+1"],"picked":"Choke+1","floor":42.0},{"not_picked":["A Thousand Cuts","Slice"],"picked":"Dodge and Roll+1","floor":45}],"player_experience":819388,"relics_obtained":[{"floor":7.0,"key":"Darkstone Periapt"},{"floor":9.0,"key":"Happy Flower"},{"floor":10.0,"key":"War Paint"},{"floor":14.0,"key":"Paper Crane"},{"floor":25.0,"key":"Smiling Mask"},{"floor":26.0,"key":"Ancient Tea Set"},{"floor":27.0,"key":"Red Mask"},{"floor":28.0,"key":"Bronze Scales"},{"floor":31.0,"key":"Unceasing Top"},{"floor":40.0,"key":"StoneCalendar"},{"floor":43.0,"key":"Turnip"}],"event_choices":[{"damage_healed":0.0,"max_hp_gain":0.0,"max_hp_loss":5.0,"gold_gain":0.0,"event_name":"Golden Idol","player_choice":"Lose Max HP","floor":3.0,"gold_loss":0.0,"damage_taken":0.0,"relics_obtained":["Golden Idol"]},{"damage_healed":0.0,"max_hp_gain":0.0,"max_hp_loss":0.0,"gold_gain":0.0,"event_name":"Shining Light","player_choice":"Entered Light","floor":4.0,"gold_loss":0.0,"damage_taken":13.0,"cards_upgraded":["Defend_G","Strike_G"]},{"damage_healed":0.0,"max_hp_gain":0.0,"max_hp_loss":0.0,"gold_gain":0.0,"event_name":"Masked Bandits","player_choice":"Fought Bandits","floor":27.0,"gold_loss":0.0,"damage_taken":0.0},{"damage_healed":0.0,"max_hp_gain":0.0,"max_hp_loss":0.0,"gold_gain":0.0,"event_name":"Upgrade Shrine","player_choice":"Upgraded","floor":29.0,"gold_loss":0.0,"damage_taken":0.0,"cards_upgraded":["Predator"]}],"is_beta":false,"boss_relics":[{"not_picked":["Sozu","Coffee Dripper"],"picked":"Snecko Eye"},{"not_picked":["Velvet Choker","WristBlade"],"picked":"Cursed Key"}],"items_purged_floors":[6,20,37],"is_endless":false,"potions_floor_spawned":[1,5,10,14,16,22,24,33,35,36,38,42,45],"ascension_level":0}}