{"host":"5bdt6s51dmpd4l3v","time":1608952436,"event":{"mods":["AchievementEnabler","BaseMod","Colored Map","Colored Powertips","Highlight Path","Minty Spire (QoL Compilation)","Quick Restart","Rare Cards Sparkle","StSLib"],"gold_per_floor":[118,41,58,208,208,241,241,241,241,241,254,254,268,6,6,105,105,105,105],"floor_reached":18,"playtime":352,"items_purged":[],"score":329,"play_id":"1d37fe33-c665-4e91-af89-37095a512936","local_time":"20201226111356","is_ascension_mode":true,"campfire_choices":[{"data":"Warcry","floor":7.0,"key":"SMITH"},{"data":"Spot Weakness","floor":10.0,"key":"SMITH"},{"data":"Pummel","floor":12.0,"key":"SMITH"},{"data":"Trip","floor":15.0,"key":"SMITH"}],"circlet_count":0,"master_deck":["AscendersBane","Strike_R","Strike_R","Strike_R","Strike_R","Strike_R","Defend_R","Defend_R","Defend_R","Defend_R","Bash","Pummel+1","Spot Weakness+1","Warcry+1","Doubt","Hemokinesis","Impervious","Sword Boomerang","Twin Strike","Trip+1","Double Tap"],"relics":["Burning Blood","NeowsBlessing","Golden Idol","Orichalcum","TungstenRod","Pen Nib","Black Star"],"acts_visited":["Exordium","TheCity"],"potions_floor_usage":[16],"damage_taken":[{"damage":0.0,"enemies":"Cultist","floor":1.0,"turns":1.0},{"damage":0.0,"enemies":"Small Slimes","floor":3.0,"turns":1.0},{"damage":0.0,"enemies":"Lagavulin","floor":6.0,"turns":1.0},{"damage":1.0,"enemies":"2 Louse","floor":11.0,"turns":2.0},{"damage":9.0,"enemies":"Red Slaver","floor":13.0,"turns":3.0},{"damage":50,"enemies":"Slime Boss","floor":16,"turns":10},{"damage":0,"enemies":"2 Thieves","floor":18,"turns":1}],"seed_played":"-885693940587602925","potions_obtained":[{"floor":1.0,"key":"SteroidPotion"},{"floor":6.0,"key":"CultistPotion"}],"is_trial":false,"path_per_floor":["M","$","M","?","?","E","R","?","T","R","M","R","M","$","R","B",null,"M"],"character_chosen":"IRONCLAD","items_purchased":["Spot Weakness","Pen Nib","Trip"],"campfire_rested":0,"item_purchase_floors":[2,14,14],"current_hp_per_floor":[74,74,75,75,49,55,55,55,55,55,60,60,57,57,57,13,60,60,60],"gold":105,"neow_bonus":"THREE_ENEMY_KILL","is_daily":false,"chose_seed":false,"campfire_upgraded":4,"win_rate":0.0,"timestamp":1608952436,"path_taken":["M","$","M","?","?","E","R","?","T","R","M","R","M","$","R","BOSS","M"],"items_purchased_type":["Card","Relic","Card"],"build_version":"2020-12-22","purchased_purges":0,"victory":false,"max_hp_per_floor":[75,75,75,75,75,75,75,75,75,75,75,75,75,75,75,75,75,75,75],"card_choices":[{"not_picked":["Havoc","Perfected Strike"],"picked":"Pummel","floor":1.0},{"not_picked":["Shrug It Off","Heavy Blade"],"picked":"Warcry","floor":3.0},{"not_picked":["Body Slam","Iron Wave"],"picked":"Hemokinesis","floor":6.0},{"not_picked":["True Grit","Shrug It Off"],"picked":"Sword Boomerang","floor":11.0},{"not_picked":["Reckless Charge","Power Through"],"picked":"Twin Strike","floor":13.0},{"not_picked":["Corruption","Demon Form"],"picked":"Double Tap","floor":16}],"player_experience":242590,"relics_obtained":[{"floor":6.0,"key":"Orichalcum"},{"floor":9.0,"key":"TungstenRod"}],"event_choices":[{"damage_healed":0.0,"max_hp_gain":0.0,"max_hp_loss":0.0,"gold_gain":150.0,"event_name":"Liars Game","player_choice":"AGREE","floor":4.0,"gold_loss":0.0,"damage_taken":0.0,"cards_obtained":["Doubt"]},{"damage_healed":0.0,"max_hp_gain":0.0,"max_hp_loss":0.0,"gold_gain":0.0,"event_name":"Golden Idol","player_choice":"Take Damage","floor":5.0,"gold_loss":0.0,"damage_taken":26.0,"relics_obtained":["Golden Idol"]},{"damage_healed":0.0,"max_hp_gain":0.0,"max_hp_loss":0.0,"gold_gain":0.0,"event_name":"Match and Keep!","player_choice":"1 cards matched","floor":8.0,"gold_loss":0.0,"damage_taken":0.0,"cards_obtained":["Impervious"]}],"is_beta":false,"boss_relics":[{"not_picked":["Pandora\u0027s Box","Fusion Hammer"],"picked":"Black Star"}],"items_purged_floors":[],"is_endless":false,"potions_floor_spawned":[1,6],"killed_by":"2 Thieves","ascension_level":16}}