{"host":"utqe55yv0jihe4d6","time":1608999416,"event":{"mods":["2.2 Compatiblity","AchievementEnabler","BaseMod","Block Reminder","Colored Map","Colored Powertips","Minty Spire (QoL Compilation)","Quick Restart","Rare Cards Sparkle","Relic Stats","SuperFastMode"],"gold_per_floor":[118,136,136,150,170,200,200,229,255,255,273,299,299,49,49,121,121,163,175,225,250,250],"floor_reached":21,"playtime":656,"items_purged":["Defend_P"],"score":448,"play_id":"9659b1fd-f446-4b5c-a0e6-38f78b904580","local_time":"20201226111656","is_ascension_mode":true,"campfire_choices":[{"floor":7.0,"key":"REST"},{"floor":10.0,"key":"REST"},{"floor":13,"key":"REST"},{"floor":15,"key":"RECALL"}],"circlet_count":0,"master_deck":["AscendersBane","Strike_P","Strike_P","Strike_P","Strike_P","Defend_P","Defend_P","Defend_P","Eruption","Vigilance","SignatureMove","ReachHeaven","FlurryOfBlows","Evaluate","CarveReality","Protect","SashWhip","MentalFortress","FearNoEvil","EmptyFist","Wish","Halt","Adaptation"],"relics":["Fusion Hammer","GremlinMask","StrikeDummy","Boot","Strawberry","Vajra","SacredBark"],"acts_visited":["Exordium","TheCity"],"potions_floor_usage":[12,18,19],"damage_taken":[{"damage":4.0,"enemies":"Small Slimes","floor":1.0,"turns":3.0},{"damage":0.0,"enemies":"Cultist","floor":2.0,"turns":3.0},{"damage":0.0,"enemies":"Jaw Worm","floor":4.0,"turns":3.0},{"damage":18.0,"enemies":"Red Slaver","floor":5.0,"turns":4.0},{"damage":19.0,"enemies":"3 Sentries","floor":6.0,"turns":3.0},{"damage":0.0,"enemies":"Gremlin Nob","floor":8.0,"turns":2.0},{"damage":2,"enemies":"Large Slime","floor":11,"turns":3},{"damage":7,"enemies":"3 Sentries","floor":12,"turns":4},{"damage":32,"enemies":"Hexaghost","floor":16,"turns":7},{"damage":18,"enemies":"Shell Parasite","floor":18,"turns":4},{"damage":17,"enemies":"2 Thieves","floor":19,"turns":5},{"damage":58,"enemies":"Chosen and Byrds","floor":21,"turns":8}],"seed_played":"-7978582220692886356","potions_obtained":[{"floor":2.0,"key":"Energy Potion"},{"floor":5.0,"key":"Fire Potion"},{"floor":6.0,"key":"FearPotion"},{"floor":18,"key":"BottledMiracle"}],"is_trial":false,"path_per_floor":["M","M","?","M","M","E","R","E","T","R","M","E","R","$","R","B",null,"M","M","?","M"],"character_chosen":"WATCHER","items_purchased":["MentalFortress","FearNoEvil","EmptyFist"],"campfire_rested":3,"item_purchase_floors":[14,14,14],"current_hp_per_floor":[57,57,57,57,39,20,40,40,47,69,67,60,75,75,75,43,67,49,32,32,0,0],"gold":250,"neow_bonus":"BOSS_RELIC","is_daily":false,"chose_seed":false,"campfire_upgraded":0,"win_rate":0.0,"timestamp":1608999416,"path_taken":["M","M","?","?","M","E","R","E","T","R","M","E","R","$","R","BOSS","M","M","?","?"],"items_purchased_type":["Card","Card","Card"],"build_version":"2020-12-22","purchased_purges":1,"victory":false,"max_hp_per_floor":[68,68,68,68,68,68,68,68,75,75,75,75,75,75,75,75,75,75,75,75,75,75],"relic_stats":{"counters":[12,49],"Boot":[16],"obtain_stats":[{"Strawberry":9,"SacredBark":17,"Vajra":12,"GremlinMask":3,"Fusion Hammer":0,"PureWater":0,"StrikeDummy":6,"Boot":8},{"Strawberry":6,"SacredBark":9,"Vajra":8,"GremlinMask":2,"Fusion Hammer":0,"PureWater":0,"StrikeDummy":5,"Boot":6},{"Strawberry":18,"SacredBark":32,"Vajra":25,"GremlinMask":6,"Fusion Hammer":0,"PureWater":0,"StrikeDummy":16,"Boot":18}]},"card_choices":[{"not_picked":["Crescendo","PathToVictory"],"picked":"SignatureMove","floor":1.0},{"not_picked":["Protect","Collect"],"picked":"ReachHeaven","floor":2.0},{"not_picked":["Vengeance","FlyingSleeves"],"picked":"FlurryOfBlows","floor":4.0},{"not_picked":["PathToVictory","Prostrate"],"picked":"Evaluate","floor":5.0},{"not_picked":["JustLucky","WreathOfFlame"],"picked":"CarveReality","floor":6.0},{"not_picked":["Evaluate","PathToVictory","Brilliance"],"picked":"SKIP","floor":8.0},{"not_picked":["JustLucky","Prostrate"],"picked":"Protect","floor":11},{"not_picked":["PathToVictory","Study"],"picked":"SashWhip","floor":12},{"not_picked":["Judgement","Brilliance"],"picked":"Wish","floor":16},{"not_picked":["Protect","PathToVictory"],"picked":"Halt","floor":18},{"not_picked":["Halt+1","SashWhip"],"picked":"Adaptation","floor":19}],"player_experience":2867504,"relics_obtained":[{"floor":6.0,"key":"StrikeDummy"},{"floor":8.0,"key":"Boot"},{"floor":9.0,"key":"Strawberry"},{"floor":12,"key":"Vajra"}],"event_choices":[{"damage_healed":0.0,"max_hp_gain":0.0,"max_hp_loss":0.0,"gold_gain":0.0,"event_name":"FaceTrader","player_choice":"Trade","floor":3.0,"gold_loss":0.0,"damage_taken":0.0,"relics_obtained":["GremlinMask"]},{"damage_healed":0,"gold_gain":100,"player_choice":"Bet on Murderer","damage_taken":0,"max_hp_gain":0,"max_hp_loss":0,"event_name":"The Joust","floor":20,"gold_loss":50}],"is_beta":false,"boss_relics":[{"not_picked":["Ectoplasm","Velvet Choker"],"picked":"SacredBark"}],"items_purged_floors":[14],"is_endless":false,"potions_floor_spawned":[2,5,6,18],"killed_by":"Chosen and Byrds","ascension_level":20}}