{"host":"yuoancq4cku3x8wq","time":1608979987,"event":{"mods":["ATMod(°¢èªMod)","AchievementEnabler","BaseMod","Minty Spire (QoL Compilation)","Quick Restart","StSLib","SuperFastMode"],"gold_per_floor":[113,113,113,113,127,127,161,161,161,175,206,79,79,94,94,188,188,202,202,221,245,245,283,307,345,345,460,460,360,360,113,113,284,284,427,54,99,199,199,263,263,321,348,459,520,520,560,560,560,585,635,635,635,257,338,363],"floor_reached":57,"playtime":1802,"items_purged":["Strike_R","Bash","Defend_R","Defend_R"],"score":3133,"play_id":"155ac085-8fc6-4ec4-9879-ec0e3056c720","local_time":"20201226185307","is_ascension_mode":true,"campfire_choices":[{"data":"AT_DrawKnifeCut","floor":6.0,"key":"SMITH"},{"data":"Pommel Strike","floor":8.0,"key":"SMITH"},{"data":"Shockwave","floor":13.0,"key":"SMITH"},{"floor":15.0,"key":"RECALL"},{"data":"Spot Weakness","floor":28.0,"key":"SMITH"},{"data":"Exhume","floor":30.0,"key":"SMITH"},{"floor":32.0,"key":"REST"},{"data":"AT_BodySlamDance","floor":41.0,"key":"SMITH"},{"floor":49.0,"key":"REST"},{"data":"Second Wind","floor":53.0,"key":"SMITH"}],"circlet_count":0,"master_deck":["AscendersBane","Defend_R","Defend_R","Brutality+1","Wild Strike+1","AT_DrawKnifeCut+1","Shockwave+1","Pommel Strike+1","Shrug It Off","Exhume+1","Dark Embrace+1","Spot Weakness+1","Impervious","Pummel","Impervious","AT_ShrugMaster+1","Barricade+1","AT_BodySlamDance+1","Berserk+1","Second Wind+1","Entrench","Sentinel","AT_GerminateFire","Power Through","AT_Dispersion+1"],"relics":["AT_ATBox","Astrolabe","Golden Idol","Bag of Marbles","AT_RedTearstoneRing","Frozen Egg 2","AT_TrinityForce","Nloth\u0027s Gift","Bottled Tornado","AT_MibuBalloonWealth","Ice Cream","Brimstone","Black Star","OrangePellets","Vajra","The Courier","Peace Pipe","AT_ChloranthyRing","Centennial Puzzle","Incense Burner","AT_RabadonDeathcap","Prayer Wheel","AT_SilvercatRing","AT_ArchangelStaff"],"acts_visited":["Exordium","TheCity","TheBeyond","TheEnding"],"potions_floor_usage":[],"damage_taken":[{"damage":1.0,"enemies":"2 Louse","floor":1.0,"turns":2.0},{"damage":4.0,"enemies":"Jaw Worm","floor":5.0,"turns":3.0},{"damage":8.0,"enemies":"Gremlin Nob","floor":7.0,"turns":3.0},{"damage":0.0,"enemies":"Cultist","floor":10.0,"turns":2.0},{"damage":7.0,"enemies":"Lagavulin","floor":11.0,"turns":3.0},{"damage":0.0,"enemies":"2 Fungi Beasts","floor":14.0,"turns":1.0},{"damage":13.0,"enemies":"The Guardian","floor":16.0,"turns":5.0},{"damage":0.0,"enemies":"3 Byrds","floor":18.0,"turns":3.0},{"damage":4.0,"enemies":"Shell Parasite","floor":20.0,"turns":2.0},{"damage":9.0,"enemies":"Snecko","floor":21.0,"turns":3.0},{"damage":25.0,"enemies":"Slavers","floor":23.0,"turns":5.0},{"damage":0.0,"enemies":"Snake Plant","floor":24.0,"turns":1.0},{"damage":1.0,"enemies":"Book of Stabbing","floor":25.0,"turns":2.0},{"damage":5.0,"enemies":"Gremlin Leader","floor":27.0,"turns":3.0},{"damage":3.0,"enemies":"Collector","floor":33.0,"turns":4.0},{"damage":0.0,"enemies":"3 Darklings","floor":35.0,"turns":2.0},{"damage":4.0,"enemies":"Orb Walker","floor":37.0,"turns":3.0},{"damage":1.0,"enemies":"Sphere and 2 Shapes","floor":38.0,"turns":4.0},{"damage":13.0,"enemies":"Nemesis","floor":40.0,"turns":5.0},{"damage":2.0,"enemies":"Giant Head","floor":42.0,"turns":3.0},{"damage":2.0,"enemies":"2 Orb Walkers","floor":44.0,"turns":3.0},{"damage":32.0,"enemies":"Nemesis","floor":45.0,"turns":3.0},{"damage":0.0,"enemies":"Spire Growth","floor":47.0,"turns":1.0},{"damage":5.0,"enemies":"Time Eater","floor":50.0,"turns":4.0},{"damage":5.0,"enemies":"Donu and Deca","floor":51.0,"turns":6.0},{"damage":7,"enemies":"Shield and Spear","floor":55,"turns":3},{"damage":41,"enemies":"The Heart","floor":56,"turns":6}],"seed_played":"-3672703834967420472","potions_obtained":[{"floor":5.0,"key":"AttackPotion"},{"floor":10.0,"key":"BloodPotion"},{"floor":35.0,"key":"SteroidPotion"},{"floor":40.0,"key":"FairyPotion"}],"is_trial":false,"path_per_floor":["M","?","?","T","M","R","E","R","T","M","E","$","R","M","R","B",null,"M","?","M","M","?","E","M","E","T","E","R","$","R","$","R","B",null,"M","$","M","M","$","E","R","E","T","?","E","?","M","?","R","B","B",null,"R","$","E","B",null],"character_chosen":"IRONCLAD","items_purchased":["Shrug It Off","Brimstone","Pummel","AT_ShrugMaster+1","OrangePellets","Entrench","Sentinel","AT_GerminateFire","Power Through"],"campfire_rested":2,"item_purchase_floors":[12,31,31,36,36,54,54,54,54],"current_hp_per_floor":[67,41,41,41,37,37,29,29,29,29,22,22,22,22,22,9,59,59,59,55,46,46,21,21,20,20,15,15,15,15,15,37,34,65,65,65,61,60,60,47,47,45,45,43,11,11,11,11,33,28,23,62,62,62,55,14],"gold":363,"neow_bonus":"BOSS_RELIC","is_daily":false,"chose_seed":false,"campfire_upgraded":7,"win_rate":0.0,"timestamp":1608979987,"path_taken":["M","?","?","?","?","R","E","R","T","M","E","$","R","M","R","BOSS","M","?","M","M","?","E","M","E","T","E","R","$","R","$","R","BOSS","M","?","?","M","?","E","R","E","T","?","E","?","M","?","R","BOSS","BOSS","R","$","E","BOSS"],"items_purchased_type":["Card","Relic","Card","Card","Relic","Card","Card","Card","Card"],"build_version":"2020-12-22","purchased_purges":4,"victory":true,"max_hp_per_floor":[75,75,75,75,75,75,75,75,75,75,75,75,75,75,75,75,75,75,75,75,75,75,75,75,75,75,75,75,75,75,75,75,75,75,75,75,75,75,75,75,75,75,75,75,75,75,75,75,75,75,75,75,75,75,75,75],"card_choices":[{"not_picked":["Heavy Blade","Cleave","Wild Strike"],"picked":"SKIP","floor":1.0},{"not_picked":["Cleave","Heavy Blade","Bludgeon"],"picked":"SKIP","floor":5.0},{"not_picked":["Twin Strike","Metallicize"],"picked":"Pommel Strike","floor":7.0},{"not_picked":["Clash","Anger","Perfected Strike"],"picked":"SKIP","floor":10.0},{"not_picked":["Clothesline","Fire Breathing+1","Headbutt"],"picked":"SKIP","floor":11.0},{"not_picked":["Demon Form+1","Sword Boomerang","Headbutt"],"picked":"SKIP","floor":14.0},{"not_picked":["Demon Form+1","Immolate"],"picked":"Exhume","floor":16.0},{"not_picked":["Cleave","Clothesline","Rampage"],"picked":"SKIP","floor":18.0},{"not_picked":["Hemokinesis","Cleave","Shockwave"],"picked":"SKIP","floor":20.0},{"not_picked":["Clash","Havoc+1","Metallicize+1"],"picked":"SKIP","floor":21.0},{"not_picked":["Bloodletting","Impervious"],"picked":"Dark Embrace+1","floor":23.0},{"not_picked":["Metallicize+1","Heavy Blade","Shrug It Off"],"picked":"SKIP","floor":24.0},{"not_picked":["Infernal Blade","Thunderclap"],"picked":"Spot Weakness","floor":25.0},{"not_picked":["Body Slam+1","Carnage"],"picked":"Impervious","floor":27.0},{"not_picked":["Double Tap","Brutality+1"],"picked":"Impervious","floor":33.0},{"not_picked":["Rampage","AT_DiedThrough","Bloodletting"],"picked":"SKIP","floor":35.0},{"not_picked":["Cleave+1","Perfected Strike+1"],"picked":"Barricade+1","floor":37.0},{"not_picked":["Sever Soul","Rampage"],"picked":"AT_BodySlamDance","floor":38.0},{"not_picked":["Flex+1","Headbutt","Cleave+1"],"picked":"SKIP","floor":40.0},{"not_picked":["Demon Form+1","Carnage","Sword Boomerang"],"picked":"SKIP","floor":42.0},{"not_picked":["Demon Form+1","Clash"],"picked":"Berserk+1","floor":45.0},{"not_picked":["True Grit","Havoc+1"],"picked":"Second Wind","floor":47.0},{"not_picked":["Double Tap","Body Slam","AT_IchimonjiDouble"],"picked":"SKIP","floor":47.0},{"not_picked":["AT_DiedThrough","Second Wind+1"],"picked":"AT_Dispersion+1","floor":55}],"player_experience":228348,"relics_obtained":[{"floor":4.0,"key":"Bag of Marbles"},{"floor":7.0,"key":"AT_EbonyIvory"},{"floor":9.0,"key":"AT_RedTearstoneRing"},{"floor":11.0,"key":"Frozen Egg 2"},{"floor":23.0,"key":"Bottled Tornado"},{"floor":25.0,"key":"AT_MibuBalloonWealth"},{"floor":27.0,"key":"Ice Cream"},{"floor":40.0,"key":"Vajra"},{"floor":40.0,"key":"The Courier"},{"floor":42.0,"key":"Peace Pipe"},{"floor":42.0,"key":"AT_ChloranthyRing"},{"floor":43.0,"key":"Centennial Puzzle"},{"floor":44.0,"key":"Incense Burner"},{"floor":45.0,"key":"AT_RabadonDeathcap"},{"floor":45.0,"key":"Prayer Wheel"},{"floor":55,"key":"AT_SilvercatRing"},{"floor":55,"key":"AT_ArchangelStaff"}],"event_choices":[{"damage_healed":0.0,"max_hp_gain":0.0,"max_hp_loss":0.0,"gold_gain":0.0,"event_name":"Golden Idol","player_choice":"Take Damage","floor":2.0,"gold_loss":0.0,"damage_taken":26.0,"relics_obtained":["Golden Idol"]},{"damage_healed":0.0,"max_hp_gain":0.0,"max_hp_loss":0.0,"gold_gain":0.0,"cards_transformed":["Strike_R"],"event_name":"Living Wall","player_choice":"Change","floor":3.0,"gold_loss":0.0,"damage_taken":0.0,"cards_obtained":["Shockwave"]},{"cards_removed":["Heavy Blade"],"damage_healed":0.0,"max_hp_gain":0.0,"max_hp_loss":0.0,"gold_gain":0.0,"event_name":"Back to Basics","player_choice":"Elegance","floor":19.0,"gold_loss":0.0,"damage_taken":0.0},{"damage_healed":0.0,"max_hp_gain":0.0,"max_hp_loss":0.0,"gold_gain":0.0,"event_name":"N\u0027loth","player_choice":"Traded Relic","floor":22.0,"relics_lost":["AT_EbonyIvory"],"gold_loss":0.0,"damage_taken":0.0,"relics_obtained":["Nloth\u0027s Gift"]},{"damage_healed":0.0,"max_hp_gain":0.0,"max_hp_loss":0.0,"gold_gain":0.0,"event_name":"Mysterious Sphere","player_choice":"Fight","floor":44.0,"gold_loss":0.0,"damage_taken":0.0},{"damage_healed":0.0,"max_hp_gain":0.0,"max_hp_loss":0.0,"gold_gain":0.0,"event_name":"Tomb of Lord Red Mask","player_choice":"Ignored","floor":46.0,"gold_loss":0.0,"damage_taken":0.0},{"damage_healed":0.0,"max_hp_gain":0.0,"max_hp_loss":0.0,"gold_gain":0.0,"event_name":"SecretPortal","player_choice":"Ignored","floor":48.0,"gold_loss":0.0,"damage_taken":0.0}],"is_beta":false,"boss_relics":[{"not_picked":["AT_MortalBlade","Calling Bell"],"picked":"AT_TrinityForce"},{"not_picked":["Velvet Choker","Cursed Key"],"picked":"Black Star"}],"items_purged_floors":[12,29,36,54],"is_endless":false,"potions_floor_spawned":[5,10,14,16,20,23,25,35,40,44,47],"ascension_level":20}}