{"host":"6pgtslebjnyv5xmi","time":1608991160,"event":{"mods":["AchievementEnabler","BaseMod","Colored Map","Minty Spire (QoL Compilation)","Rare Cards Sparkle","StSLib","SuperFastMode","Td1madao Mod","everything is the same but u backflip on backflip"],"gold_per_floor":[115,115,134,134,209,242,262,262,262,262,35,74,74,74,74,194,194,213,227,243,268,183,218,218,239,239,14,14,14,32,57,57,180,180,196,196,220,240,573,573,608,621,621,621,637,44,63,26,26,26],"floor_reached":51,"playtime":2166,"items_purged":["Strike_R","Perfected Strike"],"score":1163,"play_id":"61d81ac5-9f7f-48ce-86c6-8a36a7492231","local_time":"20201226225920","is_ascension_mode":true,"campfire_choices":[{"data":"Spot Weakness","floor":8,"key":"SMITH"},{"data":"Sword Boomerang","floor":10,"key":"SMITH"},{"floor":15,"key":"REST"},{"floor":24,"key":"REST"},{"data":"Fiend Fire","floor":28,"key":"SMITH"},{"floor":32,"key":"REST"},{"data":"Feel No Pain","floor":40,"key":"SMITH"},{"floor":44,"key":"REST"},{"floor":49,"key":"REST"}],"circlet_count":0,"master_deck":["Bash","Spot Weakness+1","Reckless Charge","Flex","Sword Boomerang+1","Reckless Charge","Evolve","Impervious+1","Demon Form","Heavy Blade","Heavy Blade","Wild Strike","Hemokinesis","Sentinel+1","Clash+1","Feel No Pain+1","Sword Boomerang+1","Fiend Fire+1","Fire Breathing+1","Second Wind+1","Intimidate+1","Exhume+1","Power Through+1","Power Through+1","Dark Embrace+1","Feel No Pain+1","Power Through+1","Inflame+1"],"relics":["Burning Blood","NeowsBlessing","Question Card","Red Skull","FossilizedHelix","Toxic Egg 2","Kunai","Pandora\u0027s Box","Happy Flower","Bag of Marbles","Frozen Egg 2","Snecko Eye","Pantograph","PreservedInsect","Gremlin Horn","Vajra"],"acts_visited":["Exordium","TheCity","TheBeyond"],"potions_floor_usage":[12,23,29,33,33,35,42,45,50,50,50],"damage_taken":[{"damage":0,"enemies":"Small Slimes","floor":1,"turns":1},{"damage":0,"enemies":"Jaw Worm","floor":3,"turns":1},{"damage":0,"enemies":"Gremlin Nob","floor":6,"turns":1},{"damage":9,"enemies":"2 Louse","floor":7,"turns":2},{"damage":0,"enemies":"Lagavulin","floor":12,"turns":4},{"damage":8,"enemies":"Slime Boss","floor":16,"turns":8},{"damage":26,"enemies":"Spheric Guardian","floor":18,"turns":5},{"damage":24,"enemies":"2 Thieves","floor":19,"turns":3},{"damage":2,"enemies":"Centurion and Healer","floor":20,"turns":4},{"damage":18,"enemies":"Snake Plant","floor":21,"turns":3},{"damage":38,"enemies":"Slavers","floor":23,"turns":4},{"damage":0,"enemies":"Snecko","floor":25,"turns":2},{"damage":0,"enemies":"Book of Stabbing","floor":29,"turns":1},{"damage":15,"enemies":"Shelled Parasite and Fungi","floor":30,"turns":4},{"damage":5,"enemies":"Chosen and Byrds","floor":31,"turns":3},{"damage":45,"enemies":"Collector","floor":33,"turns":7},{"damage":51,"enemies":"3 Darklings","floor":35,"turns":5},{"damage":0,"enemies":"Orb Walker","floor":37,"turns":2},{"damage":0,"enemies":"Transient","floor":38,"turns":5},{"damage":59,"enemies":"Nemesis","floor":41,"turns":3},{"damage":20,"enemies":"4 Shapes","floor":42,"turns":5},{"damage":10,"enemies":"3 Darklings","floor":45,"turns":4},{"damage":0,"enemies":"Jaw Worm Horde","floor":47,"turns":3},{"damage":0,"enemies":"Time Eater","floor":50,"turns":6}],"seed_played":"8974707938095751470","potions_obtained":[{"floor":1,"key":"BloodPotion"},{"floor":7,"key":"PowerPotion"},{"floor":12,"key":"SmokeBomb"},{"floor":19,"key":"SpeedPotion"},{"floor":25,"key":"Swift Potion"},{"floor":33,"key":"ColorlessPotion"},{"floor":35,"key":"EntropicBrew"},{"floor":37,"key":"FairyPotion"},{"floor":42,"key":"DistilledChaos"},{"floor":45,"key":"Explosive Potion"},{"floor":47,"key":"HeartOfIron"}],"is_trial":false,"path_per_floor":["M","?","M","?","?","E","M","R","T","R","$","E","?","T","R","B",null,"M","M","M","M","?","E","R","M","T","$","R","E","M","M","R","B",null,"M","?","M","M","?","R","E","M","T","R","M","$","M","$","R","B",null],"character_chosen":"IRONCLAD","items_purchased":["Reckless Charge","Evolve","Fiend Fire","Fire Breathing+1","Feel No Pain+1","Gremlin Horn","Vajra","Inflame+1"],"campfire_rested":5,"item_purchase_floors":[11,11,27,27,46,46,46,48],"current_hp_per_floor":[78,66,72,52,41,47,44,44,44,44,44,50,43,43,67,65,76,56,38,42,30,30,14,38,44,44,44,44,50,41,42,66,27,67,22,22,28,34,34,34,30,16,16,40,36,36,42,42,66,80],"gold":26,"neow_bonus":"THREE_ENEMY_KILL","is_daily":false,"chose_seed":false,"campfire_upgraded":4,"win_rate":0.0,"timestamp":1608991160,"path_taken":["M","?","M","?","?","E","M","R","T","R","$","E","?","?","R","BOSS","M","?","M","M","?","E","R","M","T","$","R","E","M","M","R","BOSS","M","?","M","M","?","R","E","M","T","R","M","$","M","$","R","BOSS"],"items_purchased_type":["Card","Card","Card","Card","Card","Relic","Relic","Card"],"build_version":"2020-12-22","purchased_purges":2,"victory":true,"max_hp_per_floor":[80,80,80,80,80,80,80,80,80,80,80,80,80,80,80,80,80,80,80,80,80,80,80,80,80,80,80,80,80,80,80,80,80,80,80,80,80,80,80,80,80,80,80,80,80,80,80,80,80,80],"card_choices":[{"not_picked":["Shrug It Off","Thunderclap"],"picked":"Spot Weakness","floor":1},{"not_picked":["Burning Pact","Anger","Armaments"],"picked":"Reckless Charge","floor":3},{"not_picked":["Headbutt","Cleave","Havoc"],"picked":"Flex","floor":6},{"not_picked":["Spot Weakness","Shrug It Off","Bludgeon"],"picked":"Sword Boomerang","floor":7},{"not_picked":["Pommel Strike","Cleave","Clothesline","Hemokinesis"],"picked":"SKIP","floor":12},{"not_picked":["Brutality","Feed","Juggernaut"],"picked":"Impervious+1","floor":16},{"not_picked":["Warcry+1","Searing Blow","Thunderclap","Rage+1"],"picked":"SKIP","floor":18},{"not_picked":["Evolve","Heavy Blade","Metallicize+1"],"picked":"Clash+1","floor":19},{"not_picked":["Clothesline","Sentinel+1","Anger","Cleave"],"picked":"SKIP","floor":20},{"not_picked":["Armaments+1","Perfected Strike+1","Flex+1"],"picked":"Feel No Pain","floor":21},{"not_picked":["Dual Wield+1","Hemokinesis","Wild Strike"],"picked":"Sword Boomerang+1","floor":23},{"not_picked":["Perfected Strike","Uppercut","Sword Boomerang","True Grit+1"],"picked":"SKIP","floor":25},{"not_picked":["Shrug It Off+1","Uppercut","Barricade+1"],"picked":"Second Wind+1","floor":30},{"not_picked":["Shrug It Off+1","Armaments+1","Iron Wave"],"picked":"Intimidate+1","floor":31},{"not_picked":["Fiend Fire","Corruption+1","Brutality+1"],"picked":"Exhume+1","floor":33},{"not_picked":["True Grit+1","Warcry+1","Clash"],"picked":"Power Through+1","floor":35},{"not_picked":["Clash+1","Body Slam","Warcry+1","Pommel Strike"],"picked":"SKIP","floor":37},{"not_picked":["Feed","Shrug It Off+1","Clothesline+1","Headbutt+1"],"picked":"SKIP","floor":38},{"not_picked":["Intimidate+1","Uppercut+1","Clothesline+1","Reaper"],"picked":"SKIP","floor":41},{"not_picked":["True Grit+1","Clothesline","Cleave"],"picked":"Power Through+1","floor":42},{"not_picked":["Armaments+1","Flame Barrier+1","Havoc+1"],"picked":"Dark Embrace+1","floor":45},{"not_picked":["Havoc+1","Headbutt+1","Heavy Blade"],"picked":"Power Through+1","floor":47}],"player_experience":492934,"relics_obtained":[{"floor":6,"key":"Red Skull"},{"floor":9,"key":"FossilizedHelix"},{"floor":12,"key":"Toxic Egg 2"},{"floor":14,"key":"Kunai"},{"floor":23,"key":"Bag of Marbles"},{"floor":26,"key":"Frozen Egg 2"},{"floor":41,"key":"Pantograph"},{"floor":43,"key":"PreservedInsect"}],"event_choices":[{"damage_healed":0,"gold_gain":0,"player_choice":"Success","damage_taken":12,"relics_obtained":["Question Card"],"max_hp_gain":0,"max_hp_loss":0,"event_name":"Scrap Ooze","floor":2,"gold_loss":0},{"damage_healed":0,"gold_gain":0,"player_choice":"Take Damage","damage_taken":20,"relics_obtained":["Golden Idol"],"max_hp_gain":0,"max_hp_loss":0,"event_name":"Golden Idol","floor":4,"gold_loss":0},{"damage_healed":0,"gold_gain":75,"player_choice":"Gather Gold","damage_taken":11,"max_hp_gain":0,"max_hp_loss":0,"event_name":"World of Goop","floor":5,"gold_loss":0},{"cards_removed":["Strike_R"],"damage_healed":0,"gold_gain":0,"player_choice":"Card Removal","damage_taken":7,"max_hp_gain":0,"max_hp_loss":0,"event_name":"Golden Wing","floor":13,"gold_loss":0},{"damage_healed":0,"gold_gain":0,"player_choice":"Obtained Relic","damage_taken":0,"relics_obtained":["Happy Flower"],"max_hp_gain":0,"max_hp_loss":0,"event_name":"Addict","floor":22,"gold_loss":85},{"damage_healed":0,"gold_gain":0,"player_choice":"Ignored","damage_taken":0,"max_hp_gain":0,"max_hp_loss":0,"event_name":"Mysterious Sphere","floor":36,"gold_loss":0},{"damage_healed":0,"gold_gain":333,"player_choice":"Gave Idol","damage_taken":0,"max_hp_gain":0,"max_hp_loss":0,"event_name":"The Moai Head","floor":39,"relics_lost":["Golden Idol"],"gold_loss":0}],"is_beta":false,"boss_relics":[{"not_picked":["Calling Bell","Sozu"],"picked":"Pandora\u0027s Box"},{"not_picked":["Runic Pyramid","Velvet Choker"],"picked":"Snecko Eye"}],"items_purged_floors":[11,46],"is_endless":false,"potions_floor_spawned":[1,7,12,19,21,25,33,35,37,42,45,47],"ascension_level":8}}