{"host":"6ld56ls1xbe0aj21","time":1608976236,"event":{"mods":["AchievementEnabler","BaseMod","Colored Powertips","Minty Spire (QoL Compilation)","Quick Restart","Rare Cards Sparkle","StSLib","SuperFastMode","everything is the same but u backflip on backflip","slay the spire mod where everything is the same but ironclad has a cowboy hat"],"gold_per_floor":[110,110,127,202,35,35,35,60,60,74,74,103,119,149,149,248,248,266,266,716,735,14,40,40,50,102,128,144,14,33,46,46,146,146,163,163,10,10,22,36,53,67,93,119,119,119,119,138,138,138,138,138,16,46,46,46],"floor_reached":55,"playtime":7637,"items_purged":[],"score":1354,"play_id":"64b4ccd9-4f36-437a-a472-1eb082748d4c","local_time":"20201226205036","is_ascension_mode":true,"campfire_choices":[{"data":"Transmutation","floor":6.0,"key":"SMITH"},{"data":"Omniscience","floor":15.0,"key":"SMITH"},{"floor":24.0,"key":"REST"},{"floor":32.0,"key":"REST"},{"floor":45.0,"key":"RECALL"},{"floor":49.0,"key":"REST"},{"floor":52.0,"key":"REST"}],"circlet_count":0,"master_deck":["Strike_P","Defend_P","Defend_P","Defend_P","Defend_P","Eruption","Vigilance","JustLucky","ClearTheMind","Transmutation+1","Omniscience+1","TalkToTheHand","ForeignInfluence","Consecrate","Worship","DevaForm+1","CurseOfTheBell","Study+1","Prostrate","Brilliance","Perseverance","Mayhem+1","Blasphemy","Nirvana+1","DeusExMachina","Fasting2+1","Fasting2+1","Prostrate+1","Scrawl"],"relics":["PureWater","NeowsBlessing","Blood Vial","Frozen Egg 2","InkBottle","The Courier","Yang","Du-Vu Doll","Calling Bell","Tiny Chest","Mercury Hourglass","Dead Branch","TeardropLocket","Thread and Needle","Melange","Anchor","Gambling Chip","Vajra","Dream Catcher","Philosopher\u0027s Stone","Matryoshka","ClockworkSouvenir","Juzu Bracelet","White Beast Statue","Ornamental Fan","Pantograph","Orichalcum","HornCleat"],"acts_visited":["Exordium","TheCity","TheBeyond","TheEnding"],"potions_floor_usage":[55],"damage_taken":[{"damage":0.0,"enemies":"2 Louse","floor":1.0,"turns":1.0},{"damage":0.0,"enemies":"Small Slimes","floor":3.0,"turns":1.0},{"damage":0.0,"enemies":"3 Sentries","floor":8.0,"turns":2.0},{"damage":0.0,"enemies":"Cultist","floor":10.0,"turns":3.0},{"damage":18.0,"enemies":"Gremlin Nob","floor":12.0,"turns":4.0},{"damage":0.0,"enemies":"Exordium Wildlife","floor":13.0,"turns":1.0},{"damage":10.0,"enemies":"3 Sentries","floor":14.0,"turns":4.0},{"damage":0.0,"enemies":"Slime Boss","floor":16.0,"turns":5.0},{"damage":0.0,"enemies":"3 Byrds","floor":18.0,"turns":4.0},{"damage":13.0,"enemies":"2 Thieves","floor":21.0,"turns":4.0},{"damage":0.0,"enemies":"Gremlin Leader","floor":23.0,"turns":2.0},{"damage":15.0,"enemies":"Snecko","floor":25.0,"turns":5.0},{"damage":4.0,"enemies":"Slavers","floor":27.0,"turns":5.0},{"damage":2.0,"enemies":"Shelled Parasite and Fungi","floor":28.0,"turns":3.0},{"damage":0.0,"enemies":"Cultist and Chosen","floor":30.0,"turns":2.0},{"damage":0.0,"enemies":"Snake Plant","floor":31.0,"turns":2.0},{"damage":1.0,"enemies":"Collector","floor":33.0,"turns":8.0},{"damage":0.0,"enemies":"Orb Walker","floor":35.0,"turns":2.0},{"damage":15.0,"enemies":"3 Darklings","floor":39.0,"turns":4.0},{"damage":19.0,"enemies":"Spire Growth","floor":40.0,"turns":5.0},{"damage":15.0,"enemies":"Jaw Worm Horde","floor":41.0,"turns":3.0},{"damage":0.0,"enemies":"Maw","floor":42.0,"turns":4.0},{"damage":0.0,"enemies":"Nemesis","floor":44.0,"turns":8.0},{"damage":3.0,"enemies":"Sphere and 2 Shapes","floor":48.0,"turns":3.0},{"damage":8.0,"enemies":"Donu and Deca","floor":50.0,"turns":5.0},{"damage":50.0,"enemies":"Shield and Spear","floor":54.0,"turns":5.0},{"damage":77,"enemies":"The Heart","floor":55,"turns":3}],"seed_played":"-4197758884604510787","potions_obtained":[{"floor":1.0,"key":"BottledMiracle"},{"floor":13.0,"key":"SteroidPotion"},{"floor":14.0,"key":"AttackPotion"},{"floor":25.0,"key":"EssenceOfSteel"},{"floor":27.0,"key":"GamblersBrew"},{"floor":30.0,"key":"SkillPotion"},{"floor":33.0,"key":"EssenceOfSteel"},{"floor":39.0,"key":"Regen Potion"},{"floor":41.0,"key":"AttackPotion"},{"floor":48.0,"key":"ColorlessPotion"},{"floor":54.0,"key":"Regen Potion"}],"is_trial":false,"path_per_floor":["M","?","M","?","$","R","?","E","T","M","T","E","M","E","R","B",null,"M","?","?","M","$","E","R","M","T","E","M","$","M","M","R","B",null,"M","T","$","?","M","M","M","M","T","E","R","?","T","M","R","B",null,"R","$","E","B"],"character_chosen":"WATCHER","items_purchased":["Transmutation","TeardropLocket","Thread and Needle","Brilliance","Melange","Anchor","Mayhem+1","Fasting2+1","ClockworkSouvenir","Orichalcum"],"campfire_rested":4,"item_purchase_floors":[5,22,22,22,22,22,29,37,37,53],"current_hp_per_floor":[65,65,65,54,54,54,51,53,53,55,55,39,41,33,33,35,63,65,65,19,8,8,10,31,18,18,16,16,16,18,20,41,42,65,67,67,67,67,54,46,33,35,35,37,37,37,37,36,57,64,70,72,72,22,0,0],"gold":46,"neow_bonus":"THREE_ENEMY_KILL","is_daily":false,"chose_seed":false,"campfire_upgraded":2,"win_rate":0.0,"timestamp":1608976236,"path_taken":["M","?","M","?","$","R","?","E","T","M","?","E","M","E","R","BOSS","M","?","?","M","$","E","R","M","T","E","M","$","?","M","R","BOSS","M","?","$","?","?","M","M","M","T","E","R","?","?","M","R","BOSS","R","$","E","BOSS"],"items_purchased_type":["Card","Relic","Relic","Card","Relic","Relic","Card","Card","Relic","Relic"],"build_version":"2020-12-22","purchased_purges":0,"victory":false,"max_hp_per_floor":[72,72,72,72,72,72,72,72,72,72,72,72,72,72,72,72,72,72,72,72,72,72,72,72,72,72,72,72,72,72,72,72,72,72,72,72,72,72,72,72,72,72,72,72,72,72,72,72,72,72,72,72,72,72,72,72],"card_choices":[{"not_picked":["WaveOfTheHand","Halt"],"picked":"JustLucky","floor":1.0},{"not_picked":["EmptyFist","Weave","FollowUp"],"picked":"SKIP","floor":3.0},{"not_picked":["FlurryOfBlows","PathToVictory"],"picked":"Omniscience","floor":8.0},{"not_picked":["CutThroughFate","WaveOfTheHand"],"picked":"TalkToTheHand","floor":10.0},{"not_picked":["CutThroughFate","Sanctity"],"picked":"ForeignInfluence","floor":12.0},{"not_picked":["CutThroughFate","Halt"],"picked":"Consecrate","floor":13.0},{"not_picked":["WaveOfTheHand","WheelKick","Worship"],"picked":"SKIP","floor":14.0},{"not_picked":["WaveOfTheHand","WheelKick"],"picked":"Worship","floor":14.0},{"not_picked":["DeusExMachina","Brilliance"],"picked":"DevaForm+1","floor":16.0},{"not_picked":["EmptyBody","JustLucky","Weave+1"],"picked":"SKIP","floor":18.0},{"not_picked":["FollowUp","WheelKick"],"picked":"Prostrate","floor":21.0},{"not_picked":["BowlingBash","TalkToTheHand+1","Protect+1"],"picked":"SKIP","floor":23.0},{"not_picked":["FlyingSleeves","Fasting2+1","CutThroughFate"],"picked":"SKIP","floor":25.0},{"not_picked":["WheelKick","WaveOfTheHand"],"picked":"Perseverance","floor":27.0},{"not_picked":["Meditate","FollowUp","EmptyFist"],"picked":"SKIP","floor":28.0},{"not_picked":["EmptyMind","Collect+1"],"picked":"Blasphemy","floor":30.0},{"not_picked":["FollowUp+1","BowlingBash+1","ThirdEye"],"picked":"SKIP","floor":31.0},{"not_picked":["EmptyBody","Protect+1"],"picked":"Nirvana+1","floor":32.0},{"not_picked":["MasterReality+1","Ragnarok"],"picked":"DeusExMachina","floor":33.0},{"not_picked":["SignatureMove+1","FlyingSleeves","WreathOfFlame"],"picked":"SKIP","floor":35.0},{"not_picked":["Protect+1","Study+1"],"picked":"Fasting2+1","floor":39.0},{"not_picked":["CutThroughFate+1","Tantrum"],"picked":"Prostrate+1","floor":40.0},{"not_picked":["Swivel+1","BattleHymn+1","CutThroughFate"],"picked":"SKIP","floor":41.0},{"not_picked":["WreathOfFlame+1","Evaluate+1","Fasting2+1"],"picked":"SKIP","floor":42.0},{"not_picked":["JustLucky+1","ForeignInfluence","EmptyFist+1"],"picked":"SKIP","floor":44.0},{"not_picked":["Fasting2+1","TalkToTheHand","Swivel"],"picked":"SKIP","floor":48.0},{"not_picked":["Fasting2+1","Protect"],"picked":"Scrawl","floor":54.0}],"player_experience":255423,"relics_obtained":[{"floor":8.0,"key":"Frozen Egg 2"},{"floor":9.0,"key":"InkBottle"},{"floor":11.0,"key":"The Courier"},{"floor":12.0,"key":"Yang"},{"floor":14.0,"key":"Du-Vu Doll"},{"floor":17.0,"key":"Tiny Chest"},{"floor":17.0,"key":"Mercury Hourglass"},{"floor":17.0,"key":"Dead Branch"},{"floor":23.0,"key":"Gambling Chip"},{"floor":26.0,"key":"Vajra"},{"floor":27.0,"key":"Dream Catcher"},{"floor":36.0,"key":"Matryoshka"},{"floor":43.0,"key":"Juzu Bracelet"},{"floor":44.0,"key":"White Beast Statue"},{"floor":47.0,"key":"Ornamental Fan"},{"floor":47.0,"key":"Pantograph"},{"floor":54.0,"key":"HornCleat"}],"event_choices":[{"damage_healed":0.0,"max_hp_gain":0.0,"max_hp_loss":0.0,"gold_gain":0.0,"cards_transformed":["Strike_P"],"event_name":"Living Wall","player_choice":"Change","floor":2.0,"gold_loss":0.0,"damage_taken":0.0,"cards_obtained":["ClearTheMind"]},{"damage_healed":0.0,"max_hp_gain":0.0,"max_hp_loss":0.0,"gold_gain":75.0,"event_name":"World of Goop","player_choice":"Gather Gold","floor":4.0,"gold_loss":0.0,"damage_taken":11.0},{"damage_healed":0.0,"max_hp_gain":0.0,"max_hp_loss":0.0,"gold_gain":0.0,"event_name":"Scrap Ooze","player_choice":"Success","floor":7.0,"gold_loss":0.0,"damage_taken":3.0,"relics_obtained":["Blood Vial"]},{"damage_healed":0.0,"max_hp_gain":0.0,"max_hp_loss":0.0,"gold_gain":0.0,"cards_transformed":["Strike_P","Strike_P"],"event_name":"Drug Dealer","player_choice":"Became Test Subject","floor":19.0,"gold_loss":0.0,"damage_taken":0.0,"cards_obtained":["Devotion","Study"]},{"damage_healed":0.0,"max_hp_gain":0.0,"max_hp_loss":0.0,"gold_gain":450.0,"event_name":"Knowing Skull","player_choice":"GOLD GOLD GOLD GOLD GOLD ","floor":20.0,"potions_obtained":[],"gold_loss":0.0,"damage_taken":46.0,"cards_obtained":[]},{"damage_healed":0.0,"max_hp_gain":0.0,"max_hp_loss":0.0,"gold_gain":0.0,"event_name":"SecretPortal","player_choice":"Ignored","floor":38.0,"gold_loss":0.0,"damage_taken":0.0},{"cards_removed":["Devotion"],"damage_healed":0.0,"max_hp_gain":0.0,"max_hp_loss":0.0,"gold_gain":0.0,"event_name":"Falling","player_choice":"Removed Power","floor":46.0,"gold_loss":0.0,"damage_taken":0.0}],"is_beta":false,"boss_relics":[{"not_picked":["Runic Pyramid","Snecko Eye"],"picked":"Calling Bell"},{"not_picked":["Velvet Choker","Pandora\u0027s Box"],"picked":"Philosopher\u0027s Stone"}],"items_purged_floors":[],"is_endless":false,"potions_floor_spawned":[1,13,14,25,27,30,33,39,41,48,54],"killed_by":"The Heart","ascension_level":9}}