{"host":"9l1knhxfturzliqa","time":1608945521,"event":{"mods":["BaseMod","Colored Map","Colored Powertips","DeckTracker","Highlight Path","Keyboard Shortcuts","Minty Spire (QoL Compilation)","Quick Restart","Random Character Button"],"gold_per_floor":[113,63,238,313,313,313,329,39,65,81,81,109,109,121,121,121,121],"floor_reached":16,"playtime":839,"items_purged":[],"score":113,"play_id":"b46913d8-b77e-4b89-ab61-d29468367852","local_time":"20201226101841","is_ascension_mode":true,"campfire_choices":[{"data":"Dualcast","floor":6,"key":"SMITH"},{"data":"Zap","floor":11,"key":"SMITH"},{"data":"Buffer","floor":13,"key":"SMITH"},{"data":"Capacitor","floor":15,"key":"SMITH"}],"circlet_count":0,"master_deck":["Strike_B","Strike_B","Strike_B","Defend_B","Defend_B","Defend_B","Defend_B","Zap+1","Dualcast+1","Steam","Doubt","Conserve Battery","Capacitor+1","Buffer+1","Go for the Eyes","Coolheaded"],"relics":["Cracked Core","Matryoshka","Lantern","Bag of Preparation","InkBottle"],"acts_visited":["Exordium"],"potions_floor_usage":[16],"damage_taken":[{"damage":8,"enemies":"Small Slimes","floor":1,"turns":3},{"damage":10,"enemies":"2 Louse","floor":7,"turns":3},{"damage":0,"enemies":"Jaw Worm","floor":10,"turns":2},{"damage":16,"enemies":"3 Sentries","floor":12,"turns":8},{"damage":0,"enemies":"Looter","floor":14,"turns":3},{"damage":58,"enemies":"Slime Boss","floor":16,"turns":14}],"seed_played":"6844448019068942491","potions_obtained":[{"floor":14,"key":"CultistPotion"}],"is_trial":false,"path_per_floor":["M","?","?","?","?","R","M","$","T","M","R","E","R","M","R","B"],"character_chosen":"DEFECT","items_purchased":["Capacitor","Matryoshka"],"campfire_rested":0,"item_purchase_floors":[8,8],"current_hp_per_floor":[74,74,74,63,82,82,72,72,72,72,72,56,56,56,56,0,0],"gold":121,"neow_bonus":"TEN_PERCENT_HP_BONUS","is_daily":false,"chose_seed":false,"campfire_upgraded":4,"win_rate":0.0,"timestamp":1608945521,"path_taken":["M","?","?","?","?","R","M","$","T","M","R","E","R","M","R","BOSS"],"items_purchased_type":["Card","Relic"],"build_version":"2020-12-22","purchased_purges":0,"victory":false,"max_hp_per_floor":[82,82,82,82,82,82,82,82,82,82,82,82,82,82,82,82,82],"card_choices":[{"not_picked":["Force Field","Tempest"],"picked":"Steam","floor":1},{"not_picked":["Redo","Gash"],"picked":"Conserve Battery","floor":7},{"not_picked":["Rebound","Streamline"],"picked":"Buffer","floor":10},{"not_picked":["Static Discharge","Conserve Battery"],"picked":"Go for the Eyes","floor":12},{"not_picked":["Steam","Turbo"],"picked":"Coolheaded","floor":14}],"player_experience":244449,"relics_obtained":[{"floor":9,"key":"Lantern"},{"floor":9,"key":"Bag of Preparation"},{"floor":12,"key":"InkBottle"}],"event_choices":[{"cards_removed":["Strike_B"],"damage_healed":0,"gold_gain":0,"player_choice":"Card Removal","damage_taken":0,"max_hp_gain":0,"max_hp_loss":0,"event_name":"The Cleric","floor":2,"gold_loss":50},{"damage_healed":0,"gold_gain":175,"player_choice":"AGREE","damage_taken":0,"max_hp_gain":0,"max_hp_loss":0,"event_name":"Liars Game","floor":3,"gold_loss":0,"cards_obtained":["Doubt"]},{"damage_healed":0,"gold_gain":75,"player_choice":"Gather Gold","damage_taken":11,"max_hp_gain":0,"max_hp_loss":0,"event_name":"World of Goop","floor":4,"gold_loss":0},{"damage_healed":27,"gold_gain":0,"player_choice":"Banana","damage_taken":0,"max_hp_gain":0,"max_hp_loss":0,"event_name":"Big Fish","floor":5,"gold_loss":0}],"is_beta":false,"boss_relics":[],"items_purged_floors":[],"is_endless":false,"potions_floor_spawned":[14],"killed_by":"Slime Boss","ascension_level":3}}