{"host":"Rich","time":1608954258,"event":{"mods":["AchievementEnabler","BaseMod","Highlight Path","Minty Spire (QoL Compilation)","Relic Stats"],"gold_per_floor":[17,37,37,55,20,20,47,47,73,73,84,110,110,127,127,127,127],"floor_reached":16,"playtime":464,"items_purged":[],"score":220,"play_id":"22139af7-5794-4130-83c9-e61a33618bc4","local_time":"20201225224418","is_ascension_mode":true,"campfire_choices":[{"data":"Blade Dance","floor":6.0,"key":"SMITH"},{"data":"Wraith Form v2","floor":8.0,"key":"SMITH"},{"data":"Panache","floor":10.0,"key":"SMITH"},{"floor":15.0,"key":"REST"}],"circlet_count":0,"master_deck":["AscendersBane","Strike_G","Strike_G","Strike_G","Strike_G","Defend_G","Defend_G","Defend_G","Defend_G","Defend_G","Survivor","Neutralize","Panache+1","Backflip","Blade Dance+1","Dagger Spray","Wraith Form v2+1","Cloak And Dagger","Deflect","Cloak And Dagger"],"relics":["Ring of the Snake","Pen Nib","Shovel"],"acts_visited":["Exordium"],"potions_floor_usage":[],"damage_taken":[{"damage":4.0,"enemies":"Cultist","floor":1.0,"turns":5.0},{"damage":0.0,"enemies":"2 Louse","floor":2.0,"turns":3.0},{"damage":0.0,"enemies":"Small Slimes","floor":4.0,"turns":3.0},{"damage":32.0,"enemies":"Lagavulin","floor":7.0,"turns":8.0},{"damage":2.0,"enemies":"3 Louse","floor":11.0,"turns":3.0},{"damage":7.0,"enemies":"3 Sentries","floor":12.0,"turns":5.0},{"damage":5.0,"enemies":"Looter","floor":14.0,"turns":2.0},{"damage":34,"enemies":"The Guardian","floor":16,"turns":7}],"seed_played":"5168981428922119374","potions_obtained":[{"floor":7.0,"key":"SpeedPotion"},{"floor":14.0,"key":"Dexterity Potion"}],"is_trial":false,"path_per_floor":["M","M","?","M","?","R","E","R","T","R","M","E","?","M","R","B"],"character_chosen":"THE_SILENT","items_purchased":[],"campfire_rested":1,"item_purchase_floors":[],"current_hp_per_floor":[55,55,60,60,71,71,39,39,39,39,37,30,23,18,39,5,5],"gold":127,"neow_bonus":"RANDOM_COLORLESS_2","is_daily":false,"chose_seed":false,"campfire_upgraded":3,"win_rate":0.0,"timestamp":1608954258,"path_taken":["M","?","?","M","?","R","E","R","T","R","M","E","?","M","R","BOSS"],"items_purchased_type":[],"build_version":"2020-12-18","purchased_purges":0,"victory":false,"max_hp_per_floor":[66,66,71,71,71,71,71,71,71,71,71,71,71,71,71,71,71],"relic_stats":{"Shovel":0,"counters":[8,36],"Pen Nib":[4],"obtain_stats":[{"Shovel":12,"Pen Nib":7,"Ring of the Snake":0},{"Shovel":6,"Pen Nib":4,"Ring of the Snake":0},{"Shovel":27,"Pen Nib":19,"Ring of the Snake":0}],"Ring of the Snake":[16]},"card_choices":[{"not_picked":["Master of Strategy","Violence"],"picked":"Panache","floor":0.0},{"not_picked":["Flying Knee","Crippling Poison"],"picked":"Backflip","floor":1.0},{"not_picked":["Poisoned Stab","Backflip"],"picked":"Blade Dance","floor":2.0},{"not_picked":["Sucker Punch","Bouncing Flask"],"picked":"Dagger Spray","floor":4.0},{"not_picked":["Dodge and Roll","Sucker Punch"],"picked":"Wraith Form v2","floor":7.0},{"not_picked":["Underhanded Strike","Blade Dance"],"picked":"Cloak And Dagger","floor":11.0},{"not_picked":["Heel Hook","Flying Knee"],"picked":"Deflect","floor":12.0},{"not_picked":["Concentrate","Bane"],"picked":"Cloak And Dagger","floor":14.0}],"player_experience":1931707,"relics_obtained":[{"floor":7.0,"key":"Pen Nib"},{"floor":12.0,"key":"Shovel"}],"event_choices":[{"damage_healed":0.0,"max_hp_gain":5.0,"max_hp_loss":0.0,"gold_gain":0.0,"event_name":"Big Fish","player_choice":"Donut","floor":3.0,"gold_loss":0.0,"damage_taken":0.0},{"damage_healed":17.0,"max_hp_gain":0.0,"max_hp_loss":0.0,"gold_gain":0.0,"event_name":"The Cleric","player_choice":"Healed","floor":5.0,"gold_loss":35.0,"damage_taken":0.0},{"cards_removed":["Strike_G"],"damage_healed":0.0,"max_hp_gain":0.0,"max_hp_loss":0.0,"gold_gain":0.0,"event_name":"Golden Wing","player_choice":"Card Removal","floor":13.0,"gold_loss":0.0,"damage_taken":7.0}],"is_beta":true,"boss_relics":[],"items_purged_floors":[],"is_endless":false,"potions_floor_spawned":[7,14],"killed_by":"The Guardian","ascension_level":20}}