{"host":"0jm2u9rma46qko29","time":1608943750,"event":{"mods":["Act Like it!","BaseMod","Better Altar","Better Note","Better Skull","Better Third Choice","CapriCore","Hermit","JesterMod","Luminous","Marisa????????","Minty Spire (QoL Compilation)","Relic Stats","Robot Space Explorer","Shade Mod","StSLib","The Hierophant","Waifu the Spire"],"gold_per_floor":[110,122,297,54,71,71,105,117,153,165,202,214,241,253,265,382,394,425,437,449,481,509,521,533,533],"floor_reached":24,"playtime":1536,"items_purged":["Doubt"],"score":245,"play_id":"3342f363-3f31-4114-8a08-9cbe3e663ab9","local_time":"20201225184910","is_ascension_mode":true,"campfire_choices":[{"data":"Body Slam","floor":6,"key":"SMITH"},{"data":"Metallicize","floor":8,"key":"SMITH"},{"data":"Ghostly Armor","floor":10,"key":"SMITH"},{"data":"Entrench","floor":15,"key":"SMITH"},{"data":"Metallicize","floor":23,"key":"SMITH"}],"circlet_count":0,"master_deck":["Strike_R","Strike_R","Strike_R","Defend_R","Defend_R","Defend_R","Defend_R","Bash","Armaments","Ghostly Armor+1","Metallicize+1","Shrug It Off","Reckless Charge","Body Slam+1","Metallicize+1","Demon Form","Entrench+1","Anger","Double Tap+1","Iron Wave+1","Creative AI+1","Twin Strike","Evolve"],"relics":["Burning Blood","Nunchaku","MawBank","Dream Catcher","Question Card","Cursed Key"],"acts_visited":["Exordium","TheCity"],"potions_floor_usage":[11,21,21,24],"damage_taken":[{"damage":6,"enemies":"2 Louse","floor":1,"turns":2},{"damage":6,"enemies":"Jaw Worm","floor":2,"turns":4},{"damage":0,"enemies":"Small Slimes","floor":5,"turns":5},{"damage":4,"enemies":"3 Sentries","floor":7,"turns":11},{"damage":13,"enemies":"Lagavulin","floor":11,"turns":7},{"damage":1,"enemies":"2 Fungi Beasts","floor":13,"turns":4},{"damage":50,"enemies":"Hexaghost","floor":16,"turns":10},{"damage":15,"enemies":"3 Byrds","floor":18,"turns":6},{"damage":9,"enemies":"2 Thieves","floor":21,"turns":5},{"damage":23,"enemies":"Snecko","floor":22,"turns":7},{"damage":33,"enemies":"Gremlin Leader","floor":24,"turns":9}],"seed_played":"-913778370871553478","potions_obtained":[{"floor":2,"key":"DistilledChaos"},{"floor":11,"key":"Fire Potion"},{"floor":13,"key":"BloodPotion"},{"floor":16,"key":"Swift Potion"},{"floor":22,"key":"Strength Potion"}],"is_trial":false,"path_per_floor":["M","M","?","$","M","R","E","R","T","R","E","?","M","?","R","B",null,"M","?","?","M","M","R","E"],"character_chosen":"IRONCLAD","items_purchased":["Metallicize","Shrug It Off","Reckless Charge"],"campfire_rested":0,"item_purchase_floors":[4,4,4],"current_hp_per_floor":[80,80,80,80,80,80,80,80,80,80,73,66,71,71,71,27,80,71,71,71,68,51,51,34,34],"gold":533,"neow_bonus":"RANDOM_COMMON_RELIC","is_daily":false,"chose_seed":false,"campfire_upgraded":5,"win_rate":0.0,"timestamp":1608943750,"path_taken":["M","M","?","$","M","R","E","R","T","R","E","?","M","?","R","BOSS","M","?","?","M","M","R","E"],"items_purchased_type":["Card","Card","Card"],"build_version":"2020-12-22","purchased_purges":1,"victory":false,"max_hp_per_floor":[80,80,80,80,80,80,80,80,80,80,80,80,80,80,80,80,80,80,80,80,80,80,80,80,80],"relic_stats":{"Nunchaku":[11],"Dream Catcher":0,"counters":[11,70],"MawBank":204,"Question Card":5,"Cursed Key":0,"obtain_stats":[{"Nunchaku":0,"Dream Catcher":9,"MawBank":7,"Question Card":11,"Cursed Key":17,"Burning Blood":0},{"Nunchaku":0,"Dream Catcher":4,"MawBank":4,"Question Card":5,"Cursed Key":7,"Burning Blood":0},{"Nunchaku":0,"Dream Catcher":22,"MawBank":22,"Question Card":29,"Cursed Key":43,"Burning Blood":0}],"Burning Blood":52},"card_choices":[{"not_picked":["Warcry","Second Wind"],"picked":"Armaments","floor":1},{"not_picked":["Bloodletting","Searing Blow"],"picked":"Ghostly Armor","floor":2},{"not_picked":["Flex","Cleave"],"picked":"Body Slam","floor":5},{"not_picked":["Armaments","Fiend Fire"],"picked":"Metallicize","floor":7},{"not_picked":["Havoc","Dual Wield"],"picked":"Demon Form","floor":11},{"not_picked":["Anger","Warcry","Burning Pact"],"picked":"Entrench","floor":13},{"not_picked":["Immolate","Reaper","Feed"],"picked":"Double Tap","floor":16},{"not_picked":["Perfected Strike","Warcry","Intimidate"],"picked":"Iron Wave+1","floor":18},{"not_picked":["Flex","Iron Wave","Perfected Strike"],"picked":"Twin Strike","floor":21},{"not_picked":["Dual Wield","Clothesline","Wild Strike"],"picked":"Evolve","floor":22}],"player_experience":174971,"relics_obtained":[{"floor":7,"key":"MawBank"},{"floor":9,"key":"Dream Catcher"},{"floor":11,"key":"Question Card"}],"event_choices":[{"damage_healed":0,"gold_gain":175,"player_choice":"AGREE","damage_taken":122,"max_hp_gain":0,"max_hp_loss":0,"event_name":"betterThird:BetterSerpent","floor":3,"gold_loss":0},{"cards_removed":["Strike_R"],"damage_healed":0,"gold_gain":0,"player_choice":"Card Removal","damage_taken":7,"max_hp_gain":0,"max_hp_loss":0,"event_name":"Golden Wing","floor":12,"gold_loss":0},{"damage_healed":0,"gold_gain":0,"cards_transformed":["Strike_R"],"player_choice":"Change","damage_taken":0,"max_hp_gain":0,"max_hp_loss":0,"event_name":"Living Wall","floor":14,"gold_loss":0,"cards_obtained":["Anger"]},{"damage_healed":0,"gold_gain":0,"player_choice":"Upgraded","damage_taken":0,"max_hp_gain":0,"max_hp_loss":0,"event_name":"Upgrade Shrine","floor":19,"gold_loss":0,"cards_upgraded":["Double Tap"]},{"cards_removed":["Double Tap"],"damage_healed":0,"gold_gain":0,"player_choice":"Take \u0026 Give","damage_taken":0,"max_hp_gain":0,"max_hp_loss":0,"event_name":"betterNote:BetterNote","floor":20,"gold_loss":0,"cards_obtained":["Creative AI"]}],"is_beta":false,"boss_relics":[{"not_picked":["Calling Bell","Black Star"],"picked":"Cursed Key"}],"items_purged_floors":[4],"is_endless":false,"potions_floor_spawned":[2,11,13,16,18,22],"killed_by":"Gremlin Leader","ascension_level":4}}