{"host":"jwbw4f4imxd0v0b0","time":1608968290,"event":{"mods":["BaseMod","Colored Map","Highlight Path","Minty Spire (QoL Compilation)","Relic Stats","StSLib"],"gold_per_floor":[112,128,128,146,158,158,178,208,208,208,208,208],"floor_reached":11,"playtime":434,"items_purged":[],"score":150,"play_id":"40f08bb9-fa68-4f76-87c7-da7227ed1616","local_time":"20201226013810","is_ascension_mode":true,"campfire_choices":[{"data":"Bash","floor":6,"key":"SMITH"},{"floor":10,"key":"REST"}],"circlet_count":0,"master_deck":["AscendersBane","Strike_R","Strike_R","Strike_R","Defend_R","Defend_R","Defend_R","Bash+1","Flame Barrier+1","Fire Breathing+1","Headbutt+1","Armaments","Feel No Pain","Twin Strike","Reaper"],"relics":["Astrolabe","Sundial","Prayer Wheel"],"acts_visited":["Exordium"],"potions_floor_usage":[8],"damage_taken":[{"damage":2,"enemies":"Small Slimes","floor":1,"turns":5},{"damage":2,"enemies":"Jaw Worm","floor":2,"turns":3},{"damage":9,"enemies":"Cultist","floor":4,"turns":5},{"damage":1,"enemies":"Looter","floor":5,"turns":4},{"damage":0,"enemies":"Blue Slaver","floor":7,"turns":4},{"damage":28,"enemies":"Lagavulin","floor":8,"turns":7},{"damage":55,"enemies":"Gremlin Nob","floor":11,"turns":4}],"seed_played":"-3157600657307598673","potions_obtained":[{"floor":4,"key":"SteroidPotion"},{"floor":8,"key":"EssenceOfSteel"}],"is_trial":false,"path_per_floor":["M","M","?","M","M","R","M","E","T","R","E"],"character_chosen":"IRONCLAD","items_purchased":[],"campfire_rested":1,"item_purchase_floors":[],"current_hp_per_floor":[66,64,64,55,54,54,54,26,26,48,0,0],"gold":208,"neow_bonus":"BOSS_RELIC","is_daily":false,"chose_seed":false,"campfire_upgraded":1,"win_rate":0.0,"timestamp":1608968290,"path_taken":["M","M","?","M","M","R","M","E","T","R","E"],"items_purchased_type":[],"build_version":"2020-12-22","purchased_purges":0,"victory":false,"max_hp_per_floor":[75,75,75,75,75,75,75,75,75,75,75,75],"relic_stats":{"counters":[7,32],"Sundial":[0],"Astrolabe":["Flame Barrier","Fire Breathing","Headbutt"],"Prayer Wheel":0,"obtain_stats":[{"Sundial":8,"Astrolabe":0,"Prayer Wheel":9,"Burning Blood":0},{"Sundial":6,"Astrolabe":0,"Prayer Wheel":6,"Burning Blood":0},{"Sundial":28,"Astrolabe":0,"Prayer Wheel":28,"Burning Blood":0}]},"card_choices":[{"not_picked":["Perfected Strike","Sever Soul","Warcry"],"picked":"SKIP","floor":1},{"not_picked":["Havoc","Sword Boomerang"],"picked":"Armaments","floor":2},{"not_picked":["Thunderclap","Sever Soul"],"picked":"Feel No Pain","floor":4},{"not_picked":["Sword Boomerang","Combust","Clash"],"picked":"SKIP","floor":5},{"not_picked":["Rage","Shrug It Off"],"picked":"Twin Strike","floor":7},{"not_picked":["Seeing Red","Entrench"],"picked":"Reaper","floor":8}],"player_experience":960624,"relics_obtained":[{"floor":8,"key":"Sundial"},{"floor":9,"key":"Prayer Wheel"}],"event_choices":[{"damage_healed":0,"gold_gain":0,"player_choice":"Ignored","damage_taken":0,"max_hp_gain":0,"max_hp_loss":0,"event_name":"Liars Game","floor":3,"gold_loss":0}],"is_beta":false,"boss_relics":[],"items_purged_floors":[],"is_endless":false,"potions_floor_spawned":[4,8],"killed_by":"Gremlin Nob","ascension_level":20}}