{"host":"uq7j81ocmf0ebuur","time":1608997617,"event":{"mods":["AchievementEnabler","BaseMod","Better Match","Better Note","Better Third Choice","Block Reminder","Colored Map","Colored Powertips","Defuse TimeMaze Blight","Googly Eyes","Minty Spire (QoL Compilation)","Relic Stats","StSLib","SuperFastMode","everything is the same but u backflip on backflip","slay the spire mod where everything is the same but ironclad has a cowboy hat"],"gold_per_floor":[117,117,134,149,324,324,39,39,39,56,84,103,133,149,149,250,250,268,268,268,568,103,135,135,135,135],"floor_reached":25,"playtime":1245,"items_purged":["Doubt"],"score":292,"play_id":"5a6a3b71-8c62-4f0e-bbb7-d00b718f19a4","local_time":"20201226174657","is_ascension_mode":true,"campfire_choices":[{"data":"TalkToTheHand","floor":6.0,"key":"SMITH"},{"data":"FollowUp","floor":8.0,"key":"SMITH"},{"data":"TalkToTheHand","floor":15.0,"key":"SMITH"},{"data":"Tantrum","floor":24,"key":"SMITH"}],"circlet_count":0,"master_deck":["Eruption","Vigilance+1","FollowUp+1","TalkToTheHand+1","TalkToTheHand+1","Crescendo","FollowUp","WaveOfTheHand","CrushJoints+1","LessonLearned","Protect+1","Tantrum+1","Adaptation","ClearTheMind"],"relics":["PureWater","CultistMask","Ice Cream","Ornamental Fan","War Paint","Darkstone Periapt","Pandora\u0027s Box","Nilry\u0027s Codex","Old Coin","OrangePellets","Bronze Scales","Incense Burner"],"acts_visited":["Exordium","TheCity"],"potions_floor_usage":[25],"damage_taken":[{"damage":0.0,"enemies":"Small Slimes","floor":1.0,"turns":2.0},{"damage":0.0,"enemies":"Cultist","floor":3.0,"turns":2.0},{"damage":0.0,"enemies":"Jaw Worm","floor":4.0,"turns":4.0},{"damage":4.0,"enemies":"3 Louse","floor":10.0,"turns":3.0},{"damage":0.0,"enemies":"Lagavulin","floor":11.0,"turns":8.0},{"damage":10.0,"enemies":"Blue Slaver","floor":12.0,"turns":3.0},{"damage":16.0,"enemies":"Gremlin Nob","floor":13.0,"turns":4.0},{"damage":0.0,"enemies":"Looter","floor":14.0,"turns":4.0},{"damage":6.0,"enemies":"The Guardian","floor":16.0,"turns":12.0},{"damage":12.0,"enemies":"Chosen","floor":18.0,"turns":5.0},{"damage":8.0,"enemies":"Slavers","floor":23.0,"turns":4.0},{"damage":48,"enemies":"Gremlin Leader","floor":25,"turns":4}],"seed_played":"-7492593877638214966","potions_obtained":[{"floor":0.0,"key":"Strength Potion"},{"floor":0.0,"key":"BlessingOfTheForge"},{"floor":0.0,"key":"Energy Potion"},{"floor":4.0,"key":"Regen Potion"},{"floor":12.0,"key":"Swift Potion"},{"floor":14.0,"key":"Fire Potion"},{"floor":23.0,"key":"PowerPotion"}],"is_trial":false,"path_per_floor":["M","?","M","M","?","R","$","R","T","M","E","M","E","M","R","B",null,"M","?","?","T","$","E","R","E"],"character_chosen":"WATCHER","items_purchased":["Ice Cream","OrangePellets","Bronze Scales","Adaptation","ClearTheMind"],"campfire_rested":0,"item_purchase_floors":[7,22,22,22,22],"current_hp_per_floor":[72,72,72,72,72,72,72,72,72,68,68,58,42,42,42,36,72,60,60,44,44,44,48,48,0,0],"gold":135,"neow_bonus":"THREE_SMALL_POTIONS","is_daily":false,"chose_seed":false,"campfire_upgraded":4,"win_rate":0.0,"timestamp":1608997617,"path_taken":["M","?","?","M","?","R","$","R","T","M","E","M","E","M","R","BOSS","M","?","?","?","$","E","R","E"],"items_purchased_type":["Relic","Relic","Relic","Card","Card"],"build_version":"2020-12-22","purchased_purges":1,"victory":false,"max_hp_per_floor":[72,72,72,72,72,72,72,72,72,72,72,72,72,72,72,72,72,72,72,72,72,72,72,72,72,72],"relic_stats":{"Darkstone Periapt":0,"OrangePellets":[1],"counters":[12,55],"Ornamental Fan":[88],"Bronze Scales":[54],"Pandora\u0027s Box":["LessonLearned","Protect","CrushJoints","Ragnarok","Adaptation","Evaluate","Wallop","Weave"],"War Paint":["Defend_P","Defend_P"],"obtain_stats":[{"Ice Cream":7,"Darkstone Periapt":13,"OrangePellets":22,"Ornamental Fan":9,"Nilry\u0027s Codex":20,"Bronze Scales":22,"Pandora\u0027s Box":17,"CultistMask":2,"Incense Burner":23,"PureWater":0,"War Paint":11,"Old Coin":21},{"Ice Cream":3,"Darkstone Periapt":7,"OrangePellets":10,"Ornamental Fan":3,"Nilry\u0027s Codex":10,"Bronze Scales":10,"Pandora\u0027s Box":9,"CultistMask":1,"Incense Burner":11,"PureWater":0,"War Paint":5,"Old Coin":10},{"Ice Cream":8,"Darkstone Periapt":26,"OrangePellets":47,"Ornamental Fan":8,"Nilry\u0027s Codex":47,"Bronze Scales":47,"Pandora\u0027s Box":42,"CultistMask":2,"Incense Burner":51,"PureWater":0,"War Paint":19,"Old Coin":47}]},"card_choices":[{"not_picked":["ClearTheMind","Meditate"],"picked":"FollowUp","floor":1.0},{"not_picked":["Swivel","EmptyFist"],"picked":"TalkToTheHand","floor":3.0},{"not_picked":["Sanctity","ThirdEye","ForeignInfluence"],"picked":"SKIP","floor":4.0},{"not_picked":["BattleHymn","MentalFortress"],"picked":"TalkToTheHand","floor":10.0},{"not_picked":["ForeignInfluence","Protect"],"picked":"Crescendo","floor":11.0},{"not_picked":["PathToVictory","Collect"],"picked":"FollowUp","floor":12.0},{"not_picked":["FlyingSleeves","Sanctity"],"picked":"WaveOfTheHand","floor":13.0},{"not_picked":["ThirdEye","Prostrate"],"picked":"CrushJoints","floor":14.0},{"not_picked":["Alpha","ConjureBlade"],"picked":"LessonLearned","floor":16.0},{"not_picked":["Consecrate","ThirdEye"],"picked":"Protect+1","floor":18.0},{"not_picked":["BowlingBash","SignatureMove","ForeignInfluence"],"picked":"SKIP","floor":23.0}],"player_experience":314705,"relics_obtained":[{"floor":9.0,"key":"Ornamental Fan"},{"floor":11.0,"key":"War Paint"},{"floor":13.0,"key":"Darkstone Periapt"},{"floor":20.0,"key":"Nilry\u0027s Codex"},{"floor":21.0,"key":"Old Coin"},{"floor":23.0,"key":"Incense Burner"}],"event_choices":[{"damage_healed":0.0,"max_hp_gain":0.0,"max_hp_loss":0.0,"gold_gain":0.0,"event_name":"FaceTrader","player_choice":"Trade","floor":2.0,"gold_loss":0.0,"damage_taken":0.0,"relics_obtained":["CultistMask"]},{"damage_healed":0.0,"max_hp_gain":0.0,"max_hp_loss":0.0,"gold_gain":175.0,"event_name":"betterThird:BetterSerpent","player_choice":"AGREE","floor":5.0,"gold_loss":0.0,"damage_taken":149.0},{"damage_healed":0.0,"max_hp_gain":0.0,"max_hp_loss":0.0,"gold_gain":0.0,"event_name":"The Library","player_choice":"Read","floor":19.0,"gold_loss":0.0,"damage_taken":0.0,"cards_obtained":["Tantrum"]},{"damage_healed":0.0,"max_hp_gain":0.0,"max_hp_loss":0.0,"gold_gain":0.0,"event_name":"Cursed Tome","player_choice":"Obtained Book","floor":20.0,"gold_loss":0.0,"damage_taken":16.0}],"is_beta":false,"boss_relics":[{"not_picked":["SacredBark","Calling Bell"],"picked":"Pandora\u0027s Box"}],"items_purged_floors":[22],"is_endless":false,"potions_floor_spawned":[4,10,12,14,16,18,23],"killed_by":"Gremlin Leader","ascension_level":3}}