{"host":"ivx814w8r949vc3j","time":1608995287,"event":{"mods":["AchievementEnabler","Act Like it!","BaseMod","Bestiary","Colored Powertips","GifTheSpireLib","Marisa????????","Minty Spire (QoL Compilation)","StSLib","UnlockEverythingMod"],"gold_per_floor":[117,117,131,142,155,155,188,138,138,138,138,157,0,11,11,108,108,123,38,38,138,149,474,474,215,241,270,287,287,386,418,418,521,521,534,484,496,496,87,115,115,164,164,214,245,273,285,314,326,338,350,362,13,41,41],"floor_reached":56,"playtime":3825,"items_purged":["Strike_MRS","SuperNova","Writhe","Defend_MRS"],"score":1387,"play_id":"82a83bb8-14e7-44f5-834b-470463921161","local_time":"20201226160807","is_ascension_mode":true,"campfire_choices":[{"data":"SuperPerseids","floor":6.0,"key":"SMITH"},{"floor":11.0,"key":"REST"},{"data":"OortCloud","floor":15.0,"key":"SMITH"},{"data":"OpenUniverse","floor":24.0,"key":"SMITH"},{"floor":32.0,"key":"RECALL"},{"data":"Apotheosis","floor":41.0,"key":"SMITH"},{"data":"MillisecondPulsars","floor":49,"key":"SMITH"},{"data":"StarDustReverie","floor":52,"key":"SMITH"}],"circlet_count":0,"master_deck":["Strike_MRS","Strike_MRS","Defend_MRS","Defend_MRS","MasterSpark","UpSweep","MeteoricShower+1","AsteroidBelt","SuperPerseids+1","OortCloud+1","ShootingEcho+1","MillisecondPulsars+1","OpenUniverse+1","WitchLeyline","MysteriousBeam","Orbital","EarthLightRay","StarDustReverie+1","DragonMeteor+1","Apotheosis+1","EventHorizon","DragonMeteor+1","ManaConvection"],"relics":["MiniHakkero","Happy Flower","Smiling Mask","Thread and Needle","Pen Nib","ExperimentalFamiliar","HandmadeGrimoire","Old Coin","Membership Card","Lantern","Pantograph","Incense Burner","Ancient Tea Set","Busted Crown","Whetstone","TheAbacus","BreadOfAWashokuLover","Omamori","CaptainsWheel","Calipers","MawBank","Frozen Eye","Mercury Hourglass","Bag of Marbles","Bottled Flame"],"acts_visited":["Exordium","TheCity","TheBeyond","TheEnding"],"potions_floor_usage":[54,54,55,55],"damage_taken":[{"damage":3.0,"enemies":"Jaw Worm","floor":1.0,"turns":3.0},{"damage":0.0,"enemies":"Small Slimes","floor":3.0,"turns":3.0},{"damage":5.0,"enemies":"2 Louse","floor":4.0,"turns":2.0},{"damage":8.0,"enemies":"Blue Slaver","floor":5.0,"turns":5.0},{"damage":24.0,"enemies":"Gremlin Nob","floor":7.0,"turns":4.0},{"damage":0.0,"enemies":"2 Fungi Beasts","floor":12.0,"turns":4.0},{"damage":0.0,"enemies":"Red Slaver","floor":14.0,"turns":1.0},{"damage":15.0,"enemies":"Slime Boss","floor":16.0,"turns":11.0},{"damage":6.0,"enemies":"Shell Parasite","floor":18.0,"turns":3.0},{"damage":0.0,"enemies":"2 Thieves","floor":22.0,"turns":3.0},{"damage":15.0,"enemies":"Gremlin Leader","floor":23.0,"turns":5.0},{"damage":0.0,"enemies":"Book of Stabbing","floor":27.0,"turns":3.0},{"damage":4.0,"enemies":"Snake Plant","floor":28.0,"turns":3.0},{"damage":12.0,"enemies":"Slavers","floor":31.0,"turns":5.0},{"damage":55.0,"enemies":"Automaton","floor":33.0,"turns":9.0},{"damage":4.0,"enemies":"3 Shapes","floor":35.0,"turns":4.0},{"damage":1.0,"enemies":"3 Darklings","floor":37.0,"turns":5.0},{"damage":14.0,"enemies":"Nemesis","floor":40.0,"turns":4.0},{"damage":0.0,"enemies":"2 Orb Walkers","floor":42.0,"turns":2.0},{"damage":0.0,"enemies":"Mind Bloom Boss Battle","floor":44.0,"turns":5.0},{"damage":0.0,"enemies":"Giant Head","floor":45.0,"turns":7.0},{"damage":1.0,"enemies":"Maw","floor":46.0,"turns":5.0},{"damage":0,"enemies":"Transient","floor":48,"turns":5},{"damage":3,"enemies":"Donu and Deca","floor":50,"turns":6},{"damage":15,"enemies":"Shield and Spear","floor":54,"turns":7},{"damage":37,"enemies":"The Heart","floor":55,"turns":11}],"seed_played":"5330017365615149591","potions_obtained":[{"floor":1.0,"key":"Dexterity Potion"},{"floor":5.0,"key":"ColorlessPotion"},{"floor":7.0,"key":"Block Potion"},{"floor":12.0,"key":"Fire Potion"},{"floor":18.0,"key":"AttackPotion"},{"floor":27.0,"key":"DistilledChaos"},{"floor":37.0,"key":"Regen Potion"},{"floor":40.0,"key":"LiquidMemories"},{"floor":46.0,"key":"Block Potion"},{"floor":54,"key":"Dexterity Potion"}],"is_trial":false,"path_per_floor":["M","?","M","M","M","R","E","?","T","T","R","M","$","M","R","B",null,"M","?","?","?","M","E","R","$","T","E","M","?","?","E","R","B",null,"M","$","M","?","$","E","R","?","T","?","E","M","?","M","R","B",null,"R","$","E","B",null],"character_chosen":"MARISA","items_purchased":["Pen Nib","WitchLeyline","Membership Card","MysteriousBeam","Whetstone","TheAbacus","Apotheosis","BreadOfAWashokuLover","ManaConvection","Frozen Eye","Mercury Hourglass","Bag of Marbles"],"campfire_rested":1,"item_purchase_floors":[13,25,25,25,39,39,39,39,53,53,53,53],"current_hp_per_floor":[72,65,65,60,52,52,28,28,28,28,50,50,50,50,50,35,75,69,69,69,69,69,54,54,54,54,54,50,50,50,46,46,22,75,71,71,74,74,74,61,61,63,63,75,75,74,74,74,74,75,75,75,75,71,52],"gold":41,"neow_bonus":"ONE_RANDOM_RARE_CARD","is_daily":false,"chose_seed":false,"campfire_upgraded":6,"win_rate":0.0,"timestamp":1608995287,"path_taken":["M","?","M","M","M","R","E","?","T","?","R","M","$","M","R","BOSS","M","?","?","?","M","E","R","$","T","E","?","?","?","E","R","BOSS","M","$","M","?","$","E","R","?","T","?","E","M","?","M","R","BOSS","R","$","E","BOSS"],"items_purchased_type":["Relic","Card","Relic","Card","Relic","Relic","Card","Relic","Card","Relic","Relic","Relic"],"build_version":"2020-12-22","purchased_purges":4,"victory":true,"max_hp_per_floor":[75,75,75,75,75,75,75,75,75,75,75,75,75,75,75,75,75,75,75,75,75,75,75,75,75,75,75,75,75,75,75,75,75,75,75,75,75,75,75,75,75,75,75,75,75,75,75,75,75,75,75,75,75,75,88],"card_choices":[{"not_picked":["ManaConvection","UnstableBomb"],"picked":"MeteoricShower","floor":1.0},{"not_picked":["UnstableBomb","DoubleSpark"],"picked":"AsteroidBelt","floor":3.0},{"not_picked":["DoubleSpark","LuminesStrike"],"picked":"SuperPerseids","floor":4.0},{"not_picked":["MeteoricShower","GrandCross","EnergyRecoil"],"picked":"SKIP","floor":5.0},{"not_picked":["MysteriousBeam","UltimateShortwave"],"picked":"OortCloud","floor":7.0},{"not_picked":["DoubleSpark","IllusionStar","Acceleration"],"picked":"SKIP","floor":12.0},{"not_picked":["GravityBeat","Acceleration"],"picked":"ShootingEcho","floor":14.0},{"not_picked":["SuperNova","MaximisePower"],"picked":"MillisecondPulsars","floor":16.0},{"not_picked":["IllusionStar","SporeBomb","Occultation"],"picked":"SKIP","floor":18.0},{"not_picked":["DC+1","LuminesStrike","Acceleration"],"picked":"SKIP","floor":22.0},{"not_picked":["LuminesStrike+1","UnstableBomb+1"],"picked":"OpenUniverse","floor":23.0},{"not_picked":["PulseMagic","ChargingUp"],"picked":"Orbital","floor":27.0},{"not_picked":["MeteoricShower","GravityBeat"],"picked":"EarthLightRay","floor":28.0},{"not_picked":["UnstableBomb","PulseMagic","ChargeUpSpray"],"picked":"SKIP","floor":31.0},{"not_picked":["FinalSpark","CollectingQuirk"],"picked":"StarDustReverie","floor":33.0},{"not_picked":["SporeBomb"],"picked":"SKIP","floor":35.0},{"not_picked":[],"picked":"DragonMeteor+1","floor":37.0},{"not_picked":["UnstableBomb+1"],"picked":"SKIP","floor":40.0},{"not_picked":[],"picked":"EventHorizon","floor":44.0},{"not_picked":["OneTimeOff+1"],"picked":"SKIP","floor":45.0},{"not_picked":["GravityBeat"],"picked":"SKIP","floor":46.0},{"not_picked":["GrandCross"],"picked":"SKIP","floor":48},{"not_picked":["SuperPerseids"],"picked":"SKIP","floor":54}],"player_experience":156416,"relics_obtained":[{"floor":7.0,"key":"Happy Flower"},{"floor":9.0,"key":"Smiling Mask"},{"floor":10.0,"key":"Thread and Needle"},{"floor":23.0,"key":"Old Coin"},{"floor":26.0,"key":"Lantern"},{"floor":27.0,"key":"Pantograph"},{"floor":31.0,"key":"Ancient Tea Set"},{"floor":40.0,"key":"Omamori"},{"floor":42.0,"key":"CaptainsWheel"},{"floor":44.0,"key":"Calipers"},{"floor":45.0,"key":"MawBank"},{"floor":54,"key":"Bottled Flame"}],"event_choices":[{"cards_removed":["Defend_MRS"],"damage_healed":0.0,"max_hp_gain":0.0,"max_hp_loss":0.0,"gold_gain":0.0,"event_name":"Golden Wing","player_choice":"Card Removal","floor":2.0,"gold_loss":0.0,"damage_taken":7.0},{"cards_removed":["Strike_MRS"],"damage_healed":0.0,"max_hp_gain":0.0,"max_hp_loss":0.0,"gold_gain":0.0,"event_name":"The Cleric","player_choice":"Card Removal","floor":8.0,"gold_loss":50.0,"damage_taken":0.0},{"damage_healed":0.0,"max_hp_gain":0.0,"max_hp_loss":0.0,"gold_gain":0.0,"event_name":"Addict","player_choice":"Obtained Relic","floor":19.0,"gold_loss":85.0,"damage_taken":0.0,"relics_obtained":["HandmadeGrimoire"]},{"damage_healed":0.0,"max_hp_gain":0.0,"max_hp_loss":0.0,"gold_gain":0.0,"event_name":"Ghosts","player_choice":"Ignored","floor":20.0,"gold_loss":0.0,"damage_taken":0.0},{"damage_healed":0.0,"max_hp_gain":0.0,"max_hp_loss":0.0,"gold_gain":100.0,"event_name":"Golden Shrine","player_choice":"Pray","floor":21.0,"gold_loss":0.0,"damage_taken":0.0},{"damage_healed":0.0,"max_hp_gain":0.0,"max_hp_loss":0.0,"gold_gain":0.0,"event_name":"The Mausoleum","player_choice":"Opened","floor":29.0,"gold_loss":0.0,"damage_taken":0.0,"relics_obtained":["Incense Burner"],"cards_obtained":["Writhe"]},{"damage_healed":0.0,"max_hp_gain":0.0,"max_hp_loss":0.0,"gold_gain":99.0,"event_name":"Nest","player_choice":"Stole From Cult","floor":30.0,"gold_loss":0.0,"damage_taken":0.0},{"damage_healed":0.0,"max_hp_gain":0.0,"max_hp_loss":0.0,"gold_gain":0.0,"event_name":"Tomb of Lord Red Mask","player_choice":"Ignored","floor":38.0,"gold_loss":0.0,"damage_taken":0.0},{"damage_healed":0.0,"max_hp_gain":0.0,"max_hp_loss":0.0,"gold_gain":0.0,"event_name":"Mysterious Sphere","player_choice":"Fight","floor":42.0,"gold_loss":0.0,"damage_taken":0.0},{"damage_healed":0.0,"max_hp_gain":0.0,"max_hp_loss":0.0,"gold_gain":0.0,"event_name":"MindBloom","player_choice":"Fight","floor":44.0,"gold_loss":0.0,"damage_taken":0.0},{"damage_healed":0.0,"max_hp_gain":0.0,"max_hp_loss":0.0,"gold_gain":0.0,"event_name":"Duplicator","player_choice":"Copied","floor":47.0,"gold_loss":0.0,"damage_taken":0.0,"cards_obtained":["DragonMeteor"]}],"is_beta":false,"boss_relics":[{"not_picked":["Snecko Eye","Ectoplasm"],"picked":"ExperimentalFamiliar"},{"not_picked":["Cursed Key","Velvet Choker"],"picked":"Busted Crown"}],"items_purged_floors":[25,36,39,53],"is_endless":false,"potions_floor_spawned":[1,5,7,12,14,18,22,27,28,37,40,45,46,54],"ascension_level":1}}