{"host":"yvb207ks1sg3cxef","time":1608980102,"event":{"mods":["2.2 Compatiblity","BaseMod","Bestiary","Colored Powertips","Minty Spire (QoL Compilation)","Permanent Neow","Quick Restart","Relic Stats","StSLib"],"gold_per_floor":[116,116,134,134,134,134,177,177,177,221,180,198,213,237,237,333,333,346,72,72,72,72,72,112,112,112,102,115,159,159,194,194,289,289,307,307,331,354,354,354,374,398,424,13,52,52,77,93,93,93,93,93,17,50,50],"floor_reached":56,"playtime":4771,"items_purged":["Well Laid Plans","Strike_G+1"],"score":2271,"play_id":"2c167065-301c-409f-84fa-21897c0ef185","local_time":"20201226162502","is_ascension_mode":true,"campfire_choices":[{"data":"Deadly Poison","floor":6,"key":"SMITH"},{"floor":8,"key":"REST"},{"data":"Neutralize","floor":15,"key":"SMITH"},{"data":"Backflip","floor":23,"key":"SMITH"},{"data":"Survivor","floor":25,"key":"SMITH"},{"floor":32,"key":"RECALL"},{"floor":40,"key":"REST"},{"data":"All Out Attack","floor":46,"key":"SMITH"},{"floor":49,"key":"REST"},{"floor":52,"key":"REST"}],"circlet_count":0,"master_deck":["AscendersBane","Strike_G+1","Defend_G+1","Defend_G+1","Defend_G+1","Defend_G+1","Defend_G+1","Survivor+1","Neutralize+1","Backflip+1","Deadly Poison+1","Tools of the Trade+1","Acrobatics+1","Wraith Form v2+1","Backflip+1","Venomology+1","Concentrate+1","Caltrops+1","Envenom+1","All Out Attack+1","Ghostly+1","Ghostly+1","Ghostly+1","PiercingWail+1","Backflip+1","Blur+1","Adrenaline+1","Malaise+1","Backflip+1","Neutralize+1","Catalyst+1","Deflect+1","Backflip+1","Footwork+1","Noxious Fumes+1","Prepared+1","Prepared+1","Reflex+1","Calculated Gamble+1","Noxious Fumes+1"],"relics":["WristBlade","Golden Idol","Toxic Egg 2","Art of War","Bronze Scales","Frozen Egg 2","Runic Pyramid","Ancient Tea Set","MealTicket","Gremlin Horn","Molten Egg 2","HornCleat","SacredBark","War Paint","Chemical X","Omamori","Bottled Lightning"],"acts_visited":["Exordium","TheCity","TheBeyond","TheEnding"],"potions_floor_usage":[7,16,18,18,24,27,28,29,31,33,41,50,55,55],"damage_taken":[{"damage":3,"enemies":"Small Slimes","floor":1,"turns":5},{"damage":0,"enemies":"2 Louse","floor":3,"turns":4},{"damage":29,"enemies":"3 Sentries","floor":7,"turns":9},{"damage":11,"enemies":"Lagavulin","floor":10,"turns":7},{"damage":0,"enemies":"Jaw Worm","floor":12,"turns":5},{"damage":0,"enemies":"2 Fungi Beasts","floor":13,"turns":4},{"damage":0,"enemies":"Looter","floor":14,"turns":3},{"damage":25,"enemies":"Slime Boss","floor":16,"turns":12},{"damage":8,"enemies":"Spheric Guardian","floor":18,"turns":8},{"damage":0,"enemies":"Book of Stabbing","floor":24,"turns":6},{"damage":0,"enemies":"2 Thieves","floor":27,"turns":4},{"damage":1,"enemies":"Snecko","floor":28,"turns":9},{"damage":0,"enemies":"Gremlin Leader","floor":29,"turns":9},{"damage":0,"enemies":"Book of Stabbing","floor":31,"turns":7},{"damage":12,"enemies":"Collector","floor":33,"turns":17},{"damage":0,"enemies":"3 Shapes","floor":35,"turns":10},{"damage":0,"enemies":"3 Darklings","floor":37,"turns":7},{"damage":1,"enemies":"Transient","floor":38,"turns":5},{"damage":0,"enemies":"Maw","floor":41,"turns":9},{"damage":0,"enemies":"Jaw Worm Horde","floor":42,"turns":5},{"damage":0,"enemies":"Giant Head","floor":45,"turns":12},{"damage":0,"enemies":"3 Darklings","floor":47,"turns":6},{"damage":0,"enemies":"Transient","floor":48,"turns":5},{"damage":0,"enemies":"Donu and Deca","floor":50,"turns":12},{"damage":41,"enemies":"Shield and Spear","floor":54,"turns":8},{"damage":5,"enemies":"The Heart","floor":55,"turns":12}],"seed_played":"-5078091768818175012","potions_obtained":[{"floor":3,"key":"Swift Potion"},{"floor":12,"key":"DuplicationPotion"},{"floor":13,"key":"CunningPotion"},{"floor":16,"key":"Weak Potion"},{"floor":24,"key":"Swift Potion"},{"floor":48,"key":"Energy Potion"}],"is_trial":false,"path_per_floor":["M","?","M","?","T","R","E","R","T","E","?","M","M","M","R","B",null,"M","$","?","?","?","R","E","R","T","M","M","E","?","E","R","B",null,"M","?","M","M","T","R","M","M","T","$","E","R","M","M","R","B",null,"R","$","E","B",null],"character_chosen":"THE_SILENT","items_purchased":["Ancient Tea Set","Caltrops+1","Noxious Fumes+1","Chemical X","Prepared+1","Noxious Fumes+1"],"campfire_rested":4,"item_purchase_floors":[19,19,44,44,44,53],"current_hp_per_floor":[56,49,49,49,49,49,20,38,38,27,27,27,27,27,27,2,46,38,38,38,30,30,30,30,30,30,30,29,29,29,29,29,17,27,27,27,27,26,26,30,30,30,30,30,30,30,30,30,30,30,30,30,30,18,13],"gold":50,"neow_bonus":"BOSS_RELIC","is_daily":false,"chose_seed":false,"campfire_upgraded":5,"win_rate":0.0,"timestamp":1608980102,"path_taken":["M","?","M","?","?","R","E","R","T","E","?","M","M","M","R","BOSS","M","$","?","?","?","R","E","R","T","M","M","E","?","E","R","BOSS","M","?","M","?","?","R","M","M","T","$","E","R","M","M","R","BOSS","R","$","E","BOSS"],"items_purchased_type":["Relic","Card","Card","Relic","Card","Card"],"build_version":"2020-12-22","purchased_purges":2,"victory":true,"max_hp_per_floor":[66,66,66,60,60,60,60,60,60,60,60,60,60,60,60,60,60,60,60,60,30,30,30,30,30,30,30,30,30,30,30,30,30,30,30,30,30,30,30,30,30,30,30,30,30,30,30,30,30,30,30,30,30,30,30],"relic_stats":{"Gremlin Horn":[24,24],"counters":[26,200],"Golden Idol":186,"Bronze Scales":[751],"MealTicket":0,"Art of War":[89],"Chemical X":[7],"War Paint":[],"obtain_stats":[{"Gremlin Horn":26,"Golden Idol":4,"SacredBark":34,"Omamori":45,"Frozen Egg 2":10,"War Paint":43,"Ancient Tea Set":19,"HornCleat":31,"WristBlade":0,"Bronze Scales":9,"MealTicket":24,"Molten Egg 2":29,"Art of War":7,"Chemical X":44,"Bottled Lightning":54,"Toxic Egg 2":5,"Ring of the Snake":0,"Runic Pyramid":17},{"Gremlin Horn":10,"Golden Idol":2,"SacredBark":15,"Omamori":21,"Frozen Egg 2":4,"War Paint":20,"Ancient Tea Set":9,"HornCleat":14,"WristBlade":0,"Bronze Scales":3,"MealTicket":10,"Molten Egg 2":13,"Art of War":3,"Chemical X":20,"Bottled Lightning":25,"Toxic Egg 2":2,"Ring of the Snake":0,"Runic Pyramid":8},{"Gremlin Horn":63,"Golden Idol":9,"SacredBark":109,"Omamori":157,"Frozen Egg 2":25,"War Paint":145,"Ancient Tea Set":57,"HornCleat":92,"WristBlade":0,"Bronze Scales":18,"MealTicket":63,"Molten Egg 2":85,"Art of War":18,"Chemical X":145,"Bottled Lightning":188,"Toxic Egg 2":9,"Ring of the Snake":0,"Runic Pyramid":49}]},"card_choices":[{"not_picked":["Sucker Punch","Outmaneuver"],"picked":"Backflip","floor":1},{"not_picked":["Acrobatics","Quick Slash"],"picked":"Deadly Poison","floor":3},{"not_picked":["Distraction+1","Poisoned Stab"],"picked":"Well Laid Plans","floor":7},{"not_picked":["Envenom+1","Acrobatics+1"],"picked":"Tools of the Trade+1","floor":10},{"not_picked":["Flying Knee","Blade Dance+1"],"picked":"Acrobatics+1","floor":12},{"not_picked":["Dodge and Roll+1","Blur+1"],"picked":"Wraith Form v2+1","floor":13},{"not_picked":["Deflect+1","Poisoned Stab"],"picked":"Backflip+1","floor":14},{"not_picked":["Phantasmal Killer+1","Envenom+1"],"picked":"Venomology+1","floor":16},{"not_picked":["Blade Dance+1","Masterful Stab"],"picked":"Concentrate+1","floor":18},{"not_picked":["Skewer","Bane"],"picked":"PiercingWail+1","floor":24},{"not_picked":["All Out Attack","Poisoned Stab"],"picked":"Backflip+1","floor":27},{"not_picked":["Poisoned Stab","Acrobatics+1","Sucker Punch"],"picked":"SKIP","floor":28},{"not_picked":["Dagger Spray+1","Deflect+1"],"picked":"Blur+1","floor":29},{"not_picked":["Acrobatics+1","Bullet Time+1"],"picked":"Adrenaline+1","floor":31},{"not_picked":["Bullet Time+1","After Image+1"],"picked":"Malaise+1","floor":33},{"not_picked":["Underhanded Strike+1","Deflect+1"],"picked":"Backflip+1","floor":35},{"not_picked":["PiercingWail+1","Well Laid Plans+1"],"picked":"Deflect+1","floor":37},{"not_picked":["Predator+1","Dagger Spray+1","Dash+1"],"picked":"SKIP","floor":38},{"not_picked":["Well Laid Plans+1","Quick Slash+1"],"picked":"Backflip+1","floor":41},{"not_picked":["Eviscerate+1","Dagger Spray+1"],"picked":"Footwork+1","floor":42},{"not_picked":["Poisoned Stab+1","Glass Knife+1"],"picked":"Prepared+1","floor":45},{"not_picked":["Eviscerate+1","Bane+1"],"picked":"Reflex+1","floor":47},{"not_picked":["Flying Knee+1","Cloak And Dagger+1"],"picked":"Calculated Gamble+1","floor":48},{"not_picked":["Unload+1","Riddle With Holes+1","Deadly Poison+1"],"picked":"SKIP","floor":54}],"player_experience":206691,"relics_obtained":[{"floor":5,"key":"Toxic Egg 2"},{"floor":7,"key":"Art of War"},{"floor":9,"key":"Bronze Scales"},{"floor":10,"key":"Frozen Egg 2"},{"floor":24,"key":"MealTicket"},{"floor":26,"key":"Gremlin Horn"},{"floor":29,"key":"Molten Egg 2"},{"floor":31,"key":"HornCleat"},{"floor":43,"key":"War Paint"},{"floor":45,"key":"Omamori"},{"floor":54,"key":"Bottled Lightning"}],"event_choices":[{"cards_removed":["Strike_G"],"damage_healed":0,"gold_gain":0,"player_choice":"Card Removal","damage_taken":7,"max_hp_gain":0,"max_hp_loss":0,"event_name":"Golden Wing","floor":2,"gold_loss":0},{"damage_healed":0,"gold_gain":0,"player_choice":"Lose Max HP","damage_taken":0,"relics_obtained":["Golden Idol"],"max_hp_gain":0,"max_hp_loss":6,"event_name":"Golden Idol","floor":4,"gold_loss":0},{"damage_healed":0,"gold_gain":0,"player_choice":"Left Gold","damage_taken":0,"max_hp_gain":0,"max_hp_loss":0,"event_name":"World of Goop","floor":11,"gold_loss":41},{"damage_healed":0,"gold_gain":0,"cards_transformed":["Strike_G","Strike_G"],"player_choice":"Became Test Subject","damage_taken":0,"max_hp_gain":0,"max_hp_loss":0,"event_name":"Drug Dealer","floor":20,"gold_loss":0,"cards_obtained":["Envenom","All Out Attack"]},{"damage_healed":0,"gold_gain":0,"player_choice":"Became a Ghost","damage_taken":0,"max_hp_gain":0,"max_hp_loss":30,"event_name":"Ghosts","floor":21,"gold_loss":0,"cards_obtained":["Ghostly","Ghostly","Ghostly"]},{"damage_healed":0,"gold_gain":0,"player_choice":"Simplicity","damage_taken":0,"max_hp_gain":0,"max_hp_loss":0,"event_name":"Back to Basics","floor":22,"gold_loss":0,"cards_upgraded":["Strike_G","Strike_G","Defend_G","Defend_G","Defend_G","Defend_G","Defend_G"]},{"damage_healed":0,"gold_gain":0,"player_choice":"Ignored","damage_taken":0,"max_hp_gain":0,"max_hp_loss":0,"event_name":"Vampires","floor":30,"gold_loss":0},{"damage_healed":0,"gold_gain":0,"player_choice":"2 cards matched","damage_taken":0,"max_hp_gain":0,"max_hp_loss":0,"event_name":"Match and Keep!","floor":36,"gold_loss":0,"cards_obtained":["Neutralize","Catalyst"]}],"is_beta":false,"boss_relics":[{"not_picked":["Coffee Dripper","Busted Crown"],"picked":"Runic Pyramid"},{"not_picked":["Runic Dome","Snecko Eye"],"picked":"SacredBark"}],"items_purged_floors":[19,44],"is_endless":false,"potions_floor_spawned":[3,12,13,16,18,24,28,35,41,48,54],"ascension_level":16}}