{"host":"lvglfvqy3xrupc2a","time":1608947236,"event":{"mods":["Act Like it!","Aspiration","BaseMod","Better Altar","Better Match","Better Note","Better Sensory Stone","Better Skull","Better Third Choice","BetterRewards","Conspire","Friendly Minions","Gensokyo","Grow up Mod","Hallownest","Hubris","HumanHunterMod(????mod)","Humility","Infinite Spire","Mimic Mod","Minty Spire (QoL Compilation)","MostiFishMod","Remove Card Discount Mod","Replay The Spire","Reworked Bosses","Spicy Shops","StSLib","The Blackbeard","The Blue Laboratory","The Factory","Uncapped","Wandering Minibosses","[IsaacMod]????","vexMod"],"gold_per_floor":[151,151,20,35,47,75,75,108,146,179,93,93,126,138,138,237,337,357,375,395,495,390,422,422,454,454,473,502,513,513,530,530,629,629,642,642,642,642,660,673,706,724,747,747,780,780,795,825,825,825],"floor_reached":51,"playtime":2771,"items_purged":[],"score":1215,"play_id":"728ee05e-af94-4737-8501-0ec54af42016","local_time":"20201225194716","is_ascension_mode":true,"campfire_choices":[{"data":"EpicFetus","floor":12.0,"key":"SMITH"},{"data":"blackbeard:GoldenDefense","floor":15.0,"key":"SMITH"},{"data":"blackbeard:BoostMorale","floor":32,"key":"SMITH"},{"data":"blackbeard:Halberd","floor":44,"key":"SMITH"}],"circlet_count":0,"master_deck":["blackbeard:BlackbeardStrike","blackbeard:BlackbeardStrike+1","blackbeard:BlackbeardStrike","blackbeard:BlackbeardStrike","blackbeard:IntimidatingStrike","blackbeard:BlackbeardDefend","blackbeard:BlackbeardDefend","blackbeard:BlackbeardDefend","blackbeard:BlackbeardDefend","blackbeard:Cutlass","EpicFetus+1","blackbeard:Spear","blackbeard:CloakAndCannonball","blackbeard:BlindAttacks+1","blackbeard:Shrapnel","blackbeard:TacticalRetreat","blackbeard:CaptainsHat+1","blackbeard:Spear","blackbeard:GoldenDefense+1","blackbeard:InfiniteBarrage+1","blackbeard:BeatUp","blackbeard:PirateStrength+1","blackbeard:GoldenStrike+1","blackbeard:BoostMorale+1","blackbeard:Rum+1","blackbeard:PowderKeg","blackbeard:CatONineTails+1","blackbeard:RearmingStrike+1","blackbeard:WiseDefense","blackbeard:Eyepatch+1","blackbeard:TacticalRetreat","blackbeard:Anchor","blackbeard:WiseDefense+1","blackbeard:PiratesWill","blackbeard:Sword+1","blackbeard:Halberd+1","blackbeard:PiratesWill+1","blackbeard:FieryDefense","blackbeard:TacticalRetreat","blackbeard:CaptainsHat+1","blackbeard:TacticalRetreat","blackbeard:DeadlyArsenal+1","blackbeard:BlindAttacks+1","blackbeard:GoldenGuillotine"],"relics":["blackbeard:LoadTheCannons","HushsDoor","DaveBox","SteamSale","Nloth\u0027s Gift","BookofShadows","SynthV:TestCard","Hallownest:DreamNailRelic","Frozen Egg 2","hubris:CuriousFeather","ReplayFunnel","Centennial Puzzle","infinitespire:Satchel","blackbeard:Spearhead","Whetstone","conspire:TopHat","Happy Flower","Pantograph","Replay:Wanted Poster","Replay:Baseball","BelialBook","Replay:Mystery Machine","aspiration:HatOfInfinitePower","wanderingMiniBosses:AbyssPearl","hubris:GlazedTorus","vexMod:BarristanHead","aspiration:ArtOfWarUpgrade","Juzu Bracelet"],"acts_visited":["Exordium","Hallownest:Greenpath","Hallownest:CityofTears"],"potions_floor_usage":[],"damage_taken":[{"damage":24.0,"enemies":"conspire:MimicChest","floor":0.0,"turns":4.0},{"damage":6.0,"enemies":"Hallownest:2_MossCreeps","floor":1.0,"turns":5.0},{"damage":0.0,"enemies":"2_ Uuma","floor":4.0,"turns":3.0},{"damage":2.0,"enemies":"Hallownest:monsterHuskGuard","floor":5.0,"turns":4.0},{"damage":11.0,"enemies":"Hallownest:eliteMossKnight","floor":6.0,"turns":6.0},{"damage":4.0,"enemies":"Hallownest:eliteVengeflyKing","floor":8.0,"turns":5.0},{"damage":0.0,"enemies":"Hallownest:MossCreep_and_Mosskin","floor":9.0,"turns":3.0},{"damage":0.0,"enemies":"Hallownest:eliteMossKnight","floor":10.0,"turns":5.0},{"damage":2.0,"enemies":"Hallownest:eliteVengeflyKing","floor":13.0,"turns":3.0},{"damage":0.0,"enemies":"Hallownest:MossCreep_and_Mosskin","floor":14.0,"turns":3.0},{"damage":72.0,"enemies":"Hallownest:BossHornet","floor":16.0,"turns":7.0},{"damage":9.0,"enemies":"Hallownest:Flukemon_and_Top","floor":18.0,"turns":3.0},{"damage":16.0,"enemies":"Hallownest:Guard_and_Sentry","floor":19.0,"turns":7.0},{"damage":0.0,"enemies":"Hallownest:monsterShrumalOgre","floor":20.0,"turns":3.0},{"damage":37.0,"enemies":"Hallownest:eliteSoulWarrior","floor":23.0,"turns":5.0},{"damage":24.0,"enemies":"Nightmare","floor":25.0,"turns":6.0},{"damage":0.0,"enemies":"Hallownest:Warrior_and_Youth","floor":26.0,"turns":4.0},{"damage":7,"enemies":"Hallownest:Warrior_and_Youth","floor":27,"turns":3},{"damage":11,"enemies":"Hallownest:eliteSoulWarrior","floor":28,"turns":4},{"damage":0,"enemies":"Hallownest:Master_and_Novice","floor":29,"turns":2},{"damage":8,"enemies":"Hallownest:3_Mistakes","floor":31,"turns":4},{"damage":53,"enemies":"Hallownest:BossGrimm","floor":33,"turns":6},{"damage":27,"enemies":"Hallownest:2_Littles","floor":35,"turns":4},{"damage":10,"enemies":"Hallownest:2_Littles","floor":36,"turns":5},{"damage":6,"enemies":"Hallownest:2_Littles","floor":36,"turns":3},{"damage":37,"enemies":"Hallownest:2_Littles","floor":36,"turns":4},{"damage":28,"enemies":"Hallownest:2_Littles","floor":36,"turns":9},{"damage":22,"enemies":"Hallownest:3_Siblings","floor":39,"turns":5},{"damage":12,"enemies":"Hallownest:Slobbering_and_Violent","floor":40,"turns":5},{"damage":59,"enemies":"Hallownest:StalkingDevout","floor":41,"turns":5},{"damage":6,"enemies":"Hallownest:2_Wandering_and_1_Horned","floor":42,"turns":6},{"damage":0,"enemies":"Hallownest:eliteCollector","floor":45,"turns":6},{"damage":2,"enemies":"Hallownest:monsterPrimalAspid","floor":47,"turns":2},{"damage":12,"enemies":"Hallownest:StalkingDevout","floor":48,"turns":5},{"damage":55,"enemies":"Hallownest:BossHollowKnight","floor":50,"turns":4}],"seed_played":"8850504974849663821","potions_obtained":[{"floor":4.0,"key":"FearPotion"},{"floor":6.0,"key":"blueLaboratory:AbyssPotion"},{"floor":8.0,"key":"Weak Potion"},{"floor":18.0,"key":"blueLaboratory:BottleOfRum"},{"floor":31,"key":"BlessingOfTheForge"}],"is_trial":false,"path_per_floor":["M","?","$","M","M","E","?","E","MIM","E","$","R","E","M","R","B",null,"M","M","M","?","$","E","?","NM","MIM","M","E","M","?","M","R","B",null,"M","?","?","?","M","M","E","M","T","R","E","R","M","E","R","B",null],"character_chosen":"BLACKBEARD_CLASS","items_purchased":["Frozen Egg 2","blackbeard:BlindAttacks","Happy Flower","blackbeard:BeatUp","Replay:Baseball","blackbeard:WiseDefense"],"campfire_rested":0,"item_purchase_floors":[3,3,11,11,22,22],"current_hp_per_floor":[65,75,85,95,103,102,21,27,37,47,57,67,75,85,95,58,208,209,203,213,223,233,206,230,216,226,229,228,238,286,288,298,280,391,374,303,313,323,311,309,260,264,274,284,294,304,312,310,320,300],"gold":825,"neow_bonus":"RANDOM_EVENT","is_daily":false,"chose_seed":false,"campfire_upgraded":4,"win_rate":0.0,"timestamp":1608947236,"path_taken":["M","?","?","M","M","E","?","E","MIM","E","$","R","E","M","R","BOSS","M","M","M","?","?","E","?","NM","MIM","M","E","M","?","M","R","BOSS","M","?","?","?","?","M","E","M","T","R","E","R","M","E","R","BOSS"],"items_purchased_type":["Relic","Card","Relic","Card","Relic","Card"],"build_version":"2020-12-22","purchased_purges":0,"victory":true,"max_hp_per_floor":[95,105,115,125,135,145,155,165,175,185,195,205,215,225,235,245,255,265,275,285,295,305,315,325,335,345,355,365,375,385,395,405,415,425,435,445,455,465,475,485,495,505,515,525,535,545,555,565,575,585],"card_choices":[{"not_picked":[],"picked":"EpicFetus","floor":0.0},{"not_picked":["blackbeard:BlindAttacks","blackbeard:CannonballSupply"],"picked":"blackbeard:Spear","floor":0.0},{"not_picked":["blackbeard:BlindAttacks","blackbeard:DeadlyArsenal"],"picked":"blackbeard:CloakAndCannonball","floor":1.0},{"not_picked":["blackbeard:BrownPants+1","blackbeard:Parrot+1","blackbeard:Fencing","blackbeard:PiratesWill"],"picked":"blackbeard:Shrapnel","floor":4.0},{"not_picked":["blackbeard:CloakAndCannonball","blackbeard:Toast","blackbeard:DoubleBottom","blackbeard:RearmingStrike"],"picked":"blackbeard:TacticalRetreat","floor":5.0},{"not_picked":["blackbeard:GoldenRain","blackbeard:CatONineTails","blackbeard:CannonBarrage","blackbeard:Parrot+1"],"picked":"blackbeard:CaptainsHat+1","floor":6.0},{"not_picked":["blackbeard:WeaponProficiency+1","blackbeard:Intoxication+1","blackbeard:Sharpening","blackbeard:WeaponMastery+1"],"picked":"blackbeard:Spear","floor":8.0},{"not_picked":["blackbeard:Shrapnel","blackbeard:Toast","blackbeard:GoldenCannonball","blackbeard:DelayedPain"],"picked":"blackbeard:GoldenDefense","floor":9.0},{"not_picked":["blackbeard:ChaoticDefense","blackbeard:DeadlyArsenal","blackbeard:BuriedTreasure","blackbeard:BlindAttacks"],"picked":"blackbeard:InfiniteBarrage+1","floor":10.0},{"not_picked":["blackbeard:SmithingHammer","blackbeard:FieryDefense","blackbeard:CannonBarrage","blackbeard:Fencing"],"picked":"blackbeard:PirateStrength+1","floor":13.0},{"not_picked":["blackbeard:MegaUpgrade","blackbeard:PiratesWill","blackbeard:Fencing","blackbeard:GoldenCannonball"],"picked":"blackbeard:GoldenStrike","floor":14.0},{"not_picked":["blackbeard:PirateStrength+1","blackbeard:Intoxication+1","blackbeard:BountyHunter","blackbeard:GoldenGuillotine"],"picked":"blackbeard:BoostMorale","floor":16.0},{"not_picked":["blackbeard:Spear","blackbeard:WiseDefense","blackbeard:Dagger","blackbeard:Fencing"],"picked":"blackbeard:Rum+1","floor":18.0},{"not_picked":["blackbeard:BountyHunter","blackbeard:Bandana+1","blackbeard:Sharpening","blackbeard:Spear"],"picked":"blackbeard:PowderKeg","floor":19.0},{"not_picked":["blackbeard:PiratesWill","blackbeard:DeadlyArsenal","blackbeard:VengefulSpirit","blackbeard:DangerousBlow"],"picked":"blackbeard:CatONineTails+1","floor":20.0},{"not_picked":["blackbeard:TheDrunkenSailor+1","blackbeard:Fencing","blackbeard:Spear","blackbeard:DoubleBottom"],"picked":"blackbeard:RearmingStrike+1","floor":21.0},{"not_picked":["blackbeard:VengefulSpirit","blackbeard:TheDrunkenSailor+1","blackbeard:InfiniteBarrage+1","blackbeard:Intoxication+1"],"picked":"blackbeard:Eyepatch+1","floor":23.0},{"not_picked":["blackbeard:GoldenDefense","blackbeard:InfiniteBarrage+1","blackbeard:UndeadForm+1","blackbeard:FinalBarrage"],"picked":"blackbeard:TacticalRetreat","floor":25.0},{"not_picked":["blackbeard:Toast","blackbeard:GoldenStrike+1","blackbeard:CatONineTails","blackbeard:HumongousCannonball"],"picked":"blackbeard:Anchor","floor":27},{"not_picked":["blackbeard:GhostInTheRum","blackbeard:PowderKeg+1","blackbeard:GoldenGuillotine","blackbeard:CatONineTails"],"picked":"blackbeard:WiseDefense+1","floor":28},{"not_picked":["blackbeard:RearmingStrike","blackbeard:SwordDance","blackbeard:Spear","blackbeard:AgileStrike+1"],"picked":"blackbeard:PiratesWill","floor":29},{"not_picked":["blackbeard:JollyRoger","blackbeard:Sharpening","blackbeard:InfiniteBarrage+1","blackbeard:TacticalRetreat+1"],"picked":"blackbeard:Sword+1","floor":31},{"not_picked":["blackbeard:GoldenGuillotine","blackbeard:FinalBarrage","blackbeard:Lifeboat","blackbeard:BoostMorale"],"picked":"blackbeard:Halberd","floor":33},{"not_picked":["blackbeard:VengefulSpirit+1","blackbeard:BlindAttacks","blackbeard:Spear","blackbeard:AgileStrike"],"picked":"blackbeard:PiratesWill+1","floor":35},{"not_picked":["blackbeard:Sharpening+1","blackbeard:Recklessness+1","blackbeard:GoldenCannonball+1","blackbeard:GhostInTheRum+1"],"picked":"blackbeard:FieryDefense","floor":39},{"not_picked":["blackbeard:CloakAndCannonball+1","blackbeard:BeatUp","blackbeard:Toast","blackbeard:Spear"],"picked":"blackbeard:TacticalRetreat","floor":40},{"not_picked":["blackbeard:PowderKeg+1","blackbeard:BlindAttacks+1","blackbeard:Lifeboat","blackbeard:Revenge"],"picked":"blackbeard:CaptainsHat+1","floor":41},{"not_picked":["blackbeard:ArmorUp+1","blackbeard:FishingNets","blackbeard:ChaoticDefense+1","blackbeard:BeatUp"],"picked":"blackbeard:TacticalRetreat","floor":42},{"not_picked":["blackbeard:Shrapnel+1","blackbeard:Revenge","blackbeard:BoostMorale","blackbeard:CatONineTails"],"picked":"blackbeard:DeadlyArsenal+1","floor":45},{"not_picked":["blackbeard:GoldenStrike","blackbeard:DelayedPain","blackbeard:TacticalRetreat","blackbeard:BeatUp+1"],"picked":"blackbeard:BlindAttacks+1","floor":47},{"not_picked":["blackbeard:CatONineTails","blackbeard:TheDrunkenSailor+1","blackbeard:JollyRoger","blackbeard:PiratesWill"],"picked":"blackbeard:GoldenGuillotine","floor":48}],"player_experience":1093203,"relics_obtained":[{"floor":0.0,"key":"BookofShadows"},{"floor":1.0,"key":"SynthV:TestCard"},{"floor":6.0,"key":"hubris:CuriousFeather"},{"floor":8.0,"key":"blackbeard:Spearhead"},{"floor":9.0,"key":"Whetstone"},{"floor":10.0,"key":"conspire:TopHat"},{"floor":13.0,"key":"Pantograph"},{"floor":23.0,"key":"BelialBook"},{"floor":25.0,"key":"Replay:Mystery Machine"},{"floor":28,"key":"aspiration:HatOfInfinitePower"},{"floor":35,"key":"wanderingMiniBosses:AbyssPearl"},{"floor":41,"key":"hubris:GlazedTorus"},{"floor":43,"key":"vexMod:BarristanHead"},{"floor":45,"key":"Art of War"},{"floor":48,"key":"Juzu Bracelet"}],"event_choices":[{"damage_healed":0.0,"max_hp_gain":0.0,"max_hp_loss":0.0,"gold_gain":0.0,"event_name":"betterSkull:BetterSkull","player_choice":"RE RE RE ","floor":7.0,"gold_loss":0.0,"damage_taken":97.0,"cards_upgraded":[],"relics_obtained":["ReplayFunnel","Centennial Puzzle","infinitespire:Satchel"]}],"is_beta":false,"boss_relics":[{"not_picked":["Cursed Key","Transparent"],"picked":"Replay:Wanted Poster"},{"not_picked":[]},{"not_picked":["Velvet Choker","Pandora\u0027s Box","blackbeard:SoberMinded"]}],"items_purged_floors":[],"is_endless":false,"potions_floor_spawned":[4,6,8,14,16,18,20,23,28,31,36,36,39,41,47,48],"ascension_level":5}}