{"host":"w31as9kcl9qjbzmo","time":1608992748,"event":{"mods":["BaseMod","Friendly Minions","Lobotomy","Minty Spire (QoL Compilation)","StSLib"],"gold_per_floor":[113,131,106,181,196,225,223,173,200,44,44,26,26,45,45,103,103,118,128,121,134,132,132,142,142,197,197,79,96,111,131,131,131,131],"floor_reached":33,"playtime":3099,"items_purged":["Mimicry"],"score":384,"play_id":"b1c13300-40af-4fc9-ab54-9f3da12598c4","local_time":"20201226232548","is_ascension_mode":false,"campfire_choices":[{"floor":11,"key":"RECALL"}],"circlet_count":0,"master_deck":["SpecialBullet","SpecialBullet","SpecialBullet","SpecialBullet","SpecialBullet","SpecialBullet","InformationCode","SecurityCode","DisciplinaryCode","VoidDream","CrimsonScar","Scarecrow","Regret_ego","Soda","Woodsman","WristCuter","Freischutz","RapturousDream","PunishingBird","Horn","GreedKing","Christmas","BlueScar","Heaven","UniverseFragment","Horn","FieryBird","SoundOfStar","RedShoes","Penitence","BigBird","Horn","Murderer","Penitence","ControlCode","Wellcheers","RedEyes","OSAHOGD","TodaysExpression","TT2Protocol","BodiesMountain","Diffraction+1","SummonCall","CentralCode","CherryBlossoms","Regret_ego","Bloodbath","Gaze+1","ExtractionCode","NakedNest","SomewhereSpear","LongBird","Soda"],"relics":["CogitoBucket","Ancient Tea Set","LuminousBracelet","BehaviorAdjustment","Pen Nib","AtMidnight","SkinProphecy"],"acts_visited":["Exordium","TheCity"],"potions_floor_usage":[8,28,31,33],"damage_taken":[{"damage":6,"enemies":"Cultist","floor":1,"turns":3},{"damage":11,"enemies":"Jaw Worm","floor":2,"turns":2},{"damage":10,"enemies":"Small Slimes","floor":5,"turns":3},{"damage":36,"enemies":"Lagavulin","floor":6,"turns":7},{"damage":10,"enemies":"Looter","floor":7,"turns":2},{"damage":28,"enemies":"Gremlin Gang","floor":8,"turns":3},{"damage":18,"enemies":"3 Louse","floor":12,"turns":1},{"damage":14,"enemies":"Red Slaver","floor":14,"turns":2},{"damage":57,"enemies":"Hexaghost","floor":16,"turns":8},{"damage":22,"enemies":"Chosen","floor":18,"turns":6},{"damage":87,"enemies":"2 Thieves","floor":19,"turns":8},{"damage":91,"enemies":"3 Cultists","floor":20,"turns":6},{"damage":47,"enemies":"Snake Plant","floor":21,"turns":5},{"damage":50,"enemies":"Shelled Parasite and Fungi","floor":22,"turns":5},{"damage":20,"enemies":"Sentry and Sphere","floor":24,"turns":5},{"damage":195,"enemies":"3 Cultists","floor":28,"turns":18},{"damage":117,"enemies":"Snecko","floor":29,"turns":7},{"damage":26,"enemies":"Snake Plant","floor":30,"turns":5},{"damage":25,"enemies":"Shelled Parasite and Fungi","floor":31,"turns":6},{"damage":121,"enemies":"Automaton","floor":33,"turns":6}],"seed_played":"-4223003094637806808","potions_obtained":[{"floor":2,"key":"Explosive Potion"},{"floor":5,"key":"SkillPotion"},{"floor":12,"key":"SkillPotion"},{"floor":16,"key":"SpeedPotion"},{"floor":18,"key":"LiquidMemories"},{"floor":22,"key":"Energy Potion"},{"floor":30,"key":"FearPotion"}],"is_trial":false,"path_per_floor":["M","M","$","?","M","E","M","M","T","$","R","M","R","M","R","B",null,"M","M","M","M","M","R","M","R","T","R","M","M","M","M","R","B"],"character_chosen":"Angela","items_purchased":["Soda","BlueScar"],"campfire_rested":0,"item_purchase_floors":[3,10],"current_hp_per_floor":[63,60,60,49,47,33,42,63,63,63,63,68,68,73,73,63,86,90,94,64,56,36,36,50,50,50,50,105,35,29,60,60,0,0],"gold":131,"neow_bonus":"THREE_RARE_CARDS","is_daily":false,"chose_seed":false,"campfire_upgraded":0,"win_rate":0.0,"timestamp":1608992748,"path_taken":["M","M","$","?","M","E","M","M","T","?","R","M","R","M","R","BOSS","M","M","M","M","M","R","M","R","T","R","M","M","M","M","R","BOSS"],"items_purchased_type":["Card","Card"],"build_version":"2020-12-22","purchased_purges":1,"victory":false,"max_hp_per_floor":[63,63,63,63,63,63,63,78,78,78,78,78,78,82,82,86,86,90,94,98,102,106,106,110,110,110,110,114,120,126,132,132,134,134],"card_choices":[{"not_picked":["Adoration","Justitia"],"picked":"Mimicry","floor":0},{"not_picked":["CrumblingArmor","GalaxyChild"],"picked":"VoidDream","floor":1},{"not_picked":["Regret_ego"],"picked":"CrimsonScar","floor":1},{"not_picked":["SnowQueen","BeautyBeast"],"picked":"Scarecrow","floor":2},{"not_picked":["Loneliness"],"picked":"Regret_ego","floor":2},{"not_picked":["FairyFestival","BlackSwan"],"picked":"Woodsman","floor":5},{"not_picked":["Noise"],"picked":"WristCuter","floor":5},{"not_picked":["BeautyBeast","CherryBlossoms"],"picked":"Freischutz","floor":6},{"not_picked":["CherryBlossom"],"picked":"RapturousDream","floor":6},{"not_picked":["FairyFestival","OldLady"],"picked":"PunishingBird","floor":7},{"not_picked":["Beak"],"picked":"Horn","floor":7},{"not_picked":["SpiderBud","RedShoes"],"picked":"GreedKing","floor":8},{"not_picked":["Wingbeat"],"picked":"Christmas","floor":8},{"not_picked":["Loneliness"],"picked":"Heaven","floor":12},{"not_picked":["CherryBlossoms","Variant"],"picked":"UniverseFragment","floor":14},{"not_picked":["Regret_ego"],"picked":"Horn","floor":14},{"not_picked":["QueenBee","SingingMachine"],"picked":"FieryBird","floor":16},{"not_picked":["Mimicry"],"picked":"SoundOfStar","floor":16},{"not_picked":["Scorched","BeautyBeast"],"picked":"RedShoes","floor":18},{"not_picked":["Beak+1"],"picked":"Penitence","floor":18},{"not_picked":["BlackSwan","Mercenary"],"picked":"BigBird","floor":19},{"not_picked":["CUTE+1"],"picked":"Horn","floor":19},{"not_picked":["Laetitia","Alriune"],"picked":"Murderer","floor":20},{"not_picked":["Heaven"],"picked":"Penitence","floor":20},{"not_picked":["Laetitia","ShyLook"],"picked":"Wellcheers","floor":21},{"not_picked":["BlackSwan_ego+1"],"picked":"RedEyes","floor":21},{"not_picked":["HappyTeddy","NakedNest"],"picked":"OSAHOGD","floor":22},{"not_picked":["Pinks"],"picked":"TodaysExpression","floor":22},{"not_picked":["DreamingCurrent","Laetitia"],"picked":"BodiesMountain","floor":24},{"not_picked":["Harmony"],"picked":"Diffraction+1","floor":24},{"not_picked":["SpiderBud","BeautyBeast"],"picked":"CherryBlossoms","floor":28},{"not_picked":["Amita"],"picked":"Regret_ego","floor":28},{"not_picked":["DreamingCurrent","DespairKnight"],"picked":"Bloodbath","floor":29},{"not_picked":["Mimicry"],"picked":"Gaze+1","floor":29},{"not_picked":["MeatLantern","Alriune"],"picked":"NakedNest","floor":30},{"not_picked":["Lantern","Regret_ego"],"picked":"SKIP","floor":30},{"not_picked":["Tough"],"picked":"SomewhereSpear","floor":31},{"not_picked":["ShyLook","Variant"],"picked":"LongBird","floor":31},{"not_picked":["InTheNameOfLoveAndHate+1"],"picked":"Soda","floor":31}],"player_experience":343875,"relics_obtained":[{"floor":6,"key":"Ancient Tea Set"},{"floor":26,"key":"Pen Nib"},{"floor":28,"key":"AtMidnight"}],"event_choices":[{"damage_healed":0,"gold_gain":75,"player_choice":"Gather Gold","damage_taken":11,"max_hp_gain":0,"max_hp_loss":0,"event_name":"World of Goop","floor":4,"gold_loss":0}],"is_beta":false,"boss_relics":[{"not_picked":["Runic Dome","Ectoplasm","Philosopher\u0027s Stone"]}],"items_purged_floors":[10],"is_endless":false,"potions_floor_spawned":[2,5,12,16,18,21,22,30],"killed_by":"Automaton","ascension_level":0}}