{"host":"x4x6fw95e6eqd4n0","time":1608941825,"event":{"mods":["AchievementEnabler","BaseMod","Colored Map","Colored Powertips","DeckTracker","Minty Spire (QoL Compilation)","Shop Mod"],"gold_per_floor":[118,135,60,79,79,79,79,79,102,2,15,50,50,90,90,90,90],"floor_reached":16,"playtime":488,"items_purged":["Strike_P","Strike_P"],"score":133,"play_id":"c7ef9041-c672-4c35-8b31-2f3145c0fb17","local_time":"20201226021705","is_ascension_mode":false,"campfire_choices":[{"data":"Eruption","floor":6,"key":"SMITH"},{"data":"Conclude","floor":13,"key":"SMITH"},{"data":"Crescendo","floor":15,"key":"SMITH"}],"circlet_count":0,"master_deck":["Strike_P","Defend_P","Defend_P","Defend_P","Defend_P","Eruption+1","Vigilance","ClearTheMind","FollowUp","Meditate","Evaluate","Conclude+1","Crescendo+1"],"relics":["Coffee Dripper","Golden Idol","FaceOfCleric","Vajra","Strawberry","PreservedInsect"],"acts_visited":["Exordium"],"potions_floor_usage":[1,12,14,16],"damage_taken":[{"damage":0,"enemies":"Cultist","floor":1,"turns":4},{"damage":0,"enemies":"2 Louse","floor":2,"turns":2},{"damage":0,"enemies":"Small Slimes","floor":4,"turns":2},{"damage":8,"enemies":"Red Slaver","floor":11,"turns":4},{"damage":6,"enemies":"Gremlin Nob","floor":12,"turns":3},{"damage":20,"enemies":"Lagavulin","floor":14,"turns":4},{"damage":29,"enemies":"Hexaghost","floor":16,"turns":7}],"seed_played":"5059922665483113258","potions_obtained":[{"floor":1,"key":"Fruit Juice"},{"floor":2,"key":"FearPotion"},{"floor":4,"key":"LiquidMemories"},{"floor":11,"key":"SpeedPotion"}],"is_trial":false,"path_per_floor":["M","M","$","M","?","R","?","?","T","$","M","E","R","E","R","B"],"character_chosen":"WATCHER","items_purchased":[],"campfire_rested":0,"item_purchase_floors":[],"current_hp_per_floor":[77,77,77,77,70,70,51,51,51,51,44,46,46,27,27,0,0],"gold":90,"neow_bonus":"BOSS_RELIC","is_daily":false,"chose_seed":false,"campfire_upgraded":3,"win_rate":0.0,"timestamp":1608941825,"path_taken":["M","M","?","?","?","R","?","?","T","$","M","E","R","E","R","BOSS"],"items_purchased_type":[],"build_version":"2020-12-13","purchased_purges":2,"victory":false,"max_hp_per_floor":[77,77,77,77,77,77,77,77,77,77,78,86,86,87,87,87,87],"card_choices":[{"not_picked":["Indignation","Conclude"],"picked":"ClearTheMind","floor":1},{"not_picked":["PathToVictory","SandsOfTime"],"picked":"FollowUp","floor":2},{"not_picked":["JustLucky","SashWhip"],"picked":"Meditate","floor":4},{"not_picked":["Prostrate","Consecrate"],"picked":"Evaluate","floor":11},{"not_picked":["InnerPeace","Devotion"],"picked":"Conclude","floor":12},{"not_picked":["FearNoEvil","DeceiveReality"],"picked":"Crescendo","floor":14}],"player_experience":91933,"relics_obtained":[{"floor":9,"key":"Vajra"},{"floor":12,"key":"Strawberry"},{"floor":14,"key":"PreservedInsect"}],"event_choices":[{"cards_removed":["Strike_P"],"damage_healed":0,"gold_gain":0,"player_choice":"Card Removal","damage_taken":7,"max_hp_gain":0,"max_hp_loss":0,"event_name":"Golden Wing","floor":5,"gold_loss":0},{"damage_healed":0,"gold_gain":0,"player_choice":"Take Damage","damage_taken":19,"relics_obtained":["Golden Idol"],"max_hp_gain":0,"max_hp_loss":0,"event_name":"Golden Idol","floor":7,"gold_loss":0},{"damage_healed":0,"gold_gain":0,"player_choice":"Trade","damage_taken":0,"relics_obtained":["FaceOfCleric"],"max_hp_gain":0,"max_hp_loss":0,"event_name":"FaceTrader","floor":8,"gold_loss":0}],"is_beta":false,"boss_relics":[],"items_purged_floors":[3,10],"is_endless":false,"potions_floor_spawned":[1,2,4,11],"killed_by":"Hexaghost","ascension_level":0}}