{"host":"nzm1i0l8mrsm8hd2","time":1608998665,"event":{"mods":["Act Like it!","BaseMod","Better Third Choice","Conspire","Minty Spire (QoL Compilation)","Pale of the Ancients","Quick Restart","RumiaBox-露米娅的神秘盒子","Spicy Shops","StSLib","The Dragon Tamer","TheWitcher","Wandering Minibosses"],"gold_per_floor":[110,110,35,35,35,75,75,107,107,135,168,45,45,70,70,168,168,183,218,218,231,231,231,256,256,256,356,356,371,374,70,70,177,177,144,176,24,24,43,91,50,60,60,105,118,143,143,265,265,228,252,269,269,342,342,375,375,6,6,63],"floor_reached":61,"playtime":2988,"items_purged":["SnafuTest:DefaultCommonAttack","SnafuTest:DefaultCommonAttack","SnafuTest:DefaultCommonSkill"],"score":1967,"play_id":"868a6d7e-9e53-4428-b364-845c243f90a6","local_time":"20201227000425","is_ascension_mode":true,"campfire_choices":[{"data":"SnafuTest:PowerLadyOfLake","floor":13.0,"key":"SMITH"},{"data":"SnafuTest:PowerAlwaysAWay","floor":15.0,"key":"SMITH"},{"data":"SnafuTest:BlueWhale","floor":23.0,"key":"SMITH"},{"floor":25.0,"key":"REST"},{"data":"SnafuTest:Offering","floor":32.0,"key":"SMITH"},{"floor":47.0,"key":"RECALL"},{"data":"1","floor":49.0,"key":"LIFT"},{"data":"2","floor":55,"key":"LIFT"},{"data":"3","floor":57,"key":"LIFT"}],"circlet_count":0,"master_deck":["SnafuTest:DefaultCommonSkill","SnafuTest:SignAxii+1","SnafuTest:BlueWhale+1","SnafuTest:PowerLadyOfLake+1","SnafuTest:PowerAlwaysAWay+1","SnafuTest:SpellLifeDrain","SnafuTest:Kick+1","SnafuTest:Awake","SnafuTest:Kick+1","SnafuTest:Meditation","SnafuTest:Offering+1","SnafuTest:AssassinOfKings","Flash of Steel","SnafuTest:BattleCry+1","SnafuTest:BattleCry+1","SnafuTest:Offering","SnafuTest:PayHappyHour","SnafuTest:PayWeaponSmith","Decay","SnafuTest:CurseHeatDeath","conspire:Blindness","Shame","SnafuTest:SpellLivingArmor"],"relics":["SnafuTest:UnstableMutagenRelic","NeowsBlessing","Baka2","GodSword3","GodSword7","HornCleat","PlanX","White Beast Statue","Odd Mushroom","SoulBox","SecretRecord","TungstenRod","GodSword1","conspire:Dentures","SoulBox","SnafuTest:IgniRelic","wanderingMiniBosses:OtherGremlinHorn","Tiny Chest","Membership Card","Frozen Eye","SlaversCollar","SSSystem","Lizard Tail","Medical Kit","Frozen Egg 2","GodSword5","Strawberry","Pen Nib","Girya","CeramicFish","SnafuTest:IgniRelic","paleoftheancients:Timepiece","paleoftheancients:KeyRelic","Oddly Smooth Stone","Coffee Dripper","Gremlin Horn","paleoftheancients:SoulOfTheWokeBloke","Sundial","MagicDraw1","conspire:DeflatedDodgeball","Orichalcum"],"acts_visited":["Exordium","TheCity","TheBeyond","TheBeyond"],"potions_floor_usage":[60,60,60,60],"damage_taken":[{"damage":0.0,"enemies":"2 Louse","floor":1.0,"turns":1.0},{"damage":0.0,"enemies":"Lagavulin","floor":6.0,"turns":2.0},{"damage":0.0,"enemies":"Gremlin Nob","floor":8.0,"turns":1.0},{"damage":16.0,"enemies":"Lagavulin","floor":10.0,"turns":5.0},{"damage":5.0,"enemies":"Cultist","floor":11.0,"turns":4.0},{"damage":1.0,"enemies":"The Mushroom Lair","floor":14.0,"turns":8.0},{"damage":28.0,"enemies":"Hexaghost","floor":16.0,"turns":9.0},{"damage":127.0,"enemies":"Spheric Guardian","floor":18.0,"turns":8.0},{"damage":4.0,"enemies":"2 Thieves","floor":19.0,"turns":4.0},{"damage":14.0,"enemies":"Cultist and Chosen","floor":21.0,"turns":5.0},{"damage":20.0,"enemies":"Book of Stabbing","floor":24.0,"turns":8.0},{"damage":0.0,"enemies":"conspire:SneckoGhost","floor":28.0,"turns":4.0},{"damage":5.0,"enemies":"Snake Plant","floor":29.0,"turns":4.0},{"damage":0.0,"enemies":"conspire:Head Lice","floor":30.0,"turns":2.0},{"damage":17.0,"enemies":"Champ","floor":33.0,"turns":4.0},{"damage":15.0,"enemies":"Orb Walker","floor":35.0,"turns":2.0},{"damage":7.0,"enemies":"3 Shapes","floor":36.0,"turns":1.0},{"damage":0.0,"enemies":"Maw","floor":39.0,"turns":1.0},{"damage":0.0,"enemies":"Nemesis","floor":40.0,"turns":1.0},{"damage":0.0,"enemies":"Reptomancer","floor":42.0,"turns":2.0},{"damage":0.0,"enemies":"Nemesis","floor":44.0,"turns":2.0},{"damage":0.0,"enemies":"Jaw Worm Horde","floor":45.0,"turns":2.0},{"damage":0.0,"enemies":"Transient","floor":48.0,"turns":5.0},{"damage":0.0,"enemies":"conspire:OrnateMirror","floor":50.0,"turns":10.0},{"damage":0,"enemies":"conspire:OrnateMirror","floor":51,"turns":2},{"damage":0,"enemies":"conspire:OrnateMirror","floor":52,"turns":1},{"damage":0,"enemies":"conspire:OrnateMirror","floor":56,"turns":3},{"damage":0,"enemies":"paleoftheancients:N","floor":60,"turns":2}],"seed_played":"4691163586450207470","potions_obtained":[{"floor":8.0,"key":"SpeedPotion"},{"floor":10.0,"key":"Energy Potion"},{"floor":11.0,"key":"Fire Potion"},{"floor":14.0,"key":"SteroidPotion"},{"floor":16.0,"key":"CultistPotion"},{"floor":18.0,"key":"Swift Potion"},{"floor":19.0,"key":"Weak Potion"},{"floor":21.0,"key":"Energy Potion"},{"floor":24.0,"key":"EssenceOfSteel"},{"floor":28.0,"key":"SteroidPotion"},{"floor":29.0,"key":"AttackPotion"},{"floor":30.0,"key":"SkillPotion"},{"floor":33.0,"key":"PowerPotion"},{"floor":35.0,"key":"BlessingOfTheForge"},{"floor":36.0,"key":"Fire Potion"},{"floor":39.0,"key":"Strength Potion"},{"floor":42.0,"key":"GamblersBrew"},{"floor":44.0,"key":"ColorlessPotion"},{"floor":52,"key":"AttackPotion"}],"is_trial":false,"path_per_floor":["M","?","$","?","$","E","?","E","T","E","M","$","R","?","R","B",null,"M","M","?","M","?","R","E","R","T","?","E","M","E","$","R","B",null,"M","M","$","?","M","E","$","E","T","E","M","T","R","M","R","B","M","M","?","T","R","M","R","$","?","B",null],"character_chosen":"THE_WITCHER","items_purchased":["White Beast Statue","Membership Card","Frozen Eye","Lizard Tail","Medical Kit","Flash of Steel","MagicDraw1","SnafuTest:PayHappyHour","SnafuTest:PayWeaponSmith","conspire:DeflatedDodgeball","Orichalcum"],"campfire_rested":1,"item_purchase_floors":[12,31,31,37,37,41,58,58,58,58,58],"current_hp_per_floor":[75,75,75,68,68,68,68,68,68,60,46,46,46,45,45,8,95,67,63,63,49,49,49,29,57,57,57,57,52,52,52,52,35,95,80,73,73,73,73,73,73,81,81,81,81,81,81,81,81,102,102,102,102,102,102,102,102,102,102,102],"gold":63,"neow_bonus":"THREE_ENEMY_KILL","is_daily":false,"chose_seed":false,"campfire_upgraded":4,"win_rate":0.0,"timestamp":1608998665,"path_taken":["M","?","?","?","$","E","?","E","T","E","M","$","R","?","R","BOSS","M","M","?","?","?","R","E","R","T","?","E","?","E","$","R","BOSS","M","M","$","?","M","E","?","E","T","E","?","?","R","M","R","BOSS","M","M","?","T","R","M","R","$","?","BOSS"],"items_purchased_type":["Relic","Relic","Relic","Relic","Relic","Card","Relic","Card","Card","Relic","Relic"],"build_version":"2020-12-22","purchased_purges":3,"victory":true,"max_hp_per_floor":[75,75,75,75,75,75,75,75,75,75,86,86,86,86,86,95,95,95,95,95,95,95,95,95,95,95,95,95,95,95,95,95,95,95,95,95,95,95,95,95,95,102,102,102,102,102,102,102,102,102,102,102,102,102,102,102,102,102,102,102],"card_choices":[{"not_picked":["SnafuTest:Oriole","SnafuTest:MCSuccubusSeduction","SnafuTest:Portal"],"picked":"SKIP","floor":1.0},{"not_picked":["SnafuTest:MercilessReaper","SnafuTest:BombDevilsPuffball","SnafuTest:MCPlayGwent"],"picked":"SKIP","floor":6.0},{"not_picked":["SnafuTest:SpellIncendiaryShower","SnafuTest:BattleCry"],"picked":"SnafuTest:PowerLadyOfLake","floor":8.0},{"not_picked":["SnafuTest:FirstAid","SnafuTest:SwiftAssault"],"picked":"SnafuTest:PowerAlwaysAWay","floor":10.0},{"not_picked":["SnafuTest:WorldMap","SnafuTest:SignAxii"],"picked":"SnafuTest:SpellLifeDrain","floor":11.0},{"not_picked":["SnafuTest:PayWeaponSmith","SnafuTest:Meditation"],"picked":"SnafuTest:Kick","floor":14.0},{"not_picked":["SnafuTest:SpellIthlinneProphecy","SnafuTest:PowerRhymeBeyondTime"],"picked":"SnafuTest:Awake","floor":16.0},{"not_picked":["SnafuTest:UndefeatedNarcissism+1","SnafuTest:ShieldUp"],"picked":"SnafuTest:GetPaid+1","floor":18.0},{"not_picked":["SnafuTest:ScholarsIntrigue","SnafuTest:SpellTortoise+1"],"picked":"SnafuTest:Kick+1","floor":19.0},{"not_picked":["SnafuTest:IndifferentImmortality","SnafuTest:BombSamum","SnafuTest:PayArmorSmith"],"picked":"SKIP","floor":21.0},{"not_picked":["SnafuTest:MCSongOfPeace","SnafuTest:SpellChainLightning","SnafuTest:ShoulderSlam+1"],"picked":"SKIP","floor":24.0},{"not_picked":["SnafuTest:SignYrden","SnafuTest:PayHappyHour","SnafuTest:ShieldUp"],"picked":"SKIP","floor":28.0},{"not_picked":["SnafuTest:SpellArcaneDomain","SnafuTest:GetPaid"],"picked":"SnafuTest:Offering","floor":29.0},{"not_picked":["SnafuTest:SmashingSlash","SnafuTest:BombSamum","SnafuTest:SpellTelekinesis"],"picked":"SKIP","floor":30.0},{"not_picked":["SnafuTest:GraveDancingPaleFire","SnafuTest:IndifferentImmortality"],"picked":"SnafuTest:AssassinOfKings","floor":33.0},{"not_picked":["SnafuTest:BombDevilsPuffball","SnafuTest:ShoulderSlam+1","SnafuTest:ArmoredSortie"],"picked":"SKIP","floor":35.0},{"not_picked":["SnafuTest:PowerProbingFeint+1","SnafuTest:Oriole","SnafuTest:DesperateRemediation"],"picked":"SKIP","floor":36.0},{"not_picked":["SnafuTest:SignAard","SnafuTest:SpellDispellingPush","SnafuTest:PowerProbingFeint+1"],"picked":"SKIP","floor":39.0},{"not_picked":["SnafuTest:SpellButterflyIllusion+1","SnafuTest:BombSamum"],"picked":"SnafuTest:PaySmithWorkshop","floor":40.0},{"not_picked":["SnafuTest:PowerCrimsonRitual+1","SnafuTest:UndefeatedNarcissism"],"picked":"SnafuTest:BattleCry+1","floor":42.0},{"not_picked":["SnafuTest:PowerFireDamnation+1","SnafuTest:SpellTortoise","SnafuTest:FirstAid"],"picked":"SKIP","floor":44.0},{"not_picked":["SnafuTest:PowerVainGlory+1","SnafuTest:FirstAid+1"],"picked":"SnafuTest:Celebration","floor":45.0},{"not_picked":["SnafuTest:BombNorthernWind+1","SnafuTest:ShieldUp+1"],"picked":"SnafuTest:BattleCry+1","floor":48.0},{"not_picked":["SnafuTest:AncestralRitual+1","SnafuTest:MCPlayGwent+1","SnafuTest:SwiftAssault"],"picked":"SKIP","floor":51},{"not_picked":["SnafuTest:Oriole","SnafuTest:GraveDancingPaleFire","SnafuTest:PayBank"],"picked":"SKIP","floor":52},{"not_picked":["SnafuTest:PowerCrimsonRitual+1","SnafuTest:FirstAid"],"picked":"SnafuTest:Offering","floor":56}],"player_experience":566293,"relics_obtained":[{"floor":1.0,"key":"Baka"},{"floor":6.0,"key":"Baka2"},{"floor":6.0,"key":"GodSword3"},{"floor":8.0,"key":"GodSword7"},{"floor":9.0,"key":"HornCleat"},{"floor":10.0,"key":"PlanX"},{"floor":14.0,"key":"Odd Mushroom"},{"floor":18.0,"key":"SecretRecord"},{"floor":24.0,"key":"TungstenRod"},{"floor":24.0,"key":"GodSword1"},{"floor":26.0,"key":"conspire:Dentures"},{"floor":28.0,"key":"SoulBox"},{"floor":28.0,"key":"SnafuTest:IgniRelic"},{"floor":29.0,"key":"wanderingMiniBosses:OtherGremlinHorn"},{"floor":30.0,"key":"Tiny Chest"},{"floor":40.0,"key":"GodSword5"},{"floor":42.0,"key":"Strawberry"},{"floor":44.0,"key":"Pen Nib"},{"floor":45.0,"key":"Girya"},{"floor":46.0,"key":"CeramicFish"},{"floor":51,"key":"paleoftheancients:SoulOfTheWokeBloke"},{"floor":52,"key":"paleoftheancients:SoulOfTheGuardian"},{"floor":54,"key":"Sundial"},{"floor":56,"key":"paleoftheancients:SoulOfTheShrineMaiden"}],"event_choices":[{"damage_healed":0.0,"max_hp_gain":0.0,"max_hp_loss":0.0,"gold_gain":0.0,"event_name":"Upgrade Shrine","player_choice":"Upgraded","floor":2.0,"gold_loss":0.0,"damage_taken":0.0,"cards_upgraded":["SnafuTest:SignAxii"]},{"cards_removed":["SnafuTest:DefaultCommonAttack"],"damage_healed":0.0,"max_hp_gain":0.0,"max_hp_loss":0.0,"gold_gain":0.0,"event_name":"Golden Wing","player_choice":"Card Removal","floor":4.0,"gold_loss":0.0,"damage_taken":7.0},{"damage_healed":0.0,"max_hp_gain":0.0,"max_hp_loss":0.0,"gold_gain":0.0,"cards_transformed":["SnafuTest:DefaultCommonSkill"],"event_name":"Living Wall","player_choice":"Change","floor":7.0,"gold_loss":0.0,"damage_taken":0.0,"cards_obtained":["SnafuTest:BlueWhale"]},{"damage_healed":0.0,"max_hp_gain":0.0,"max_hp_loss":0.0,"gold_gain":0.0,"event_name":"Mushrooms","player_choice":"Fought Mushrooms","floor":14.0,"gold_loss":0.0,"damage_taken":0.0},{"damage_healed":0.0,"max_hp_gain":0.0,"max_hp_loss":0.0,"gold_gain":0.0,"cards_transformed":["SnafuTest:BountyHunt"],"event_name":"Transmorgrifier","player_choice":"Transformed","floor":20.0,"gold_loss":0.0,"damage_taken":0.0,"cards_obtained":["SnafuTest:SignAard"]},{"damage_healed":0.0,"max_hp_gain":0.0,"max_hp_loss":0.0,"gold_gain":0.0,"event_name":"The Library","player_choice":"Read","floor":22.0,"gold_loss":0.0,"damage_taken":0.0,"cards_obtained":["SnafuTest:Meditation"]},{"damage_healed":0.0,"max_hp_gain":0.0,"max_hp_loss":0.0,"gold_gain":100.0,"event_name":"Golden Shrine","player_choice":"Pray","floor":27.0,"gold_loss":0.0,"damage_taken":0.0},{"cards_removed":["SnafuTest:SignAard"],"damage_healed":0.0,"max_hp_gain":0.0,"max_hp_loss":0.0,"gold_gain":0.0,"event_name":"WeMeetAgain","player_choice":"Gave Card","floor":38.0,"gold_loss":0.0,"damage_taken":0.0,"relics_obtained":["Frozen Egg 2"]},{"damage_healed":0,"gold_gain":0,"player_choice":"Leave","damage_taken":0,"max_hp_gain":0,"max_hp_loss":0,"event_name":"conspire:Investor","floor":53,"gold_loss":0}],"is_beta":false,"boss_relics":[{"not_picked":["conspire:SpecialSausage","Empty Cage"],"picked":"SoulBox"},{"not_picked":["Cursed Key","Pandora\u0027s Box"],"picked":"SlaversCollar"}],"items_purged_floors":[3,31,31],"is_endless":false,"potions_floor_spawned":[8,10,11,14,16,18,19,21,24,28,29,30,33,35,36,39,40,42,44,45,48,51,52,56],"ascension_level":2}}