{"host":"id956379ct737z9h","time":1608956504,"event":{"mods":["2.2 Compatiblity","BaseMod","Bestiary","Block Reminder","Colored Map","Colored Powertips","Hermit","Minty Spire (QoL Compilation)","Quick Restart","Rare Cards Sparkle","Relic Stats","StSLib","UnlockEverythingMod","everything is the same but u backflip on backflip"],"gold_per_floor":[116,134,134,7,27,27,60,77,77,112,112,145,157,3,3,101,101,119,132,132,151,161,193,193,226,226,239,257,257,271,27,27,131,131,142,192,211,211,222,552,564,599,673,118,118,118,151,167,167,167],"floor_reached":51,"playtime":2859,"items_purged":["Strike_R","Strike_R","Strike_R"],"score":899,"play_id":"379a4fc8-e995-411c-ade3-e4d6903054ee","local_time":"20201225232144","is_ascension_mode":false,"campfire_choices":[{"data":"Pommel Strike","floor":6,"key":"SMITH"},{"data":"Clothesline","floor":11,"key":"SMITH"},{"data":"Feed","floor":15,"key":"SMITH"},{"floor":24,"key":"REST"},{"data":"Berserk","floor":32,"key":"SMITH"},{"data":"Inflame","floor":46,"key":"SMITH"},{"floor":49,"key":"REST"}],"circlet_count":0,"master_deck":["Strike_R","Strike_R","Defend_R+1","Defend_R","Defend_R","Bash+1","Ghostly Armor","Pommel Strike+1","Pommel Strike","Clothesline+1","Thunderclap","Bloodletting","Reaper","Carnage","Feed+1","Berserk+1","Inflame+1","Impervious","Reaper","Burning Pact+1","Dual Wield+1","Battle Trance","Inflame","Pummel","Whirlwind","Offering","CurseOfTheBell","Shockwave+1","Disarm","Uppercut+1","Entrench+1","Armaments+1","Feel No Pain","Entrench+1","Parasite"],"relics":["Burning Blood","Bag of Preparation","PreservedInsect","Pantograph","Dream Catcher","Philosopher\u0027s Stone","CaptainsWheel","Vajra","Strawberry","Calling Bell","Centennial Puzzle","Kunai","Ice Cream","WingedGreaves","Old Coin","Blood Vial","Self Forming Clay","Torii","Toy Ornithopter"],"acts_visited":["Exordium","TheCity","TheBeyond"],"potions_floor_usage":[10,16,16,23,28,28,33,33,36,40,44,47,48,50],"damage_taken":[{"damage":0,"enemies":"Small Slimes","floor":1,"turns":3},{"damage":3,"enemies":"2 Louse","floor":2,"turns":4},{"damage":1,"enemies":"Cultist","floor":5,"turns":3},{"damage":19,"enemies":"3 Sentries","floor":7,"turns":12},{"damage":3,"enemies":"Red Slaver","floor":8,"turns":4},{"damage":0,"enemies":"Lagavulin","floor":10,"turns":5},{"damage":10,"enemies":"Gremlin Nob","floor":12,"turns":3},{"damage":3,"enemies":"Large Slime","floor":13,"turns":4},{"damage":54,"enemies":"The Guardian","floor":16,"turns":14},{"damage":26,"enemies":"Spheric Guardian","floor":18,"turns":5},{"damage":11,"enemies":"3 Byrds","floor":19,"turns":4},{"damage":21,"enemies":"Centurion and Healer","floor":21,"turns":4},{"damage":39,"enemies":"3 Cultists","floor":22,"turns":5},{"damage":59,"enemies":"Gremlin Leader","floor":23,"turns":10},{"damage":24,"enemies":"Slavers","floor":25,"turns":4},{"damage":11,"enemies":"Snake Plant","floor":27,"turns":5},{"damage":11,"enemies":"Snecko","floor":28,"turns":4},{"damage":28,"enemies":"Centurion and Healer","floor":30,"turns":5},{"damage":37,"enemies":"Champ","floor":33,"turns":9},{"damage":3,"enemies":"3 Shapes","floor":35,"turns":3},{"damage":79,"enemies":"Mind Bloom Boss Battle","floor":36,"turns":4},{"damage":68,"enemies":"3 Darklings","floor":37,"turns":5},{"damage":32,"enemies":"Maw","floor":39,"turns":7},{"damage":16,"enemies":"Reptomancer","floor":40,"turns":6},{"damage":30,"enemies":"Jaw Worm Horde","floor":41,"turns":4},{"damage":64,"enemies":"Giant Head","floor":42,"turns":9},{"damage":49,"enemies":"Nemesis","floor":47,"turns":7},{"damage":6,"enemies":"Writhing Mass","floor":48,"turns":6},{"damage":82,"enemies":"Awakened One","floor":50,"turns":15}],"seed_played":"5193358867036629754","potions_obtained":[{"floor":5,"key":"HeartOfIron"},{"floor":8,"key":"Regen Potion"},{"floor":12,"key":"Strength Potion"},{"floor":13,"key":"Block Potion"},{"floor":23,"key":"FearPotion"},{"floor":25,"key":"Ancient Potion"},{"floor":28,"key":"Swift Potion"},{"floor":30,"key":"DuplicationPotion"},{"floor":36,"key":"SpeedPotion"},{"floor":39,"key":"SneckoOil"},{"floor":41,"key":"EntropicBrew"}],"is_trial":false,"path_per_floor":["M","M","?","$","M","R","E","M","T","E","R","E","M","$","R","B",null,"M","M","?","M","M","E","R","E","T","M","M","?","M","$","R","B",null,"M","?","M","?","M","E","M","E","T","$","?","R","E","M","R","B",null],"character_chosen":"IRONCLAD","items_purchased":["SteroidPotion","Feed","Whirlwind","LiquidBronze","Feel No Pain","Torii","BloodPotion"],"campfire_rested":2,"item_purchase_floors":[4,14,31,31,44,44,44],"current_hp_per_floor":[80,80,64,64,69,69,56,59,59,65,65,61,70,70,70,40,84,68,79,79,74,59,18,48,56,63,69,75,75,96,96,96,103,127,131,96,83,83,74,111,91,62,62,90,90,90,49,64,108,117],"gold":167,"neow_bonus":"","is_daily":false,"chose_seed":false,"campfire_upgraded":5,"win_rate":0.0,"timestamp":1608956504,"path_taken":["M","M","?","$","M","R","E","M","T","E","R","E","M","$","R","BOSS","M","M","?","M","M","E","R","E","T","M","M","?","?","$","R","BOSS","M","?","M","?","M","E","M","E","T","$","?","R","E","?","R","BOSS"],"items_purchased_type":["Potion","Card","Card","Potion","Card","Relic","Potion"],"build_version":"2020-12-22","purchased_purges":3,"victory":true,"max_hp_per_floor":[80,80,80,80,80,80,80,80,80,80,80,80,80,80,80,84,84,88,92,92,96,100,100,100,104,111,115,119,119,123,123,123,127,127,131,131,135,135,135,135,139,143,143,143,143,143,143,147,147,151],"relic_stats":{"Torii":26,"counters":[29,173],"Self Forming Clay":[63],"PreservedInsect":367,"Bag of Preparation":[50],"Burning Blood":159,"Blood Vial":6,"Dream Catcher":2,"Centennial Puzzle":[30],"Pantograph":60,"Kunai":[19],"obtain_stats":[{"Ice Cream":34,"Torii":44,"Self Forming Clay":43,"Vajra":25,"PreservedInsect":9,"Bag of Preparation":7,"Burning Blood":0,"Old Coin":40,"Calling Bell":34,"Blood Vial":42,"Dream Catcher":12,"CaptainsWheel":23,"Centennial Puzzle":34,"Pantograph":10,"Strawberry":26,"Philosopher\u0027s Stone":17,"WingedGreaves":36,"Kunai":34,"Toy Ornithopter":47},{"Ice Cream":19,"Torii":26,"Self Forming Clay":26,"Vajra":15,"PreservedInsect":5,"Bag of Preparation":4,"Burning Blood":0,"Old Coin":24,"Calling Bell":19,"Blood Vial":26,"Dream Catcher":7,"CaptainsWheel":14,"Centennial Puzzle":19,"Pantograph":6,"Strawberry":15,"Philosopher\u0027s Stone":9,"WingedGreaves":21,"Kunai":19,"Toy Ornithopter":27},{"Ice Cream":107,"Torii":145,"Self Forming Clay":145,"Vajra":84,"PreservedInsect":26,"Bag of Preparation":22,"Burning Blood":0,"Old Coin":132,"Calling Bell":107,"Blood Vial":145,"Dream Catcher":34,"CaptainsWheel":80,"Centennial Puzzle":107,"Pantograph":31,"Strawberry":84,"Philosopher\u0027s Stone":52,"WingedGreaves":114,"Kunai":107,"Toy Ornithopter":152}],"Toy Ornithopter":10},"card_choices":[{"not_picked":["Clash","Body Slam"],"picked":"Ghostly Armor","floor":1},{"not_picked":["Feel No Pain","Perfected Strike"],"picked":"Pommel Strike","floor":2},{"not_picked":["Perfected Strike","True Grit"],"picked":"Pommel Strike","floor":5},{"not_picked":["Twin Strike","Clash"],"picked":"Clothesline","floor":7},{"not_picked":["Pommel Strike","Perfected Strike"],"picked":"Thunderclap","floor":8},{"not_picked":["Dual Wield","Rampage"],"picked":"Bloodletting","floor":10},{"not_picked":["Headbutt","Clash"],"picked":"Reaper","floor":12},{"not_picked":["Sword Boomerang","Clash"],"picked":"Carnage","floor":13},{"not_picked":["Brutality","Corruption"],"picked":"Berserk","floor":16},{"not_picked":["Twin Strike+1","Perfected Strike","Headbutt"],"picked":"SKIP","floor":18},{"not_picked":["Twin Strike","Cleave"],"picked":"Inflame","floor":19},{"not_picked":["Cleave","Pommel Strike+1","Body Slam+1"],"picked":"SKIP","floor":21},{"not_picked":["Flex","Ghostly Armor"],"picked":"Impervious","floor":22},{"not_picked":["Armaments","Warcry"],"picked":"Reaper","floor":23},{"not_picked":["Flex+1","Clothesline+1"],"picked":"Burning Pact+1","floor":24},{"not_picked":["Ghostly Armor","Anger"],"picked":"Dual Wield+1","floor":25},{"not_picked":["Metallicize","Fire Breathing"],"picked":"Battle Trance","floor":27},{"not_picked":["Twin Strike","Clash","Cleave"],"picked":"SKIP","floor":28},{"not_picked":["Warcry","Armaments"],"picked":"Pummel","floor":30},{"not_picked":["Feed","Juggernaut"],"picked":"Offering","floor":33},{"not_picked":["Warcry+1","Entrench+1"],"picked":"Shockwave+1","floor":35},{"not_picked":["Iron Wave+1","Clothesline+1"],"picked":"Disarm","floor":36},{"not_picked":["Clash","Cleave+1"],"picked":"Uppercut+1","floor":37},{"not_picked":["Bloodletting","Juggernaut","Intimidate+1"],"picked":"SKIP","floor":39},{"not_picked":["Burning Pact","Shockwave"],"picked":"Entrench+1","floor":40},{"not_picked":["Clothesline","Thunderclap","Body Slam+1"],"picked":"SKIP","floor":41},{"not_picked":["Clothesline","Hemokinesis+1"],"picked":"Armaments+1","floor":42},{"not_picked":["Warcry","Body Slam+1"],"picked":"Entrench+1","floor":47},{"not_picked":["Twin Strike","Pommel Strike","Fire Breathing+1"],"picked":"SKIP","floor":48}],"player_experience":98180,"relics_obtained":[{"floor":7,"key":"Bag of Preparation"},{"floor":9,"key":"PreservedInsect"},{"floor":10,"key":"Pantograph"},{"floor":12,"key":"Dream Catcher"},{"floor":23,"key":"CaptainsWheel"},{"floor":25,"key":"Vajra"},{"floor":26,"key":"Strawberry"},{"floor":34,"key":"Centennial Puzzle"},{"floor":34,"key":"Kunai"},{"floor":34,"key":"Ice Cream"},{"floor":36,"key":"WingedGreaves"},{"floor":40,"key":"Old Coin"},{"floor":42,"key":"Blood Vial"},{"floor":43,"key":"Self Forming Clay"},{"floor":47,"key":"Toy Ornithopter"}],"event_choices":[{"damage_healed":0,"gold_gain":0,"player_choice":"Entered Light","damage_taken":16,"max_hp_gain":0,"max_hp_loss":0,"event_name":"Shining Light","floor":3,"gold_loss":0,"cards_upgraded":["Defend_R","Bash"]},{"damage_healed":0,"gold_gain":0,"player_choice":"Ignored","damage_taken":0,"max_hp_gain":0,"max_hp_loss":0,"event_name":"Ghosts","floor":20,"gold_loss":0},{"damage_healed":0,"gold_gain":0,"player_choice":"Copied","damage_taken":0,"max_hp_gain":0,"max_hp_loss":0,"event_name":"Duplicator","floor":29,"gold_loss":0,"cards_obtained":["Inflame"]},{"damage_healed":0,"gold_gain":0,"player_choice":"Fight","damage_taken":0,"max_hp_gain":0,"max_hp_loss":0,"event_name":"MindBloom","floor":36,"gold_loss":0},{"damage_healed":0,"gold_gain":0,"player_choice":"Ignored","damage_taken":0,"max_hp_gain":0,"max_hp_loss":0,"event_name":"Tomb of Lord Red Mask","floor":38,"gold_loss":0},{"cards_removed":["Defend_R"],"damage_healed":0,"gold_gain":0,"player_choice":"Offered Basic","damage_taken":0,"max_hp_gain":0,"max_hp_loss":0,"event_name":"Bonfire Elementals","floor":45,"gold_loss":0}],"is_beta":false,"boss_relics":[{"not_picked":["Busted Crown","Mark of Pain"],"picked":"Philosopher\u0027s Stone"},{"not_picked":["Sozu","SacredBark"],"picked":"Calling Bell"}],"items_purged_floors":[4,31,44],"is_endless":false,"potions_floor_spawned":[5,8,12,13,23,25,28,30,36,39,41],"ascension_level":0}}