{"host":"aewhn2fld106mlky","time":1608960957,"event":{"mods":["Act Like it!","BaseMod","Downfall","Minty Spire (QoL Compilation)","Quick Restart","StSLib"],"gold_per_floor":[99,119,119,135,135,166,193,193,193,193,193,220,21,196,215,314,314,314,325,339,539,571,588,670,684,714,714,714,714],"floor_reached":27,"playtime":1267,"items_purged":["Slimebound:Strike_Slimebound"],"score":238,"play_id":"07a183f3-71b1-4147-82c3-1023d0793ca0","local_time":"20201226133557","is_ascension_mode":false,"campfire_choices":[{"data":"Slimebound:CorrosiveSpit","floor":1.0,"key":"SMITH"},{"data":"Slimebound:GoopSpray","floor":8.0,"key":"SMITH"},{"data":"Slimebound:Split","floor":11.0,"key":"SMITH"},{"data":"Slimebound:WasteNot","floor":18.0,"key":"SMITH"}],"circlet_count":0,"master_deck":["Slimebound:Strike_Slimebound","Slimebound:Strike_Slimebound","Slimebound:Tackle+1","Slimebound:Defend_Slimebound","Slimebound:Defend_Slimebound","Slimebound:Defend_Slimebound","Slimebound:Split+1","Slimebound:CorrosiveSpit+1","Slimebound:SamplingLick","Slimebound:GoopSpray+1","Slimebound:MassRepurpose","expansioncontent:Sear","Slimebound:Split","Slimebound:Gluttony","Slimebound:SplitBruiser","Slimebound:SlimeBarrage","Slimebound:SpikyOuterGoop","Doubt","Slimebound:SplitMire","Slimebound:WasteNot+1","Slimebound:PressTheAttack","Slimebound:LeadByExample","Slimebound:Nibble","Slimebound:GrowthPunch+1","Slimebound:SpikyOuterGoop","Slimebound:SelfFormingGoo"],"relics":["Slimebound:AbsorbEndCombat","Happy Flower","Pear","Thread and Needle","Juzu Bracelet","Spirit Poop","Bronze Scales","Sozu","Red Mask","Matryoshka","Whetstone"],"acts_visited":["Exordium","TheCity"],"potions_floor_usage":[21,27],"damage_taken":[{"damage":5.0,"enemies":"Small Slimes","floor":2.0,"turns":3.0},{"damage":4.0,"enemies":"Cultist","floor":4.0,"turns":3.0},{"damage":15.0,"enemies":"Gremlin Nob","floor":6.0,"turns":3.0},{"damage":29.0,"enemies":"Lagavulin","floor":12.0,"turns":6.0},{"damage":16.0,"enemies":"downfall:FleeingMerchant","floor":13.0,"turns":4.0},{"damage":12.0,"enemies":"2 Louse","floor":15.0,"turns":2.0},{"damage":39.0,"enemies":"downfall:Silent","floor":16.0,"turns":5.0},{"damage":22.0,"enemies":"Shell Parasite","floor":19.0,"turns":3.0},{"damage":41.0,"enemies":"Shelled Parasite and Fungi","floor":20.0,"turns":4.0},{"damage":44,"enemies":"Shelled Parasite and Fungi","floor":21,"turns":6},{"damage":42,"enemies":"Masked Bandits","floor":22,"turns":3},{"damage":27,"enemies":"Cultist and Chosen","floor":23,"turns":4},{"damage":13,"enemies":"Snake Plant","floor":25,"turns":3},{"damage":40,"enemies":"Book of Stabbing","floor":26,"turns":4},{"damage":26,"enemies":"Shelled Parasite and Fungi","floor":27,"turns":3}],"seed_played":"1678989478728466309","potions_obtained":[{"floor":2.0,"key":"SneckoOil"},{"floor":6.0,"key":"PowerPotion"},{"floor":15.0,"key":"Guardian:BlockOnCardUsePotion"}],"is_trial":false,"path_per_floor":["R","M","?","M","?","E","T","R","?","?","R","E","$","?","M","B",null,"R","M","M","?","?","M","T","M","E","M"],"character_chosen":"SLIMEBOUND","items_purchased":["Slimebound:SlimeBarrage","Slimebound:SpikyOuterGoop"],"campfire_rested":0,"item_purchase_floors":[13,13],"current_hp_per_floor":[60,57,57,60,70,63,63,63,63,63,63,52,56,56,54,49,70,70,68,61,61,33,40,40,35,19,0,0,0],"gold":714,"neow_bonus":"RANDOM_COMMON_RELIC","is_daily":false,"chose_seed":false,"campfire_upgraded":4,"win_rate":0.0,"timestamp":1608960957,"path_taken":["R","M","?","M","?","E","T","R","?","?","R","E","?","?","M","BOSS","R","M","M","?","?","M","T","M","E","M"],"items_purchased_type":["Card","Card"],"build_version":"2020-12-22","purchased_purges":1,"victory":false,"max_hp_per_floor":[60,60,60,60,70,70,70,70,70,70,70,70,70,70,70,70,70,70,70,70,70,70,70,70,70,70,70,70,70],"card_choices":[{"not_picked":["Slimebound:Nibble","Slimebound:SplitBruiser"],"picked":"Slimebound:SamplingLick","floor":2.0},{"not_picked":["Slimebound:Dissolve","Slimebound:ComboTackle"],"picked":"Slimebound:GoopSpray","floor":4.0},{"not_picked":["Slimebound:Equalize","Slimebound:SamplingLick"],"picked":"Slimebound:MassRepurpose","floor":6.0},{"not_picked":["Slimebound:SplitLeeching","Slimebound:LeechingTouch"],"picked":"Slimebound:Gluttony","floor":12.0},{"not_picked":["Slimebound:LeechEnergy","Slimebound:FlameTackle"],"picked":"Slimebound:SplitBruiser","floor":13.0},{"not_picked":["Slimebound:SplitBruiser","Slimebound:LeechLife"],"picked":"Slimebound:SplitMire","floor":15.0},{"not_picked":["Slimebound:MassFeed","Slimebound:LeechLife"],"picked":"Slimebound:WasteNot","floor":16.0},{"not_picked":["Slimebound:FinishingTackle","Slimebound:SplitAcid"],"picked":"Slimebound:PressTheAttack","floor":19.0},{"not_picked":["Slimebound:FinishingTackle","Slimebound:SplitBruiser"],"picked":"Slimebound:LeadByExample","floor":20.0},{"not_picked":["Slimebound:SplitLeeching","Slimebound:SlimeBrawl"],"picked":"Slimebound:Nibble","floor":22},{"not_picked":["Slimebound:Schlurp","Slimebound:LeechingTouch+1"],"picked":"Slimebound:GrowthPunch","floor":23},{"not_picked":["Slimebound:SplitBruiser","Slimebound:GoopSpray"],"picked":"Slimebound:SpikyOuterGoop","floor":25},{"not_picked":["Slimebound:Schlurp","Slimebound:SlimeBrawl"],"picked":"Slimebound:SelfFormingGoo","floor":26}],"player_experience":17752,"relics_obtained":[{"floor":6.0,"key":"Thread and Needle"},{"floor":7.0,"key":"Juzu Bracelet"},{"floor":12.0,"key":"Bronze Scales"},{"floor":22,"key":"Red Mask"},{"floor":24,"key":"Matryoshka"},{"floor":26,"key":"Whetstone"}],"event_choices":[{"cards_removed":["Slimebound:Defend_Slimebound"],"damage_healed":0.0,"max_hp_gain":0.0,"max_hp_loss":0.0,"gold_gain":0.0,"event_name":"The Cleric","player_choice":"Card Removal","floor":3.0,"gold_loss":0.0,"damage_taken":0.0},{"damage_healed":0.0,"max_hp_gain":0.0,"max_hp_loss":0.0,"gold_gain":0.0,"event_name":"Big Fish","player_choice":"Box","floor":5.0,"gold_loss":0.0,"damage_taken":0.0,"relics_obtained":["Pear"],"cards_obtained":["Regret"]},{"cards_removed":["Regret"],"damage_healed":0.0,"max_hp_gain":0.0,"max_hp_loss":0.0,"gold_gain":0.0,"event_name":"Bonfire Elementals","player_choice":"Offered Curse","floor":9.0,"gold_loss":0.0,"damage_taken":0.0,"relics_obtained":["Spirit Poop"]},{"damage_healed":0,"gold_gain":0,"player_choice":"Fought Bandits","damage_taken":0,"max_hp_gain":0,"max_hp_loss":0,"event_name":"Masked Bandits","floor":22,"gold_loss":0}],"is_beta":false,"boss_relics":[{"not_picked":["Runic Dome","Astrolabe"],"picked":"Sozu"}],"items_purged_floors":[13],"is_endless":false,"potions_floor_spawned":[2,6,15,19,23],"killed_by":"Shelled Parasite and Fungi","ascension_level":0}}