{"host":"n4fty02wqqi95laq","time":1608974006,"event":{"mods":["BaseMod","Highlight Path","Minty Spire (QoL Compilation)","Quick Restart","Rare Cards Sparkle","StSLib"],"gold_per_floor":[14,14,29,44,44,75,75,150,150,150,194,194,207,227,227,227,227],"floor_reached":16,"playtime":371,"items_purged":[],"score":220,"play_id":"45499297-6c66-4acd-a200-befec313f36f","local_time":"20201226171326","is_ascension_mode":true,"campfire_choices":[{"data":"The Bomb","floor":7.0,"key":"SMITH"},{"data":"Phantasmal Killer","floor":10.0,"key":"SMITH"},{"data":"Calculated Gamble","floor":15,"key":"SMITH"}],"circlet_count":0,"master_deck":["AscendersBane","Strike_G","Strike_G","Strike_G","Strike_G","Strike_G","Defend_G","Defend_G","Defend_G","Defend_G","Defend_G","Survivor","Neutralize","The Bomb+1","Tactician","Phantasmal Killer+1","Calculated Gamble+1","Parasite","Escape Plan","Outmaneuver"],"relics":["Ring of the Snake","Golden Idol","Sundial","Kunai","Meat on the Bone"],"acts_visited":[],"potions_floor_usage":[16],"damage_taken":[{"damage":4.0,"enemies":"Jaw Worm","floor":1.0,"turns":3.0},{"damage":0.0,"enemies":"Small Slimes","floor":3.0,"turns":5.0},{"damage":7.0,"enemies":"2 Louse","floor":4.0,"turns":3.0},{"damage":15.0,"enemies":"3 Sentries","floor":6.0,"turns":4.0},{"damage":23.0,"enemies":"Lagavulin","floor":11.0,"turns":8.0},{"damage":3,"enemies":"2 Fungi Beasts","floor":13,"turns":4},{"damage":15,"enemies":"Looter","floor":14,"turns":4},{"damage":18,"enemies":"The Guardian","floor":16,"turns":3}],"seed_played":"5434750480001905662","potions_obtained":[{"floor":1.0,"key":"Poison Potion"},{"floor":11.0,"key":"BlessingOfTheForge"}],"is_trial":false,"path_per_floor":["M","?","M","M","?","E","R","?","T","R","E","?","M","M","R","B"],"character_chosen":"THE_SILENT","items_purchased":[],"campfire_rested":0,"item_purchase_floors":[],"current_hp_per_floor":[55,55,55,48,53,38,38,27,27,27,4,20,29,26,26,8,8],"gold":227,"neow_bonus":"RANDOM_COLORLESS_2","is_daily":false,"chose_seed":false,"campfire_upgraded":3,"win_rate":0.0,"timestamp":1608974006,"path_taken":["M","?","M","M","?","E","R","?","T","R","E","?","M","M","R","BOSS"],"items_purchased_type":[],"build_version":"2020-12-22","purchased_purges":0,"victory":false,"max_hp_per_floor":[66,60,60,60,65,65,65,65,65,65,65,65,65,65,65,65,65],"card_choices":[{"not_picked":["Mayhem","Sadistic Nature"],"picked":"The Bomb","floor":0.0},{"not_picked":["Prepared","Bane","Underhanded Strike"],"picked":"SKIP","floor":1.0},{"not_picked":["Bane","Underhanded Strike","Caltrops"],"picked":"SKIP","floor":3.0},{"not_picked":["Blur","Outmaneuver"],"picked":"Tactician","floor":4.0},{"not_picked":["Phantasmal Killer","Underhanded Strike","Choke"],"picked":"SKIP","floor":6.0},{"not_picked":["Underhanded Strike","Choke"],"picked":"Phantasmal Killer","floor":6.0},{"not_picked":["Backstab","Poisoned Stab"],"picked":"Calculated Gamble","floor":11.0},{"not_picked":["Dodge and Roll","Quick Slash"],"picked":"Escape Plan","floor":13},{"not_picked":["Poisoned Stab","Underhanded Strike"],"picked":"Outmaneuver","floor":14}],"player_experience":639811,"relics_obtained":[{"floor":6.0,"key":"Sundial"},{"floor":9.0,"key":"Kunai"},{"floor":11.0,"key":"Meat on the Bone"}],"event_choices":[{"damage_healed":0.0,"max_hp_gain":0.0,"max_hp_loss":6.0,"gold_gain":0.0,"event_name":"Golden Idol","player_choice":"Lose Max HP","floor":2.0,"gold_loss":0.0,"damage_taken":0.0,"relics_obtained":["Golden Idol"]},{"damage_healed":0.0,"max_hp_gain":5.0,"max_hp_loss":0.0,"gold_gain":0.0,"event_name":"Big Fish","player_choice":"Donut","floor":5.0,"gold_loss":0.0,"damage_taken":0.0},{"damage_healed":0.0,"max_hp_gain":0.0,"max_hp_loss":0.0,"gold_gain":75.0,"event_name":"World of Goop","player_choice":"Gather Gold","floor":8.0,"gold_loss":0.0,"damage_taken":11.0},{"damage_healed":16,"gold_gain":0,"player_choice":"Healed and dodged fight","damage_taken":0,"max_hp_gain":0,"max_hp_loss":0,"event_name":"Mushrooms","floor":12,"gold_loss":0,"cards_obtained":["Parasite"]}],"is_beta":false,"boss_relics":[],"items_purged_floors":[],"is_endless":false,"potions_floor_spawned":[1,11,14],"killed_by":"The Guardian","ascension_level":20}}