{"host":"30jsp143e4v19aze","time":1608991440,"event":{"mods":["BaseMod","Colored Map","Colored Powertips","Curses Come First","DeckTracker","Highlight Path","Minty Spire (QoL Compilation)","Quick Restart","Relic Stats","StSLib","everything is the same but u backflip on backflip","slay the spire mod where everything is the same but ironclad has a cowboy hat"],"gold_per_floor":[118,129,99,119,194,194,204,204,204,204,232,232,248,280,280,384,384],"floor_reached":16,"playtime":654,"items_purged":[],"score":296,"play_id":"77f19019-8ba0-4714-bd14-2ec9b9d42d52","local_time":"20201226150400","is_ascension_mode":true,"campfire_choices":[{"data":"Undo","floor":6,"key":"SMITH"},{"data":"Compile Driver","floor":8,"key":"SMITH"},{"data":"Cold Snap","floor":10,"key":"SMITH"},{"data":"Barrage","floor":15,"key":"SMITH"}],"circlet_count":0,"master_deck":["AscendersBane","Strike_B","Strike_B","Strike_B","Defend_B","Defend_B","Defend_B","Defend_B","Zap","Dualcast","Cold Snap+1","Undo+1","Compile Driver+1","Barrage+1","Skim","Cold Snap"],"relics":["Cracked Core","NeowsBlessing","Cables","Toy Ornithopter","TungstenRod"],"acts_visited":["Exordium"],"potions_floor_usage":[11,16,16],"damage_taken":[{"damage":0,"enemies":"Jaw Worm","floor":1,"turns":1},{"damage":0,"enemies":"Cultist","floor":2,"turns":1},{"damage":0,"enemies":"Small Slimes","floor":4,"turns":1},{"damage":4,"enemies":"3 Louse","floor":7,"turns":5},{"damage":0,"enemies":"3 Sentries","floor":11,"turns":7},{"damage":28,"enemies":"Exordium Thugs","floor":13,"turns":4},{"damage":22,"enemies":"Lagavulin","floor":14,"turns":9},{"damage":3,"enemies":"The Guardian","floor":16,"turns":9}],"seed_played":"5298476329918415509","potions_obtained":[{"floor":2,"key":"PotionOfCapacity"},{"floor":3,"key":"DistilledChaos"},{"floor":11,"key":"Strength Potion"}],"is_trial":false,"path_per_floor":["M","M","?","M","?","R","M","R","T","R","E","?","M","E","R","B"],"character_chosen":"DEFECT","items_purchased":[],"campfire_rested":0,"item_purchase_floors":[],"current_hp_per_floor":[68,68,68,68,57,57,53,53,53,53,53,53,25,3,3,10,10],"gold":384,"neow_bonus":"THREE_ENEMY_KILL","is_daily":false,"chose_seed":false,"campfire_upgraded":4,"win_rate":0.0,"timestamp":1608991440,"path_taken":["M","M","?","?","?","R","M","R","T","R","E","?","M","E","R","BOSS"],"items_purchased_type":[],"build_version":"2020-12-22","purchased_purges":0,"victory":false,"max_hp_per_floor":[75,75,75,75,75,75,75,75,75,75,75,75,75,75,75,75,75],"relic_stats":{"counters":[8,37],"obtain_stats":[{"NeowsBlessing":0,"Cracked Core":0,"Toy Ornithopter":11,"TungstenRod":14,"Cables":9},{"NeowsBlessing":0,"Cracked Core":0,"Toy Ornithopter":5,"TungstenRod":7,"Cables":4},{"NeowsBlessing":0,"Cracked Core":0,"Toy Ornithopter":15,"TungstenRod":28,"Cables":8}],"Toy Ornithopter":10,"TungstenRod":2,"Cables":[27,19,8,0,0]},"card_choices":[{"not_picked":["Steam","Beam Cell"],"picked":"Cold Snap","floor":1},{"not_picked":["FTL","Barrage"],"picked":"Undo","floor":2},{"not_picked":["Conserve Battery","Beam Cell"],"picked":"Compile Driver","floor":4},{"not_picked":["Turbo","Leap","Lockon"],"picked":"SKIP","floor":7},{"not_picked":["Meteor Strike","Tempest"],"picked":"Barrage","floor":11},{"not_picked":["Stack","Leap"],"picked":"Skim","floor":13},{"not_picked":["Go for the Eyes","Reinforced Body"],"picked":"Cold Snap","floor":14}],"player_experience":3238296,"relics_obtained":[{"floor":9,"key":"Cables"},{"floor":11,"key":"Toy Ornithopter"},{"floor":14,"key":"TungstenRod"}],"event_choices":[{"damage_healed":0,"gold_gain":0,"player_choice":"Bought 2 Potions","damage_taken":0,"max_hp_gain":0,"max_hp_loss":0,"event_name":"The Woman in Blue","floor":3,"gold_loss":0},{"damage_healed":0,"gold_gain":75,"player_choice":"Gather Gold","damage_taken":11,"max_hp_gain":0,"max_hp_loss":0,"event_name":"World of Goop","floor":5,"gold_loss":0},{"cards_removed":["Strike_B"],"damage_healed":0,"gold_gain":0,"player_choice":"Purged","damage_taken":0,"max_hp_gain":0,"max_hp_loss":0,"event_name":"Purifier","floor":12,"gold_loss":0}],"is_beta":false,"boss_relics":[],"items_purged_floors":[],"is_endless":false,"potions_floor_spawned":[2,11,14],"killed_by":"The Guardian","ascension_level":12}}