{"host":"1637j8siz7lzgd5k","time":1608985451,"event":{"mods":["BaseMod","Colored Map","Minty Spire (QoL Compilation)","StSLib","SuperFastMode"],"gold_per_floor":[118,137,148,148,148,148,33,53,53,88,88,88,106,124,124,124,124],"floor_reached":16,"playtime":197,"items_purged":[],"score":204,"play_id":"d0589d53-839b-4298-a533-1189b8344bd1","local_time":"20201226212411","is_ascension_mode":true,"campfire_choices":[{"data":"Dash","floor":6.0,"key":"SMITH"},{"data":"Neutralize","floor":12,"key":"SMITH"},{"floor":15,"key":"RECALL"}],"circlet_count":0,"master_deck":["AscendersBane","Strike_G","Strike_G","Strike_G","Strike_G","Defend_G","Defend_G","Defend_G","Defend_G","Defend_G","Survivor","Neutralize+1","Dash+1","Dagger Spray","PiercingWail","Dagger Spray","Envenom+1"],"relics":["Ring of the Snake","NeowsBlessing","Golden Idol","Frozen Egg 2","Gremlin Horn","Tough Bandages"],"acts_visited":["Exordium"],"potions_floor_usage":[10,16],"damage_taken":[{"damage":0.0,"enemies":"Cultist","floor":1.0,"turns":1.0},{"damage":0.0,"enemies":"Small Slimes","floor":2.0,"turns":1.0},{"damage":0.0,"enemies":"2 Louse","floor":3.0,"turns":1.0},{"damage":8.0,"enemies":"Lots of Slimes","floor":8.0,"turns":5.0},{"damage":10,"enemies":"3 Sentries","floor":10,"turns":4},{"damage":0,"enemies":"2 Fungi Beasts","floor":13,"turns":3},{"damage":0,"enemies":"Looter","floor":14,"turns":3},{"damage":11,"enemies":"Hexaghost","floor":16,"turns":8}],"seed_played":"-2823689051299759682","potions_obtained":[{"floor":2.0,"key":"SpeedPotion"},{"floor":3.0,"key":"LiquidMemories"},{"floor":8.0,"key":"SteroidPotion"},{"floor":13,"key":"Swift Potion"},{"floor":14,"key":"Energy Potion"}],"is_trial":false,"path_per_floor":["M","M","M","?","?","R","$","M","T","E","?","R","M","M","R","B"],"character_chosen":"THE_SILENT","items_purchased":["Dagger Spray","PiercingWail"],"campfire_rested":0,"item_purchase_floors":[7,7],"current_hp_per_floor":[59,59,59,36,36,36,36,28,28,18,11,11,11,11,11,0,0],"gold":124,"neow_bonus":"THREE_ENEMY_KILL","is_daily":false,"chose_seed":false,"campfire_upgraded":2,"win_rate":0.0,"timestamp":1608985451,"path_taken":["M","?","M","?","?","R","$","?","T","E","?","R","M","M","R","BOSS"],"items_purchased_type":["Card","Card"],"build_version":"2020-12-22","purchased_purges":0,"victory":false,"max_hp_per_floor":[66,66,66,66,66,66,66,66,66,66,66,66,66,66,66,66,66],"card_choices":[{"not_picked":["Prepared","Underhanded Strike","Expertise"],"picked":"SKIP","floor":1.0},{"not_picked":["Cloak And Dagger","Heel Hook"],"picked":"Dash","floor":2.0},{"not_picked":["Heel Hook","Leg Sweep","Riddle With Holes"],"picked":"SKIP","floor":3.0},{"not_picked":["Flying Knee","Dagger Throw"],"picked":"Dagger Spray","floor":8.0},{"not_picked":["Backflip","Outmaneuver","Prepared"],"picked":"SKIP","floor":10},{"not_picked":["Finisher","Setup"],"picked":"Envenom+1","floor":13},{"not_picked":["Slice","Acrobatics","Quick Slash"],"picked":"SKIP","floor":14}],"player_experience":816863,"relics_obtained":[{"floor":9.0,"key":"Gremlin Horn"},{"floor":10,"key":"Tough Bandages"}],"event_choices":[{"damage_healed":0.0,"max_hp_gain":0.0,"max_hp_loss":0.0,"gold_gain":0.0,"event_name":"Golden Idol","player_choice":"Take Damage","floor":4.0,"gold_loss":0.0,"damage_taken":23.0,"relics_obtained":["Golden Idol"]},{"damage_healed":0.0,"max_hp_gain":0.0,"max_hp_loss":0.0,"gold_gain":0.0,"event_name":"WeMeetAgain","player_choice":"Gave Potion","floor":5.0,"gold_loss":0.0,"damage_taken":0.0,"relics_obtained":["Frozen Egg 2"]},{"cards_removed":["Strike_G"],"damage_healed":0,"gold_gain":0,"player_choice":"Card Removal","damage_taken":7,"max_hp_gain":0,"max_hp_loss":0,"event_name":"Golden Wing","floor":11,"gold_loss":0}],"is_beta":false,"boss_relics":[],"items_purged_floors":[],"is_endless":false,"potions_floor_spawned":[2,3,8,13,14],"killed_by":"Hexaghost","ascension_level":20}}