{"host":"t7mx8yfj1no5p62f","time":1608947129,"event":{"mods":["BaseMod","Colored Map","Colored Powertips","Minty Spire (QoL Compilation)","Relic Stats","StSLib"],"gold_per_floor":[367,384,460,480,480,480,71,104,104,104,131,141,159,189,189,263,263,274,199,23,23,23,51,51,65,65,99,112,28,47,61,61,135,135,149,149,149,167,187,215,261,40,40,40,74,93,110,137,137,137,137,137,137,47,72,72],"floor_reached":57,"playtime":3421,"items_purged":["Strike_G"],"score":3275,"play_id":"c198a550-cf0b-47a3-a518-b864868aecec","local_time":"20201225204529","is_ascension_mode":true,"campfire_choices":[{"data":"Dagger Spray","floor":6.0,"key":"SMITH"},{"data":"Noxious Fumes","floor":10.0,"key":"SMITH"},{"data":"Neutralize","floor":15.0,"key":"SMITH"},{"data":"Backstab","floor":24.0,"key":"SMITH"},{"data":"Survivor","floor":32.0,"key":"SMITH"},{"floor":44.0,"key":"RECALL"},{"data":"Eviscerate","floor":49.0,"key":"SMITH"},{"data":"Poisoned Stab","floor":53.0,"key":"SMITH"}],"circlet_count":0,"master_deck":["AscendersBane","Survivor+1","Neutralize+1","Dagger Spray+1","Backstab+1","PiercingWail","Noxious Fumes+1","Burst+1","Blade Dance+1","Deflect+1","PiercingWail+1","Die Die Die+1","Concentrate+1","Cloak And Dagger+1","Reflex+1","Ghostly+1","Ghostly+1","Ghostly+1","Cloak And Dagger+1","Concentrate+1","Catalyst+1","Prepared+1","Doppelganger+1","Poisoned Stab+1","Eviscerate+1","Terror+1","Catalyst+1","After Image+1","A Thousand Cuts+1","Prepared+1","A Thousand Cuts+1","Prepared+1","Madness+1","Madness+1","Outmaneuver+1","Outmaneuver+1","Tactician+1","Bouncing Flask+1"],"relics":["Ring of the Snake","Pear","Dead Branch","Toxic Egg 2","Oddly Smooth Stone","Akabeko","Lizard Tail","Runic Pyramid","Potion Belt","Question Card","Frozen Egg 2","Pandora\u0027s Box","Omamori","Bird Faced Urn","Medical Kit","White Beast Statue","Bottled Flame","Bottled Lightning"],"acts_visited":["Exordium","TheCity","TheBeyond","TheEnding"],"potions_floor_usage":[55,55],"damage_taken":[{"damage":0.0,"enemies":"Small Slimes","floor":1.0,"turns":7.0},{"damage":0.0,"enemies":"2 Louse","floor":2.0,"turns":3.0},{"damage":0.0,"enemies":"Jaw Worm","floor":4.0,"turns":4.0},{"damage":26.0,"enemies":"Gremlin Nob","floor":8.0,"turns":4.0},{"damage":7.0,"enemies":"3 Sentries","floor":11.0,"turns":4.0},{"damage":0.0,"enemies":"2 Fungi Beasts","floor":12.0,"turns":1.0},{"damage":0.0,"enemies":"Looter","floor":13.0,"turns":2.0},{"damage":0.0,"enemies":"Lagavulin","floor":14.0,"turns":4.0},{"damage":0.0,"enemies":"The Guardian","floor":16.0,"turns":10.0},{"damage":0.0,"enemies":"Spheric Guardian","floor":18.0,"turns":4.0},{"damage":4.0,"enemies":"Slavers","floor":23.0,"turns":5.0},{"damage":1.0,"enemies":"2 Thieves","floor":25.0,"turns":2.0},{"damage":3.0,"enemies":"Gremlin Leader","floor":27.0,"turns":8.0},{"damage":0.0,"enemies":"Shelled Parasite and Fungi","floor":28.0,"turns":4.0},{"damage":0.0,"enemies":"Centurion and Healer","floor":30.0,"turns":4.0},{"damage":0.0,"enemies":"Snecko","floor":31.0,"turns":3.0},{"damage":0.0,"enemies":"Champ","floor":33.0,"turns":10.0},{"damage":0.0,"enemies":"Orb Walker","floor":35.0,"turns":3.0},{"damage":0.0,"enemies":"3 Shapes","floor":38.0,"turns":2.0},{"damage":0.0,"enemies":"Transient","floor":39.0,"turns":6.0},{"damage":0.0,"enemies":"Nemesis","floor":40.0,"turns":5.0},{"damage":0.0,"enemies":"2 Orb Walkers","floor":41.0,"turns":4.0},{"damage":0.0,"enemies":"Reptomancer","floor":45.0,"turns":5.0},{"damage":0.0,"enemies":"Sphere and 2 Shapes","floor":46.0,"turns":2.0},{"damage":2.0,"enemies":"4 Shapes","floor":47.0,"turns":4.0},{"damage":7.0,"enemies":"Giant Head","floor":48.0,"turns":5.0},{"damage":10.0,"enemies":"Donu and Deca","floor":50.0,"turns":8.0},{"damage":28.0,"enemies":"Awakened One","floor":51.0,"turns":19.0},{"damage":0,"enemies":"Shield and Spear","floor":55,"turns":4},{"damage":26,"enemies":"The Heart","floor":56,"turns":9}],"seed_played":"-3503175251044089158","potions_obtained":[{"floor":2.0,"key":"Regen Potion"},{"floor":4.0,"key":"GamblersBrew"},{"floor":12.0,"key":"DuplicationPotion"},{"floor":14.0,"key":"GhostInAJar"},{"floor":28.0,"key":"SpeedPotion"},{"floor":31.0,"key":"AttackPotion"},{"floor":39.0,"key":"Fire Potion"},{"floor":40.0,"key":"SteroidPotion"},{"floor":46.0,"key":"Strength Potion"},{"floor":48.0,"key":"GhostInAJar"},{"floor":55,"key":"FairyPotion"}],"is_trial":false,"path_per_floor":["M","M","?","M","?","R","$","E","T","R","E","M","M","E","R","B",null,"M","?","$","?","?","E","R","M","T","E","M","$","M","M","R","B",null,"M","?","?","M","M","E","?","$","T","R","E","M","M","E","R","B","B",null,"R","$","E","B",null],"character_chosen":"THE_SILENT","items_purchased":["Dead Branch","Noxious Fumes","Cloak And Dagger+1","Reflex+1","Prepared+1","BlessingOfTheForge","Medical Kit","Outmaneuver+1","Tactician+1"],"campfire_rested":0,"item_purchase_floors":[7,7,20,20,29,29,42,42,54],"current_hp_per_floor":[59,59,59,59,51,51,51,30,30,30,23,23,23,23,23,23,58,58,58,58,35,35,31,31,30,30,27,27,27,27,27,27,27,33,33,27,27,27,27,27,27,27,27,27,35,35,33,35,35,35,21,32,32,32,35,25],"gold":72,"neow_bonus":"TWO_FIFTY_GOLD","is_daily":false,"chose_seed":false,"campfire_upgraded":7,"win_rate":0.0,"timestamp":1608947129,"path_taken":["M","M","?","M","?","R","$","E","T","R","E","M","M","E","R","BOSS","M","?","$","?","?","E","R","?","T","E","M","?","M","?","R","BOSS","M","?","?","M","?","E","?","$","T","R","E","M","M","E","R","BOSS","BOSS","R","$","E","BOSS"],"items_purchased_type":["Relic","Card","Card","Card","Card","Potion","Relic","Card","Card"],"build_version":"2020-12-22","purchased_purges":1,"victory":true,"max_hp_per_floor":[60,60,60,60,70,70,70,70,70,70,70,70,70,70,70,70,70,70,70,70,35,35,35,35,35,35,35,35,35,35,35,35,35,35,35,35,35,35,35,35,35,35,35,35,35,35,35,35,35,35,35,35,35,35,35,35],"relic_stats":{"Lizard Tail":0,"counters":[30,155],"Dead Branch":[416],"Bird Faced Urn":[60],"Pandora\u0027s Box":["Poisoned Stab","Eviscerate","Terror","Catalyst","After Image","A Thousand Cuts","Prepared","A Thousand Cuts"],"Question Card":15,"Medical Kit":[12],"obtain_stats":[{"Potion Belt":23,"Pear":5,"Dead Branch":7,"Oddly Smooth Stone":9,"Omamori":40,"Frozen Egg 2":27,"Question Card":26,"Medical Kit":42,"Akabeko":11,"White Beast Statue":45,"Lizard Tail":14,"Bottled Flame":48,"Bird Faced Urn":41,"Pandora\u0027s Box":34,"Bottled Lightning":55,"Toxic Egg 2":8,"Ring of the Snake":0,"Runic Pyramid":17},{"Potion Belt":11,"Pear":3,"Dead Branch":3,"Oddly Smooth Stone":4,"Omamori":21,"Frozen Egg 2":13,"Question Card":12,"Medical Kit":22,"Akabeko":5,"White Beast Statue":23,"Lizard Tail":8,"Bottled Flame":26,"Bird Faced Urn":22,"Pandora\u0027s Box":17,"Bottled Lightning":29,"Toxic Egg 2":4,"Ring of the Snake":0,"Runic Pyramid":9},{"Potion Belt":48,"Pear":14,"Dead Branch":14,"Oddly Smooth Stone":18,"Omamori":95,"Frozen Egg 2":58,"Question Card":50,"Medical Kit":99,"Akabeko":22,"White Beast Statue":104,"Lizard Tail":29,"Bottled Flame":115,"Bird Faced Urn":99,"Pandora\u0027s Box":79,"Bottled Lightning":146,"Toxic Egg 2":18,"Ring of the Snake":0,"Runic Pyramid":39}],"Ring of the Snake":[60]},"card_choices":[{"not_picked":["Cloak And Dagger","Backflip"],"picked":"Dagger Spray","floor":1.0},{"not_picked":["Sucker Punch","Flying Knee"],"picked":"Backstab","floor":2.0},{"not_picked":["Expertise","Bane"],"picked":"PiercingWail","floor":4.0},{"not_picked":["Backflip+1","Bane"],"picked":"Burst+1","floor":8.0},{"not_picked":["Cloak And Dagger+1","Terror+1"],"picked":"Blade Dance+1","floor":11.0},{"not_picked":["Slice","Sucker Punch","Predator"],"picked":"SKIP","floor":12.0},{"not_picked":["Dagger Throw","Outmaneuver+1"],"picked":"Deflect+1","floor":13.0},{"not_picked":["Flying Knee","Predator"],"picked":"PiercingWail+1","floor":14.0},{"not_picked":["A Thousand Cuts","Wraith Form v2"],"picked":"Die Die Die","floor":16.0},{"not_picked":["Poisoned Stab","Distraction+1"],"picked":"Concentrate+1","floor":18.0},{"not_picked":["Slice","Tactician+1"],"picked":"Cloak And Dagger+1","floor":23.0},{"not_picked":["Leg Sweep+1","Predator+1"],"picked":"Catalyst+1","floor":25.0},{"not_picked":["Distraction+1","Dagger Spray","Dagger Throw"],"picked":"Concentrate+1","floor":27.0},{"not_picked":["Dodge and Roll+1","Expertise+1","Well Laid Plans+1"],"picked":"Catalyst+1","floor":28.0},{"not_picked":["Riddle With Holes","Footwork+1","Choke+1","Sucker Punch"],"picked":"SKIP","floor":30.0},{"not_picked":["Reflex+1","Quick Slash","Dodge and Roll+1","Flechettes"],"picked":"SKIP","floor":31.0},{"not_picked":["A Thousand Cuts+1","Die Die Die","Grand Finale"],"picked":"Doppelganger+1","floor":33.0},{"not_picked":["Bane","Cloak And Dagger+1","Setup+1"],"picked":"Prepared+1","floor":35.0},{"not_picked":["Poisoned Stab","Slice","Blade Dance+1"],"picked":"Outmaneuver+1","floor":38.0},{"not_picked":["Bane","Expertise+1","Noxious Fumes+1","Glass Knife"],"picked":"SKIP","floor":39.0},{"not_picked":["Leg Sweep+1","Endless Agony+1","Footwork+1","Deadly Poison+1"],"picked":"SKIP","floor":40.0},{"not_picked":["Acrobatics+1","Blade Dance+1","Glass Knife","Reflex+1"],"picked":"SKIP","floor":45.0},{"not_picked":["Expertise+1","Slice+1","Choke","Heel Hook"],"picked":"SKIP","floor":46.0},{"not_picked":["Slice+1","Masterful Stab+1","Concentrate+1","Dash"],"picked":"SKIP","floor":47.0},{"not_picked":["Cloak And Dagger+1","Distraction+1","PiercingWail+1","Riddle With Holes"],"picked":"SKIP","floor":48.0},{"not_picked":["Backflip+1","Dagger Throw","Acrobatics+1"],"picked":"Bouncing Flask+1","floor":55}],"player_experience":1589959,"relics_obtained":[{"floor":8.0,"key":"Toxic Egg 2"},{"floor":9.0,"key":"Oddly Smooth Stone"},{"floor":11.0,"key":"Akabeko"},{"floor":14.0,"key":"Lizard Tail"},{"floor":23.0,"key":"Potion Belt"},{"floor":26.0,"key":"Question Card"},{"floor":27.0,"key":"Frozen Egg 2"},{"floor":40.0,"key":"Omamori"},{"floor":41.0,"key":"Bird Faced Urn"},{"floor":45.0,"key":"White Beast Statue"},{"floor":48.0,"key":"Bottled Flame"},{"floor":55,"key":"Bottled Lightning"}],"event_choices":[{"damage_healed":0.0,"max_hp_gain":0.0,"max_hp_loss":0.0,"gold_gain":76.0,"event_name":"Golden Wing","player_choice":"Gained Gold","floor":3.0,"gold_loss":0.0,"damage_taken":0.0},{"damage_healed":0.0,"max_hp_gain":0.0,"max_hp_loss":0.0,"gold_gain":0.0,"event_name":"Scrap Ooze","player_choice":"Success","floor":5.0,"gold_loss":0.0,"damage_taken":18.0,"relics_obtained":["Pear"]},{"cards_removed":["Strike_G"],"damage_healed":0.0,"max_hp_gain":0.0,"max_hp_loss":0.0,"gold_gain":0.0,"event_name":"Beggar","player_choice":"Gave Gold","floor":19.0,"gold_loss":75.0,"damage_taken":0.0},{"damage_healed":0.0,"max_hp_gain":0.0,"max_hp_loss":35.0,"gold_gain":0.0,"event_name":"Ghosts","player_choice":"Became a Ghost","floor":21.0,"gold_loss":0.0,"damage_taken":0.0,"cards_obtained":["Ghostly","Ghostly","Ghostly"]},{"damage_healed":0.0,"max_hp_gain":0.0,"max_hp_loss":0.0,"gold_gain":0.0,"event_name":"Upgrade Shrine","player_choice":"Upgraded","floor":22.0,"gold_loss":0.0,"damage_taken":0.0,"cards_upgraded":["Die Die Die"]},{"damage_healed":0.0,"max_hp_gain":0.0,"max_hp_loss":0.0,"gold_gain":0.0,"event_name":"Winding Halls","player_choice":"Embrace Madness","floor":36.0,"gold_loss":0.0,"damage_taken":6.0,"cards_obtained":["Madness","Madness"]},{"cards_removed":["Catalyst"],"damage_healed":0.0,"max_hp_gain":0.0,"max_hp_loss":0.0,"gold_gain":0.0,"event_name":"Falling","player_choice":"Removed Skill","floor":37.0,"gold_loss":0.0,"damage_taken":0.0},{"damage_healed":0.0,"max_hp_gain":0.0,"max_hp_loss":0.0,"gold_gain":0.0,"event_name":"Mysterious Sphere","player_choice":"Fight","floor":41.0,"gold_loss":0.0,"damage_taken":0.0}],"is_beta":false,"boss_relics":[{"not_picked":["Ring of the Serpent","SacredBark"],"picked":"Runic Pyramid"},{"not_picked":["Snecko Eye","Busted Crown"],"picked":"Pandora\u0027s Box"}],"items_purged_floors":[20],"is_endless":false,"potions_floor_spawned":[2,4,12,14,18,28,31,33,39,40,41,46,47,48,55],"ascension_level":20}}