{"host":"0cgp910o8339lr91","time":1608951208,"event":{"mods":["BaseMod","Colored Map","Filter the Spire","Minty Spire (QoL Compilation)","Relic Stats","Slay-I","ojb\u0027s Better Paths Mod","ojb\u0027s Info Mod"],"gold_per_floor":[118,128,146,161,161,190,190,228,255,255,330,358,378,420,420,506,506,527,537,537,562,572,609,609,641,710,737,737,746,772,533,533,613,613,628,628,638,638,638,647,691,700,774,809,545,564,266,292,292,292,292,292],"floor_reached":51,"playtime":4051,"items_purged":["Strike_G+1","Strike_G+1","Strike_G+1"],"score":1942,"play_id":"c8b6924e-4bef-4c21-8998-8a31fc296e3e","local_time":"20201226035328","is_ascension_mode":true,"campfire_choices":[{"data":"Neutralize","floor":7.0,"key":"SMITH"},{"data":"Footwork","floor":10.0,"key":"SMITH"},{"data":"Dagger Spray","floor":15.0,"key":"SMITH"},{"floor":24.0,"key":"REST"},{"floor":29.0,"key":"REST"},{"floor":32.0,"key":"REST"},{"floor":40.0,"key":"REST"},{"floor":42.0,"key":"REST"},{"floor":49,"key":"RECALL"}],"circlet_count":0,"master_deck":["AscendersBane","Defend_G+1","Defend_G+1","Defend_G+1","Defend_G+1","Defend_G+1","Survivor","Neutralize+1","Backflip","Grand Finale","PiercingWail","Footwork+1","Backflip","Grand Finale","PiercingWail","Backstab","Leg Sweep","Acrobatics","Sucker Punch+1","Phantasmal Killer+1","Footwork","Acrobatics+1","Infinite Blades+1"],"relics":["Runic Pyramid","Potion Belt","CeramicFish","MealTicket","Oddly Smooth Stone","PreservedInsect","Fusion Hammer","Mercury Hourglass","Dream Catcher","InkBottle","Eternal Feather","Toy Ornithopter","SlaversCollar","Omamori","Ancient Tea Set","ClockworkSouvenir","TwistedFunnel","Frozen Egg 2"],"acts_visited":["Exordium","TheCity","TheBeyond"],"potions_floor_usage":[50,50],"damage_taken":[{"damage":3.0,"enemies":"Cultist","floor":1.0,"turns":4.0},{"damage":0.0,"enemies":"Small Slimes","floor":2.0,"turns":5.0},{"damage":0.0,"enemies":"2 Louse","floor":3.0,"turns":3.0},{"damage":1.0,"enemies":"Lots of Slimes","floor":4.0,"turns":2.0},{"damage":2.0,"enemies":"Lagavulin","floor":6.0,"turns":5.0},{"damage":0.0,"enemies":"Gremlin Nob","floor":8.0,"turns":3.0},{"damage":0.0,"enemies":"Lagavulin","floor":12.0,"turns":8.0},{"damage":0.0,"enemies":"Blue Slaver","floor":13.0,"turns":5.0},{"damage":8.0,"enemies":"3 Sentries","floor":14.0,"turns":3.0},{"damage":0.0,"enemies":"Hexaghost","floor":16.0,"turns":9.0},{"damage":0.0,"enemies":"Chosen","floor":18.0,"turns":6.0},{"damage":0.0,"enemies":"3 Byrds","floor":19.0,"turns":3.0},{"damage":9.0,"enemies":"Cultist and Chosen","floor":21.0,"turns":7.0},{"damage":0.0,"enemies":"Snake Plant","floor":22.0,"turns":4.0},{"damage":12.0,"enemies":"Book of Stabbing","floor":23.0,"turns":5.0},{"damage":14.0,"enemies":"Slavers","floor":25.0,"turns":4.0},{"damage":0.0,"enemies":"Sentry and Sphere","floor":27.0,"turns":4.0},{"damage":0.0,"enemies":"Gremlin Leader","floor":30.0,"turns":4.0},{"damage":3.0,"enemies":"Collector","floor":33.0,"turns":10.0},{"damage":0.0,"enemies":"3 Shapes","floor":35.0,"turns":5.0},{"damage":0.0,"enemies":"Orb Walker","floor":37.0,"turns":4.0},{"damage":0.0,"enemies":"Reptomancer","floor":41.0,"turns":6.0},{"damage":1.0,"enemies":"Giant Head","floor":44.0,"turns":5.0},{"damage":3.0,"enemies":"Writhing Mass","floor":46.0,"turns":4.0},{"damage":0,"enemies":"Reptomancer","floor":48,"turns":4},{"damage":15,"enemies":"Awakened One","floor":50,"turns":6},{"damage":67,"enemies":"Time Eater","floor":51,"turns":10}],"seed_played":"7601347756037737162","potions_obtained":[{"floor":3.0,"key":"ColorlessPotion"},{"floor":4.0,"key":"Poison Potion"},{"floor":8.0,"key":"GamblersBrew"},{"floor":16.0,"key":"Poison Potion"},{"floor":18.0,"key":"LiquidBronze"},{"floor":21.0,"key":"SmokeBomb"},{"floor":23.0,"key":"GamblersBrew"},{"floor":25.0,"key":"PowerPotion"},{"floor":27.0,"key":"ColorlessPotion"},{"floor":41.0,"key":"LiquidMemories"}],"is_trial":false,"path_per_floor":["M","M","M","M","?","E","R","E","T","R","?","E","M","E","R","B",null,"M","M","?","M","M","E","R","E","T","M","?","R","E","$","R","B",null,"M","?","M","?","?","R","E","R","T","E","$","M","$","E","R","B","B"],"character_chosen":"THE_SILENT","items_purchased":["Toy Ornithopter","ClockworkSouvenir","TwistedFunnel"],"campfire_rested":5,"item_purchase_floors":[31,45,47],"current_hp_per_floor":[56,56,56,55,55,53,53,53,53,53,42,42,42,34,34,34,58,58,58,58,49,49,37,56,42,42,42,42,61,61,66,66,63,65,65,65,66,66,66,66,66,66,66,65,66,63,66,66,66,61,0,0],"gold":292,"neow_bonus":"BOSS_RELIC","is_daily":false,"chose_seed":false,"campfire_upgraded":3,"win_rate":0.0,"timestamp":1608951208,"path_taken":["M","?","M","M","?","E","R","E","T","R","?","E","M","E","R","BOSS","M","M","?","M","?","E","R","E","T","M","?","R","E","$","R","BOSS","M","?","?","?","?","R","E","R","T","E","$","?","$","E","R","BOSS","BOSS"],"items_purchased_type":["Relic","Relic","Relic"],"build_version":"2020-12-22","purchased_purges":3,"victory":false,"max_hp_per_floor":[66,66,66,66,66,66,66,66,66,66,66,66,66,66,66,66,66,66,66,66,66,66,66,66,66,66,66,66,66,66,66,66,66,66,66,66,66,66,66,66,66,66,66,66,66,66,66,66,66,66,66,66],"relic_stats":{"Dream Catcher":4,"counters":[27,138],"CeramicFish":108,"MealTicket":9,"Eternal Feather":0,"PreservedInsect":394,"obtain_stats":[{"Potion Belt":6,"TwistedFunnel":47,"CeramicFish":8,"Oddly Smooth Stone":12,"Eternal Feather":30,"PreservedInsect":14,"Omamori":41,"Frozen Egg 2":48,"Ancient Tea Set":44,"Mercury Hourglass":23,"ClockworkSouvenir":45,"SlaversCollar":34,"Dream Catcher":25,"MealTicket":9,"Fusion Hammer":17,"InkBottle":26,"Toy Ornithopter":31,"Ring of the Snake":0,"Runic Pyramid":0},{"Potion Belt":5,"TwistedFunnel":24,"CeramicFish":6,"Oddly Smooth Stone":7,"Eternal Feather":18,"PreservedInsect":9,"Omamori":22,"Frozen Egg 2":25,"Ancient Tea Set":23,"Mercury Hourglass":15,"ClockworkSouvenir":23,"SlaversCollar":19,"Dream Catcher":16,"MealTicket":6,"Fusion Hammer":10,"InkBottle":16,"Toy Ornithopter":18,"Ring of the Snake":0,"Runic Pyramid":0},{"Potion Belt":19,"TwistedFunnel":118,"CeramicFish":22,"Oddly Smooth Stone":30,"Eternal Feather":84,"PreservedInsect":38,"Omamori":109,"Frozen Egg 2":122,"Ancient Tea Set":114,"Mercury Hourglass":72,"ClockworkSouvenir":114,"SlaversCollar":94,"Dream Catcher":76,"MealTicket":22,"Fusion Hammer":47,"InkBottle":76,"Toy Ornithopter":84,"Ring of the Snake":0,"Runic Pyramid":0}],"InkBottle":[27],"Toy Ornithopter":11,"Mercury Hourglass":[347]},"card_choices":[{"not_picked":["Sucker Punch","Flying Knee","Well Laid Plans"],"picked":"SKIP","floor":1.0},{"not_picked":["Deflect","Slice"],"picked":"Dagger Spray","floor":2.0},{"not_picked":["Distraction","Dagger Spray"],"picked":"Backflip","floor":3.0},{"not_picked":["Sucker Punch","Leg Sweep"],"picked":"Grand Finale","floor":4.0},{"not_picked":["Prepared","Underhanded Strike"],"picked":"PiercingWail","floor":6.0},{"not_picked":["Finisher","Flechettes"],"picked":"Footwork","floor":8.0},{"not_picked":["Noxious Fumes","Outmaneuver","Underhanded Strike"],"picked":"SKIP","floor":12.0},{"not_picked":["Dodge and Roll","Bane","All Out Attack"],"picked":"SKIP","floor":13.0},{"not_picked":["Acrobatics","Deflect"],"picked":"Backflip","floor":14.0},{"not_picked":["Tools of the Trade","Unload"],"picked":"Grand Finale","floor":16.0},{"not_picked":["Backflip","Prepared"],"picked":"PiercingWail","floor":18.0},{"not_picked":["Poisoned Stab+1","Finisher","Bane"],"picked":"SKIP","floor":19.0},{"not_picked":["Eviscerate+1","Prepared"],"picked":"Backstab","floor":21.0},{"not_picked":["Dodge and Roll","Dagger Throw+1","PiercingWail"],"picked":"SKIP","floor":22.0},{"not_picked":["Flechettes","Concentrate"],"picked":"Leg Sweep","floor":23.0},{"not_picked":["Bullet Time","Slice+1","Deflect"],"picked":"SKIP","floor":25.0},{"not_picked":["Dagger Spray","Skewer"],"picked":"Acrobatics","floor":27.0},{"not_picked":["Blade Dance","Dagger Spray"],"picked":"Sucker Punch+1","floor":29.0},{"not_picked":["Tactician","Bullet Time","Outmaneuver"],"picked":"SKIP","floor":30.0},{"not_picked":["Wraith Form v2","Doppelganger"],"picked":"Phantasmal Killer","floor":33.0},{"not_picked":["Choke+1","Bane","Well Laid Plans"],"picked":"SKIP","floor":35.0},{"not_picked":["Deadly Poison","Outmaneuver","Riddle With Holes"],"picked":"SKIP","floor":37.0},{"not_picked":["Slice+1","Well Laid Plans"],"picked":"Footwork","floor":40.0},{"not_picked":["Outmaneuver","Endless Agony"],"picked":"Acrobatics+1","floor":41.0},{"not_picked":["Backstab+1","Quick Slash+1"],"picked":"Infinite Blades+1","floor":42.0},{"not_picked":["Deflect","Eviscerate","PiercingWail"],"picked":"SKIP","floor":44.0},{"not_picked":["Dash","Blade Dance","Prepared"],"picked":"SKIP","floor":46.0},{"not_picked":["Calculated Gamble+1","Underhanded Strike","Eviscerate"],"picked":"SKIP","floor":48}],"player_experience":1011253,"relics_obtained":[{"floor":6.0,"key":"Potion Belt"},{"floor":8.0,"key":"CeramicFish"},{"floor":9.0,"key":"MealTicket"},{"floor":12.0,"key":"Oddly Smooth Stone"},{"floor":14.0,"key":"PreservedInsect"},{"floor":23.0,"key":"Mercury Hourglass"},{"floor":25.0,"key":"Dream Catcher"},{"floor":26.0,"key":"InkBottle"},{"floor":30.0,"key":"Eternal Feather"},{"floor":41.0,"key":"Omamori"},{"floor":44.0,"key":"Ancient Tea Set"},{"floor":48,"key":"Frozen Egg 2"}],"event_choices":[{"damage_healed":0.0,"max_hp_gain":0.0,"max_hp_loss":0.0,"gold_gain":0.0,"event_name":"Liars Game","player_choice":"Ignored","floor":5.0,"gold_loss":0.0,"damage_taken":0.0},{"damage_healed":0.0,"max_hp_gain":0.0,"max_hp_loss":0.0,"gold_gain":75.0,"event_name":"World of Goop","player_choice":"Gather Gold","floor":11.0,"gold_loss":0.0,"damage_taken":11.0},{"cards_removed":["Strike_G"],"damage_healed":0.0,"max_hp_gain":0.0,"max_hp_loss":0.0,"gold_gain":0.0,"event_name":"Wheel of Change","player_choice":"Card Removal","floor":20.0,"gold_loss":0.0,"damage_taken":0.0},{"damage_healed":0.0,"max_hp_gain":0.0,"max_hp_loss":0.0,"gold_gain":0.0,"event_name":"Back to Basics","player_choice":"Simplicity","floor":28.0,"gold_loss":0.0,"damage_taken":0.0,"cards_upgraded":["Strike_G","Strike_G","Strike_G","Strike_G","Defend_G","Defend_G","Defend_G","Defend_G","Defend_G"]},{"cards_removed":["Strike_G"],"damage_healed":0.0,"max_hp_gain":0.0,"max_hp_loss":0.0,"gold_gain":0.0,"event_name":"Purifier","player_choice":"Purged","floor":36.0,"gold_loss":0.0,"damage_taken":0.0},{"cards_removed":["Dagger Spray"],"damage_healed":0.0,"max_hp_gain":0.0,"max_hp_loss":0.0,"gold_gain":0.0,"event_name":"Falling","player_choice":"Removed Attack","floor":38.0,"gold_loss":0.0,"damage_taken":0.0},{"damage_healed":0.0,"max_hp_gain":0.0,"max_hp_loss":0.0,"gold_gain":0.0,"event_name":"Upgrade Shrine","player_choice":"Upgraded","floor":39.0,"gold_loss":0.0,"damage_taken":0.0,"cards_upgraded":["Phantasmal Killer"]}],"is_beta":false,"boss_relics":[{"not_picked":["Velvet Choker","HoveringKite"],"picked":"Fusion Hammer"},{"not_picked":["Black Star","Snecko Eye"],"picked":"SlaversCollar"}],"items_purged_floors":[31,45,47],"is_endless":false,"potions_floor_spawned":[3,4,8,16,18,21,23,25,27,41],"killed_by":"Time Eater","ascension_level":20}}