{"host":"q1yq0ibtlljsjzm9","time":1608949614,"event":{"mods":["BaseMod","DeckTracker","Minty Spire (QoL Compilation)","StSLib","The Cursed"],"gold_per_floor":[117,134,196,213,232,232,232,248,271,271,306,306,324,339,339,434,434,444,444,459,171,185,185,185,200,226,202,202,219,219,232,232,334,334,350,57,74,21,37,37,49,49,72,72,91,91,111,111,111,111],"floor_reached":51,"playtime":4956,"items_purged":[],"score":653,"play_id":"dd331f2b-b21c-434f-901c-92c1f4562b9b","local_time":"20201225182654","is_ascension_mode":false,"campfire_choices":[{"data":"Infernal Blade","floor":7.0,"key":"SMITH"},{"floor":12.0,"key":"REST"},{"data":"Demon Form","floor":15.0,"key":"SMITH"},{"floor":23.0,"key":"REST"},{"floor":28.0,"key":"REST"},{"floor":30.0,"key":"REST"},{"data":"Armaments","floor":32.0,"key":"SMITH"},{"data":"Bloodletting","floor":40,"key":"SMITH"},{"data":"Reaper","floor":44,"key":"SMITH"},{"data":"Double Tap","floor":49,"key":"SMITH"}],"circlet_count":0,"master_deck":["Strike_R","Strike_R","Strike_R","Strike_R","Defend_R","Defend_R","Defend_R","Defend_R","Bash","Power Through","Clash","Cleave","Armaments+1","Infernal Blade+1","Bloodletting+1","Demon Form+1","Pommel Strike","Cleave","Feed+1","Clothesline+1","Clothesline+1","Clothesline","Thunderclap","Iron Wave","Flame Barrier","Iron Wave","Double Tap+1","Inflame+1","Body Slam+1","Shrug It Off","Reaper+1","Ghostly Armor+1","Blind","Parasite","Flex+1"],"relics":["Black Blood","Omamori","Regal Pillow","Ice Cream","Bottled Tornado","Orichalcum","Mark of Pain","Incense Burner","Bronze Scales"],"acts_visited":["Exordium","TheCity","TheBeyond"],"potions_floor_usage":[39,45,47,48,50,50],"damage_taken":[{"damage":1.0,"enemies":"Cultist","floor":1.0,"turns":4.0},{"damage":0.0,"enemies":"2 Louse","floor":2.0,"turns":3.0},{"damage":7.0,"enemies":"Jaw Worm","floor":4.0,"turns":7.0},{"damage":9.0,"enemies":"Gremlin Gang","floor":5.0,"turns":5.0},{"damage":8.0,"enemies":"Exordium Thugs","floor":8.0,"turns":4.0},{"damage":34.0,"enemies":"Lagavulin","floor":11.0,"turns":7.0},{"damage":5.0,"enemies":"Large Slime","floor":13.0,"turns":3.0},{"damage":0.0,"enemies":"3 Louse","floor":14.0,"turns":3.0},{"damage":33.0,"enemies":"Slime Boss","floor":16.0,"turns":7.0},{"damage":13.0,"enemies":"3 Byrds","floor":18.0,"turns":5.0},{"damage":12.0,"enemies":"Spheric Guardian","floor":20.0,"turns":4.0},{"damage":47.0,"enemies":"Centurion and Healer","floor":22.0,"turns":8.0},{"damage":32.0,"enemies":"3 Cultists","floor":25.0,"turns":5.0},{"damage":36.0,"enemies":"Snake Plant","floor":29.0,"turns":4.0},{"damage":0.0,"enemies":"Snecko","floor":31.0,"turns":4.0},{"damage":56.0,"enemies":"Collector","floor":33.0,"turns":9.0},{"damage":14.0,"enemies":"3 Shapes","floor":35.0,"turns":4.0},{"damage":13.0,"enemies":"Orb Walker","floor":37.0,"turns":4.0},{"damage":18,"enemies":"3 Darklings","floor":39,"turns":5},{"damage":26,"enemies":"4 Shapes","floor":41,"turns":4},{"damage":18,"enemies":"Transient","floor":45,"turns":5},{"damage":37,"enemies":"Writhing Mass","floor":47,"turns":5},{"damage":86,"enemies":"Time Eater","floor":50,"turns":12}],"seed_played":"-9168396500912082243","potions_obtained":[{"floor":1.0,"key":"DistilledChaos"},{"floor":2.0,"key":"Strength Potion"},{"floor":11.0,"key":"Weak Potion"},{"floor":13.0,"key":"BloodPotion"},{"floor":18.0,"key":"LiquidBronze"},{"floor":22.0,"key":"BlessingOfTheForge"},{"floor":37.0,"key":"PowerPotion"},{"floor":39,"key":"Regen Potion"},{"floor":45,"key":"SpeedPotion"},{"floor":47,"key":"Regen Potion"},{"floor":48,"key":"Fruit Juice"}],"is_trial":false,"path_per_floor":["M","M","?","M","M","?","R","M","T","?","E","R","M","M","R","B",null,"M","?","M","$","M","R","T","M","T","$","R","M","R","M","R","B",null,"M","$","M","$","M","R","M","?","T","R","M","?","M","?","R","B",null],"character_chosen":"IRONCLAD","items_purchased":["Ice Cream","Iron Wave","Incense Burner","Shrug It Off"],"campfire_rested":4,"item_purchase_floors":[21,27,36,38],"current_hp_per_floor":[80,80,80,79,76,76,76,74,74,80,52,80,80,80,80,69,80,79,79,83,83,48,84,84,68,68,68,88,68,92,92,92,52,96,94,94,93,93,87,87,96,96,96,96,90,96,96,101,101,59],"gold":111,"neow_bonus":"THREE_CARDS","is_daily":false,"chose_seed":false,"campfire_upgraded":6,"win_rate":0.0,"timestamp":1608949614,"path_taken":["M","M","?","M","M","?","R","?","T","?","E","R","M","M","R","BOSS","M","?","?","$","M","R","?","M","T","$","R","?","R","M","R","BOSS","M","$","M","$","M","R","M","?","T","R","M","?","M","?","R","BOSS"],"items_purchased_type":["Relic","Card","Relic","Card"],"build_version":"2020-12-22","purchased_purges":0,"victory":true,"max_hp_per_floor":[80,80,80,80,80,80,80,80,80,80,80,80,80,80,80,80,80,80,80,84,84,84,84,84,88,88,88,88,92,92,92,92,96,96,96,96,96,96,96,96,96,96,96,96,96,96,96,101,101,101],"card_choices":[{"not_picked":["Dark Embrace","Sword Boomerang"],"picked":"Power Through","floor":0.0},{"not_picked":["Feel No Pain","Headbutt"],"picked":"Clash","floor":1.0},{"not_picked":["Pummel","Disarm"],"picked":"Cleave","floor":2.0},{"not_picked":["Clothesline","Iron Wave"],"picked":"Armaments","floor":4.0},{"not_picked":["Shockwave","Shrug It Off"],"picked":"Infernal Blade","floor":5.0},{"not_picked":["Clothesline","Dual Wield"],"picked":"Bloodletting","floor":8.0},{"not_picked":["Reckless Charge","Pommel Strike"],"picked":"Demon Form","floor":11.0},{"not_picked":["Power Through","True Grit"],"picked":"Pommel Strike","floor":13.0},{"not_picked":["Twin Strike","Body Slam"],"picked":"Cleave","floor":14.0},{"not_picked":["Fiend Fire","Juggernaut"],"picked":"Feed","floor":16.0},{"not_picked":["Hemokinesis","Thunderclap"],"picked":"Clothesline+1","floor":18.0},{"not_picked":["Pommel Strike","Perfected Strike"],"picked":"Clothesline+1","floor":20.0},{"not_picked":["Clash+1","Body Slam"],"picked":"Clothesline","floor":22.0},{"not_picked":["Twin Strike","Fire Breathing"],"picked":"Thunderclap","floor":25.0},{"not_picked":["Seeing Red","Anger"],"picked":"Flame Barrier","floor":29.0},{"not_picked":["Body Slam","Dual Wield"],"picked":"Iron Wave","floor":31.0},{"not_picked":["Berserk","Offering"],"picked":"Double Tap","floor":33.0},{"not_picked":["Burning Pact+1","Rupture"],"picked":"Inflame+1","floor":35.0},{"not_picked":["Cleave","Perfected Strike+1"],"picked":"Body Slam+1","floor":37.0},{"not_picked":["Body Slam+1","Iron Wave+1"],"picked":"Reaper","floor":39},{"not_picked":["Iron Wave","Headbutt"],"picked":"Ghostly Armor+1","floor":41},{"not_picked":["Master of Strategy","PanicButton"],"picked":"Blind","floor":42},{"not_picked":["Dark Embrace","Clash","Anger+1"],"picked":"SKIP","floor":45},{"not_picked":["Pummel+1","Headbutt+1"],"picked":"Flex+1","floor":47}],"player_experience":9127,"relics_obtained":[{"floor":9.0,"key":"Omamori"},{"floor":11.0,"key":"Regal Pillow"},{"floor":24.0,"key":"Bottled Tornado"},{"floor":26.0,"key":"Orichalcum"},{"floor":43,"key":"Bronze Scales"}],"event_choices":[{"damage_healed":0.0,"max_hp_gain":0.0,"max_hp_loss":0.0,"gold_gain":62.0,"event_name":"Golden Wing","player_choice":"Gained Gold","floor":3.0,"gold_loss":0.0,"damage_taken":0.0},{"cards_removed":["Strike_R"],"damage_healed":0.0,"max_hp_gain":0.0,"max_hp_loss":0.0,"gold_gain":0.0,"event_name":"Purifier","player_choice":"Purged","floor":6.0,"gold_loss":0.0,"damage_taken":0.0},{"damage_healed":20.0,"max_hp_gain":0.0,"max_hp_loss":0.0,"gold_gain":0.0,"event_name":"Mushrooms","player_choice":"Healed and dodged fight","floor":10.0,"gold_loss":0.0,"damage_taken":0.0,"cards_obtained":["Parasite"]},{"damage_healed":0.0,"max_hp_gain":0.0,"max_hp_loss":0.0,"gold_gain":0.0,"event_name":"Upgrade Shrine","player_choice":"Upgraded","floor":19.0,"gold_loss":0.0,"damage_taken":0.0,"cards_upgraded":["Feed"]},{"damage_healed":0,"gold_gain":0,"player_choice":"Memory 1","damage_taken":0,"max_hp_gain":0,"max_hp_loss":0,"event_name":"SensoryStone","floor":42,"gold_loss":0},{"damage_healed":24,"gold_gain":0,"player_choice":"Writhe","damage_taken":0,"max_hp_gain":0,"max_hp_loss":0,"event_name":"Winding Halls","floor":46,"gold_loss":0,"cards_obtained":["Writhe"]},{"damage_healed":0,"gold_gain":0,"player_choice":"Got Potions","damage_taken":0,"max_hp_gain":0,"max_hp_loss":0,"event_name":"Lab","floor":48,"gold_loss":0}],"is_beta":false,"boss_relics":[{"not_picked":["Snecko Eye","Black Star"],"picked":"Black Blood"},{"not_picked":["Coffee Dripper","Philosopher\u0027s Stone"],"picked":"Mark of Pain"}],"items_purged_floors":[],"is_endless":false,"potions_floor_spawned":[1,2,11,13,18,22,31,37,39,45,47],"ascension_level":0}}