{"host":"gndxudri6ebovps6","time":1608951467,"event":{"mods":["AchievementEnabler","Act Like it!","Aspiration","BaseMod","Better Altar","Better Match","Better Sensory Stone","Better Skull","Better Vampires","BetterRewards","Block Reminder","GifTheSpireLib","Hermit","Hubris","Infinite Spire","Marked Mod","Minty Spire (QoL Compilation)","Pale of the Ancients","Quick Restart","Replay The Spire","Shop Mod","Spicy Shops","Spikes Relics","StSLib","Stuff the Spire","The Cursed","everything is the same but u backflip on backflip","vexMod"],"gold_per_floor":[112,112,112,126,126,156,156,172,172,172,201,219,219,249,249,328,328,347,347,32,0,0],"floor_reached":21,"playtime":859,"items_purged":[],"score":413,"play_id":"1fea4efc-d453-42c3-ac6c-ee57dbb4502a","local_time":"20201226005747","is_ascension_mode":true,"campfire_choices":[{"data":"Blade Dance","floor":7,"key":"SMITH"},{"data":"Quick Slash","floor":10,"key":"SMITH"},{"data":"Caltrops","floor":13,"key":"SMITH"},{"floor":15,"key":"REST"}],"circlet_count":0,"master_deck":["AscendersBane","Strike_G","Strike_G","Strike_G","Strike_G","Strike_G","Defend_G","Defend_G","Defend_G","Defend_G","Defend_G","Survivor","Neutralize","Quick Slash+1","Toxin Wave","Blade Dance+1","Hidden Blade","Caltrops+1","Bane","Catalyst","After Image","Deflect"],"relics":["Ring of the Snake","NeowsBlessing","hubris:Potato","Snack Pack","vexMod:FocusSash","Replay:Arrowhead","vexMod:BigBerry","Bloody Idol","Blood Vial","Kunai","MiniBlackHole"],"acts_visited":["Exordium","TheCity"],"potions_floor_usage":[3,11,12,12,18],"damage_taken":[{"damage":0,"enemies":"Cultist","floor":1,"turns":1},{"damage":0,"enemies":"Jaw Worm","floor":4,"turns":1},{"damage":0,"enemies":"Gremlin Nob","floor":6,"turns":1},{"damage":1,"enemies":"2 Louse","floor":8,"turns":2},{"damage":29,"enemies":"3 Sentries","floor":11,"turns":7},{"damage":3,"enemies":"Gremlin Gang","floor":12,"turns":3},{"damage":19,"enemies":"Gremlin Nob","floor":14,"turns":4},{"damage":54,"enemies":"Hexaghost","floor":16,"turns":10},{"damage":2,"enemies":"3 Byrds","floor":18,"turns":3},{"damage":21,"enemies":"2 Thieves","floor":21,"turns":2}],"seed_played":"197105625010196559","potions_obtained":[{"floor":3,"key":"PowerPotion"},{"floor":3,"key":"Fruit Juice"},{"floor":3,"key":"Doom Potion"},{"floor":4,"key":"Reflective Coating"},{"floor":11,"key":"EssenceOfSteel"},{"floor":16,"key":"Swift Potion"}],"is_trial":false,"path_per_floor":["M","?","?","M","?","E","R","M","T","R","E","M","R","E","R","B",null,"M","?","$","M"],"character_chosen":"THE_SILENT","items_purchased":["Kunai","MiniBlackHole"],"campfire_rested":1,"item_purchase_floors":[20,20],"current_hp_per_floor":[63,63,68,68,68,68,68,67,67,67,46,49,49,36,58,18,91,91,11,11,0,0],"gold":0,"neow_bonus":"THREE_ENEMY_KILL","is_daily":false,"chose_seed":false,"campfire_upgraded":3,"win_rate":0.0,"timestamp":1608951467,"path_taken":["M","?","?","?","?","E","R","?","T","R","E","M","R","E","R","BOSS","M","?","$","M"],"items_purchased_type":["Relic","Relic"],"build_version":"2020-12-22","purchased_purges":0,"victory":false,"max_hp_per_floor":[70,70,75,75,75,75,75,75,75,75,75,75,75,75,75,75,105,105,105,105,105,105],"card_choices":[{"not_picked":["Deadly Poison","hubris:SlightOfHand"],"picked":"Quick Slash","floor":1},{"not_picked":["Dagger Throw","Outmaneuver"],"picked":"Toxin Wave","floor":4},{"not_picked":["Concentrate","hubris:SlightOfHand"],"picked":"Blade Dance","floor":6},{"not_picked":["Pace","Skewer"],"picked":"Hidden Blade","floor":8},{"not_picked":["Skewer","Dagger Throw"],"picked":"Caltrops","floor":11},{"not_picked":["Sucker Punch","Acrobatics"],"picked":"Bane","floor":12},{"not_picked":["Predator","Outmaneuver"],"picked":"Catalyst","floor":14},{"not_picked":["Malaise","Phantasmal Killer"],"picked":"After Image","floor":16},{"not_picked":["StuffTheSpire:Incursion+1","Flying Knee"],"picked":"Deflect","floor":18}],"player_experience":501924,"relics_obtained":[{"floor":6,"key":"hubris:Potato"},{"floor":9,"key":"Snack Pack"},{"floor":11,"key":"vexMod:FocusSash"},{"floor":14,"key":"Replay:Arrowhead"}],"event_choices":[{"damage_healed":0,"gold_gain":0,"player_choice":"Leave","damage_taken":0,"max_hp_gain":0,"max_hp_loss":0,"event_name":"The Cleric","floor":2,"gold_loss":0},{"damage_healed":0,"gold_gain":0,"player_choice":"Got Potions","damage_taken":0,"max_hp_gain":0,"max_hp_loss":0,"event_name":"Lab","floor":3,"gold_loss":0},{"damage_healed":0,"gold_gain":0,"player_choice":"Ignored","damage_taken":0,"max_hp_gain":0,"max_hp_loss":0,"event_name":"Purifier","floor":5,"gold_loss":0},{"damage_healed":0,"gold_gain":0,"player_choice":" Idol Vial ","damage_taken":80,"relics_obtained":["Bloody Idol","Blood Vial"],"max_hp_gain":91,"max_hp_loss":11,"event_name":"betterAltar:BetterAltar","floor":19,"potions_obtained":[],"relics_lost":[],"gold_loss":0}],"is_beta":false,"boss_relics":[{"not_picked":["ReplayTheSpireMod:Onyx Gauntlets","vexMod:MegatonBomb"],"picked":"vexMod:BigBerry"}],"items_purged_floors":[],"is_endless":false,"potions_floor_spawned":[4,11,16],"killed_by":"2 Thieves","ascension_level":13}}