{"host":"1tmagqyeywr2w44t","time":1608966645,"event":{"mods":["2.2 Compatiblity","BaseMod","Colored Powertips","Downfall","Marisa£¨Ùöéë¡¡Øª×âÞÞ£©","Minty Spire (QoL Compilation)","Rare Cards Sparkle","Replay The Spire","StSLib","SuperFastMode","The Marked"],"gold_per_floor":[0,13,13,25,35,35,35,20,55,70,98,273,324,342,358,453,453,378,391,331,331,431,449,449,475,490,114,214,229,79,179,192,294,294,294,312,9,59,59,84,84,84,84,109,121,133,179,204,226,238,250,292,116,116,116],"floor_reached":56,"playtime":2347,"items_purged":["Slimebound:Strike_Slimebound","Slimebound:RejuvenatingLick+1"],"score":2156,"play_id":"85a90d22-e9d7-453c-a9cd-b7f51fbcb8fc","local_time":"20201226161045","is_ascension_mode":true,"campfire_choices":[{"data":"Slimebound:CorrosiveSpit","floor":1,"key":"SMITH"},{"data":"Slimebound:Split","floor":6,"key":"SMITH"},{"floor":18,"key":"RECALL"},{"data":"Slimebound:LeadByExample","floor":30,"key":"SMITH"},{"floor":35,"key":"DIG"},{"data":"J.A.X.","floor":42,"key":"SMITH"},{"data":"Slimebound:SlimeTap","floor":45,"key":"SMITH"},{"data":"Slimebound:SplitMire","floor":54,"key":"SMITH"}],"circlet_count":0,"master_deck":["AscendersBane","Slimebound:Defend_Slimebound+1","Slimebound:Defend_Slimebound+1","Slimebound:Split+1","Slimebound:CorrosiveSpit+1","Slimebound:SlimeTap+1","Slimebound:Recycling+1","Slimebound:OneTwoCombo","Slimebound:Nibble","Slimebound:LeadByExample+1","Slimebound:SplitBruiser","Slimebound:OneTwoCombo+1","Slimebound:SplitLeeching+1","Slimebound:Overexert+1","Slimebound:SplitMire+1","Slimebound:OneTwoCombo+1","J.A.X.+1","Slimebound:OozeBath+1","Slimebound:HungryTackle","Slimebound:SlimeSlap+1","Slimebound:RallyTheTroops+1","Violence+1","expansioncontent:Chronoboost+1","Slimebound:SplitAcid+1","Slimebound:Darklings+1","Slimebound:SlimeBarrage+1","Slimebound:Replication+1","expansioncontent:ManipulateTime+1"],"relics":["Slimebound:AbsorbEndCombat","Singing Bowl","Quantum Egg","Sundial","Golden Egg","Slimebound:TarBlob","downfall:HeartBlessingGreen","Toy Ornithopter","Replay:Bottled Flurry","Unceasing Top","MutagenicStrength","downfall:HeartBlessingRed","downfall:HeartBlessingBlue","Ice Cream","Pantograph","Empty Cage","Gambling Chip","War Paint","Durian","Boot","Bottled Lightning","MawBank","Slimebound:MaxSlimesRelic","Guardian:PocketSentry"],"acts_visited":["Exordium","TheCity","TheBeyond","TheEnding"],"potions_floor_usage":[9,15,22,26,55,55],"damage_taken":[{"damage":7,"enemies":"Cultist","floor":2,"turns":4},{"damage":26,"enemies":"Jaw Worm","floor":4,"turns":4},{"damage":17,"enemies":"2 Louse","floor":5,"turns":3},{"damage":39,"enemies":"downfall:FleeingMerchant","floor":8,"turns":4},{"damage":73,"enemies":"3 Sentries","floor":9,"turns":5},{"damage":8,"enemies":"3 Louse","floor":10,"turns":2},{"damage":43,"enemies":"Lagavulin","floor":11,"turns":4},{"damage":21,"enemies":"Blue Slaver","floor":14,"turns":3},{"damage":20,"enemies":"Gremlin Gang","floor":15,"turns":2},{"damage":65,"enemies":"downfall:Watcher","floor":16,"turns":7},{"damage":21,"enemies":"Spheric Guardian","floor":19,"turns":3},{"damage":30,"enemies":"downfall:LadyInBlue","floor":22,"turns":4},{"damage":38,"enemies":"Chosen and Byrds","floor":23,"turns":3},{"damage":51,"enemies":"Book of Stabbing","floor":25,"turns":3},{"damage":60,"enemies":"Snake Plant","floor":26,"turns":3},{"damage":27,"enemies":"downfall:FleeingMerchant","floor":27,"turns":4},{"damage":49,"enemies":"downfall:Augmenter","floor":28,"turns":3},{"damage":45,"enemies":"3 Cultists","floor":29,"turns":3},{"damage":56,"enemies":"downfall:Silent","floor":31,"turns":3},{"damage":21,"enemies":"Snecko","floor":32,"turns":1},{"damage":49,"enemies":"downfall:Ironclad","floor":33,"turns":3},{"damage":34,"enemies":"3 Darklings","floor":36,"turns":2},{"damage":12,"enemies":"downfall:FleeingMerchant","floor":37,"turns":1},{"damage":30,"enemies":"Mind Bloom Boss Battle","floor":38,"turns":3},{"damage":19,"enemies":"R_Hoarder","floor":40,"turns":4},{"damage":22,"enemies":"Nemesis","floor":44,"turns":3},{"damage":6,"enemies":"R_Hoarder","floor":47,"turns":3},{"damage":6,"enemies":"3 Shapes","floor":48,"turns":1},{"damage":6,"enemies":"Spire Growth","floor":49,"turns":2},{"damage":14,"enemies":"downfall:Silent","floor":50,"turns":3},{"damage":6,"enemies":"downfall:CharBossMerchant","floor":52,"turns":3},{"damage":6,"enemies":"downfall:NeowBoss","floor":55,"turns":10}],"seed_played":"-641743903195824209","potions_obtained":[{"floor":4,"key":"DuplicationPotion"},{"floor":9,"key":"champ:CounterPotion"},{"floor":13,"key":"Doom Potion"},{"floor":14,"key":"Slimebound:ThreeZeroPotion"},{"floor":15,"key":"Block Potion"},{"floor":22,"key":"CultistPotion"},{"floor":22,"key":"hexamod:EctoCoolerPotion"},{"floor":29,"key":"Strength Potion"},{"floor":33,"key":"SkillPotion"}],"is_trial":false,"path_per_floor":["R","M","?","M","M","R","T","$","E","M","E","?","?","M","M","B",null,"R","M","?","?","?","M","T","E","M","$","?","M","R","?","M","B",null,"R","M","$","?","$","E","T","R","?","E","R","?","E","M","M","B",null,"E","$","R","B",null],"character_chosen":"SLIMEBOUND","items_purchased":["Unceasing Top","Slimebound:RallyTheTroops","Violence","expansioncontent:Chronoboost","Slimebound:SplitAcid","War Paint","expansioncontent:ManipulateTime"],"campfire_rested":0,"item_purchase_floors":[27,37,37,37,37,37,53],"current_hp_per_floor":[54,60,60,54,45,45,45,52,33,41,36,36,23,16,38,43,60,60,67,67,67,68,70,70,69,40,67,66,65,75,63,68,74,86,86,84,78,97,97,95,95,95,95,88,88,80,99,105,105,101,104,105,105,105,105],"gold":116,"neow_bonus":"TRANSFORM_TWO_CARDS","is_daily":false,"chose_seed":false,"campfire_upgraded":6,"win_rate":0.0,"timestamp":1608966645,"path_taken":["R","M","?","M","M","R","T","$","E","M","E","?","?","M","M","BOSS","R","M","?","?","?","M","T","E","?","$","?","M","R","?","M","BOSS","R","M","$","?","$","E","T","R","?","E","R","?","E","?","M","BOSS","E","$","R","BOSS"],"items_purchased_type":["Relic","Card","Card","Card","Card","Relic","Card"],"build_version":"2020-12-22","purchased_purges":2,"victory":true,"max_hp_per_floor":[60,60,60,60,60,60,60,60,60,62,62,62,64,64,66,66,66,66,68,68,68,68,70,70,70,72,74,74,76,86,88,90,90,90,90,90,90,97,97,99,99,99,99,101,101,101,103,105,105,105,105,105,105,105,105],"card_choices":[{"not_picked":["Slimebound:GrowthPunch","Slimebound:SlimeSpikes","Slimebound:SamplingLick"],"picked":"SKIP","floor":2},{"not_picked":["Slimebound:RollThrough","Slimebound:Dissolve","Slimebound:GrowthPunch"],"picked":"SKIP","floor":4},{"not_picked":["Slimebound:SlimeSpikes","Slimebound:FirmFortitude"],"picked":"Slimebound:RejuvenatingLick","floor":5},{"not_picked":["Slimebound:Repurpose","Slimebound:AcidTongue"],"picked":"Slimebound:OneTwoCombo","floor":8},{"not_picked":["Slimebound:LeechEnergy","Slimebound:HauntingLick"],"picked":"Slimebound:Nibble","floor":9},{"not_picked":["Slimebound:Gluttony","Slimebound:RollThrough","Slimebound:LivingWall"],"picked":"Singing Bowl","floor":10},{"not_picked":["Slimebound:ForwardTackle","Slimebound:Equalize"],"picked":"Slimebound:LeadByExample","floor":11},{"not_picked":["Slimebound:SlimeSpikes","Slimebound:FinishingTackle","Slimebound:LeechEnergy"],"picked":"Singing Bowl","floor":13},{"not_picked":["Slimebound:LeechingTouch","Slimebound:RainOfGoop"],"picked":"Slimebound:SplitBruiser","floor":14},{"not_picked":["Slimebound:SamplingLick","Slimebound:GoopSpray","Slimebound:SlimeTap"],"picked":"Singing Bowl","floor":15},{"not_picked":["Slimebound:MassFeed","Slimebound:DouseInSlime"],"picked":"Slimebound:OneTwoCombo","floor":16},{"not_picked":["Slimebound:HungryTackle","Slimebound:RejuvenatingLick+1","Slimebound:LeechEnergy"],"picked":"Singing Bowl","floor":19},{"not_picked":["Slimebound:Schlurp","Slimebound:ComboTackle"],"picked":"Slimebound:SplitLeeching","floor":22},{"not_picked":["Slimebound:SlimeTap","Slimebound:Schlurp","Slimebound:GoopSpray"],"picked":"Singing Bowl","floor":23},{"not_picked":["Slimebound:SplitLeeching","Slimebound:GrowthPunch"],"picked":"Slimebound:Overexert","floor":25},{"not_picked":["Slimebound:Equalize","Slimebound:SpikyOuterGoop+1","Slimebound:ForwardTackle"],"picked":"Singing Bowl","floor":26},{"not_picked":["Slimebound:LivingWall","Slimebound:PressTheAttack","Slimebound:ComboTackle"],"picked":"Singing Bowl","floor":27},{"not_picked":["Slimebound:GoopSpray","Slimebound:PressTheAttack"],"picked":"Slimebound:SplitMire","floor":28},{"not_picked":[],"picked":"J.A.X.","floor":28},{"not_picked":["Slimebound:SplitLeeching","Slimebound:PressTheAttack+1","Slimebound:SamplingLick"],"picked":"Singing Bowl","floor":29},{"not_picked":["Slimebound:SamplingLick","Slimebound:LivingWall","Slimebound:SplitBruiser"],"picked":"Singing Bowl","floor":31},{"not_picked":["Slimebound:LeechingTouch","Slimebound:SamplingLick","Slimebound:ComboTackle"],"picked":"Singing Bowl","floor":32},{"not_picked":["Slimebound:PrepareCrush","Slimebound:LeechLife"],"picked":"Slimebound:OozeBath","floor":33},{"not_picked":["Slimebound:ComboTackle","Slimebound:GrowthPunch"],"picked":"Slimebound:HungryTackle","floor":36},{"not_picked":["Slimebound:GoopTackle","Slimebound:FlameTackle+1"],"picked":"Slimebound:SlimeSlap","floor":37},{"not_picked":["Slimebound:SplitLeeching","Slimebound:SamplingLick","Slimebound:SplitBruiser"],"picked":"Singing Bowl","floor":38},{"not_picked":["Slimebound:SlimeTap+1","Slimebound:RejuvenatingLick","Slimebound:ViciousTackle"],"picked":"Singing Bowl","floor":40},{"not_picked":["Slimebound:ViciousTackle+1","Slimebound:FlameTackle","Slimebound:ItLooksTasty"],"picked":"Singing Bowl","floor":44},{"not_picked":["Slimebound:SplitBruiser","Slimebound:FinishingTackle","Slimebound:GoopSpray"],"picked":"Singing Bowl","floor":47},{"not_picked":["Slimebound:LeechingTouch","Slimebound:SplitBruiser","Slimebound:Schlurp+1"],"picked":"Singing Bowl","floor":48},{"not_picked":["Slimebound:GoopSpray","Slimebound:LeechEnergy+1"],"picked":"Slimebound:SlimeBarrage+1","floor":49},{"not_picked":["Slimebound:AcidTongue+1","Slimebound:SplitLeeching"],"picked":"Slimebound:Replication+1","floor":52}],"player_experience":91156,"relics_obtained":[{"floor":7,"key":"Singing Bowl"},{"floor":9,"key":"Quantum Egg"},{"floor":11,"key":"Sundial"},{"floor":13,"key":"Golden Egg"},{"floor":22,"key":"Toy Ornithopter"},{"floor":25,"key":"Replay:Bottled Flurry"},{"floor":28,"key":"MutagenicStrength"},{"floor":31,"key":"Ice Cream"},{"floor":31,"key":"Pantograph"},{"floor":35,"key":"Gambling Chip"},{"floor":38,"key":"Durian"},{"floor":40,"key":"Boot"},{"floor":41,"key":"Bottled Lightning"},{"floor":44,"key":"MawBank"},{"floor":47,"key":"Slimebound:MaxSlimesRelic"},{"floor":52,"key":"Guardian:PocketSentry"}],"event_choices":[{"cards_removed":["Doubt"],"damage_healed":0,"gold_gain":0,"player_choice":"Elegance","damage_taken":0,"max_hp_gain":0,"max_hp_loss":0,"event_name":"Back to Basics","floor":21,"gold_loss":0}],"is_beta":false,"boss_relics":[{"not_picked":["Philosopher\u0027s Stone","Tiny House"],"picked":"Slimebound:TarBlob"},{"not_picked":["SacredBark","Velvet Choker"],"picked":"Empty Cage"}],"items_purged_floors":[27,53],"is_endless":false,"potions_floor_spawned":[4,9,14,15,25,29,32,33,36,44,47,49],"ascension_level":12}}