{"host":"tfkz8stxzb1up54p","time":1608968220,"event":{"mods":["AchievementEnabler","BaseMod","Block Reminder","Colored Powertips","Disable Question Mark Monsters","Emptier Cage","Gold Saver","Gremlin Skip","Highlight Path","Minty Spire (QoL Compilation)","Permanent Neow","StSLib"],"gold_per_floor":[413,428,443,293,293,323,338,112,112,127,127,202,217,217,217,342,342,361,361,19,38,57,95,95,133,158,177,177,196,246,265,265,390,390,409,409,428,447,466,466,504,504,529,529,529,548,881,896,896,896],"floor_reached":51,"playtime":4860,"items_purged":[],"score":696,"play_id":"b7571462-e2b5-4dcc-a660-38839edf428a","local_time":"20201226073700","daily_mods":["SealedDeck","Diverse","Binary"],"is_ascension_mode":false,"campfire_choices":[{"data":"Inflame","floor":11,"key":"SMITH"},{"data":"SashWhip","floor":15,"key":"SMITH"},{"data":"DevaForm","floor":24,"key":"SMITH"},{"data":"Beam Cell","floor":28,"key":"SMITH"},{"data":"Pommel Strike","floor":32,"key":"SMITH"},{"data":"Forethought","floor":40,"key":"SMITH"},{"data":"Buffer","floor":42,"key":"SMITH"},{"data":"Riddle With Holes","floor":45,"key":"SMITH"},{"floor":49,"key":"REST"}],"circlet_count":0,"master_deck":["Iron Wave","Streamline","Sanctity","Deflect","Ball Lightning","Quick Slash","SashWhip+1","Genetic Algorithm","Beam Cell+1","Dropkick","Riddle With Holes+1","CarveReality","Pommel Strike+1","Inflame+1","BootSequence","Ball Lightning","Deflect","DevaForm+1","Good Instincts","Cloak And Dagger","Protect+1","Quick Slash","Buffer+1","Shrug It Off","Forethought+1","CrushJoints+1","Double Energy+1","Leap+1"],"relics":["Burning Blood","Sling","Blood Vial","Lee\u0027s Waffle","Sundial","Runic Cube","Ornamental Fan","PreservedInsect","Champion Belt","Bronze Scales","SlaversCollar","Incense Burner","Nunchaku"],"acts_visited":["Exordium","TheCity","TheBeyond"],"potions_floor_usage":[6,10,10,23,23,25,29,33,33,39,50,50,50],"damage_taken":[{"damage":0,"enemies":"Cultist","floor":1,"turns":3},{"damage":0,"enemies":"Small Slimes","floor":2,"turns":2},{"damage":0,"enemies":"2 Louse","floor":3,"turns":2},{"damage":13,"enemies":"Lagavulin","floor":6,"turns":3},{"damage":4,"enemies":"Large Slime","floor":7,"turns":3},{"damage":0,"enemies":"Gremlin Gang","floor":10,"turns":3},{"damage":0,"enemies":"2 Fungi Beasts","floor":13,"turns":2},{"damage":8,"enemies":"Slime Boss","floor":16,"turns":7},{"damage":0,"enemies":"Chosen","floor":18,"turns":4},{"damage":0,"enemies":"Shell Parasite","floor":21,"turns":4},{"damage":3,"enemies":"Chosen and Byrds","floor":22,"turns":5},{"damage":11,"enemies":"Book of Stabbing","floor":23,"turns":4},{"damage":17,"enemies":"Slavers","floor":25,"turns":4},{"damage":3,"enemies":"Centurion and Healer","floor":27,"turns":5},{"damage":6,"enemies":"Shelled Parasite and Fungi","floor":29,"turns":4},{"damage":0,"enemies":"Snake Plant","floor":31,"turns":5},{"damage":49,"enemies":"Collector","floor":33,"turns":8},{"damage":27,"enemies":"3 Darklings","floor":35,"turns":7},{"damage":6,"enemies":"Orb Walker","floor":37,"turns":4},{"damage":6,"enemies":"Maw","floor":38,"turns":7},{"damage":29,"enemies":"Sphere and 2 Shapes","floor":39,"turns":9},{"damage":1,"enemies":"Giant Head","floor":41,"turns":5},{"damage":16,"enemies":"Writhing Mass","floor":46,"turns":5},{"damage":5,"enemies":"Transient","floor":48,"turns":5},{"damage":45,"enemies":"Time Eater","floor":50,"turns":15}],"seed_played":"5451747836825439005","potions_obtained":[{"floor":3,"key":"Energy Potion"},{"floor":6,"key":"SneckoOil"},{"floor":7,"key":"Energy Potion"},{"floor":13,"key":"CultistPotion"},{"floor":16,"key":"Ancient Potion"},{"floor":22,"key":"SneckoOil"},{"floor":25,"key":"SteroidPotion"},{"floor":27,"key":"ColorlessPotion"},{"floor":31,"key":"LiquidBronze"},{"floor":35,"key":"Dexterity Potion"},{"floor":38,"key":"SteroidPotion"},{"floor":46,"key":"SkillPotion"},{"floor":48,"key":"BloodPotion"}],"is_trial":false,"path_per_floor":["M","M","M","$","?","E","M","$","T","M","R","?","M","?","R","B",null,"M","?","$","M","M","E","R","E","T","M","R","M","?","M","R","B",null,"M","?","M","M","M","R","E","R","T","?","R","M","?","M","R","B",null],"character_chosen":"IRONCLAD","items_purchased":["Sling","BootSequence","Lee\u0027s Waffle","Ornamental Fan","Good Instincts"],"campfire_rested":1,"item_purchase_floors":[4,8,8,20,20],"current_hp_per_floor":[80,80,80,80,80,73,77,87,87,87,87,76,84,63,63,63,87,87,87,87,87,87,82,82,73,73,78,78,80,80,87,87,44,87,66,66,68,70,49,49,56,56,56,56,56,48,48,51,77,57],"gold":896,"neow_bonus":"","is_daily":true,"chose_seed":false,"campfire_upgraded":8,"win_rate":0.0,"timestamp":1608968220,"path_taken":["M","?","M","$","?","E","M","?","T","M","R","?","M","?","R","BOSS","M","?","$","?","M","E","R","E","T","M","R","M","?","M","R","BOSS","M","?","M","M","M","R","E","R","T","?","R","M","?","M","R","BOSS"],"items_purchased_type":["Relic","Card","Relic","Relic","Card"],"build_version":"2020-12-22","purchased_purges":0,"victory":true,"max_hp_per_floor":[80,80,80,80,80,80,80,87,87,87,87,87,87,87,87,87,87,87,87,87,87,87,87,87,87,87,87,87,87,87,87,87,87,87,87,87,87,87,87,87,87,87,87,87,87,87,87,87,87,87],"card_choices":[{"not_picked":["Turbo"],"picked":"Riddle With Holes","floor":1},{"not_picked":["Streamline"],"picked":"CarveReality","floor":2},{"not_picked":["TalkToTheHand"],"picked":"Pommel Strike","floor":3},{"not_picked":["Turbo","Cleave"],"picked":"SKIP","floor":6},{"not_picked":["Pray"],"picked":"Inflame","floor":7},{"not_picked":["SandsOfTime"],"picked":"Ball Lightning","floor":10},{"not_picked":["Redo"],"picked":"Deflect","floor":13},{"not_picked":["Rainbow"],"picked":"DevaForm","floor":16},{"not_picked":["Coolheaded","Concentrate+1"],"picked":"SKIP","floor":18},{"not_picked":["CarveReality","Deadly Poison+1"],"picked":"SKIP","floor":21},{"not_picked":["Dagger Throw+1","Turbo"],"picked":"SKIP","floor":22},{"not_picked":["Bouncing Flask"],"picked":"Cloak And Dagger","floor":23},{"not_picked":["Havoc","Power Through"],"picked":"SKIP","floor":25},{"not_picked":["Sword Boomerang"],"picked":"Protect+1","floor":27},{"not_picked":["Wild Strike","Tantrum+1"],"picked":"SKIP","floor":29},{"not_picked":["Consecrate"],"picked":"Quick Slash","floor":31},{"not_picked":["Offering"],"picked":"Buffer","floor":33},{"not_picked":["Flex"],"picked":"Shrug It Off","floor":35},{"not_picked":["Dramatic Entrance"],"picked":"Forethought","floor":36},{"not_picked":["Gash","Consecrate"],"picked":"SKIP","floor":37},{"not_picked":["ClearTheMind","Prepared"],"picked":"SKIP","floor":38},{"not_picked":["Compile Driver+1"],"picked":"CrushJoints+1","floor":39},{"not_picked":["Sword Boomerang+1"],"picked":"Double Energy+1","floor":41},{"not_picked":["BootSequence+1"],"picked":"Leap+1","floor":46},{"not_picked":["Blade Dance+1","Melter"],"picked":"SKIP","floor":48}],"player_experience":1225151,"relics_obtained":[{"floor":6,"key":"Blood Vial"},{"floor":9,"key":"Sundial"},{"floor":23,"key":"PreservedInsect"},{"floor":25,"key":"Champion Belt"},{"floor":26,"key":"Bronze Scales"},{"floor":41,"key":"Incense Burner"},{"floor":43,"key":"Nunchaku"}],"event_choices":[{"damage_healed":0,"gold_gain":0,"player_choice":"Ignored","damage_taken":0,"max_hp_gain":0,"max_hp_loss":0,"event_name":"WeMeetAgain","floor":5,"gold_loss":0},{"damage_healed":0,"gold_gain":75,"player_choice":"Gather Gold","damage_taken":11,"max_hp_gain":0,"max_hp_loss":0,"event_name":"World of Goop","floor":12,"gold_loss":0},{"damage_healed":0,"gold_gain":0,"player_choice":"Take Damage","damage_taken":21,"relics_obtained":["Golden Idol"],"max_hp_gain":0,"max_hp_loss":0,"event_name":"Golden Idol","floor":14,"gold_loss":0},{"damage_healed":0,"gold_gain":0,"player_choice":"0 cards matched","damage_taken":0,"max_hp_gain":0,"max_hp_loss":0,"event_name":"Match and Keep!","floor":19,"gold_loss":0,"cards_obtained":[]},{"damage_healed":0,"gold_gain":100,"player_choice":"Bet on Murderer","damage_taken":0,"max_hp_gain":0,"max_hp_loss":0,"event_name":"The Joust","floor":30,"gold_loss":50},{"damage_healed":0,"gold_gain":0,"player_choice":"Memory 1","damage_taken":0,"max_hp_gain":0,"max_hp_loss":0,"event_name":"SensoryStone","floor":36,"gold_loss":0},{"damage_healed":0,"gold_gain":0,"player_choice":"Ignored","damage_taken":0,"max_hp_gain":0,"max_hp_loss":0,"event_name":"Mysterious Sphere","floor":44,"gold_loss":0},{"damage_healed":0,"gold_gain":333,"player_choice":"Gave Idol","damage_taken":0,"max_hp_gain":0,"max_hp_loss":0,"event_name":"The Moai Head","floor":47,"relics_lost":["Golden Idol"],"gold_loss":0}],"is_beta":false,"boss_relics":[{"not_picked":["Cursed Key","Velvet Choker"],"picked":"Runic Cube"},{"not_picked":["Fusion Hammer","Coffee Dripper"],"picked":"SlaversCollar"}],"items_purged_floors":[],"is_endless":false,"potions_floor_spawned":[3,6,7,13,16,22,25,27,31,35,38,46,48],"ascension_level":0}}