{"host":"hhqi7w94rsi31r70","time":1608970171,"event":{"mods":["Act Like it!","BaseMod","Colored Map","GifTheSpireLib","Hallownest","Highlight Path","Minty Spire (QoL Compilation)","Robot Space Explorer","Shade Mod","StSLib","The Hierophant","The Saiyan","The Servant 0.9.4","[地精首领爬塔]The Maniac"],"gold_per_floor":[123,135,147,175,262,274,306,331,343,369,17,17,29,49,49,49,49],"floor_reached":16,"playtime":1296,"items_purged":[],"score":103,"play_id":"83cdc75a-3fde-4d5d-ac79-e0620ad5eac8","local_time":"20201226160931","is_ascension_mode":true,"campfire_choices":[{"data":"BestPractice","floor":6.0,"key":"SMITH"},{"data":"Starlight","floor":15,"key":"SMITH"}],"circlet_count":0,"master_deck":["Strike_S","Strike_S","Strike_S+1","Defend_S","Defend_S","Defend_S+1","Defend_S","KidneyShot","Exchange","BestPractice+1","Rearm","BottledTime","ShiftingGears","TheWorld+1","Starlight+1","Ricochet"],"relics":["Uniform","MawBank","Strawberry","Vajra"],"acts_visited":["Exordium"],"potions_floor_usage":[16],"damage_taken":[{"damage":4.0,"enemies":"Small Slimes","floor":1.0,"turns":4.0},{"damage":0.0,"enemies":"2 Louse","floor":4.0,"turns":4.0},{"damage":1.0,"enemies":"Jaw Worm","floor":7.0,"turns":3.0},{"damage":6.0,"enemies":"Large Slime","floor":8.0,"turns":10.0},{"damage":3.0,"enemies":"Exordium Thugs","floor":10.0,"turns":5.0},{"damage":0.0,"enemies":"Looter","floor":13.0,"turns":3.0},{"damage":6,"enemies":"Gremlin Gang","floor":14,"turns":6},{"damage":24,"enemies":"Hexaghost","floor":16,"turns":11}],"seed_played":"-4524349047141821917","potions_obtained":[{"floor":1.0,"key":"PowerPotion"},{"floor":4.0,"key":"EssenceOfSteel"},{"floor":13.0,"key":"Weak Potion"},{"floor":14,"key":"Weak Potion"}],"is_trial":false,"path_per_floor":["M","?","?","M","?","R","M","M","T","M","$","?","M","M","R","B"],"character_chosen":"THE_SERVANT","items_purchased":["TheWorld","Vajra","Starlight"],"campfire_rested":0,"item_purchase_floors":[11,11,11],"current_hp_per_floor":[61,48,41,41,30,30,29,23,30,27,27,27,27,21,21,0,0],"gold":49,"neow_bonus":"RANDOM_COMMON_RELIC","is_daily":false,"chose_seed":false,"campfire_upgraded":2,"win_rate":0.0,"timestamp":1608970171,"path_taken":["M","?","?","M","?","R","M","M","T","M","?","?","?","M","R","BOSS"],"items_purchased_type":["Card","Relic","Card"],"build_version":"2020-12-22","purchased_purges":0,"victory":false,"max_hp_per_floor":[65,65,65,65,65,65,65,65,72,72,72,72,72,72,72,72,72],"card_choices":[{"not_picked":["SpecialFormula","Replace"],"picked":"BestPractice","floor":1.0},{"not_picked":["Rewind","RealityMarble","Unruled"],"picked":"SKIP","floor":4.0},{"not_picked":["Revamp","WasteNot"],"picked":"Rearm","floor":7.0},{"not_picked":["Alleviate","WasteNot"],"picked":"BottledTime","floor":8.0},{"not_picked":["FanOfKnives","Spin"],"picked":"ShiftingGears","floor":10.0},{"not_picked":["BestPractice","Desolation","DoubleEdge"],"picked":"SKIP","floor":13.0},{"not_picked":["Spin","BottledTime"],"picked":"Ricochet","floor":14}],"player_experience":483192,"relics_obtained":[{"floor":9.0,"key":"Strawberry"}],"event_choices":[{"damage_healed":0.0,"max_hp_gain":0.0,"max_hp_loss":0.0,"gold_gain":0.0,"event_name":"Shining Light","player_choice":"Entered Light","floor":2.0,"gold_loss":0.0,"damage_taken":13.0,"cards_upgraded":["Defend_S","Strike_S"]},{"cards_removed":["Strike_S"],"damage_healed":0.0,"max_hp_gain":0.0,"max_hp_loss":0.0,"gold_gain":0.0,"event_name":"Golden Wing","player_choice":"Card Removal","floor":3.0,"gold_loss":0.0,"damage_taken":7.0},{"damage_healed":0.0,"max_hp_gain":0.0,"max_hp_loss":0.0,"gold_gain":75.0,"event_name":"World of Goop","player_choice":"Gather Gold","floor":5.0,"gold_loss":0.0,"damage_taken":11.0},{"damage_healed":0.0,"max_hp_gain":0.0,"max_hp_loss":0.0,"gold_gain":0.0,"event_name":"Upgrade Shrine","player_choice":"Upgraded","floor":12.0,"gold_loss":0.0,"damage_taken":0.0,"cards_upgraded":["TheWorld"]}],"is_beta":false,"boss_relics":[],"items_purged_floors":[],"is_endless":false,"potions_floor_spawned":[1,4,13,14],"killed_by":"Hexaghost","ascension_level":2}}