{"host":"nk1hwk2qadwaubm5","time":1608990726,"event":{"mods":["BaseMod","Hermit","Infinite Spire","Lobotomy","Marisa????????","Minty Spire (QoL Compilation)","Replay The Spire","StSLib","The Animator","The Cursed","The Jungle","The Servant 0.9.4"],"gold_per_floor":[116,116,130,150,325,354,354,388,415,415,428,428,443,8,8,107,107,121,121,135,147,147,147,176,189,189,189,219,232,50,60,60,164,164,178,189,209,224,224,224,251,251,275,289,320,42,74,89,89,89],"floor_reached":51,"playtime":4235,"items_purged":["TheCursedMod:Strike_TheCursed","TheCursedMod:Strike_TheCursed","TheCursedMod:Strike_TheCursed"],"score":792,"play_id":"54cccd0d-951c-4bba-9c38-eb14b1108d3b","local_time":"20201226145206","is_ascension_mode":true,"campfire_choices":[{"data":"TheCursedMod:CleanUpWorkshop","floor":7,"key":"SMITH"},{"data":"TheCursedMod:CursedBoomerang","floor":12,"key":"SMITH"},{"floor":23,"key":"REST"},{"floor":27,"key":"REST"},{"floor":32,"key":"REST"},{"data":"TheCursedMod:VoidForm","floor":40,"key":"SMITH"},{"data":"TheCursedMod:CursedBoomerang","floor":42,"key":"SMITH"},{"floor":49,"key":"REST"}],"circlet_count":0,"master_deck":["TheCursedMod:Defend_TheCursed","TheCursedMod:Defend_TheCursed","TheCursedMod:Defend_TheCursed","TheCursedMod:Defend_TheCursed","TheCursedMod:CursedWand","TheCursedMod:CleanUpWorkshop+1","TheCursedMod:Dregs","TheCursedMod:CursedBlade","TheCursedMod:AshesToAshes","TheCursedMod:SurpriseAttack","Doubt","TheCursedMod:CursedBoomerang+1","TheCursedMod:SpitefulStrike","TheCursedMod:ReleasedStrength+1","TheCursedMod:RapidMovement","TheCursedMod:SpitefulPlan","TheCursedMod:VoidForm+1","TheCursedMod:Obscuration+1","TheCursedMod:RapidMovement+1","TheCursedMod:CursedBoomerang+1","TheCursedMod:LuckyCharm","TheCursedMod:RavingStaff","TheCursedMod:RavingStaff+1","TheCursedMod:LuckyCharm","TheCursedMod:WearCloak+1"],"relics":["TheCursedMod:BlackMagic101","NeowsBlessing","ReplayTheSpireMod:Lightbulb","Potion Belt","Pet Ghost","Medical Kit","infinitespire:Cupcake","Chemical X","Regal Pillow","Chameleon Ring","Replay:Bottled Steam","Philosopher\u0027s Stone","Question Card","Replay:Wax Seal","Mango","Membership Card","ReplayTheSpireMod:Shallot","Omamori"],"acts_visited":["Exordium","TheCity","TheBeyond"],"potions_floor_usage":[6,6,20,24,24,24,24,24,24,33,35,36,37,38,45,47,50,50],"damage_taken":[{"damage":0,"enemies":"2 Louse","floor":1,"turns":1},{"damage":0,"enemies":"Cultist","floor":3,"turns":1},{"damage":0,"enemies":"Jaw Worm","floor":4,"turns":1},{"damage":17,"enemies":"Gremlin Nob","floor":6,"turns":5},{"damage":12,"enemies":"3 Sentries","floor":8,"turns":6},{"damage":2,"enemies":"3 Louse","floor":11,"turns":3},{"damage":4,"enemies":"Red Slaver","floor":13,"turns":3},{"damage":30,"enemies":"Fading Forest","floor":16,"turns":11},{"damage":17,"enemies":"Shell Parasite","floor":18,"turns":3},{"damage":3,"enemies":"2 Thieves","floor":20,"turns":3},{"damage":29,"enemies":"Snake Plant","floor":21,"turns":5},{"damage":21,"enemies":"Slavers","floor":24,"turns":2},{"damage":3,"enemies":"3 Cultists","floor":25,"turns":4},{"damage":4,"enemies":"Gremlin Leader","floor":28,"turns":6},{"damage":0,"enemies":"Cultist and Chosen","floor":29,"turns":6},{"damage":21,"enemies":"Shelled Parasite and Fungi","floor":31,"turns":4},{"damage":4,"enemies":"Champ","floor":33,"turns":6},{"damage":24,"enemies":"3 Darklings","floor":35,"turns":4},{"damage":5,"enemies":"Orb Walker","floor":36,"turns":4},{"damage":5,"enemies":"Writhing Mass","floor":37,"turns":5},{"damage":0,"enemies":"Transient","floor":38,"turns":5},{"damage":15,"enemies":"Reptomancer","floor":41,"turns":3},{"damage":16,"enemies":"Sphere and 2 Shapes","floor":44,"turns":4},{"damage":11,"enemies":"R_Hoarder","floor":45,"turns":5},{"damage":0,"enemies":"Nemesis","floor":47,"turns":5},{"damage":7,"enemies":"4 Shapes","floor":48,"turns":3},{"damage":13,"enemies":"Replay:Hell Engine","floor":50,"turns":8}],"seed_played":"-1047715635596436498","potions_obtained":[{"floor":3,"key":"SteroidPotion"},{"floor":4,"key":"PowerPotion"},{"floor":6,"key":"infinitespire:BlackPotion"},{"floor":10,"key":"EntropicBrew"},{"floor":10,"key":"Death Potion"},{"floor":10,"key":"PowerPotion"},{"floor":16,"key":"TheCursedMod:DregsPotion"},{"floor":18,"key":"Ancient Potion"},{"floor":20,"key":"Reflective Coating"},{"floor":28,"key":"LiquidMemories"},{"floor":29,"key":"Swift Potion"},{"floor":35,"key":"Elixir"},{"floor":37,"key":"Weak Potion"},{"floor":44,"key":"Strength Potion"},{"floor":47,"key":"Doom Potion"}],"is_trial":false,"path_per_floor":["M","?","M","M","?","E","R","E","T","?","M","R","M","$","R","B",null,"M","?","M","M","AVR","R","E","M","T","R","E","M","$","M","R","B",null,"M","M","M","M","?","R","E","R","T","M","E","$","E","M","R","B",null],"character_chosen":"THE_CURSED","items_purchased":["TheCursedMod:ReleasedStrength","TheCursedMod:RapidMovement","TheCursedMod:SpitefulPlan","Medical Kit","TheCursedMod:LuckyCharm","Membership Card","ReplayTheSpireMod:Shallot"],"campfire_rested":4,"item_purchase_floors":[14,14,14,14,30,46,46],"current_hp_per_floor":[75,75,75,75,75,58,58,46,46,46,44,44,40,40,62,32,75,58,44,41,12,12,36,15,12,12,51,47,47,47,26,65,61,80,56,51,46,46,46,46,31,31,31,15,18,18,18,11,53,40],"gold":89,"neow_bonus":"THREE_ENEMY_KILL","is_daily":false,"chose_seed":false,"campfire_upgraded":4,"win_rate":0.0,"timestamp":1608990726,"path_taken":["M","?","?","?","?","E","R","E","T","?","M","R","?","$","R","BOSS","M","?","M","M","AVR","R","E","M","T","R","E","M","$","M","R","BOSS","M","M","M","M","?","R","E","R","T","M","E","$","E","M","R","BOSS"],"items_purchased_type":["Card","Card","Card","Relic","Card","Relic","Relic"],"build_version":"2020-12-22","purchased_purges":3,"victory":true,"max_hp_per_floor":[75,75,75,75,75,75,75,75,75,75,75,75,75,75,75,75,75,75,80,80,80,80,80,80,80,80,80,80,80,80,80,80,80,80,80,80,80,80,76,76,76,76,76,76,90,90,90,90,90,90],"card_choices":[{"not_picked":["TheCursedMod:CursedShiv","TheCursedMod:ManaBullet"],"picked":"TheCursedMod:CursedBlade","floor":1},{"not_picked":["TheCursedMod:FleshFromBone","TheCursedMod:CursedArmor"],"picked":"TheCursedMod:AshesToAshes","floor":3},{"not_picked":["TheCursedMod:CircleOfWindfury","TheCursedMod:Torture"],"picked":"TheCursedMod:SurpriseAttack","floor":4},{"not_picked":["TheCursedMod:CircleOfCorruption","TheCursedMod:Evocation","TheCursedMod:CursedShiv"],"picked":"SKIP","floor":6},{"not_picked":["TheCursedMod:Grudge","TheCursedMod:WearCloak"],"picked":"TheCursedMod:CursedBoomerang","floor":8},{"not_picked":["TheCursedMod:DarkBarrier","TheCursedMod:Wield","TheCursedMod:SpreadPlague"],"picked":"SKIP","floor":11},{"not_picked":["TheCursedMod:SpreadPlague","TheCursedMod:SoulReap"],"picked":"TheCursedMod:SpitefulStrike","floor":13},{"not_picked":["TheCursedMod:StunningStrike","TheCursedMod:AntiAging"],"picked":"TheCursedMod:VoidForm","floor":16},{"not_picked":["TheCursedMod:SaltUponWound","TheCursedMod:SpitefulStrike","TheCursedMod:VitalStrike"],"picked":"SKIP","floor":18},{"not_picked":["TheCursedMod:CursedArmor","TheCursedMod:Stretching","TheCursedMod:SpitefulStrike+1"],"picked":"SKIP","floor":20},{"not_picked":["TheCursedMod:ManaCirculation","TheCursedMod:SmokeScreen"],"picked":"TheCursedMod:Obscuration+1","floor":21},{"not_picked":["TheCursedMod:Wield+1","TheCursedMod:VitalStrike","TheCursedMod:Obscuration"],"picked":"SKIP","floor":24},{"not_picked":["TheCursedMod:Torture","TheCursedMod:SpitefulStrike"],"picked":"TheCursedMod:RapidMovement+1","floor":25},{"not_picked":["TheCursedMod:DarkBarrier","TheCursedMod:CursedMace+1"],"picked":"TheCursedMod:CursedBoomerang","floor":28},{"not_picked":["TheCursedMod:RapidMovement","TheCursedMod:Wield","TheCursedMod:CursedMace"],"picked":"SKIP","floor":29},{"not_picked":["TheCursedMod:CircleOfAmplification","TheCursedMod:CursedMace"],"picked":"TheCursedMod:RavingStaff","floor":31},{"not_picked":["TheCursedMod:SmokeScreen","TheCursedMod:Wield","TheCursedMod:Stigma"],"picked":"SKIP","floor":35},{"not_picked":["TheCursedMod:HellfireBreathing","TheCursedMod:Evocation+1"],"picked":"TheCursedMod:RavingStaff+1","floor":36},{"not_picked":["TheCursedMod:SurpriseAttack+1","TheCursedMod:EmpowerCircles+1","TheCursedMod:Stretching+1"],"picked":"SKIP","floor":37},{"not_picked":["TheCursedMod:BloodBarrier","TheCursedMod:CircleOfFlame+1","TheCursedMod:CursedMace+1"],"picked":"SKIP","floor":38},{"not_picked":["TheCursedMod:CircleOfCorruption+1","TheCursedMod:CircleOfAbyss"],"picked":"TheCursedMod:LuckyCharm","floor":41},{"not_picked":["TheCursedMod:SmokeScreen+1","TheCursedMod:TroublousMinions","TheCursedMod:AshesToAshes","TheCursedMod:SpitefulPray"],"picked":"SKIP","floor":44},{"not_picked":["TheCursedMod:Hemoplague+1","TheCursedMod:Mangle+1","TheCursedMod:CircleOfBlood","TheCursedMod:SmokeScreen+1"],"picked":"SKIP","floor":45},{"not_picked":["TheCursedMod:CircleOfFlame","TheCursedMod:DoubleShield","TheCursedMod:CursedMace+1"],"picked":"TheCursedMod:WearCloak+1","floor":47},{"not_picked":["TheCursedMod:SurpriseAttack","TheCursedMod:Torture+1","TheCursedMod:WearCloak+1","TheCursedMod:EmpowerCircles+1"],"picked":"SKIP","floor":48}],"player_experience":297304,"relics_obtained":[{"floor":6,"key":"ReplayTheSpireMod:Lightbulb"},{"floor":8,"key":"Potion Belt"},{"floor":9,"key":"Pet Ghost"},{"floor":24,"key":"Regal Pillow"},{"floor":26,"key":"Chameleon Ring"},{"floor":28,"key":"Replay:Bottled Steam"},{"floor":41,"key":"Question Card"},{"floor":43,"key":"Replay:Wax Seal"},{"floor":45,"key":"Mango"},{"floor":47,"key":"Omamori"}],"event_choices":[{"cards_removed":["TheCursedMod:Strike_TheCursed"],"damage_healed":0,"gold_gain":0,"player_choice":"Purged","damage_taken":0,"max_hp_gain":0,"max_hp_loss":0,"event_name":"Purifier","floor":2,"gold_loss":0},{"damage_healed":0,"gold_gain":175,"player_choice":"AGREE","damage_taken":0,"max_hp_gain":0,"max_hp_loss":0,"event_name":"Liars Game","floor":5,"gold_loss":0,"cards_obtained":["Doubt"]},{"damage_healed":0,"gold_gain":0,"player_choice":"Got Potions","damage_taken":0,"max_hp_gain":0,"max_hp_loss":0,"event_name":"Lab","floor":10,"gold_loss":0},{"damage_healed":0,"gold_gain":0,"player_choice":"Shed Blood","damage_taken":19,"max_hp_gain":5,"max_hp_loss":0,"event_name":"Forgotten Altar","floor":19,"gold_loss":0},{"damage_healed":0,"gold_gain":0,"player_choice":"Max HP","damage_taken":0,"max_hp_gain":0,"max_hp_loss":4,"event_name":"Winding Halls","floor":39,"gold_loss":0}],"is_beta":false,"boss_relics":[{"not_picked":["Runic Pyramid","Ring of Chaos"],"picked":"infinitespire:Cupcake"},{"not_picked":["Replay:Drink Me","Snecko Heart"],"picked":"Philosopher\u0027s Stone"}],"items_purged_floors":[14,22,30],"is_endless":false,"potions_floor_spawned":[3,4,6,16,18,20,28,29,35,37,44,47],"ascension_level":4}}