{"host":"nb9upq3jx3hg2lpa","time":1608958686,"event":{"mods":["BaseMod","Colored Map","Conspire","Downfall","Hubris","Marisa????????","Minty Spire (QoL Compilation)","Replay The Spire","StSLib","The Cursed","The Servant 0.9.4"],"gold_per_floor":[119,132,151,151,70,70,101,101,101,134,134,134,134,174,174,174,174],"floor_reached":16,"playtime":397,"items_purged":[],"score":116,"play_id":"6d33859f-8200-46c9-a8f8-f2c9f84c58e2","local_time":"20201225225806","is_ascension_mode":false,"campfire_choices":[{"data":"Crippling Poison","floor":6,"key":"SMITH"},{"floor":8,"key":"REST"},{"floor":15,"key":"DIG"}],"circlet_count":0,"master_deck":["Strike_G","Strike_G","Strike_G","Strike_G","Strike_G","Defend_G","Defend_G","Defend_G","Defend_G","Defend_G","Survivor","Neutralize","Infinite Blades","Quick Slash","Crippling Poison+1","Well Laid Plans","Deadly Poison+1","Quick Slash","Hidden Blade"],"relics":["Ring of the Snake","NeowsBlessing","Golden Idol","hubris:AstralHammer","ReplayFunnel","Pocketwatch","Toy Ornithopter","Ancient Tea Set","hubris:SlimyHat"],"acts_visited":["Exordium"],"potions_floor_usage":[7,14],"damage_taken":[{"damage":0,"enemies":"2 Louse","floor":1,"turns":1},{"damage":0,"enemies":"Jaw Worm","floor":2,"turns":1},{"damage":0,"enemies":"Small Slimes","floor":3,"turns":1},{"damage":24,"enemies":"Gremlin Nob","floor":7,"turns":4},{"damage":38,"enemies":"3 Sentries","floor":10,"turns":9},{"damage":15,"enemies":"Gremlin Nob","floor":14,"turns":4},{"damage":9,"enemies":"The Guardian","floor":16,"turns":4}],"seed_played":"-6854809930960314737","potions_obtained":[{"floor":1,"key":"Toxic Potion"},{"floor":3,"key":"Strength Potion"}],"is_trial":false,"path_per_floor":["M","M","M","?","$","R","E","R","T","E","?","?","T","E","R_BF","B"],"character_chosen":"THE_SILENT","items_purchased":["Well Laid Plans"],"campfire_rested":1,"item_purchase_floors":[5],"current_hp_per_floor":[70,70,70,53,53,53,29,50,50,12,12,12,12,2,2,0,0],"gold":174,"neow_bonus":"THREE_ENEMY_KILL","is_daily":false,"chose_seed":false,"campfire_upgraded":1,"win_rate":0.0,"timestamp":1608958686,"path_taken":["M","M","M","?","$","R","E","R","T","E","?","?","?","E","R_BF","BOSS"],"items_purchased_type":["Card"],"build_version":"2020-12-22","purchased_purges":0,"victory":false,"max_hp_per_floor":[70,70,70,70,70,70,70,70,70,70,70,70,70,70,70,70,70],"card_choices":[{"not_picked":["Dagger Spray","conspire:PoisonWeapons"],"picked":"Infinite Blades","floor":1},{"not_picked":["Heel Hook","Dodge and Roll"],"picked":"Quick Slash","floor":2},{"not_picked":["Dodge and Roll","Blur"],"picked":"Crippling Poison","floor":3},{"not_picked":["Quick Slash","Backflip"],"picked":"Deadly Poison","floor":7},{"not_picked":["Poisoned Stab","Underhanded Strike"],"picked":"Quick Slash","floor":10},{"not_picked":["Masterful Stab","Choke"],"picked":"Hidden Blade","floor":14}],"player_experience":5049,"relics_obtained":[{"floor":7,"key":"hubris:AstralHammer"},{"floor":9,"key":"ReplayFunnel"},{"floor":10,"key":"Pocketwatch"},{"floor":13,"key":"Toy Ornithopter"},{"floor":14,"key":"Ancient Tea Set"},{"floor":15,"key":"hubris:SlimyHat"}],"event_choices":[{"damage_healed":0,"gold_gain":0,"player_choice":"Take Damage","damage_taken":17,"relics_obtained":["Golden Idol"],"max_hp_gain":0,"max_hp_loss":0,"event_name":"Golden Idol","floor":4,"gold_loss":0},{"damage_healed":0,"gold_gain":0,"player_choice":"Ignored","damage_taken":0,"max_hp_gain":0,"max_hp_loss":0,"event_name":"Golden Wing","floor":11,"gold_loss":0}],"is_beta":false,"boss_relics":[],"items_purged_floors":[],"is_endless":false,"potions_floor_spawned":[1,3],"killed_by":"The Guardian","ascension_level":0}}