{"host":"jwbw4f4imxd0v0b0","time":1608953107,"event":{"mods":["BaseMod","Colored Map","Highlight Path","Minty Spire (QoL Compilation)","Relic Stats","StSLib"],"gold_per_floor":[112,112,112,162,180,180,218,229,256,277,318,0,0,25,25,112,112,139,148,148,56,76,76,103,103,152,195,195,231,85,109,109,193,193,218,218,243,261,586,586,629,243,243,49,63,63,82,102,102,102,102],"floor_reached":50,"playtime":2555,"items_purged":["Writhe","Strike_R"],"score":1136,"play_id":"5fa2ab29-d237-4877-ade2-21e9bfd4156e","local_time":"20201225212507","is_ascension_mode":true,"campfire_choices":[{"data":"Bash","floor":6.0,"key":"SMITH"},{"data":"Combust","floor":15.0,"key":"SMITH"},{"data":"Demon Form","floor":23.0,"key":"SMITH"},{"floor":28.0,"key":"REST"},{"data":"Uppercut","floor":32.0,"key":"SMITH"},{"floor":40.0,"key":"REST"},{"floor":46.0,"key":"REST"},{"floor":49.0,"key":"REST"}],"circlet_count":0,"master_deck":["AscendersBane","Strike_R","Strike_R","Defend_R","Defend_R+1","Defend_R","Defend_R+1","Bash+1","Bludgeon+1","Inflame","Pummel","Combust+1","Anger","Ghostly Armor","Demon Form+1","Sword Boomerang","Shrug It Off","Cleave","True Grit+1","Disarm","Fiend Fire","Uppercut+1","Immolate","Rupture","Pummel","Madness","Madness","Rupture+1","Power Through+1","Dark Shackles+1","Shrug It Off+1","Pommel Strike+1","Brutality"],"relics":["Burning Blood","CeramicFish","War Paint","HornCleat","Anchor","Sling","Runic Dome","Blood Vial","Torii","Strawberry","Bag of Marbles","MawBank","Toy Ornithopter","SacredBark","Old Coin","Shuriken","Membership Card","Toxic Egg 2","Boot","Happy Flower","Orrery"],"acts_visited":["Exordium","TheCity","TheBeyond"],"potions_floor_usage":[50],"damage_taken":[{"damage":6.0,"enemies":"Small Slimes","floor":1.0,"turns":3.0},{"damage":7.0,"enemies":"Jaw Worm","floor":5.0,"turns":2.0},{"damage":0.0,"enemies":"Gremlin Nob","floor":7.0,"turns":2.0},{"damage":0.0,"enemies":"Cultist","floor":8.0,"turns":2.0},{"damage":8.0,"enemies":"Blue Slaver","floor":10.0,"turns":4.0},{"damage":26.0,"enemies":"3 Sentries","floor":11.0,"turns":6.0},{"damage":1.0,"enemies":"Gremlin Gang","floor":14.0,"turns":4.0},{"damage":28.0,"enemies":"Slime Boss","floor":16.0,"turns":6.0},{"damage":6.0,"enemies":"Shell Parasite","floor":18.0,"turns":3.0},{"damage":6.0,"enemies":"2 Thieves","floor":22.0,"turns":3.0},{"damage":31.0,"enemies":"Sentry and Sphere","floor":24.0,"turns":6.0},{"damage":16.0,"enemies":"Book of Stabbing","floor":27.0,"turns":4.0},{"damage":2.0,"enemies":"Slavers","floor":29.0,"turns":5.0},{"damage":0.0,"enemies":"Centurion and Healer","floor":31.0,"turns":6.0},{"damage":57.0,"enemies":"Automaton","floor":33.0,"turns":8.0},{"damage":36.0,"enemies":"3 Darklings","floor":35.0,"turns":5.0},{"damage":7.0,"enemies":"3 Shapes","floor":37.0,"turns":7.0},{"damage":31.0,"enemies":"Mind Bloom Boss Battle","floor":39.0,"turns":8.0},{"damage":53.0,"enemies":"Giant Head","floor":41.0,"turns":6.0},{"damage":2.0,"enemies":"Jaw Worm Horde","floor":45.0,"turns":4.0},{"damage":9.0,"enemies":"3 Darklings","floor":47.0,"turns":7.0},{"damage":24.0,"enemies":"Writhing Mass","floor":48.0,"turns":8.0},{"damage":67,"enemies":"Awakened One","floor":50,"turns":7}],"seed_played":"-5272881513863971589","potions_obtained":[{"floor":5.0,"key":"AttackPotion"},{"floor":7.0,"key":"PowerPotion"},{"floor":8.0,"key":"SpeedPotion"},{"floor":41.0,"key":"LiquidBronze"}],"is_trial":false,"path_per_floor":["M","?","?","?","M","R","E","M","T","M","E","$","?","M","R","B",null,"M","?","?","$","M","R","M","T","T","E","R","E","$","M","R","B",null,"M","?","M","?","?","R","E","$","T","$","M","R","M","M","R","B"],"character_chosen":"IRONCLAD","items_purchased":["Anchor","Sling","Shrug It Off","Toy Ornithopter","Membership Card","Toxic Egg 2","Power Through+1","Dark Shackles+1","Happy Flower","Orrery"],"campfire_rested":4,"item_purchase_floors":[12,12,21,30,42,42,42,44,44,44],"current_hp_per_floor":[68,68,61,61,60,60,66,68,68,66,46,46,46,51,51,29,58,58,58,58,58,60,60,37,37,44,36,58,64,64,72,72,23,62,34,75,74,60,37,59,19,19,19,19,25,47,51,35,57,0,0],"gold":102,"neow_bonus":"THREE_RARE_CARDS","is_daily":false,"chose_seed":false,"campfire_upgraded":4,"win_rate":0.0,"timestamp":1608953107,"path_taken":["M","?","?","?","?","R","E","M","T","M","E","$","?","?","R","BOSS","M","?","?","?","?","R","M","?","T","E","R","E","$","M","R","BOSS","M","?","?","?","?","R","E","?","T","$","M","R","M","M","R","BOSS"],"items_purchased_type":["Relic","Relic","Card","Relic","Relic","Relic","Card","Card","Relic","Relic"],"build_version":"2020-12-22","purchased_purges":2,"victory":false,"max_hp_per_floor":[68,68,68,68,68,68,68,68,68,68,68,68,68,68,68,68,68,68,68,68,68,68,68,68,68,75,75,75,75,75,75,75,75,75,75,75,75,75,75,75,75,75,75,75,75,75,75,75,75,75,75],"relic_stats":{"Blood Vial":26,"Torii":39,"Happy Flower":[8],"counters":[23,116],"Shuriken":[3],"CeramicFish":216,"War Paint":["Defend_R","Defend_R"],"MawBank":12,"Boot":[27],"obtain_stats":[{"Torii":25,"Happy Flower":44,"CeramicFish":7,"SacredBark":34,"War Paint":9,"Sling":12,"MawBank":29,"Boot":43,"Burning Blood":0,"Old Coin":39,"Blood Vial":19,"Runic Dome":17,"Anchor":12,"HornCleat":11,"Shuriken":41,"Strawberry":26,"Orrery":44,"Bag of Marbles":27,"Membership Card":42,"Toxic Egg 2":42,"Toy Ornithopter":30},{"Torii":11,"Happy Flower":19,"CeramicFish":3,"SacredBark":15,"War Paint":4,"Sling":6,"MawBank":13,"Boot":19,"Burning Blood":0,"Old Coin":18,"Blood Vial":9,"Runic Dome":8,"Anchor":6,"HornCleat":6,"Shuriken":19,"Strawberry":11,"Orrery":19,"Bag of Marbles":12,"Membership Card":19,"Toxic Egg 2":19,"Toy Ornithopter":13},{"Torii":41,"Happy Flower":90,"CeramicFish":7,"SacredBark":64,"War Paint":9,"Sling":19,"MawBank":50,"Boot":90,"Burning Blood":0,"Old Coin":84,"Blood Vial":32,"Runic Dome":29,"Anchor":19,"HornCleat":19,"Shuriken":90,"Strawberry":41,"Orrery":90,"Bag of Marbles":45,"Membership Card":90,"Toxic Egg 2":90,"Toy Ornithopter":50}],"Burning Blood":128,"Toy Ornithopter":15},"card_choices":[{"not_picked":["Juggernaut","Exhume"],"picked":"Bludgeon","floor":0.0},{"not_picked":["Perfected Strike","Dual Wield","Searing Blow"],"picked":"SKIP","floor":1.0},{"not_picked":["Wild Strike","Sword Boomerang"],"picked":"Inflame","floor":5.0},{"not_picked":["Heavy Blade","Combust"],"picked":"Pummel","floor":7.0},{"not_picked":["Flex","Thunderclap","Iron Wave"],"picked":"SKIP","floor":8.0},{"not_picked":["Spot Weakness","Inflame"],"picked":"Combust","floor":10.0},{"not_picked":["Spot Weakness","Sword Boomerang"],"picked":"Anger","floor":11.0},{"not_picked":["Wild Strike","Combust"],"picked":"Ghostly Armor","floor":14.0},{"not_picked":["Berserk","Corruption"],"picked":"Demon Form","floor":16.0},{"not_picked":["Anger","Havoc"],"picked":"Sword Boomerang","floor":18.0},{"not_picked":["Clash","Twin Strike+1"],"picked":"Cleave","floor":22.0},{"not_picked":["Headbutt","Dual Wield"],"picked":"True Grit+1","floor":24.0},{"not_picked":["Evolve","Dark Embrace"],"picked":"Disarm","floor":27.0},{"not_picked":["Bludgeon","Rampage"],"picked":"Fiend Fire","floor":29.0},{"not_picked":["Thunderclap","Searing Blow"],"picked":"Uppercut","floor":31.0},{"not_picked":["Juggernaut","Bludgeon"],"picked":"Immolate","floor":33.0},{"not_picked":["Anger","Body Slam"],"picked":"Rupture","floor":35.0},{"not_picked":["Searing Blow","Hemokinesis"],"picked":"Pummel","floor":37.0},{"not_picked":["Pommel Strike","Anger"],"picked":"Rupture+1","floor":41.0},{"not_picked":["Bludgeon","Flex+1"],"picked":"Shrug It Off+1","floor":44.0},{"not_picked":["Clash+1","Spot Weakness+1"],"picked":"Pommel Strike+1","floor":44.0},{"not_picked":["Pommel Strike+1","Twin Strike","Clothesline"],"picked":"SKIP","floor":45.0},{"not_picked":["Heavy Blade","Perfected Strike","Body Slam"],"picked":"SKIP","floor":47.0},{"not_picked":["Sentinel+1","Clash"],"picked":"Brutality","floor":48.0}],"player_experience":955659,"relics_obtained":[{"floor":7.0,"key":"CeramicFish"},{"floor":9.0,"key":"War Paint"},{"floor":11.0,"key":"HornCleat"},{"floor":25.0,"key":"Torii"},{"floor":26.0,"key":"Strawberry"},{"floor":27.0,"key":"Bag of Marbles"},{"floor":29.0,"key":"MawBank"},{"floor":39.0,"key":"Old Coin"},{"floor":41.0,"key":"Shuriken"},{"floor":43.0,"key":"Boot"}],"event_choices":[{"damage_healed":0.0,"max_hp_gain":0.0,"max_hp_loss":0.0,"gold_gain":0.0,"event_name":"Living Wall","player_choice":"Grow","floor":2.0,"gold_loss":0.0,"damage_taken":0.0,"cards_upgraded":["Bludgeon"]},{"cards_removed":["Strike_R"],"damage_healed":0.0,"max_hp_gain":0.0,"max_hp_loss":0.0,"gold_gain":0.0,"event_name":"Golden Wing","player_choice":"Card Removal","floor":3.0,"gold_loss":0.0,"damage_taken":7.0},{"damage_healed":0.0,"max_hp_gain":0.0,"max_hp_loss":0.0,"gold_gain":50.0,"event_name":"Golden Shrine","player_choice":"Pray","floor":4.0,"gold_loss":0.0,"damage_taken":0.0},{"cards_removed":["Strike_R"],"damage_healed":0.0,"max_hp_gain":0.0,"max_hp_loss":0.0,"gold_gain":0.0,"event_name":"Purifier","player_choice":"Purged","floor":13.0,"gold_loss":0.0,"damage_taken":0.0},{"damage_healed":0.0,"max_hp_gain":0.0,"max_hp_loss":0.0,"gold_gain":0.0,"event_name":"The Mausoleum","player_choice":"Opened","floor":19.0,"gold_loss":0.0,"damage_taken":0.0,"relics_obtained":["Blood Vial"],"cards_obtained":["Writhe"]},{"damage_healed":0.0,"max_hp_gain":0.0,"max_hp_loss":0.0,"gold_gain":0.0,"event_name":"Ghosts","player_choice":"Ignored","floor":20.0,"gold_loss":0.0,"damage_taken":0.0},{"damage_healed":41.0,"max_hp_gain":0.0,"max_hp_loss":0.0,"gold_gain":0.0,"event_name":"Wheel of Change","player_choice":"Full Heal","floor":36.0,"gold_loss":0.0,"damage_taken":0.0},{"damage_healed":0.0,"max_hp_gain":0.0,"max_hp_loss":0.0,"gold_gain":0.0,"event_name":"Winding Halls","player_choice":"Embrace Madness","floor":38.0,"gold_loss":0.0,"damage_taken":14.0,"cards_obtained":["Madness","Madness"]},{"damage_healed":0.0,"max_hp_gain":0.0,"max_hp_loss":0.0,"gold_gain":0.0,"event_name":"MindBloom","player_choice":"Fight","floor":39.0,"gold_loss":0.0,"damage_taken":0.0}],"is_beta":false,"boss_relics":[{"not_picked":["Empty Cage","Runic Pyramid"],"picked":"Runic Dome"},{"not_picked":["Fusion Hammer","SlaversCollar"],"picked":"SacredBark"}],"items_purged_floors":[21,42],"is_endless":false,"potions_floor_spawned":[5,7,8,14,16,22,27,29,31,39,41,45],"killed_by":"Awakened One","ascension_level":20}}