{"host":"sa0ri6nf6888r52r","time":1608962424,"event":{"mods":["AchievementEnabler","BaseMod","Colored Powertips","DeckTracker","Minty Spire (QoL Compilation)","Random Character Button","StSLib"],"gold_per_floor":[114,129,144,159,174,204,219,234,234,234,249,249,264,279,279,379,379,394,409,9,9,24,54,54,84,109,124,124,139,64,79,79,179,179,194,209,219,219,234,234,34,34,59,59,59,59,59],"floor_reached":46,"playtime":2961,"items_purged":["Clumsy"],"score":493,"play_id":"c735972d-927e-4bac-8180-f1dd279b9e39","local_time":"20201225230024","daily_mods":["SealedDeck","Diverse","Binary"],"is_ascension_mode":false,"campfire_choices":[{"data":"Genetic Algorithm","floor":10,"key":"SMITH"},{"data":"TalkToTheHand","floor":12,"key":"SMITH"},{"data":"Riddle With Holes","floor":15,"key":"SMITH"},{"data":"SandsOfTime","floor":24,"key":"SMITH"},{"data":"Streamline","floor":28,"key":"SMITH"},{"data":"Wish","floor":32,"key":"SMITH"},{"data":"Envenom","floor":40,"key":"SMITH"},{"data":"Inflame","floor":42,"key":"SMITH"}],"circlet_count":0,"master_deck":["Turbo","PiercingWail","Sanctity","Iron Wave","Genetic Algorithm+1","Thunderclap","Streamline+1","Beam Cell","Deadly Poison","Ball Lightning","Riddle With Holes+1","CarveReality","TalkToTheHand+1","Dagger Throw","Outmaneuver","Bloodletting","Inflame+1","CarveReality","WaveOfTheHand","SandsOfTime+1","Redo","DevaForm","Flame Barrier+1","Wish+1","Envenom+1","Escape Plan","Armaments+1","Madness","Madness","Regret","Genetic Algorithm+1"],"relics":["Burning Blood","Blood Vial","Sundial","Cursed Key","Bottled Flame","Sling","PreservedInsect","Champion Belt","Bronze Scales","SlaversCollar","Incense Burner","HandDrill","Nunchaku"],"acts_visited":["Exordium","TheCity","TheBeyond"],"potions_floor_usage":[6,6,6,13,23,23,33,33,33,36,37,46],"damage_taken":[{"damage":0,"enemies":"Cultist","floor":1,"turns":2},{"damage":0,"enemies":"Small Slimes","floor":2,"turns":3},{"damage":0,"enemies":"2 Louse","floor":3,"turns":1},{"damage":8,"enemies":"Large Slime","floor":4,"turns":3},{"damage":0,"enemies":"Gremlin Gang","floor":5,"turns":3},{"damage":0,"enemies":"Lagavulin","floor":6,"turns":3},{"damage":4,"enemies":"2 Fungi Beasts","floor":7,"turns":3},{"damage":3,"enemies":"Exordium Thugs","floor":8,"turns":4},{"damage":3,"enemies":"Exordium Wildlife","floor":11,"turns":2},{"damage":0,"enemies":"Looter","floor":13,"turns":1},{"damage":13,"enemies":"Large Slime","floor":14,"turns":6},{"damage":9,"enemies":"Slime Boss","floor":16,"turns":8},{"damage":0,"enemies":"Chosen","floor":18,"turns":5},{"damage":11,"enemies":"Shell Parasite","floor":19,"turns":5},{"damage":5,"enemies":"Chosen and Byrds","floor":22,"turns":4},{"damage":18,"enemies":"Book of Stabbing","floor":23,"turns":4},{"damage":36,"enemies":"Slavers","floor":25,"turns":4},{"damage":9,"enemies":"Centurion and Healer","floor":27,"turns":4},{"damage":14,"enemies":"Shelled Parasite and Fungi","floor":29,"turns":4},{"damage":0,"enemies":"Snake Plant","floor":31,"turns":3},{"damage":5,"enemies":"Collector","floor":33,"turns":5},{"damage":7,"enemies":"3 Darklings","floor":35,"turns":4},{"damage":0,"enemies":"Orb Walker","floor":36,"turns":3},{"damage":48,"enemies":"2 Orb Walkers","floor":37,"turns":4},{"damage":12,"enemies":"Maw","floor":39,"turns":8},{"damage":30,"enemies":"Sphere and 2 Shapes","floor":46,"turns":3}],"seed_played":"5451747836825439005","potions_obtained":[{"floor":3,"key":"Energy Potion"},{"floor":4,"key":"ElixirPotion"},{"floor":5,"key":"Fire Potion"},{"floor":6,"key":"AttackPotion"},{"floor":8,"key":"FearPotion"},{"floor":19,"key":"DistilledChaos"},{"floor":22,"key":"Ancient Potion"},{"floor":29,"key":"Explosive Potion"},{"floor":31,"key":"SteroidPotion"},{"floor":33,"key":"ColorlessPotion"},{"floor":36,"key":"LiquidBronze"},{"floor":39,"key":"Dexterity Potion"}],"is_trial":false,"path_per_floor":["M","M","M","M","M","E","M","M","T","R","M","R","M","M","R","B",null,"M","M","$","?","M","E","R","E","T","M","R","M","$","M","R","B",null,"M","M","?","?","M","R","$","R","T","$","?","M"],"character_chosen":"IRONCLAD","items_purchased":["Bottled Flame","Sling","HandDrill","AttackPotion"],"campfire_rested":0,"item_purchase_floors":[20,20,41,41],"current_hp_per_floor":[80,80,80,78,80,80,80,80,80,80,80,80,80,73,73,72,80,80,75,75,75,78,68,68,40,40,39,39,33,33,41,41,44,80,79,80,38,28,24,24,24,24,24,24,24,0,0],"gold":59,"neow_bonus":"","is_daily":true,"chose_seed":false,"campfire_upgraded":8,"win_rate":0.0,"timestamp":1608962424,"path_taken":["M","M","M","M","M","E","M","M","T","R","M","R","M","M","R","BOSS","M","?","$","?","M","E","R","E","T","M","R","M","?","M","R","BOSS","M","M","?","?","M","R","$","R","T","$","?","?"],"items_purchased_type":["Relic","Relic","Relic","Potion"],"build_version":"2020-12-22","purchased_purges":1,"victory":false,"max_hp_per_floor":[80,80,80,80,80,80,80,80,80,80,80,80,80,80,80,80,80,80,80,80,80,80,80,80,80,80,80,80,80,80,80,80,80,80,80,80,80,80,80,80,80,80,80,80,80,80,80],"card_choices":[{"not_picked":["Turbo"],"picked":"Riddle With Holes","floor":1},{"not_picked":["Streamline"],"picked":"CarveReality","floor":2},{"not_picked":["Pommel Strike"],"picked":"TalkToTheHand","floor":3},{"not_picked":["PathToVictory"],"picked":"Dagger Throw","floor":4},{"not_picked":["Acrobatics"],"picked":"Outmaneuver","floor":5},{"not_picked":["Turbo"],"picked":"Bloodletting","floor":6},{"not_picked":["Pray"],"picked":"Inflame","floor":7},{"not_picked":["Acrobatics"],"picked":"CarveReality","floor":8},{"not_picked":["Go for the Eyes"],"picked":"WaveOfTheHand","floor":11},{"not_picked":["Ball Lightning"],"picked":"SandsOfTime","floor":13},{"not_picked":["Deflect"],"picked":"Redo","floor":14},{"not_picked":["Rainbow"],"picked":"DevaForm","floor":16},{"not_picked":["Coolheaded","Concentrate+1"],"picked":"SKIP","floor":18},{"not_picked":["Rebound","Loop"],"picked":"SKIP","floor":19},{"not_picked":["Dagger Throw+1","Turbo"],"picked":"SKIP","floor":22},{"not_picked":["Bouncing Flask","Cloak And Dagger"],"picked":"SKIP","floor":23},{"not_picked":["Havoc","Power Through"],"picked":"SKIP","floor":25},{"not_picked":["Thunderclap+1","Streamline"],"picked":"SKIP","floor":27},{"not_picked":["Bane"],"picked":"Flame Barrier+1","floor":29},{"not_picked":["Cloak And Dagger"],"picked":"Wish","floor":31},{"not_picked":["DeusExMachina"],"picked":"Envenom","floor":33},{"not_picked":["Shrug It Off","Flex"],"picked":"SKIP","floor":35},{"not_picked":["Outmaneuver"],"picked":"Escape Plan","floor":36},{"not_picked":["Consecrate"],"picked":"Armaments+1","floor":37},{"not_picked":["Prepared","Perfected Strike"],"picked":"SKIP","floor":39}],"player_experience":153045,"relics_obtained":[{"floor":6,"key":"Blood Vial"},{"floor":9,"key":"Sundial"},{"floor":23,"key":"PreservedInsect"},{"floor":25,"key":"Champion Belt"},{"floor":26,"key":"Bronze Scales"},{"floor":37,"key":"Incense Burner"},{"floor":43,"key":"Nunchaku"}],"event_choices":[{"damage_healed":0,"gold_gain":0,"player_choice":"0 cards matched","damage_taken":0,"max_hp_gain":0,"max_hp_loss":0,"event_name":"Match and Keep!","floor":21,"gold_loss":0,"cards_obtained":[]},{"damage_healed":0,"gold_gain":0,"player_choice":"Fight","damage_taken":0,"max_hp_gain":0,"max_hp_loss":0,"event_name":"Mysterious Sphere","floor":37,"gold_loss":0},{"damage_healed":0,"gold_gain":0,"player_choice":"Embrace Madness","damage_taken":10,"max_hp_gain":0,"max_hp_loss":0,"event_name":"Winding Halls","floor":38,"gold_loss":0,"cards_obtained":["Madness","Madness"]},{"damage_healed":0,"gold_gain":0,"player_choice":"Copied","damage_taken":0,"max_hp_gain":0,"max_hp_loss":0,"event_name":"Duplicator","floor":45,"gold_loss":0,"cards_obtained":["Genetic Algorithm"]}],"is_beta":false,"boss_relics":[{"not_picked":["Runic Cube","Velvet Choker"],"picked":"Cursed Key"},{"not_picked":["Fusion Hammer","Coffee Dripper"],"picked":"SlaversCollar"}],"items_purged_floors":[30],"is_endless":false,"potions_floor_spawned":[3,4,5,6,8,19,22,29,31,33,36,39],"killed_by":"Sphere and 2 Shapes","ascension_level":0}}