{"host":"qc1sjgtdjonvdsd8","time":1608964622,"event":{"mods":["BaseMod","Colored Map","Colored Powertips","Curses Come First","Minty Spire (QoL Compilation)","Replay The Spire","StSLib","The Cursed","The Servant 0.9.4"],"gold_per_floor":[112,112,112,112,132,132,7,18,18,47,47,47,47,107,107,209,209,220,220,240,240,259,274,274,288,288,288,288,288],"floor_reached":28,"playtime":2398,"items_purged":["Strike_S"],"score":218,"play_id":"70407ddb-424d-439e-9843-81af577cea37","local_time":"20201225223702","is_ascension_mode":false,"campfire_choices":[{"data":"StarChef","floor":6,"key":"SMITH"},{"data":"KidneyShot","floor":11,"key":"SMITH"},{"floor":15,"key":"DIG"},{"floor":24,"key":"REST"},{"floor":27,"key":"REST"}],"circlet_count":0,"master_deck":["Strike_S","Defend_S","Defend_S","Defend_S","KidneyShot+1","Exchange","Starlight+1","BottledTime","GearUp","Reset","MurderousAura+1","BestPractice","Solidify","FanOfKnives+1","TheWorld+1","Unruled","SilverBlades","Rearm","Luminosity+1","Rearm"],"relics":["Uniform","Replay:Wax Seal","ReplayTheSpireMod:Ring of Exchange","ReplayTheSpireMod:Ring of Challenge","HornCleat","Bag of Preparation","Dream Catcher","ReplayTheSpireMod:DimensionalGlitch","Replay:Bottled Eggs"],"acts_visited":["Exordium","TheCity"],"potions_floor_usage":[10,10,23,28],"damage_taken":[{"damage":0,"enemies":"Jaw Worm","floor":1,"turns":6},{"damage":1,"enemies":"2 Louse","floor":5,"turns":2},{"damage":0,"enemies":"Cultist","floor":8,"turns":3},{"damage":15,"enemies":"3 Sentries","floor":10,"turns":9},{"damage":0,"enemies":"Large Slime","floor":14,"turns":7},{"damage":1,"enemies":"The Guardian","floor":16,"turns":11},{"damage":2,"enemies":"Shell Parasite","floor":18,"turns":4},{"damage":9,"enemies":"2 Thieves","floor":20,"turns":3},{"damage":12,"enemies":"Shelled Parasite and Fungi","floor":22,"turns":4},{"damage":11,"enemies":"Centurion and Healer","floor":23,"turns":3},{"damage":10,"enemies":"Chosen and Byrds","floor":25,"turns":3},{"damage":73,"enemies":"Slavers","floor":28,"turns":3}],"seed_played":"7185779671343492068","potions_obtained":[{"floor":5,"key":"Toxic Potion"},{"floor":8,"key":"BlessingOfTheForge"},{"floor":14,"key":"Weak Potion"},{"floor":20,"key":"Reflective Coating"}],"is_trial":false,"path_per_floor":["M","?","T","?","M","R","$","M","T","E","R","$","?","M","R_BF","B",null,"M","?","M","?","M","M","R","M","T","R","E"],"character_chosen":"THE_SERVANT","items_purchased":["BottledTime"],"campfire_rested":2,"item_purchase_floors":[7],"current_hp_per_floor":[65,65,65,65,64,64,64,64,64,49,49,49,49,49,49,48,65,63,63,54,54,42,31,50,40,40,59,0,0],"gold":288,"neow_bonus":"RANDOM_COMMON_RELIC","is_daily":false,"chose_seed":false,"campfire_upgraded":2,"win_rate":0.0,"timestamp":1608964622,"path_taken":["M","?","?","?","M","R","$","?","T","E","R","?","?","M","R_BF","BOSS","M","?","M","?","M","M","R","M","T","R","E"],"items_purchased_type":["Card"],"build_version":"2020-12-22","purchased_purges":1,"victory":false,"max_hp_per_floor":[65,65,65,65,65,65,65,65,65,65,65,65,65,65,65,65,65,65,65,65,65,65,65,65,65,65,65,65,65],"card_choices":[{"not_picked":["BottledTime","ShatteredReality"],"picked":"Starlight","floor":1},{"not_picked":["TimeWarp","FastForward"],"picked":"StarChef","floor":5},{"not_picked":["Spin","Ricochet"],"picked":"GearUp","floor":8},{"not_picked":["Manipulate","TimeWarp"],"picked":"Reset","floor":10},{"not_picked":["Replace","Misdirection"],"picked":"BestPractice","floor":14},{"not_picked":["ForgedInTime","Deny"],"picked":"Solidify","floor":16},{"not_picked":["Potential+1","Alleviate+1"],"picked":"FanOfKnives+1","floor":18},{"not_picked":["Ricochet+1","Rewind"],"picked":"SilverBlades","floor":20},{"not_picked":["KillingDoll","Replace"],"picked":"Rearm","floor":22},{"not_picked":["FanOfKnives+1","Defy"],"picked":"Luminosity+1","floor":23},{"not_picked":["Ricochet","ShatteredReality"],"picked":"Rearm","floor":25}],"player_experience":174159,"relics_obtained":[{"floor":2,"key":"ReplayTheSpireMod:Ring of Exchange"},{"floor":2,"key":"ReplayTheSpireMod:Ring of Challenge"},{"floor":3,"key":"HornCleat"},{"floor":10,"key":"Bag of Preparation"},{"floor":15,"key":"Dream Catcher"},{"floor":26,"key":"Replay:Bottled Eggs"}],"event_choices":[{"damage_healed":0,"gold_gain":0,"cards_transformed":["Strike_S","Defend_S"],"player_choice":"Became Test Subject","damage_taken":0,"max_hp_gain":0,"max_hp_loss":0,"event_name":"Drug Dealer","floor":19,"gold_loss":0,"cards_obtained":["TheWorld","Unruled"]},{"cards_removed":["Strike_S"],"damage_healed":0,"gold_gain":0,"player_choice":"Purged","damage_taken":0,"max_hp_gain":0,"max_hp_loss":0,"event_name":"Purifier","floor":21,"gold_loss":0}],"is_beta":false,"boss_relics":[{"not_picked":["Coffee Dripper","MysterySword"],"picked":"ReplayTheSpireMod:DimensionalGlitch"}],"items_purged_floors":[7],"is_endless":false,"potions_floor_spawned":[5,8,14,20],"killed_by":"Slavers","ascension_level":0}}