{"host":"cv77zuuuekizn3ic","time":1608975928,"event":{"mods":["AchievementEnabler","BaseMod","HornydragonMod","Minty Spire (QoL Compilation)","StSLib","Waifu the Spire","everything is the same but u backflip on backflip","slay the spire mod where everything is the same but ironclad has a cowboy hat"],"gold_per_floor":[114,114,114,128,278,305,320,320,320,320,320,337,337,262,262,338,338,355,355,355,370,370,370,405,424,424,424,424,451,451,469,469,544,544,562,575,275,286,355,385,435,446,473,473,473,194,194,99,99,99,99,99,11,39,39],"floor_reached":56,"playtime":3156,"items_purged":["Doubt","Conclude","SashWhip+1","Collect+1","BowlingBash"],"score":2161,"play_id":"77ffafd7-f943-467c-b558-3d05df278f1a","local_time":"20201226174528","is_ascension_mode":true,"campfire_choices":[{"data":"Eruption","floor":8.0,"key":"SMITH"},{"data":"EmptyMind","floor":10.0,"key":"SMITH"},{"data":"Evaluate","floor":15.0,"key":"SMITH"},{"data":"SashWhip","floor":23.0,"key":"SMITH"},{"data":"Adaptation","floor":28.0,"key":"SMITH"},{"data":"RitualDagger","floor":32.0,"key":"SMITH"},{"data":"Adaptation","floor":47,"key":"SMITH"},{"floor":49,"key":"RECALL"},{"data":"MentalFortress","floor":52,"key":"SMITH"}],"circlet_count":0,"master_deck":["AscendersBane","Eruption+1","Vigilance","Evaluate+1","EmptyMind+1","CutThroughFate","Evaluate+1","DevaForm","LikeWater","InnerPeace+1","Ghostly+1","Ghostly+1","Ghostly+1","Adaptation+1","Adaptation+1","RitualDagger+1","Vault+1","Vault+1","InnerPeace+1","MentalFortress+1","FearNoEvil"],"relics":["HolyWater","NeowsBlessing","Gremlin Horn","Toxic Egg 2","InkBottle","Boot","Pandora\u0027s Box","Tiny Chest","Omamori","Happy Flower","Sundial","Mercury Hourglass","Torii","Membership Card","Damaru"],"acts_visited":["Exordium","TheCity","TheBeyond","TheEnding"],"potions_floor_usage":[55],"damage_taken":[{"damage":0.0,"enemies":"Small Slimes","floor":1.0,"turns":1.0},{"damage":0.0,"enemies":"2 Louse","floor":4.0,"turns":1.0},{"damage":0.0,"enemies":"Lagavulin","floor":6.0,"turns":1.0},{"damage":7.0,"enemies":"Jaw Worm","floor":7.0,"turns":3.0},{"damage":0.0,"enemies":"3 Louse","floor":12.0,"turns":2.0},{"damage":49.0,"enemies":"The Guardian","floor":16.0,"turns":12.0},{"damage":15.0,"enemies":"2 Thieves","floor":18.0,"turns":3.0},{"damage":2.0,"enemies":"Shell Parasite","floor":21.0,"turns":5.0},{"damage":4.0,"enemies":"Gremlin Leader","floor":24.0,"turns":5.0},{"damage":0.0,"enemies":"Snake Plant","floor":25.0,"turns":6.0},{"damage":16.0,"enemies":"Book of Stabbing","floor":29.0,"turns":6.0},{"damage":2.0,"enemies":"Chosen and Byrds","floor":31.0,"turns":6.0},{"damage":0.0,"enemies":"Collector","floor":33.0,"turns":5.0},{"damage":2.0,"enemies":"3 Darklings","floor":35.0,"turns":4.0},{"damage":0.0,"enemies":"Orb Walker","floor":36.0,"turns":6.0},{"damage":0.0,"enemies":"3 Darklings","floor":38.0,"turns":5.0},{"damage":0.0,"enemies":"Nemesis","floor":40.0,"turns":7.0},{"damage":0.0,"enemies":"Jaw Worm Horde","floor":42.0,"turns":3.0},{"damage":3,"enemies":"Awakened One","floor":50,"turns":7},{"damage":2,"enemies":"Shield and Spear","floor":54,"turns":4},{"damage":18,"enemies":"The Heart","floor":55,"turns":8}],"seed_played":"4211069810630178833","potions_obtained":[{"floor":4.0,"key":"SteroidPotion"},{"floor":12.0,"key":"Strength Potion"},{"floor":16.0,"key":"ColorlessPotion"},{"floor":24.0,"key":"Regen Potion"},{"floor":25.0,"key":"Weak Potion"}],"is_trial":false,"path_per_floor":["M","?","?","M","?","E","M","R","T","R","?","M","?","$","R","B",null,"M","?","?","M","?","R","E","M","T","?","R","E","?","M","R","B",null,"M","M","$","M","T","E","?","M","T","?","T","$","R","$","R","B",null,"R","$","E","B",null],"character_chosen":"WATCHER","items_purchased":["FairyPotion","InnerPeace+1","Membership Card","MentalFortress","FearNoEvil"],"campfire_rested":0,"item_purchase_floors":[37,37,46,46,48],"current_hp_per_floor":[61,66,66,66,66,66,59,59,59,59,54,54,54,54,54,5,56,41,36,28,26,26,26,22,37,37,37,37,21,15,13,13,13,34,32,32,32,32,32,32,32,32,32,32,32,32,32,32,32,29,38,38,38,36,18],"gold":39,"neow_bonus":"THREE_ENEMY_KILL","is_daily":false,"chose_seed":false,"campfire_upgraded":8,"win_rate":0.0,"timestamp":1608975928,"path_taken":["M","?","?","M","?","E","M","R","T","R","?","M","?","$","R","BOSS","M","?","?","M","?","R","E","?","T","?","R","E","?","M","R","BOSS","M","M","$","M","?","E","?","?","T","?","?","?","R","$","R","BOSS","R","$","E","BOSS"],"items_purchased_type":["Potion","Card","Relic","Card","Card"],"build_version":"2020-12-22","purchased_purges":5,"victory":true,"max_hp_per_floor":[68,73,73,73,73,73,73,73,73,73,73,73,73,73,73,73,73,73,36,41,41,41,41,41,41,41,41,41,41,41,41,41,41,41,41,41,41,41,41,41,41,41,41,41,41,41,41,41,41,41,41,41,41,41,41],"card_choices":[{"not_picked":["SashWhip","Halt"],"picked":"Evaluate","floor":1.0},{"not_picked":["Vengeance","ReachHeaven"],"picked":"Conclude","floor":4.0},{"not_picked":["Protect","Pray"],"picked":"CutThroughFate","floor":6.0},{"not_picked":["Wireheading","CrushJoints"],"picked":"BowlingBash","floor":7.0},{"not_picked":["EmptyFist","ThirdEye+1"],"picked":"Evaluate+1","floor":12.0},{"not_picked":["DeusExMachina+1","Blasphemy+1"],"picked":"DevaForm","floor":16.0},{"not_picked":["Weave","Crescendo+1","ThirdEye+1"],"picked":"SKIP","floor":18.0},{"not_picked":["Evaluate+1","Consecrate","EmptyFist"],"picked":"SKIP","floor":21.0},{"not_picked":["BowlingBash","Protect+1"],"picked":"Adaptation","floor":24.0},{"not_picked":["CrushJoints","DevaForm","ThirdEye+1"],"picked":"SKIP","floor":25.0},{"not_picked":["Consecrate","Evaluate+1"],"picked":"Adaptation","floor":29.0},{"not_picked":["EmptyFist","CutThroughFate"],"picked":"Vault+1","floor":31.0},{"not_picked":["DevaForm","ConjureBlade+1"],"picked":"Vault+1","floor":33.0},{"not_picked":["BowlingBash","Consecrate","EmptyFist"],"picked":"SKIP","floor":35.0},{"not_picked":["FlyingSleeves","SashWhip","Collect+1"],"picked":"SKIP","floor":36.0},{"not_picked":["BowlingBash","FlyingSleeves","Swivel+1"],"picked":"SKIP","floor":38.0},{"not_picked":["Prostrate+1","Brilliance","WreathOfFlame+1"],"picked":"SKIP","floor":40.0},{"not_picked":["CarveReality","Protect+1","Pray+1"],"picked":"SKIP","floor":42.0},{"not_picked":["MentalFortress","Conclude+1","ThirdEye+1"],"picked":"SKIP","floor":54}],"player_experience":621348,"relics_obtained":[{"floor":6.0,"key":"Gremlin Horn"},{"floor":9.0,"key":"Toxic Egg 2"},{"floor":24.0,"key":"Tiny Chest"},{"floor":26.0,"key":"Omamori"},{"floor":29.0,"key":"Happy Flower"},{"floor":39.0,"key":"Sundial"},{"floor":40.0,"key":"Mercury Hourglass"},{"floor":45,"key":"Torii"},{"floor":54,"key":"Damaru"}],"event_choices":[{"damage_healed":0.0,"max_hp_gain":5.0,"max_hp_loss":0.0,"gold_gain":0.0,"event_name":"Big Fish","player_choice":"Donut","floor":2.0,"gold_loss":0.0,"damage_taken":0.0},{"damage_healed":0.0,"max_hp_gain":0.0,"max_hp_loss":0.0,"gold_gain":0.0,"cards_transformed":["Defend_P"],"event_name":"Living Wall","player_choice":"Change","floor":3.0,"gold_loss":0.0,"damage_taken":0.0,"cards_obtained":["EmptyMind"]},{"damage_healed":0.0,"max_hp_gain":0.0,"max_hp_loss":0.0,"gold_gain":150.0,"event_name":"Liars Game","player_choice":"AGREE","floor":5.0,"gold_loss":0.0,"damage_taken":0.0,"cards_obtained":["Doubt"]},{"damage_healed":0.0,"max_hp_gain":0.0,"max_hp_loss":0.0,"gold_gain":0.0,"event_name":"Scrap Ooze","player_choice":"Success","floor":11.0,"gold_loss":0.0,"damage_taken":5.0,"relics_obtained":["InkBottle"]},{"damage_healed":0.0,"max_hp_gain":0.0,"max_hp_loss":0.0,"gold_gain":0.0,"event_name":"WeMeetAgain","player_choice":"Gave Potion","floor":13.0,"gold_loss":0.0,"damage_taken":0.0,"relics_obtained":["Boot"]},{"damage_healed":0.0,"max_hp_gain":0.0,"max_hp_loss":37.0,"gold_gain":0.0,"event_name":"Ghosts","player_choice":"Became a Ghost","floor":19.0,"gold_loss":0.0,"damage_taken":0.0,"cards_obtained":["Ghostly","Ghostly","Ghostly"]},{"damage_healed":0.0,"max_hp_gain":5.0,"max_hp_loss":0.0,"gold_gain":0.0,"event_name":"Forgotten Altar","player_choice":"Shed Blood","floor":20.0,"gold_loss":0.0,"damage_taken":13.0},{"cards_removed":["SashWhip"],"damage_healed":0.0,"max_hp_gain":0.0,"max_hp_loss":0.0,"gold_gain":0.0,"event_name":"Purifier","player_choice":"Purged","floor":22.0,"gold_loss":0.0,"damage_taken":0.0},{"cards_removed":["Establishment"],"damage_healed":0.0,"max_hp_gain":0.0,"max_hp_loss":0.0,"gold_gain":0.0,"event_name":"Back to Basics","player_choice":"Elegance","floor":27.0,"gold_loss":0.0,"damage_taken":0.0},{"damage_healed":0.0,"max_hp_gain":0.0,"max_hp_loss":0.0,"gold_gain":0.0,"event_name":"Nest","player_choice":"Joined the Cult","floor":30.0,"gold_loss":0.0,"damage_taken":6.0,"cards_obtained":["RitualDagger"]},{"damage_healed":0.0,"max_hp_gain":0.0,"max_hp_loss":0.0,"gold_gain":50.0,"event_name":"Golden Shrine","player_choice":"Pray","floor":41.0,"gold_loss":0.0,"damage_taken":0.0},{"cards_removed":["BowlingBash"],"damage_healed":0,"gold_gain":0,"player_choice":"Purged","damage_taken":0,"max_hp_gain":0,"max_hp_loss":0,"event_name":"Purifier","floor":44,"gold_loss":0}],"is_beta":false,"boss_relics":[{"not_picked":["Tiny House","Busted Crown"],"picked":"Pandora\u0027s Box"},{"not_picked":["Black Star","Sozu"],"picked":"HolyWater"}],"items_purged_floors":[14,37,46,48,53],"is_endless":false,"potions_floor_spawned":[4,12,16,24,25,31,36,38,40],"ascension_level":16}}