{"host":"r53pw7z744tg3fxg","time":1608944436,"event":{"mods":["AchievementEnabler","BaseMod","Colored Map","Colored Powertips","Highlight Path","Minty Spire (QoL Compilation)","Quick Restart","Transform Curses"],"gold_per_floor":[113,128,145,67,67,67,82,113,113,144,166,166,166,186,186,285,285,302,2,18,31,31,31,63,63,63,81,97,107,107,120,120,215,215,235,252,252,252,252],"floor_reached":38,"playtime":3781,"items_purged":[],"score":592,"play_id":"66aa018a-3850-4cb4-86b8-44f10db6626e","local_time":"20201225180036","is_ascension_mode":true,"campfire_choices":[{"data":"Eruption","floor":6.0,"key":"SMITH"},{"floor":12.0,"key":"REST"},{"floor":15.0,"key":"REST"},{"data":"LessonLearned","floor":23.0,"key":"SMITH"},{"floor":25.0,"key":"REST"},{"floor":30.0,"key":"REST"},{"floor":32.0,"key":"REST"}],"circlet_count":0,"master_deck":["Strike_P","Strike_P","Strike_P","Strike_P+1","Defend_P","Defend_P+1","Defend_P","Defend_P","Eruption+1","Vigilance+1","EmptyBody","BowlingBash","Sanctity","CarveReality","FollowUp","ForeignInfluence","Prostrate+1","Wallop+1","LessonLearned+1","DeusExMachina+1","ClearTheMind+1","ThirdEye+1","BattleHymn","Halt+1","Pray+1","SandsOfTime","WindmillStrike","Brilliance","Indignation+1","FearNoEvil+1","Blind+1"],"relics":["PureWater","Anchor","Turnip","Toxic Egg 2","Letter Opener","Odd Mushroom","Snecko Eye","Damaru","Unceasing Top","Calipers","VioletLotus"],"acts_visited":["Exordium","TheCity","TheBeyond"],"potions_floor_usage":[38],"damage_taken":[{"damage":4.0,"enemies":"Jaw Worm","floor":1.0,"turns":6.0},{"damage":1.0,"enemies":"2 Louse","floor":2.0,"turns":3.0},{"damage":0.0,"enemies":"Small Slimes","floor":3.0,"turns":3.0},{"damage":2.0,"enemies":"2 Fungi Beasts","floor":7.0,"turns":2.0},{"damage":22.0,"enemies":"Lagavulin","floor":8.0,"turns":6.0},{"damage":20.0,"enemies":"3 Sentries","floor":10.0,"turns":8.0},{"damage":0.0,"enemies":"The Mushroom Lair","floor":11.0,"turns":2.0},{"damage":0.0,"enemies":"Exordium Wildlife","floor":14.0,"turns":2.0},{"damage":59.0,"enemies":"The Guardian","floor":16.0,"turns":15.0},{"damage":6.0,"enemies":"2 Thieves","floor":18.0,"turns":4.0},{"damage":0.0,"enemies":"Spheric Guardian","floor":20.0,"turns":2.0},{"damage":2.0,"enemies":"Shelled Parasite and Fungi","floor":21.0,"turns":5.0},{"damage":40.0,"enemies":"Gremlin Leader","floor":24.0,"turns":7.0},{"damage":14.0,"enemies":"Sentry and Sphere","floor":27.0,"turns":4.0},{"damage":3.0,"enemies":"Centurion and Healer","floor":28.0,"turns":6.0},{"damage":0.0,"enemies":"Snake Plant","floor":29.0,"turns":4.0},{"damage":0.0,"enemies":"3 Cultists","floor":31.0,"turns":3.0},{"damage":17.0,"enemies":"Automaton","floor":33.0,"turns":10.0},{"damage":24.0,"enemies":"Orb Walker","floor":35.0,"turns":5.0},{"damage":42,"enemies":"3 Darklings","floor":36,"turns":5},{"damage":17,"enemies":"Spire Growth","floor":38,"turns":4}],"seed_played":"7112077315312765146","potions_obtained":[{"floor":1.0,"key":"BlessingOfTheForge"},{"floor":8.0,"key":"SteroidPotion"},{"floor":11.0,"key":"BottledMiracle"},{"floor":16.0,"key":"AttackPotion"},{"floor":18.0,"key":"StancePotion"},{"floor":27.0,"key":"Block Potion"},{"floor":28.0,"key":"Fruit Juice"},{"floor":29.0,"key":"GamblersBrew"},{"floor":31.0,"key":"Swift Potion"},{"floor":33.0,"key":"LiquidMemories"},{"floor":36,"key":"BottledMiracle"}],"is_trial":false,"path_per_floor":["M","M","M","$","?","R","M","E","T","E","?","R","?","M","R","B",null,"M","$","M","M","?","R","E","R","T","M","M","M","R","M","R","B",null,"M","M","?","M"],"character_chosen":"WATCHER","items_purchased":["CarveReality","Damaru","DeusExMachina+1"],"campfire_rested":5,"item_purchase_floors":[4,19,19],"current_hp_per_floor":[68,67,67,67,67,67,65,43,43,23,23,46,39,39,62,3,60,54,54,54,52,52,52,12,35,35,21,23,23,48,48,73,56,77,53,11,11,0,0],"gold":252,"neow_bonus":"TEN_PERCENT_HP_BONUS","is_daily":false,"chose_seed":false,"campfire_upgraded":2,"win_rate":0.0,"timestamp":1608944436,"path_taken":["M","M","M","$","?","R","M","E","T","E","?","R","?","M","R","BOSS","M","$","M","M","?","R","E","R","T","M","M","M","R","M","R","BOSS","M","M","?","M"],"items_purchased_type":["Card","Relic","Card"],"build_version":"2020-12-22","purchased_purges":0,"victory":false,"max_hp_per_floor":[79,79,79,79,79,79,79,79,79,79,79,79,79,79,79,79,79,79,79,79,79,79,79,79,79,79,79,84,84,84,84,84,84,84,84,84,84,84,84],"card_choices":[{"not_picked":["SashWhip","Worship"],"picked":"EmptyBody","floor":1.0},{"not_picked":["ClearTheMind","SignatureMove","BowlingBash"],"picked":"SKIP","floor":2.0},{"not_picked":["ClearTheMind","SignatureMove"],"picked":"BowlingBash","floor":2.0},{"not_picked":["BowlingBash","ClearTheMind"],"picked":"Sanctity","floor":3.0},{"not_picked":["Prostrate","ThirdEye"],"picked":"FollowUp","floor":7.0},{"not_picked":["InnerPeace","WindmillStrike"],"picked":"ForeignInfluence","floor":8.0},{"not_picked":["Omniscience+1","Adaptation"],"picked":"Prostrate+1","floor":10.0},{"not_picked":["CrushJoints","Conclude"],"picked":"Wallop","floor":11.0},{"not_picked":["CrushJoints","FlyingSleeves","Wireheading"],"picked":"SKIP","floor":14.0},{"not_picked":["Vault+1","Scrawl+1"],"picked":"LessonLearned","floor":16.0},{"not_picked":["EmptyFist","Study","EmptyBody+1"],"picked":"SKIP","floor":18.0},{"not_picked":["Collect+1","Prostrate+1"],"picked":"ClearTheMind+1","floor":20.0},{"not_picked":["ClearTheMind+1","CrushJoints+1"],"picked":"ThirdEye+1","floor":21.0},{"not_picked":["LikeWater+1","FollowUp","Prostrate+1"],"picked":"SKIP","floor":24.0},{"not_picked":["Study","EmptyFist"],"picked":"Halt+1","floor":27.0},{"not_picked":["EmptyBody+1","Nirvana"],"picked":"Pray+1","floor":28.0},{"not_picked":["BowlingBash+1","FlyingSleeves"],"picked":"SandsOfTime","floor":29.0},{"not_picked":["Fasting2","Blasphemy+1"],"picked":"WindmillStrike","floor":31.0},{"not_picked":["LessonLearned","Establishment"],"picked":"Brilliance","floor":33.0},{"not_picked":["Vengeance+1","Weave+1"],"picked":"Indignation+1","floor":35.0},{"not_picked":["SashWhip","Perseverance+1"],"picked":"FearNoEvil+1","floor":36},{"not_picked":["Transmutation+1","Flash of Steel"],"picked":"Blind+1","floor":37}],"player_experience":1149320,"relics_obtained":[{"floor":8.0,"key":"Turnip"},{"floor":9.0,"key":"Toxic Egg 2"},{"floor":10.0,"key":"Letter Opener"},{"floor":11.0,"key":"Odd Mushroom"},{"floor":24.0,"key":"Unceasing Top"},{"floor":26.0,"key":"Calipers"}],"event_choices":[{"damage_healed":0.0,"max_hp_gain":0.0,"max_hp_loss":0.0,"gold_gain":0.0,"event_name":"Big Fish","player_choice":"Box","floor":5.0,"gold_loss":0.0,"damage_taken":0.0,"relics_obtained":["Anchor"],"cards_obtained":["Regret"]},{"damage_healed":0.0,"max_hp_gain":0.0,"max_hp_loss":0.0,"gold_gain":0.0,"event_name":"Mushrooms","player_choice":"Fought Mushrooms","floor":11.0,"gold_loss":0.0,"damage_taken":0.0},{"cards_removed":["Regret"],"damage_healed":0.0,"max_hp_gain":0.0,"max_hp_loss":0.0,"gold_gain":0.0,"event_name":"Golden Wing","player_choice":"Card Removal","floor":13.0,"gold_loss":0.0,"damage_taken":7.0},{"damage_healed":0.0,"max_hp_gain":0.0,"max_hp_loss":0.0,"gold_gain":0.0,"event_name":"The Library","player_choice":"Read","floor":22.0,"gold_loss":0.0,"damage_taken":0.0,"cards_obtained":["BattleHymn"]},{"damage_healed":0,"gold_gain":0,"player_choice":"Memory 1","damage_taken":0,"max_hp_gain":0,"max_hp_loss":0,"event_name":"SensoryStone","floor":37,"gold_loss":0}],"is_beta":false,"boss_relics":[{"not_picked":["SlaversCollar","Pandora\u0027s Box"],"picked":"Snecko Eye"},{"not_picked":["Tiny House","Fusion Hammer"],"picked":"VioletLotus"}],"items_purged_floors":[],"is_endless":false,"potions_floor_spawned":[1,8,11,16,18,27,28,29,31,33,36],"killed_by":"Spire Growth","ascension_level":9}}