{"host":"s0d2u711fzg2n3il","time":1608947098,"event":{"mods":["2.2 Compatiblity","AchievementEnabler","Act Like it!","Aspiration","BaseMod","BetterRewards","Block Reminder","Conspire","Downfall","Duelist Mod","Ekko","GifTheSpireLib","Hermit","Hubris","JesterMod","Melee Mod","Minty Spire (QoL Compilation)","Nova Terra(??·??)","Pikachu Mod","Rare Cards Sparkle","Replay The Spire","Robot Space Explorer","Shade Mod","StSLib","The Bug Knight","The Death Knight","The Disciple","The Dragon Tamer","The Hierophant","The Necromancer","The Valiant","TheVacant","vexMod"],"gold_per_floor":[112,126,126,58,58,58,90,107,185,203,203,203,203,215,215,313,313,330,347,347,359,57,68,101,101,155,155,172,184,184,199,199,298,298,308,318,357,210,210,210,224,276,276,276,292,292,312,322,322,322,322],"floor_reached":50,"playtime":4414,"items_purged":["meleeMod_RaptorBoost"],"score":566,"play_id":"82e31ee0-dc8f-496a-8c19-23c50ebc6fa9","local_time":"20201226024458","is_ascension_mode":false,"campfire_choices":[{"data":"meleeMod_Taunt","floor":6,"key":"SMITH"},{"data":"meleeMod_SweetSpot","floor":13,"key":"SMITH"},{"floor":25,"key":"REST"},{"floor":30,"key":"REST"},{"floor":32,"key":"REST"},{"floor":40,"key":"REST"},{"data":"meleeMod_EdgeGuard","floor":44,"key":"SMITH"},{"data":"meleeMod_WeTechThose","floor":46,"key":"SMITH"},{"floor":49,"key":"REST"}],"circlet_count":0,"master_deck":["meleeMod_Shield","meleeMod_Shield","meleeMod_Shield","meleeMod_Shield","meleeMod_NeutralAir","meleeMod_BackAir","meleeMod_SweetSpot+1","meleeMod_Taunt+1","meleeMod_WallJump+1","meleeMod_Roll+1","meleeMod_Pause+1","meleeMod_SoftKnee","meleeMod_Randall+1","meleeMod_NippleSpike+1","meleeMod_DropZone","meleeMod_EdgeGuard+1","meleeMod_UnclePunch+1","Writhe","meleeMod_DropZone","meleeMod_Shine","meleeMod_Shine","meleeMod_Shine","meleeMod_Shine","meleeMod_Shine","meleeMod_WeTechThose+1","Parasite"],"relics":["meleeMod_LosersMang0","NeowsBlessing","Strawberry","Archangels Feather","Mercury Hourglass","SlaversCollar","Replay:Baseball","Guide Book","ReplayTheSpireMod:Ninjato","Nunchaku","vexMod:BigBerry","hubris:MedicalManual","Centennial Puzzle","meleeMod_B0XX"],"acts_visited":["Exordium","TheCity","TheBeyond"],"potions_floor_usage":[16,21,28,28,29,35,37,37,41,48],"damage_taken":[{"damage":0,"enemies":"Jaw Worm","floor":1,"turns":1},{"damage":0,"enemies":"2 Louse","floor":2,"turns":1},{"damage":0,"enemies":"3 Sentries","floor":7,"turns":2},{"damage":0,"enemies":"Small Slimes","floor":8,"turns":2},{"damage":0,"enemies":"Blue Slaver","floor":10,"turns":4},{"damage":0,"enemies":"Gremlin Gang","floor":14,"turns":3},{"damage":34,"enemies":"Hexaghost","floor":16,"turns":11},{"damage":2,"enemies":"Chosen","floor":18,"turns":7},{"damage":14,"enemies":"Shell Parasite","floor":19,"turns":6},{"damage":24,"enemies":"Centurion and Healer","floor":21,"turns":7},{"damage":19,"enemies":"3 Cultists","floor":23,"turns":6},{"damage":13,"enemies":"Book of Stabbing","floor":24,"turns":6},{"damage":49,"enemies":"Sentry and Sphere","floor":28,"turns":6},{"damage":6,"enemies":"Centurion and Healer","floor":29,"turns":5},{"damage":4,"enemies":"Snecko","floor":31,"turns":5},{"damage":11,"enemies":"Collector","floor":33,"turns":8},{"damage":52,"enemies":"3 Darklings","floor":35,"turns":8},{"damage":1,"enemies":"Orb Walker","floor":36,"turns":4},{"damage":45,"enemies":"conspire:MimicChest","floor":37,"turns":13},{"damage":19,"enemies":"4 Shapes","floor":41,"turns":10},{"damage":25,"enemies":"Transient","floor":45,"turns":5},{"damage":20,"enemies":"Jaw Worm Horde","floor":47,"turns":4},{"damage":2,"enemies":"Writhing Mass","floor":48,"turns":5},{"damage":131,"enemies":"Donu and Deca","floor":50,"turns":12}],"seed_played":"490331106230359282","potions_obtained":[{"floor":8,"key":"Weak Potion"},{"floor":10,"key":"Explosive Potion"},{"floor":19,"key":"DuplicationPotion"},{"floor":21,"key":"conspire:TimeTravelPotion"},{"floor":28,"key":"Guardian:BlockOnCardUsePotion"},{"floor":29,"key":"Flashbang"},{"floor":33,"key":"LiquidBronze"},{"floor":36,"key":"ColorlessPotion"},{"floor":45,"key":"Flashbang"}],"is_trial":false,"path_per_floor":["M","M","?","$","?","R","E","M","T","M","?","$","R","M","R","B",null,"M","M","?","M","$","M","E","R","T","?","M","M","R","M","R","B",null,"M","M","?","$","?","R","M","T","T","R","M","R","M","M","R","B"],"character_chosen":"FALCON","items_purchased":["meleeMod_Taunt","Replay:Baseball","Guide Book","Regen Potion"],"campfire_rested":5,"item_purchase_floors":[4,22,22,38],"current_hp_per_floor":[85,85,67,67,67,67,67,73,73,79,79,79,79,85,85,57,92,90,78,78,58,58,47,42,69,69,69,30,32,59,59,86,81,122,70,73,34,34,65,101,103,103,103,103,82,82,72,82,118,0,0],"gold":322,"neow_bonus":"THREE_ENEMY_KILL","is_daily":false,"chose_seed":false,"campfire_upgraded":4,"win_rate":0.0,"timestamp":1608947098,"path_taken":["M","M","?","$","?","R","E","M","T","M","?","?","R","M","R","BOSS","M","M","?","?","$","M","E","R","T","?","M","M","R","M","R","BOSS","M","M","?","$","?","R","M","?","T","R","M","R","M","M","R","BOSS"],"items_purchased_type":["Card","Relic","Relic","Potion"],"build_version":"2020-12-22","purchased_purges":1,"victory":false,"max_hp_per_floor":[85,85,92,92,92,92,92,92,92,92,92,92,92,92,92,92,92,92,92,92,92,92,92,92,92,92,92,92,92,92,92,92,92,122,122,122,122,122,122,122,122,122,122,122,122,122,122,122,122,122,122],"card_choices":[{"not_picked":["meleeMod_UpSmash","meleeMod_Gentleman"],"picked":"meleeMod_RaptorBoost","floor":1},{"not_picked":["meleeMod_CommandGrab","meleeMod_NeutralAir"],"picked":"meleeMod_SweetSpot","floor":2},{"not_picked":["meleeMod_CommandGrab","meleeMod_FalconKick","meleeMod_AirDodge"],"picked":"SKIP","floor":7},{"not_picked":["meleeMod_SuperSpicyCurry","meleeMod_BackAir"],"picked":"meleeMod_WallJump","floor":8},{"not_picked":["meleeMod_DownSmash","meleeMod_CommandGrab","meleeMod_UpSmash"],"picked":"SKIP","floor":10},{"not_picked":["meleeMod_UpSmash","meleeMod_ForwardTilt","meleeMod_BackAir"],"picked":"SKIP","floor":14},{"not_picked":["meleeMod_PhantomHit","meleeMod_HomieStock"],"picked":"meleeMod_Roll","floor":16},{"not_picked":["meleeMod_SweetSpot+1","meleeMod_ShieldDrop"],"picked":"meleeMod_Pause","floor":18},{"not_picked":["meleeMod_RaptorBoost","meleeMod_FalconDive","meleeMod_ForwardTilt"],"picked":"SKIP","floor":19},{"not_picked":["meleeMod_NoDI","meleeMod_SweetSpot+1"],"picked":"meleeMod_SoftKnee","floor":21},{"not_picked":["meleeMod_SweetSpot","meleeMod_UpAir","meleeMod_ShieldPoke"],"picked":"SKIP","floor":23},{"not_picked":["meleeMod_FalconDive","meleeMod_NeutralAir"],"picked":"meleeMod_Randall+1","floor":24},{"not_picked":["meleeMod_RapidJabs","meleeMod_Moonwalking","meleeMod_DownTilt"],"picked":"SKIP","floor":28},{"not_picked":["meleeMod_FalconDive","meleeMod_Gentleman+1"],"picked":"meleeMod_NippleSpike+1","floor":29},{"not_picked":["meleeMod_WallJump","meleeMod_Randall"],"picked":"meleeMod_DropZone","floor":31},{"not_picked":["meleeMod_HomieStock","meleeMod_AmsahTech"],"picked":"meleeMod_EdgeGuard","floor":33},{"not_picked":["meleeMod_UpAir","meleeMod_WaveLand","meleeMod_DashDance+1"],"picked":"SKIP","floor":35},{"not_picked":["meleeMod_SweetSpot+1","meleeMod_BabActivated+1"],"picked":"meleeMod_UnclePunch+1","floor":36},{"not_picked":["meleeMod_SuperMushroom+1","meleeMod_DownSmash"],"picked":"meleeMod_DropZone","floor":41},{"not_picked":["meleeMod_UpSmash","meleeMod_SoftKnee+1"],"picked":"meleeMod_WeTechThose","floor":45},{"not_picked":["meleeMod_WaveLand","meleeMod_UpAir","meleeMod_UpSmash+1"],"picked":"SKIP","floor":47},{"not_picked":["meleeMod_UpTilt","meleeMod_RockCrock+1","meleeMod_SweetSpot"],"picked":"SKIP","floor":48}],"player_experience":515854,"relics_obtained":[{"floor":7,"key":"Archangels Feather"},{"floor":9,"key":"Mercury Hourglass"},{"floor":24,"key":"ReplayTheSpireMod:Ninjato"},{"floor":26,"key":"Nunchaku"},{"floor":37,"key":"hubris:MedicalManual"},{"floor":42,"key":"Centennial Puzzle"},{"floor":43,"key":"meleeMod_B0XX"}],"event_choices":[{"damage_healed":0,"gold_gain":0,"player_choice":"Success","damage_taken":25,"relics_obtained":["Strawberry"],"max_hp_gain":0,"max_hp_loss":0,"event_name":"Scrap Ooze","floor":3,"gold_loss":0},{"damage_healed":0,"gold_gain":0,"player_choice":"Ignored","damage_taken":0,"max_hp_gain":0,"max_hp_loss":0,"event_name":"Golden Wing","floor":5,"gold_loss":0},{"damage_healed":0,"gold_gain":0,"player_choice":"Grow","damage_taken":0,"max_hp_gain":0,"max_hp_loss":0,"event_name":"Living Wall","floor":15,"gold_loss":0,"cards_upgraded":["meleeMod_WallJump"]},{"damage_healed":0,"gold_gain":0,"player_choice":"Leave","damage_taken":0,"max_hp_gain":0,"max_hp_loss":0,"event_name":"FaceTrader","floor":20,"gold_loss":0},{"damage_healed":31,"gold_gain":0,"player_choice":"Writhe","damage_taken":0,"max_hp_gain":0,"max_hp_loss":0,"event_name":"Winding Halls","floor":39,"gold_loss":0,"cards_obtained":["Writhe"]}],"is_beta":false,"boss_relics":[{"not_picked":["conspire:RoyalGoblet","Sozu"],"picked":"SlaversCollar"},{"not_picked":["vexMod:DeviousBotling","ChewingGum"],"picked":"vexMod:BigBerry"}],"items_purged_floors":[38],"is_endless":false,"potions_floor_spawned":[8,10,19,21,28,29,33,36,45],"killed_by":"Donu and Deca","ascension_level":0}}