{"host":"06m9oppdo8i5oa5j","time":1608961501,"event":{"mods":["AchievementEnabler","BaseMod","Block Reminder","Colored Map","Colored Powertips","Minty Spire (QoL Compilation)","Rare Cards Sparkle"],"gold_per_floor":[117,192,205,222,69,69,101,115,165,178,206,219,237,266,266,363,363,380,295,295,172,186,217,217,217,217,242,242,267,267,282,282,387,387,403,414,414,434,454,486,486,23,73,86,86,98,98,112,112,112],"floor_reached":51,"playtime":8287,"items_purged":["Strike_R","Bash"],"score":881,"play_id":"fbb49694-e3ad-47af-b624-8cd4a2560045","local_time":"20201225214501","is_ascension_mode":true,"campfire_choices":[{"floor":6.0,"key":"REST"},{"data":"Corruption","floor":15.0,"key":"SMITH"},{"floor":24.0,"key":"REST"},{"data":"Dark Embrace","floor":30.0,"key":"SMITH"},{"data":"Berserk","floor":32.0,"key":"SMITH"},{"data":"Feel No Pain","floor":41,"key":"SMITH"},{"data":"Warcry","floor":45,"key":"SMITH"},{"data":"Double Tap","floor":47,"key":"SMITH"},{"data":"Pommel Strike","floor":49,"key":"SMITH"}],"circlet_count":0,"master_deck":["Strike_R+1","Strike_R+1","Strike_R+1","Strike_R+1","Defend_R+1","Defend_R+1","Defend_R+1","Defend_R+1","Corruption+1","Clash","Flex+1","Headbutt","Reaper","Headbutt","Feel No Pain+1","Cleave","Ghostly Armor","Pommel Strike+1","Sentinel+1","Clash","Berserk+1","Shrug It Off+1","Heavy Blade+1","Shrug It Off+1","Dark Embrace+1","Sever Soul","Thunderclap","Warcry+1","Double Tap+1","Shockwave+1","Warcry+1","Havoc+1"],"relics":["Burning Blood","Pantograph","Red Skull","Regal Pillow","Lizard Tail","Black Star","Boot","Pen Nib","Dream Catcher","InkBottle","Gremlin Horn","Champion Belt","Self Forming Clay","Du-Vu Doll","SlaversCollar","Happy Flower","Kunai","Charon\u0027s Ashes","War Paint"],"acts_visited":["Exordium","TheCity","TheBeyond"],"potions_floor_usage":[35,39,40,40,50,50],"damage_taken":[{"damage":5.0,"enemies":"2 Louse","floor":1.0,"turns":3.0},{"damage":9.0,"enemies":"Small Slimes","floor":3.0,"turns":4.0},{"damage":2.0,"enemies":"Jaw Worm","floor":4.0,"turns":2.0},{"damage":0.0,"enemies":"Gremlin Nob","floor":7.0,"turns":2.0},{"damage":11.0,"enemies":"Lots of Slimes","floor":8.0,"turns":4.0},{"damage":11.0,"enemies":"Blue Slaver","floor":10.0,"turns":3.0},{"damage":40.0,"enemies":"Lagavulin","floor":11.0,"turns":8.0},{"damage":25.0,"enemies":"Exordium Wildlife","floor":12.0,"turns":6.0},{"damage":0.0,"enemies":"Large Slime","floor":13.0,"turns":3.0},{"damage":26.0,"enemies":"Gremlin Nob","floor":14.0,"turns":4.0},{"damage":32.0,"enemies":"Slime Boss","floor":16.0,"turns":7.0},{"damage":23.0,"enemies":"Spheric Guardian","floor":18.0,"turns":5.0},{"damage":18.0,"enemies":"Chosen","floor":22.0,"turns":6.0},{"damage":69.0,"enemies":"Slavers","floor":23.0,"turns":7.0},{"damage":46.0,"enemies":"Book of Stabbing","floor":27.0,"turns":7.0},{"damage":38.0,"enemies":"Slavers","floor":29.0,"turns":6.0},{"damage":7.0,"enemies":"Shelled Parasite and Fungi","floor":31.0,"turns":5.0},{"damage":56.0,"enemies":"Automaton","floor":33.0,"turns":10.0},{"damage":1,"enemies":"3 Shapes","floor":35,"turns":4},{"damage":28,"enemies":"Orb Walker","floor":36,"turns":5},{"damage":0,"enemies":"Jaw Worm Horde","floor":38,"turns":2},{"damage":13,"enemies":"Spire Growth","floor":39,"turns":6},{"damage":35,"enemies":"Nemesis","floor":40,"turns":7},{"damage":25,"enemies":"4 Shapes","floor":44,"turns":6},{"damage":7,"enemies":"Sphere and 2 Shapes","floor":46,"turns":2},{"damage":31,"enemies":"Jaw Worm Horde","floor":48,"turns":3},{"damage":30,"enemies":"Awakened One","floor":50,"turns":9}],"seed_played":"878669223154334309","potions_obtained":[{"floor":1.0,"key":"DistilledChaos"},{"floor":4.0,"key":"DuplicationPotion"},{"floor":8.0,"key":"Ancient Potion"},{"floor":12.0,"key":"SpeedPotion"},{"floor":23.0,"key":"Weak Potion"},{"floor":29.0,"key":"SneckoOil"},{"floor":33.0,"key":"ElixirPotion"},{"floor":35,"key":"AttackPotion"},{"floor":36,"key":"Ancient Potion"},{"floor":39,"key":"Regen Potion"},{"floor":40,"key":"LiquidBronze"}],"is_trial":false,"path_per_floor":["M","?","M","M","$","R","E","M","T","M","E","M","M","E","R","B",null,"M","?","?","$","M","E","R","?","T","E","?","E","R","M","R","B",null,"M","M","?","M","M","E","R","$","T","M","R","M","R","M","R","B",null],"character_chosen":"IRONCLAD","items_purchased":["Reaper","BloodPotion","Charon\u0027s Ashes","BlessingOfTheForge"],"campfire_rested":2,"item_purchase_floors":[5,21,42,42],"current_hp_per_floor":[57,46,43,47,47,71,77,76,76,71,41,34,44,28,28,34,80,63,63,48,48,53,42,82,82,82,42,42,40,40,46,46,52,85,85,68,68,74,79,65,65,65,65,70,70,79,79,54,54,61],"gold":112,"neow_bonus":"THREE_RARE_CARDS","is_daily":false,"chose_seed":false,"campfire_upgraded":7,"win_rate":0.0,"timestamp":1608961501,"path_taken":["M","?","M","M","$","R","E","M","T","M","E","M","M","E","R","BOSS","M","?","?","$","M","E","R","?","T","E","?","E","R","M","R","BOSS","M","M","?","M","M","E","R","$","T","?","R","M","R","M","R","BOSS"],"items_purchased_type":["Card","Potion","Relic","Potion"],"build_version":"2020-12-22","purchased_purges":2,"victory":true,"max_hp_per_floor":[80,80,80,80,80,80,80,80,80,80,80,80,80,80,80,80,80,80,80,85,85,85,85,85,85,85,85,85,85,85,85,85,85,85,85,85,85,85,85,85,85,85,85,85,85,85,85,85,85,85],"card_choices":[{"not_picked":["Demon Form","Feed"],"picked":"Corruption","floor":0.0},{"not_picked":["Disarm","Heavy Blade"],"picked":"Clash","floor":1.0},{"not_picked":["True Grit","Warcry"],"picked":"Flex","floor":3.0},{"not_picked":["Dropkick","Clothesline"],"picked":"Headbutt","floor":4.0},{"not_picked":["Heavy Blade","Reckless Charge"],"picked":"Headbutt","floor":7.0},{"not_picked":["Reckless Charge","Uppercut"],"picked":"Feel No Pain","floor":8.0},{"not_picked":["Twin Strike","Power Through"],"picked":"Cleave","floor":10.0},{"not_picked":["Flex","Bludgeon"],"picked":"Ghostly Armor","floor":11.0},{"not_picked":["Clothesline","Body Slam"],"picked":"Pommel Strike","floor":12.0},{"not_picked":["Fire Breathing","Clash"],"picked":"Sentinel","floor":13.0},{"not_picked":["Body Slam","Battle Trance"],"picked":"Clash","floor":14.0},{"not_picked":["Impervious","Limit Break"],"picked":"Berserk","floor":16.0},{"not_picked":["Iron Wave","Wild Strike"],"picked":"Shrug It Off+1","floor":18.0},{"not_picked":["Warcry","Wild Strike+1"],"picked":"Heavy Blade+1","floor":22.0},{"not_picked":["Double Tap","Twin Strike"],"picked":"Shrug It Off+1","floor":23.0},{"not_picked":["Anger","Shrug It Off"],"picked":"Dark Embrace","floor":24.0},{"not_picked":["Armaments","True Grit+1"],"picked":"Thunderclap","floor":27.0},{"not_picked":["Headbutt","Clothesline"],"picked":"Warcry","floor":29.0},{"not_picked":["Wild Strike","Iron Wave","Twin Strike+1"],"picked":"SKIP","floor":31.0},{"not_picked":["Bludgeon","Demon Form"],"picked":"Double Tap","floor":33.0},{"not_picked":["Flame Barrier","Power Through"],"picked":"Shockwave+1","floor":35},{"not_picked":["Clash","Havoc+1"],"picked":"Warcry+1","floor":36},{"not_picked":["Sword Boomerang","Heavy Blade+1","Rupture"],"picked":"SKIP","floor":38},{"not_picked":["Blood for Blood+1","Fire Breathing","Intimidate"],"picked":"SKIP","floor":39},{"not_picked":["Twin Strike","Perfected Strike"],"picked":"Havoc+1","floor":40},{"not_picked":["Havoc","Metallicize","Headbutt+1"],"picked":"SKIP","floor":44},{"not_picked":["Second Wind+1","Thunderclap","Armaments"],"picked":"SKIP","floor":46},{"not_picked":["Headbutt+1","Fire Breathing+1","Anger"],"picked":"SKIP","floor":48}],"player_experience":191288,"relics_obtained":[{"floor":7.0,"key":"Pantograph"},{"floor":9.0,"key":"Red Skull"},{"floor":11.0,"key":"Regal Pillow"},{"floor":14.0,"key":"Lizard Tail"},{"floor":23.0,"key":"Pen Nib"},{"floor":23.0,"key":"Dream Catcher"},{"floor":26.0,"key":"InkBottle"},{"floor":27.0,"key":"Gremlin Horn"},{"floor":27.0,"key":"Champion Belt"},{"floor":29.0,"key":"Self Forming Clay"},{"floor":29.0,"key":"Du-Vu Doll"},{"floor":40,"key":"Happy Flower"},{"floor":40,"key":"Kunai"},{"floor":43,"key":"War Paint"}],"event_choices":[{"damage_healed":0.0,"max_hp_gain":0.0,"max_hp_loss":0.0,"gold_gain":75.0,"event_name":"World of Goop","player_choice":"Gather Gold","floor":2.0,"gold_loss":0.0,"damage_taken":11.0},{"damage_healed":0.0,"max_hp_gain":0.0,"max_hp_loss":0.0,"gold_gain":0.0,"event_name":"Addict","player_choice":"Obtained Relic","floor":19.0,"gold_loss":85.0,"damage_taken":0.0,"relics_obtained":["Boot"]},{"damage_healed":0.0,"max_hp_gain":5.0,"max_hp_loss":0.0,"gold_gain":0.0,"event_name":"Forgotten Altar","player_choice":"Shed Blood","floor":20.0,"gold_loss":0.0,"damage_taken":20.0},{"damage_healed":0.0,"max_hp_gain":0.0,"max_hp_loss":0.0,"gold_gain":0.0,"event_name":"The Library","player_choice":"Read","floor":25.0,"gold_loss":0.0,"damage_taken":0.0,"cards_obtained":["Sever Soul"]},{"damage_healed":0.0,"max_hp_gain":0.0,"max_hp_loss":0.0,"gold_gain":0.0,"event_name":"Back to Basics","player_choice":"Simplicity","floor":28.0,"gold_loss":0.0,"damage_taken":0.0,"cards_upgraded":["Strike_R","Strike_R","Strike_R","Strike_R","Defend_R","Defend_R","Defend_R","Defend_R"]},{"damage_healed":0,"gold_gain":0,"player_choice":"Ignored","damage_taken":0,"max_hp_gain":0,"max_hp_loss":0,"event_name":"SecretPortal","floor":37,"gold_loss":0}],"is_beta":false,"boss_relics":[{"not_picked":["SacredBark","Runic Dome"],"picked":"Black Star"},{"not_picked":["Astrolabe","Cursed Key"],"picked":"SlaversCollar"}],"items_purged_floors":[21,42],"is_endless":false,"potions_floor_spawned":[1,4,8,12,23,29,33,35,36,39,40],"ascension_level":4}}