{"host":"umlqh7ic0jf4k5hg","time":1608994655,"event":{"mods":["AchievementEnabler","BaseMod","Card Forge","Colored Powertips","Custom Start","DeckTracker","Highlight Path","Minty Spire (QoL Compilation)","StSLib","Synergy Search","The Servant 0.9.4"],"gold_per_floor":[109,120,1,176,176,176,207,207,231,248,248,273,292,249,249,344,344,363,379,258,274,274],"floor_reached":21,"playtime":1347,"items_purged":["Strike_S+1"],"score":189,"play_id":"b260c436-6a1c-41e6-a241-bea083314248","local_time":"20201226115735","is_ascension_mode":false,"campfire_choices":[{"data":"SilverBlades","floor":6,"key":"SMITH"},{"floor":8,"key":"REST"},{"floor":11,"key":"REST"},{"floor":15,"key":"REST"}],"circlet_count":0,"master_deck":["Strike_S+1","Strike_S+1","Strike_S+1","Defend_S+1","Defend_S+1","Defend_S+1","Defend_S+1","KidneyShot+1","Exchange+1","SilverBlades+1","FastForward+1","Snipe+1","RealityMarble+1","Luminosity+1","Luminosity+1","ShiftingGears+1","Dilation+1","FanOfKnives+1","Starlight","Ricochet"],"relics":["Uniform","Hammer of Thor","Seething Fire","Anvil of the Gods","Potion Belt","Akabeko","Regal Pillow","Cursed Key"],"acts_visited":["Exordium","TheCity"],"potions_floor_usage":[7,7,10],"damage_taken":[{"damage":7,"enemies":"Small Slimes","floor":1,"turns":4},{"damage":3,"enemies":"Jaw Worm","floor":2,"turns":4},{"damage":48,"enemies":"Gremlin Nob","floor":7,"turns":5},{"damage":0,"enemies":"2 Louse","floor":10,"turns":2},{"damage":24,"enemies":"3 Sentries","floor":12,"turns":7},{"damage":0,"enemies":"Looter","floor":13,"turns":2},{"damage":21,"enemies":"The Guardian","floor":16,"turns":12},{"damage":10,"enemies":"Shell Parasite","floor":18,"turns":5},{"damage":0,"enemies":"3 Byrds","floor":19,"turns":2},{"damage":3,"enemies":"Snecko","floor":21,"turns":6}],"seed_played":"5811798760641771858","potions_obtained":[{"floor":1,"key":"Energy Potion"},{"floor":2,"key":"Swift Potion"},{"floor":7,"key":"DistilledChaos"},{"floor":16,"key":"Strength Potion"},{"floor":21,"key":"Weak Potion"}],"is_trial":false,"path_per_floor":["M","M","$","?","?","R","E","R","T","M","R","E","M","?","R","B",null,"M","M","$","M"],"character_chosen":"THE_SERVANT","items_purchased":["Snipe","RealityMarble","Ricochet"],"campfire_rested":3,"item_purchase_floors":[3,3,20],"current_hp_per_floor":[64,61,61,61,61,61,13,34,34,34,55,31,31,31,67,46,71,61,61,61,58,58],"gold":274,"neow_bonus":"TEN_PERCENT_HP_BONUS","is_daily":false,"chose_seed":false,"campfire_upgraded":1,"win_rate":0.0,"timestamp":1608994655,"path_taken":["M","M","$","?","?","R","E","R","T","M","R","E","M","?","R","BOSS","M","M","$","M"],"items_purchased_type":["Card","Card","Card"],"build_version":"2020-12-22","purchased_purges":1,"victory":false,"max_hp_per_floor":[71,71,71,71,71,71,71,71,71,71,71,71,71,71,71,71,71,71,71,71,71,71],"card_choices":[{"not_picked":["Rewind","Desolation"],"picked":"SilverBlades","floor":1},{"not_picked":["Barrier","Unruled"],"picked":"FastForward","floor":2},{"not_picked":["Advance","Desolation"],"picked":"Luminosity","floor":7},{"not_picked":["Defy","Read"],"picked":"Luminosity","floor":10},{"not_picked":["Foresight","MoonPhase"],"picked":"ShiftingGears","floor":12},{"not_picked":["Alleviate","GearUp","DoubleEdge"],"picked":"SKIP","floor":13},{"not_picked":["ForgedInTime","PendulumOfEternity"],"picked":"Dilation","floor":16},{"not_picked":["WasteNot","Revamp"],"picked":"FanOfKnives","floor":18},{"not_picked":["BottledTime","FanOfKnives"],"picked":"Starlight","floor":19},{"not_picked":["ShatteredReality","TimeWarp+1","Unruled+1"],"picked":"SKIP","floor":21}],"player_experience":279271,"relics_obtained":[{"floor":7,"key":"Potion Belt"},{"floor":9,"key":"Akabeko"},{"floor":12,"key":"Regal Pillow"}],"event_choices":[{"damage_healed":0,"gold_gain":175,"player_choice":"AGREE","damage_taken":0,"max_hp_gain":0,"max_hp_loss":0,"event_name":"Liars Game","floor":4,"gold_loss":0,"cards_obtained":["Doubt"]},{"cards_removed":["Doubt"],"damage_healed":0,"gold_gain":0,"player_choice":"Forget","damage_taken":0,"max_hp_gain":0,"max_hp_loss":0,"event_name":"Living Wall","floor":5,"gold_loss":0},{"damage_healed":0,"gold_gain":0,"player_choice":"Left Gold","damage_taken":0,"max_hp_gain":0,"max_hp_loss":0,"event_name":"World of Goop","floor":14,"gold_loss":43}],"is_beta":false,"boss_relics":[{"not_picked":["Runic Pyramid","SacredBark"],"picked":"Cursed Key"}],"items_purged_floors":[20],"is_endless":false,"potions_floor_spawned":[1,2,7,16,21],"killed_by":"Snecko","ascension_level":0}}