{"host":"jqjg4un1gmm27ngb","time":1608961483,"event":{"mods":["AchievementEnabler","BaseMod","Colored Map","Colored Powertips","DeckTracker","Minty Spire (QoL Compilation)"],"gold_per_floor":[210,485,502,23,50,50,66,66,66,66,84,84,96,129,129,226,226,238,238,218,235,160,160,192,192,192,291,291,326,339,28,28,124,124,143,143,12,12,32,49,74,86,86,86,86,103,118,118,118],"floor_reached":48,"playtime":4685,"items_purged":["Regret","Strike_B","Doubt"],"score":523,"play_id":"7b16a776-e9d6-4adf-a5fd-75ffa4c9435f","local_time":"20201226004443","is_ascension_mode":false,"campfire_choices":[{"data":"Loop","floor":6,"key":"SMITH"},{"data":"Conserve Battery","floor":8,"key":"SMITH"},{"data":"Undo","floor":12,"key":"SMITH"},{"floor":15,"key":"REST"},{"data":"Electrodynamics","floor":23,"key":"SMITH"},{"data":"Dualcast","floor":25,"key":"SMITH"},{"data":"Zap","floor":28,"key":"SMITH"},{"floor":32,"key":"REST"},{"data":"Gash","floor":44,"key":"SMITH"}],"circlet_count":0,"master_deck":["Strike_B","Strike_B","Defend_B","Defend_B","Defend_B","Zap+1","Dualcast+1","Conserve Battery+1","Loop+1","Conserve Battery+1","Undo+1","Chill+1","Electrodynamics+1","Cold Snap+1","Rip and Tear+1","Hologram+1","Lockon+1","Multi-Cast","Heatsinks+1","Self Repair","Sweeping Beam+1","Sweeping Beam+1","Coolheaded","Gash+1","Compile Driver","Beam Cell+1"],"relics":["FrozenCore","Pantograph","Bronze Scales","PreservedInsect","Vajra","Boot","Cursed Key","Smiling Mask","War Paint","Ornamental Fan","Pear","Dream Catcher","Happy Flower"],"acts_visited":["Exordium","TheCity","TheBeyond"],"potions_floor_usage":[16,24,33,33,47],"damage_taken":[{"damage":2,"enemies":"2 Louse","floor":1,"turns":4},{"damage":4,"enemies":"Cultist","floor":3,"turns":4},{"damage":4,"enemies":"Jaw Worm","floor":7,"turns":3},{"damage":6,"enemies":"3 Louse","floor":11,"turns":2},{"damage":0,"enemies":"Exordium Wildlife","floor":13,"turns":4},{"damage":3,"enemies":"Lagavulin","floor":14,"turns":6},{"damage":33,"enemies":"Slime Boss","floor":16,"turns":10},{"damage":5,"enemies":"2 Thieves","floor":18,"turns":4},{"damage":0,"enemies":"Spheric Guardian","floor":21,"turns":3},{"damage":15,"enemies":"Gremlin Leader","floor":24,"turns":4},{"damage":9,"enemies":"Slavers","floor":29,"turns":2},{"damage":16,"enemies":"Snake Plant","floor":30,"turns":3},{"damage":43,"enemies":"Champ","floor":33,"turns":13},{"damage":0,"enemies":"3 Darklings","floor":35,"turns":5},{"damage":0,"enemies":"3 Shapes","floor":39,"turns":7},{"damage":6,"enemies":"3 Darklings","floor":40,"turns":4},{"damage":10,"enemies":"Nemesis","floor":41,"turns":7},{"damage":16,"enemies":"Spire Growth","floor":42,"turns":5},{"damage":39,"enemies":"Writhing Mass","floor":46,"turns":7},{"damage":13,"enemies":"Maw","floor":47,"turns":8},{"damage":35,"enemies":"Spire Growth","floor":48,"turns":4}],"seed_played":"-1735318911729348020","potions_obtained":[{"floor":11,"key":"Fire Potion"},{"floor":13,"key":"Weak Potion"},{"floor":18,"key":"Explosive Potion"},{"floor":21,"key":"FearPotion"},{"floor":24,"key":"Block Potion"},{"floor":35,"key":"PotionOfCapacity"},{"floor":42,"key":"Ancient Potion"}],"is_trial":false,"path_per_floor":["M","?","M","$","T","R","M","R","T","?","M","R","M","E","R","B",null,"M","?","?","M","?","R","E","R","T","?","R","E","M","$","R","B",null,"M","?","$","?","M","M","E","M","T","R","?","M","M","M"],"character_chosen":"DEFECT","items_purchased":["Pantograph","Bronze Scales","Pear","Self Repair"],"campfire_rested":2,"item_purchase_floors":[4,4,31,37],"current_hp_per_floor":[73,73,69,69,69,69,65,65,65,65,59,59,59,56,75,42,75,70,70,70,70,70,70,55,55,55,55,55,46,30,40,65,42,85,85,85,85,85,85,85,82,73,73,73,73,41,35,0,0],"gold":118,"neow_bonus":"HUNDRED_GOLD","is_daily":false,"chose_seed":false,"campfire_upgraded":7,"win_rate":0.0,"timestamp":1608961483,"path_taken":["M","?","?","$","?","R","M","R","T","?","M","R","M","E","R","BOSS","M","?","?","?","?","R","E","R","T","?","R","E","M","$","R","BOSS","M","?","$","?","M","M","E","M","T","R","?","?","M","M"],"items_purchased_type":["Relic","Relic","Relic","Card"],"build_version":"2020-12-22","purchased_purges":3,"victory":false,"max_hp_per_floor":[75,75,75,75,75,75,75,75,75,75,75,75,75,75,75,75,75,75,75,75,75,75,75,75,75,75,75,75,75,75,85,85,85,85,85,85,85,85,85,85,85,85,85,85,85,85,85,85,85],"card_choices":[{"not_picked":["Beam Cell","Hello World"],"picked":"Conserve Battery","floor":1},{"not_picked":["Consume","Auto Shields"],"picked":"Loop","floor":3},{"not_picked":["Doom and Gloom","Redo"],"picked":"Conserve Battery","floor":7},{"not_picked":["Barrage","Turbo"],"picked":"Undo","floor":11},{"not_picked":["Redo","Scrape","Consume"],"picked":"SKIP","floor":13},{"not_picked":["White Noise","Consume"],"picked":"Chill","floor":14},{"not_picked":["Meteor Strike","Multi-Cast"],"picked":"Electrodynamics","floor":16},{"not_picked":["Defragment","Turbo"],"picked":"Cold Snap+1","floor":18},{"not_picked":["Coolheaded","Capacitor"],"picked":"Rip and Tear+1","floor":21},{"not_picked":["Compile Driver","Hello World"],"picked":"Hologram+1","floor":24},{"not_picked":["Steam","Reinforced Body"],"picked":"Lockon+1","floor":29},{"not_picked":["Melter+1","Reprogram","Rebound"],"picked":"SKIP","floor":30},{"not_picked":["Fission","Rainbow"],"picked":"Multi-Cast","floor":33},{"not_picked":["Hologram","Compile Driver"],"picked":"Heatsinks+1","floor":35},{"not_picked":["Lockon+1","Coolheaded+1"],"picked":"Sweeping Beam+1","floor":39},{"not_picked":["Go for the Eyes","Ball Lightning+1"],"picked":"Sweeping Beam+1","floor":40},{"not_picked":["Fission","Sunder+1"],"picked":"Coolheaded","floor":41},{"not_picked":["Leap+1","Self Repair"],"picked":"Gash","floor":42},{"not_picked":["Auto Shields+1","Barrage"],"picked":"Compile Driver","floor":46},{"not_picked":["FTL","Hologram"],"picked":"Beam Cell+1","floor":47}],"player_experience":138781,"relics_obtained":[{"floor":5,"key":"PreservedInsect"},{"floor":9,"key":"Vajra"},{"floor":14,"key":"Boot"},{"floor":24,"key":"Smiling Mask"},{"floor":26,"key":"War Paint"},{"floor":29,"key":"Ornamental Fan"},{"floor":41,"key":"Dream Catcher"},{"floor":43,"key":"Happy Flower"}],"event_choices":[{"damage_healed":0,"gold_gain":275,"player_choice":"Desecrate","damage_taken":0,"max_hp_gain":0,"max_hp_loss":0,"event_name":"Golden Shrine","floor":2,"gold_loss":0,"cards_obtained":["Regret"]},{"damage_healed":0,"gold_gain":0,"player_choice":"Ignored","damage_taken":0,"max_hp_gain":0,"max_hp_loss":0,"event_name":"Liars Game","floor":10,"gold_loss":0},{"damage_healed":0,"gold_gain":0,"player_choice":"Ignored","damage_taken":0,"max_hp_gain":0,"max_hp_loss":0,"event_name":"Vampires","floor":19,"gold_loss":0},{"damage_healed":0,"gold_gain":0,"player_choice":"Bought 1 Potion","damage_taken":0,"max_hp_gain":0,"max_hp_loss":0,"event_name":"The Woman in Blue","floor":20,"gold_loss":0},{"cards_removed":["Defend_B"],"damage_healed":0,"gold_gain":0,"player_choice":"Gave Gold","damage_taken":0,"max_hp_gain":0,"max_hp_loss":0,"event_name":"Beggar","floor":22,"gold_loss":75},{"damage_healed":0,"gold_gain":99,"player_choice":"Stole From Cult","damage_taken":0,"max_hp_gain":0,"max_hp_loss":0,"event_name":"Nest","floor":27,"gold_loss":0},{"cards_removed":["Strike_B"],"damage_healed":0,"gold_gain":0,"player_choice":"Removed Attack","damage_taken":0,"max_hp_gain":0,"max_hp_loss":0,"event_name":"Falling","floor":36,"gold_loss":0},{"damage_healed":0,"gold_gain":0,"player_choice":"Ignored","damage_taken":0,"max_hp_gain":0,"max_hp_loss":0,"event_name":"Mysterious Sphere","floor":38,"gold_loss":0},{"cards_removed":["Regret"],"damage_healed":0,"gold_gain":0,"player_choice":"Removed Curses","damage_taken":0,"max_hp_gain":0,"max_hp_loss":0,"event_name":"Fountain of Cleansing","floor":45,"gold_loss":0}],"is_beta":false,"boss_relics":[{"not_picked":["Sozu","Runic Dome"],"picked":"Cursed Key"},{"not_picked":["Fusion Hammer","Snecko Eye"],"picked":"FrozenCore"}],"items_purged_floors":[4,31,37],"is_endless":false,"potions_floor_spawned":[11,13,18,21,24,35,42,46],"killed_by":"Spire Growth","ascension_level":0}}