{"host":"uwh382mre4waz4ff","time":1608966331,"event":{"mods":["AchievementEnabler","BaseMod","Better Note","Better Third Choice","BetterRewards","Minty Spire (QoL Compilation)","Quick Restart","Shop Mod","StSLib"],"gold_per_floor":[112,127,138,184,84,84,102,102,102,115,115,131,6,22,22,22,22],"floor_reached":16,"playtime":653,"items_purged":["Strike_R","Strike_R","Defend_R"],"score":94,"play_id":"e273c71e-9e91-4f5c-9827-fcb7fec075db","local_time":"20201226150531","is_ascension_mode":false,"campfire_choices":[{"data":"Bash","floor":6,"key":"SMITH"},{"data":"Dropkick","floor":11,"key":"SMITH"},{"data":"Dropkick","floor":15,"key":"SMITH"}],"circlet_count":0,"master_deck":["Strike_R","Strike_R","Strike_R","Defend_R","Defend_R","Defend_R","Bash+1","Dropkick+1","Dropkick+1"],"relics":["Burning Blood","PrismaticShard","Tiny Chest"],"acts_visited":["Exordium"],"potions_floor_usage":[7,10,16],"damage_taken":[{"damage":0,"enemies":"Cultist","floor":1,"turns":2},{"damage":6,"enemies":"Jaw Worm","floor":2,"turns":2},{"damage":0,"enemies":"2 Louse","floor":3,"turns":4},{"damage":0,"enemies":"Gremlin Gang","floor":7,"turns":1},{"damage":10,"enemies":"Looter","floor":10,"turns":2},{"damage":15,"enemies":"Exordium Thugs","floor":12,"turns":4},{"damage":21,"enemies":"Lots of Slimes","floor":14,"turns":5},{"damage":36,"enemies":"The Guardian","floor":16,"turns":8}],"seed_played":"3085433427475455284","potions_obtained":[{"floor":2,"key":"AttackPotion"},{"floor":3,"key":"Strength Potion"},{"floor":7,"key":"PowerPotion"}],"is_trial":false,"path_per_floor":["M","M","M","T","$","R","M","?","T","M","R","M","$","M","R","B"],"character_chosen":"IRONCLAD","items_purchased":["PrismaticShard","Dropkick","Dropkick"],"campfire_rested":0,"item_purchase_floors":[0,0,0],"current_hp_per_floor":[50,50,56,56,56,56,62,62,62,58,58,49,49,34,34,0,0],"gold":22,"neow_bonus":"","is_daily":false,"chose_seed":false,"campfire_upgraded":3,"win_rate":0.0,"timestamp":1608966331,"path_taken":["M","M","?","?","$","R","M","?","T","?","R","M","$","?","R","BOSS"],"items_purchased_type":["Relic","Card","Card"],"build_version":"2020-12-22","purchased_purges":3,"victory":false,"max_hp_per_floor":[80,80,80,80,80,80,80,80,80,80,80,80,80,80,80,80,80],"card_choices":[{"not_picked":["Hologram","Feel No Pain","Pummel"],"picked":"SKIP","floor":1},{"not_picked":["Swift Strike","FollowUp","Good Instincts"],"picked":"SKIP","floor":2},{"not_picked":["Havoc","Quick Slash","Beam Cell"],"picked":"SKIP","floor":3},{"not_picked":["Double Energy","FlurryOfBlows","Blade Dance"],"picked":"SKIP","floor":7},{"not_picked":["Genetic Algorithm","BowlingBash","FlyingSleeves"],"picked":"SKIP","floor":10},{"not_picked":["Underhanded Strike","Combust","Deflect"],"picked":"SKIP","floor":12},{"not_picked":["Evolve","Double Energy","Hello World"],"picked":"SKIP","floor":14}],"player_experience":84440,"relics_obtained":[{"floor":4,"key":"Tiny Chest"}],"event_choices":[{"cards_removed":["Defend_R"],"damage_healed":0,"gold_gain":0,"player_choice":"Give","damage_taken":0,"max_hp_gain":0,"max_hp_loss":0,"event_name":"betterNote:BetterNote","floor":8,"gold_loss":0,"cards_obtained":["Defend_R"]}],"is_beta":false,"boss_relics":[],"items_purged_floors":[0,5,13],"is_endless":false,"potions_floor_spawned":[2,3,7],"killed_by":"The Guardian","ascension_level":0}}