{"host":"m3herrhkesxm9ooc","time":1608955044,"event":{"mods":["BaseMod","Hermit","Minty Spire (QoL Compilation)","StSLib","The Hierophant"],"gold_per_floor":[115,4,19,39,0,0,30,30,56,71,91,56,56,69,69,147,147,147,147],"floor_reached":18,"playtime":808,"items_purged":[],"score":284,"play_id":"37b2147d-f965-457d-a45f-f82ebcdea205","local_time":"20201226125724","is_ascension_mode":true,"campfire_choices":[{"floor":6,"key":"REST"},{"floor":8,"key":"REST"},{"data":"hermit:Determination","floor":15,"key":"SMITH"}],"circlet_count":0,"master_deck":["AscendersBane","hermit:Strike_Hermit","hermit:Strike_Hermit","hermit:Strike_Hermit","hermit:Strike_Hermit","hermit:Defend_Hermit","hermit:Defend_Hermit","hermit:Defend_Hermit","hermit:Defend_Hermit","hermit:Snapshot","hermit:Covet","hermit:Determination+1","hermit:Deadeye","hermit:Virtue","hermit:SprayPray","hermit:FlashPowder","hermit:WideOpen","hermit:Glare","hermit:Showdown","hermit:GhostlyPresence","hermit:Roughhouse"],"relics":["hermit:ClaspedLocket","Oddly Smooth Stone","Tiny Chest"],"acts_visited":["Exordium","TheCity"],"potions_floor_usage":[7,16,16],"damage_taken":[{"damage":6,"enemies":"Cultist","floor":1,"turns":4},{"damage":9,"enemies":"Small Slimes","floor":3,"turns":3},{"damage":9,"enemies":"Jaw Worm","floor":4,"turns":3},{"damage":31,"enemies":"Lagavulin","floor":7,"turns":7},{"damage":7,"enemies":"Large Slime","floor":10,"turns":5},{"damage":7,"enemies":"Red Slaver","floor":11,"turns":3},{"damage":14,"enemies":"3 Louse","floor":14,"turns":5},{"damage":22,"enemies":"Hexaghost","floor":16,"turns":9},{"damage":18,"enemies":"3 Byrds","floor":18,"turns":3}],"seed_played":"-8430169301366643918","potions_obtained":[{"floor":3,"key":"hermit:Tonic"},{"floor":4,"key":"EssenceOfSteel"},{"floor":7,"key":"FearPotion"},{"floor":13,"key":"CultistPotion"},{"floor":16,"key":"SpeedPotion"}],"is_trial":false,"path_per_floor":["M","$","M","M","?","R","E","R","T","M","M","?","?","M","R","B",null,"M"],"character_chosen":"HERMIT","items_purchased":["hermit:Deadeye","hermit:Virtue"],"campfire_rested":2,"item_purchase_floors":[2,2],"current_hp_per_floor":[65,65,56,47,47,70,39,62,62,55,48,67,67,53,53,31,66,48,48],"gold":147,"neow_bonus":"TEN_PERCENT_HP_BONUS","is_daily":false,"chose_seed":false,"campfire_upgraded":1,"win_rate":0.0,"timestamp":1608955044,"path_taken":["M","?","M","M","?","R","E","R","T","M","M","?","?","?","R","BOSS","M"],"items_purchased_type":["Card","Card"],"build_version":"2020-12-22","purchased_purges":0,"victory":false,"max_hp_per_floor":[78,78,78,78,78,78,78,78,78,78,78,78,78,78,78,78,78,78,78],"card_choices":[{"not_picked":["hermit:Desperado","hermit:Scavenge"],"picked":"hermit:Determination","floor":1},{"not_picked":["hermit:Virtue","hermit:Dive"],"picked":"hermit:SprayPray","floor":3},{"not_picked":["hermit:Quickdraw","hermit:BodyArmor"],"picked":"hermit:FlashPowder","floor":4},{"not_picked":["hermit:BigShot","hermit:SprayPray"],"picked":"hermit:WideOpen","floor":7},{"not_picked":["hermit:Spite","hermit:Quickdraw"],"picked":"hermit:Glare","floor":10},{"not_picked":["hermit:Roulette","hermit:FullyLoaded"],"picked":"hermit:Showdown","floor":11},{"not_picked":["hermit:Glare","hermit:Scavenge"],"picked":"hermit:GhostlyPresence","floor":14},{"not_picked":["hermit:FromBeyond","hermit:FatalDesire"],"picked":"hermit:Roughhouse","floor":16}],"player_experience":652709,"relics_obtained":[{"floor":7,"key":"Oddly Smooth Stone"},{"floor":9,"key":"Tiny Chest"}],"event_choices":[{"damage_healed":0,"gold_gain":0,"player_choice":"Left Gold","damage_taken":0,"max_hp_gain":0,"max_hp_loss":0,"event_name":"World of Goop","floor":5,"gold_loss":39},{"damage_healed":19,"gold_gain":0,"player_choice":"Healed","damage_taken":0,"max_hp_gain":0,"max_hp_loss":0,"event_name":"The Cleric","floor":12,"gold_loss":35},{"damage_healed":0,"gold_gain":0,"player_choice":"Got Potions","damage_taken":0,"max_hp_gain":0,"max_hp_loss":0,"event_name":"Lab","floor":13,"gold_loss":0}],"is_beta":false,"boss_relics":[{"not_picked":["Runic Dome","Runic Pyramid"],"picked":"hermit:ClaspedLocket"}],"items_purged_floors":[],"is_endless":false,"potions_floor_spawned":[3,4,7,16],"killed_by":"3 Byrds","ascension_level":15}}