{"host":"ayh4nqhr0ddw4ozv","time":1608975681,"event":{"mods":["BaseMod","Minty Spire (QoL Compilation)","Relic Stats","Robot Space Explorer","StSLib"],"gold_per_floor":[117,129,148,148,160,160,195,195,219,234,260,134,134,144,144,249,249,261,261,13,30,30,30,61,61,61,86,104,104,131,151,151,254,254,268,278,103,103,103,103,131,131,131,131,142,142,192,224,224,224,224,224,18,51,51],"floor_reached":56,"playtime":2825,"items_purged":["RobotSpaceExplorer:Strike","RobotSpaceExplorer:Defend","RobotSpaceExplorer:Defend"],"score":1614,"play_id":"ad454ab5-446a-4468-9784-59a54582d585","local_time":"20201226014121","is_ascension_mode":true,"campfire_choices":[{"data":"RobotSpaceExplorer:LaserBurst","floor":6.0,"key":"SMITH"},{"data":"RobotSpaceExplorer:PowerGlove","floor":8.0,"key":"SMITH"},{"data":"RobotSpaceExplorer:MiniLasers","floor":13.0,"key":"SMITH"},{"data":"RobotSpaceExplorer:Calculate","floor":15.0,"key":"SMITH"},{"data":"RobotSpaceExplorer:Accelerator","floor":23.0,"key":"SMITH"},{"data":"RobotSpaceExplorer:ShockMissile","floor":25.0,"key":"SMITH"},{"data":"RobotSpaceExplorer:IronShell","floor":32.0,"key":"SMITH"},{"data":"RobotSpaceExplorer:ChargingLaser","floor":40.0,"key":"SMITH"},{"data":"RobotSpaceExplorer:FreezingShield","floor":44.0,"key":"SMITH"},{"floor":46.0,"key":"RECALL"},{"data":"RobotSpaceExplorer:ScrapToss","floor":49.0,"key":"SMITH"},{"data":"RobotSpaceExplorer:ScrapShield","floor":52.0,"key":"SMITH"}],"circlet_count":0,"master_deck":["RobotSpaceExplorer:Strike+1","RobotSpaceExplorer:Defend+1","RobotSpaceExplorer:Scan","RobotSpaceExplorer:MiniLasers+1","RobotSpaceExplorer:LaserBurst+1","RobotSpaceExplorer:ScrapToss+1","RobotSpaceExplorer:PowerGlove+1","RobotSpaceExplorer:Calculate+1","RobotSpaceExplorer:Probe","RobotSpaceExplorer:ScrapShield+1","RobotSpaceExplorer:ShockMissile+1","RobotSpaceExplorer:MiniDrones+1","RobotSpaceExplorer:IronShell+1","RobotSpaceExplorer:Probe","RobotSpaceExplorer:Accelerator+1","RobotSpaceExplorer:FreezingShield+1","RobotSpaceExplorer:MetalStrike+1","RobotSpaceExplorer:GlueShot+1","RobotSpaceExplorer:LuckyStrike+1","RobotSpaceExplorer:PowerGlove+1","RobotSpaceExplorer:ChargingLaser+1","RobotSpaceExplorer:JunkDive","RobotSpaceExplorer:TrailblazerForm"],"relics":["SacredBark","Happy Flower","Bronze Scales","Boot","Philosopher\u0027s Stone","Orrery","Meat on the Bone","Singing Bowl","TungstenRod","Oddly Smooth Stone","Black Star","Smiling Mask","Toy Ornithopter","RobotSpaceExplorer:RingOfTheNewt","The Courier","RobotSpaceExplorer:PlasmaHourglass","Kunai","HornCleat","Anchor"],"acts_visited":["Exordium","TheCity","TheBeyond","TheEnding"],"potions_floor_usage":[54,55,55],"damage_taken":[{"damage":4.0,"enemies":"2 Louse","floor":1.0,"turns":4.0},{"damage":0.0,"enemies":"Jaw Worm","floor":2.0,"turns":6.0},{"damage":4.0,"enemies":"Small Slimes","floor":3.0,"turns":4.0},{"damage":14.0,"enemies":"3 Louse","floor":5.0,"turns":4.0},{"damage":2.0,"enemies":"3 Sentries","floor":7.0,"turns":5.0},{"damage":0.0,"enemies":"Large Slime","floor":10.0,"turns":2.0},{"damage":0.0,"enemies":"Lagavulin","floor":11.0,"turns":3.0},{"damage":0.0,"enemies":"2 Fungi Beasts","floor":14.0,"turns":2.0},{"damage":0.0,"enemies":"The Guardian","floor":16.0,"turns":6.0},{"damage":0.0,"enemies":"Chosen","floor":18.0,"turns":3.0},{"damage":15.0,"enemies":"Spheric Guardian","floor":21.0,"turns":4.0},{"damage":7.0,"enemies":"Slavers","floor":24.0,"turns":3.0},{"damage":13.0,"enemies":"Gremlin Leader","floor":27.0,"turns":4.0},{"damage":0.0,"enemies":"Centurion and Healer","floor":28.0,"turns":3.0},{"damage":0.0,"enemies":"Book of Stabbing","floor":30.0,"turns":3.0},{"damage":0.0,"enemies":"Snecko","floor":31.0,"turns":3.0},{"damage":11.0,"enemies":"Automaton","floor":33.0,"turns":5.0},{"damage":0.0,"enemies":"3 Shapes","floor":35.0,"turns":2.0},{"damage":0.0,"enemies":"Orb Walker","floor":36.0,"turns":2.0},{"damage":10.0,"enemies":"Reptomancer","floor":41.0,"turns":3.0},{"damage":4.0,"enemies":"4 Shapes","floor":45.0,"turns":5.0},{"damage":8.0,"enemies":"2 Orb Walkers","floor":47.0,"turns":2.0},{"damage":0.0,"enemies":"Nemesis","floor":48.0,"turns":3.0},{"damage":36.0,"enemies":"Awakened One","floor":50.0,"turns":8.0},{"damage":12,"enemies":"Shield and Spear","floor":54,"turns":5},{"damage":53,"enemies":"The Heart","floor":55,"turns":6}],"seed_played":"420589333084327934","potions_obtained":[{"floor":2.0,"key":"LiquidMemories"},{"floor":5.0,"key":"Weak Potion"},{"floor":11.0,"key":"SteroidPotion"},{"floor":24.0,"key":"FearPotion"},{"floor":27.0,"key":"RobotSpaceExplorer:PlasmaFlask"},{"floor":28.0,"key":"CultistPotion"},{"floor":31.0,"key":"EntropicBrew"},{"floor":33.0,"key":"DistilledChaos"},{"floor":41.0,"key":"Strength Potion"},{"floor":42.0,"key":"Swift Potion"}],"is_trial":false,"path_per_floor":["M","M","M","?","M","R","E","R","T","M","E","$","R","M","R","B",null,"M","?","$","M","?","R","E","R","T","E","M","$","E","M","R","B",null,"M","M","$","?","?","R","E","?","T","R","M","R","?","E","R","B",null,"R","$","E","B",null],"character_chosen":"RobotSpaceExplorer","items_purchased":["PowerPotion","Orrery","PowerPotion","Kunai"],"campfire_rested":0,"item_purchase_floors":[12,20,37,53],"current_hp_per_floor":[71,71,67,52,38,38,36,36,36,36,36,36,36,36,36,36,65,65,65,65,50,50,50,43,43,43,44,46,46,46,46,46,47,71,73,73,73,73,73,73,65,65,65,65,68,68,62,67,67,48,74,74,74,69,38],"gold":51,"neow_bonus":"BOSS_RELIC","is_daily":false,"chose_seed":false,"campfire_upgraded":11,"win_rate":0.0,"timestamp":1608975681,"path_taken":["M","M","M","?","M","R","E","R","T","M","E","$","R","M","R","BOSS","M","?","$","M","?","R","E","R","T","E","M","$","E","M","R","BOSS","M","M","$","?","?","R","E","?","T","R","?","R","?","E","R","BOSS","R","$","E","BOSS"],"items_purchased_type":["Potion","Relic","Potion","Relic"],"build_version":"2020-12-22","purchased_purges":3,"victory":true,"max_hp_per_floor":[75,75,75,75,75,75,75,75,75,75,75,75,75,75,75,75,75,75,75,75,75,75,75,75,75,75,77,79,79,79,79,79,79,79,81,81,81,81,77,77,79,79,79,79,81,81,83,83,83,83,83,83,83,85,85],"relic_stats":{"Happy Flower":[25],"Singing Bowl":14,"counters":[26,100],"Bronze Scales":[218],"Black Star":3,"Kunai":[16],"Boot":[756],"Smiling Mask":0,"obtain_stats":[{"Happy Flower":7,"Singing Bowl":26,"SacredBark":0,"RobotSpaceExplorer:PlasmaHourglass":48,"Oddly Smooth Stone":30,"RobotSpaceExplorer:RoboCore":0,"RobotSpaceExplorer:RingOfTheNewt":47,"The Courier":48,"Boot":11,"Smiling Mask":41,"Anchor":54,"HornCleat":54,"Bronze Scales":9,"Orrery":20,"Philosopher\u0027s Stone":17,"Black Star":34,"Kunai":53,"TungstenRod":27,"Toy Ornithopter":41,"Meat on the Bone":24},{"Happy Flower":5,"Singing Bowl":12,"SacredBark":0,"RobotSpaceExplorer:PlasmaHourglass":23,"Oddly Smooth Stone":15,"RobotSpaceExplorer:RoboCore":0,"RobotSpaceExplorer:RingOfTheNewt":22,"The Courier":23,"Boot":7,"Smiling Mask":20,"Anchor":25,"HornCleat":25,"Bronze Scales":5,"Orrery":10,"Philosopher\u0027s Stone":9,"Black Star":17,"Kunai":24,"TungstenRod":13,"Toy Ornithopter":20,"Meat on the Bone":12},{"Happy Flower":23,"Singing Bowl":46,"SacredBark":0,"RobotSpaceExplorer:PlasmaHourglass":81,"Oddly Smooth Stone":56,"RobotSpaceExplorer:RoboCore":0,"RobotSpaceExplorer:RingOfTheNewt":78,"The Courier":81,"Boot":28,"Smiling Mask":71,"Anchor":94,"HornCleat":94,"Bronze Scales":23,"Orrery":39,"Philosopher\u0027s Stone":36,"Black Star":64,"Kunai":89,"TungstenRod":50,"Toy Ornithopter":71,"Meat on the Bone":46}],"TungstenRod":35,"Toy Ornithopter":30,"Meat on the Bone":48},"card_choices":[{"not_picked":["RobotSpaceExplorer:GearShield","RobotSpaceExplorer:ToxicBomb"],"picked":"RobotSpaceExplorer:LaserBurst","floor":1.0},{"not_picked":["RobotSpaceExplorer:Counterblock","RobotSpaceExplorer:ScrapMissile"],"picked":"RobotSpaceExplorer:ScrapToss","floor":2.0},{"not_picked":["RobotSpaceExplorer:FranticSearch","RobotSpaceExplorer:SwiftStep"],"picked":"RobotSpaceExplorer:PowerGlove","floor":3.0},{"not_picked":["RobotSpaceExplorer:MetalStrike","RobotSpaceExplorer:Counterblock","RobotSpaceExplorer:GlueShot"],"picked":"SKIP","floor":5.0},{"not_picked":["RobotSpaceExplorer:ShockKick","RobotSpaceExplorer:Explosion","RobotSpaceExplorer:FreezeRay"],"picked":"SKIP","floor":7.0},{"not_picked":["RobotSpaceExplorer:ImprovisedAttack","RobotSpaceExplorer:StunGrenade"],"picked":"RobotSpaceExplorer:Calculate","floor":10.0},{"not_picked":["RobotSpaceExplorer:ScrapMissile","RobotSpaceExplorer:StarDust"],"picked":"RobotSpaceExplorer:Probe","floor":11.0},{"not_picked":["RobotSpaceExplorer:BigMissile","RobotSpaceExplorer:Pulsar"],"picked":"RobotSpaceExplorer:ScrapShield","floor":14.0},{"not_picked":["RobotSpaceExplorer:Multitool","RobotSpaceExplorer:Comet"],"picked":"RobotSpaceExplorer:ShockMissile","floor":16.0},{"not_picked":["RobotSpaceExplorer:ImprovisedAttack+1","RobotSpaceExplorer:PowerCollector+1"],"picked":"RobotSpaceExplorer:MiniDrones+1","floor":18.0},{"not_picked":["RobotSpaceExplorer:ScrapMissile","RobotSpaceExplorer:SwiftStep+1"],"picked":"RobotSpaceExplorer:Accelerator","floor":20.0},{"not_picked":["RobotSpaceExplorer:GlueShot+1","RobotSpaceExplorer:IronShell"],"picked":"RobotSpaceExplorer:FreezingShield","floor":20.0},{"not_picked":["RobotSpaceExplorer:PlasmaMissile","RobotSpaceExplorer:Pulsar"],"picked":"RobotSpaceExplorer:MetalStrike+1","floor":20.0},{"not_picked":["RobotSpaceExplorer:Ammunition","RobotSpaceExplorer:StunGrenade"],"picked":"RobotSpaceExplorer:GlueShot+1","floor":20.0},{"not_picked":["RobotSpaceExplorer:StunGrenade","RobotSpaceExplorer:GlueShot","RobotSpaceExplorer:HighVoltage"],"picked":"SKIP","floor":21.0},{"not_picked":["RobotSpaceExplorer:MiniDrones+1","RobotSpaceExplorer:PowerGlove","RobotSpaceExplorer:Reload"],"picked":"SKIP","floor":24.0},{"not_picked":["RobotSpaceExplorer:Calculate","RobotSpaceExplorer:Counterblock","RobotSpaceExplorer:FrostMissile"],"picked":"Singing Bowl","floor":27.0},{"not_picked":["RobotSpaceExplorer:SurgingShield","RobotSpaceExplorer:PowerCollector+1","RobotSpaceExplorer:DroneSwarm"],"picked":"Singing Bowl","floor":28.0},{"not_picked":["RobotSpaceExplorer:ScrapMissile+1","RobotSpaceExplorer:ShovelStrike"],"picked":"RobotSpaceExplorer:LuckyStrike+1","floor":30.0},{"not_picked":["RobotSpaceExplorer:MiniDrones","RobotSpaceExplorer:GearShield"],"picked":"RobotSpaceExplorer:PowerGlove+1","floor":31.0},{"not_picked":["RobotSpaceExplorer:DroneSwarm","RobotSpaceExplorer:Accelerator"],"picked":"RobotSpaceExplorer:ChargingLaser","floor":33.0},{"not_picked":["RobotSpaceExplorer:DualCore+1","RobotSpaceExplorer:SelfCleaning+1","RobotSpaceExplorer:Probe"],"picked":"Singing Bowl","floor":35.0},{"not_picked":["RobotSpaceExplorer:StunGrenade","RobotSpaceExplorer:GlueShot+1"],"picked":"RobotSpaceExplorer:JunkDive","floor":36.0},{"not_picked":["RobotSpaceExplorer:Multitool","RobotSpaceExplorer:StarDust+1","RobotSpaceExplorer:ShovelStrike"],"picked":"Singing Bowl","floor":41.0},{"not_picked":["RobotSpaceExplorer:ShovelStrike+1","RobotSpaceExplorer:Smokescreen","RobotSpaceExplorer:MetalStrike+1"],"picked":"Singing Bowl","floor":45.0},{"not_picked":["RobotSpaceExplorer:PowerGlove","RobotSpaceExplorer:MiniDrones+1","RobotSpaceExplorer:Ammunition+1"],"picked":"Singing Bowl","floor":47.0},{"not_picked":["RobotSpaceExplorer:StarLightning","RobotSpaceExplorer:Pulsar"],"picked":"RobotSpaceExplorer:TrailblazerForm","floor":48.0},{"not_picked":["RobotSpaceExplorer:ExhaustFan","RobotSpaceExplorer:Pulsar","RobotSpaceExplorer:Counterblock+1"],"picked":"Singing Bowl","floor":54}],"player_experience":230094,"relics_obtained":[{"floor":7.0,"key":"Happy Flower"},{"floor":9.0,"key":"Bronze Scales"},{"floor":11.0,"key":"Boot"},{"floor":24.0,"key":"Meat on the Bone"},{"floor":26.0,"key":"Singing Bowl"},{"floor":27.0,"key":"TungstenRod"},{"floor":30.0,"key":"Oddly Smooth Stone"},{"floor":41.0,"key":"Smiling Mask"},{"floor":41.0,"key":"Toy Ornithopter"},{"floor":47.0,"key":"RobotSpaceExplorer:RingOfTheNewt"},{"floor":48.0,"key":"The Courier"},{"floor":48.0,"key":"RobotSpaceExplorer:PlasmaHourglass"},{"floor":54,"key":"HornCleat"},{"floor":54,"key":"Anchor"}],"event_choices":[{"damage_healed":0.0,"max_hp_gain":0.0,"max_hp_loss":0.0,"gold_gain":0.0,"event_name":"Shining Light","player_choice":"Entered Light","floor":4.0,"gold_loss":0.0,"damage_taken":15.0,"cards_upgraded":["RobotSpaceExplorer:Defend","RobotSpaceExplorer:Strike"]},{"damage_healed":0.0,"max_hp_gain":0.0,"max_hp_loss":0.0,"gold_gain":0.0,"cards_transformed":["RobotSpaceExplorer:Strike","RobotSpaceExplorer:Defend"],"event_name":"Drug Dealer","player_choice":"Became Test Subject","floor":19.0,"gold_loss":0.0,"damage_taken":0.0,"cards_obtained":["RobotSpaceExplorer:IronShell","RobotSpaceExplorer:Probe"]},{"cards_removed":["RobotSpaceExplorer:Strike"],"damage_healed":0.0,"max_hp_gain":0.0,"max_hp_loss":0.0,"gold_gain":0.0,"event_name":"Back to Basics","player_choice":"Elegance","floor":22.0,"gold_loss":0.0,"damage_taken":0.0},{"damage_healed":0.0,"max_hp_gain":0.0,"max_hp_loss":0.0,"gold_gain":0.0,"event_name":"Tomb of Lord Red Mask","player_choice":"Ignored","floor":38.0,"gold_loss":0.0,"damage_taken":0.0},{"damage_healed":0.0,"max_hp_gain":0.0,"max_hp_loss":4.0,"gold_gain":0.0,"event_name":"Winding Halls","player_choice":"Max HP","floor":39.0,"gold_loss":0.0,"damage_taken":0.0},{"damage_healed":0.0,"max_hp_gain":0.0,"max_hp_loss":0.0,"gold_gain":0.0,"event_name":"Lab","player_choice":"Got Potions","floor":42.0,"gold_loss":0.0,"damage_taken":0.0},{"damage_healed":0.0,"max_hp_gain":0.0,"max_hp_loss":0.0,"gold_gain":0.0,"event_name":"Mysterious Sphere","player_choice":"Fight","floor":47.0,"gold_loss":0.0,"damage_taken":0.0}],"is_beta":false,"boss_relics":[{"not_picked":["Velvet Choker","Tiny House"],"picked":"Philosopher\u0027s Stone"},{"not_picked":["Astrolabe","Busted Crown"],"picked":"Black Star"}],"items_purged_floors":[12,20,37],"is_endless":false,"potions_floor_spawned":[2,5,11,24,27,28,31,33,41],"ascension_level":5}}