{"host":"6ko66ogg91i6g7xq","time":1608964413,"event":{"mods":["AchievementEnabler","Act Like it!","BaseMod","Colored Map","Colored Powertips","Downfall","Hermit","Minty Spire (QoL Compilation)","Quick Restart","Relic Stats","StSLib","The Jungle","everything is the same but u backflip on backflip"],"gold_per_floor":[112,187,206,281,41,72,72,84,84,102,102,137,17,30,30,127,127,142,67,67,85,95,120,120,137,192,192,192,192,71,82,82,177,177,196,210,227,241,241,266,21,48,99,117,117,117,137,165,165,165,165,165,16,45,45,45],"floor_reached":55,"playtime":3403,"items_purged":["Well Laid Plans+1"],"score":863,"play_id":"c33942ae-7cfa-49db-9bf3-ce901a6b0bdf","local_time":"20201226013333","is_ascension_mode":true,"campfire_choices":[{"floor":7,"key":"RECALL"},{"data":"Infinite Blades","floor":11,"key":"SMITH"},{"data":"Infinite Blades","floor":15,"key":"SMITH"},{"floor":24,"key":"REST"},{"data":"Accuracy","floor":27,"key":"SMITH"},{"data":"Venomology","floor":29,"key":"SMITH"},{"floor":32,"key":"REST"},{"floor":49,"key":"REST"},{"data":"Doppelganger","floor":52,"key":"SMITH"}],"circlet_count":0,"master_deck":["Strike_G","Strike_G","Strike_G","Strike_G","Defend_G","Defend_G","Defend_G","Survivor","Neutralize","Poisoned Stab","Infinite Blades+1","Cloak And Dagger+1","Infinite Blades+1","Cloak And Dagger+1","Venomology+1","Burst+1","Leg Sweep+1","Dodge and Roll+1","Accuracy+1","Accuracy","Cloak And Dagger","Doppelganger+1","Finisher","Cloak And Dagger+1","Backstab","Dodge and Roll+1","Writhe","Terror","Backflip"],"relics":["Ring of the Snake","NeowsBlessing","Shuriken","White Beast Statue","Potion Belt","Bag of Preparation","Tingsha","Astrolabe","Snake Skull","Mercury Hourglass","Vajra","Black Star","Toy Ornithopter","Art of War","Bottled Tornado","The Specimen","Anchor","Mummified Hand","Akabeko","Bottled Lightning","Unceasing Top","War Paint"],"acts_visited":["Exordium","TheCity","TheBeyond","TheEnding"],"potions_floor_usage":[10,12,14,16,16,21,22,22,22,23,23,23,25,31,33,35,35,35,36,36,37,37,38,38,40,40,40,40,42,42,47,47,47,48,48,50,50,55,55,55,55],"damage_taken":[{"damage":0,"enemies":"Small Slimes","floor":1,"turns":1},{"damage":0,"enemies":"Jaw Worm","floor":3,"turns":1},{"damage":0,"enemies":"Gremlin Nob","floor":6,"turns":1},{"damage":0,"enemies":"Cultist","floor":8,"turns":3},{"damage":0,"enemies":"Blue Slaver","floor":10,"turns":3},{"damage":14,"enemies":"3 Sentries","floor":12,"turns":5},{"damage":0,"enemies":"Exordium Wildlife","floor":14,"turns":4},{"damage":21,"enemies":"Slime Boss","floor":16,"turns":6},{"damage":0,"enemies":"Chosen","floor":18,"turns":6},{"damage":0,"enemies":"3 Byrds","floor":21,"turns":5},{"damage":17,"enemies":"Centurion and Healer","floor":22,"turns":4},{"damage":32,"enemies":"Slavers","floor":23,"turns":6},{"damage":9,"enemies":"Shelled Parasite and Fungi","floor":25,"turns":4},{"damage":4,"enemies":"3 Cultists","floor":31,"turns":4},{"damage":20,"enemies":"Automaton","floor":33,"turns":8},{"damage":4,"enemies":"Orb Walker","floor":35,"turns":3},{"damage":1,"enemies":"3 Shapes","floor":36,"turns":4},{"damage":11,"enemies":"3 Darklings","floor":37,"turns":4},{"damage":5,"enemies":"Sphere and 2 Shapes","floor":38,"turns":4},{"damage":9,"enemies":"Giant Head","floor":40,"turns":6},{"damage":38,"enemies":"Nemesis","floor":42,"turns":5},{"damage":5,"enemies":"Transient","floor":44,"turns":5},{"damage":0,"enemies":"Spire Growth","floor":47,"turns":3},{"damage":19,"enemies":"Reptomancer","floor":48,"turns":4},{"damage":69,"enemies":"Awakened One","floor":50,"turns":7},{"damage":53,"enemies":"Shield and Spear","floor":54,"turns":5},{"damage":62,"enemies":"The Heart","floor":55,"turns":3}],"seed_played":"6829762598145668436","potions_obtained":[{"floor":1,"key":"FearPotion"},{"floor":3,"key":"hexamod:EctoCoolerPotion"},{"floor":6,"key":"Swift Potion"},{"floor":8,"key":"Slimebound:ThreeZeroPotion"},{"floor":10,"key":"Regen Potion"},{"floor":12,"key":"SneckoOil"},{"floor":14,"key":"EssenceOfSteel"},{"floor":16,"key":"FearPotion"},{"floor":18,"key":"CultistPotion"},{"floor":22,"key":"FearPotion"},{"floor":23,"key":"SkillPotion"},{"floor":25,"key":"AttackPotion"},{"floor":31,"key":"Ancient Potion"},{"floor":33,"key":"Dexterity Potion"},{"floor":35,"key":"DuplicationPotion"},{"floor":37,"key":"Energy Potion"},{"floor":38,"key":"DistilledChaos"},{"floor":40,"key":"Dexterity Potion"},{"floor":42,"key":"champ:CounterPotion"},{"floor":44,"key":"LiquidBronze"},{"floor":47,"key":"Dexterity Potion"},{"floor":48,"key":"Poison Potion"},{"floor":54,"key":"champ:CounterPotion"}],"is_trial":false,"path_per_floor":["M","?","M","T","$","E","R","M","T","M","R","E","$","M","R","B",null,"M","$","?","M","M","E","R","M","T","R","?","R","$","M","R","B",null,"M","M","M","M","?","E","$","E","T","M","?","T","M","E","R","B",null,"R","$","E","B"],"character_chosen":"THE_SILENT","items_purchased":["White Beast Statue","Cloak And Dagger","CunningPotion","Accuracy","Cloak And Dagger","Bottled Tornado","GhostInAJar","Backflip"],"campfire_rested":3,"item_purchase_floors":[5,13,13,30,30,41,53,53],"current_hp_per_floor":[70,59,59,59,59,59,59,59,59,59,59,45,45,45,45,24,70,70,70,70,70,53,36,57,48,48,48,48,48,48,44,65,45,70,66,65,54,49,49,40,40,12,12,7,25,25,40,31,52,21,70,70,70,17,0,0],"gold":45,"neow_bonus":"THREE_ENEMY_KILL","is_daily":false,"chose_seed":false,"campfire_upgraded":5,"win_rate":0.0,"timestamp":1608964413,"path_taken":["M","?","M","?","$","E","R","M","T","M","R","E","$","M","R","BOSS","M","$","?","?","M","E","R","M","T","R","?","R","?","M","R","BOSS","M","?","M","?","?","E","$","E","T","?","?","?","M","E","R","BOSS","R","$","E","BOSS"],"items_purchased_type":["Relic","Card","Potion","Card","Card","Relic","Potion","Card"],"build_version":"2020-12-22","purchased_purges":1,"victory":false,"max_hp_per_floor":[70,70,70,70,70,70,70,70,70,70,70,70,70,70,70,70,70,70,70,70,70,70,70,70,70,70,70,70,70,70,70,70,70,70,70,70,70,70,70,70,70,70,70,70,70,70,70,70,70,70,70,70,70,70,70,70],"relic_stats":{"counters":[27,114],"Astrolabe":["Burst","Leg Sweep","Well Laid Plans"],"Tingsha":[42],"Snake Skull":[19],"Bag of Preparation":[46],"War Paint":["Cloak And Dagger","Cloak And Dagger"],"Mercury Hourglass":[282],"Shuriken":[87],"Mummified Hand":[18],"Black Star":4,"Art of War":[2],"obtain_stats":[{"Potion Belt":6,"NeowsBlessing":0,"The Specimen":42,"Astrolabe":17,"Vajra":26,"Tingsha":12,"Snake Skull":20,"Bag of Preparation":9,"Bottled Tornado":41,"War Paint":54,"White Beast Statue":5,"Akabeko":48,"Mercury Hourglass":23,"Anchor":42,"Shuriken":4,"Mummified Hand":46,"Black Star":34,"Art of War":40,"Bottled Lightning":48,"Toy Ornithopter":40,"Unceasing Top":54,"Ring of the Snake":0},{"Potion Belt":3,"NeowsBlessing":0,"The Specimen":21,"Astrolabe":8,"Vajra":13,"Tingsha":6,"Snake Skull":9,"Bag of Preparation":4,"Bottled Tornado":20,"War Paint":26,"White Beast Statue":2,"Akabeko":24,"Mercury Hourglass":12,"Anchor":21,"Shuriken":2,"Mummified Hand":22,"Black Star":15,"Art of War":20,"Bottled Lightning":24,"Toy Ornithopter":20,"Unceasing Top":26,"Ring of the Snake":0},{"Potion Belt":3,"NeowsBlessing":0,"The Specimen":87,"Astrolabe":24,"Vajra":49,"Tingsha":14,"Snake Skull":30,"Bag of Preparation":6,"Bottled Tornado":82,"War Paint":111,"White Beast Statue":2,"Akabeko":99,"Mercury Hourglass":45,"Anchor":87,"Shuriken":2,"Mummified Hand":92,"Black Star":61,"Art of War":82,"Bottled Lightning":99,"Toy Ornithopter":82,"Unceasing Top":111,"Ring of the Snake":0}],"Toy Ornithopter":65,"Unceasing Top":[0],"Ring of the Snake":[54]},"card_choices":[{"not_picked":["Flying Knee","Dagger Throw"],"picked":"Poisoned Stab","floor":1},{"not_picked":["Prepared","Masterful Stab","Slice"],"picked":"SKIP","floor":3},{"not_picked":["Blade Dance","Dagger Spray"],"picked":"Infinite Blades","floor":6},{"not_picked":["Dash","Masterful Stab"],"picked":"Cloak And Dagger","floor":8},{"not_picked":["PiercingWail","Flying Knee","Tactician"],"picked":"SKIP","floor":10},{"not_picked":["Tactician","Bullet Time"],"picked":"Infinite Blades","floor":12},{"not_picked":["Flying Knee","Poisoned Stab","Quick Slash"],"picked":"SKIP","floor":14},{"not_picked":["Envenom","Tools of the Trade"],"picked":"Venomology","floor":16},{"not_picked":["Slice","Flying Knee+1"],"picked":"Dodge and Roll+1","floor":18},{"not_picked":["Reflex","Slice","Predator"],"picked":"SKIP","floor":21},{"not_picked":["Well Laid Plans","Quick Slash","Outmaneuver"],"picked":"SKIP","floor":22},{"not_picked":["Well Laid Plans","Quick Slash","Outmaneuver"],"picked":"SKIP","floor":22},{"not_picked":["Footwork","Sucker Punch"],"picked":"Accuracy","floor":23},{"not_picked":["Flying Knee+1","Sucker Punch","Dodge and Roll"],"picked":"SKIP","floor":25},{"not_picked":["Poisoned Stab+1","Prepared"],"picked":"Doppelganger","floor":31},{"not_picked":["Bane+1","Flying Knee"],"picked":"Finisher","floor":35},{"not_picked":["Bane+1","Flying Knee"],"picked":"Cloak And Dagger+1","floor":36},{"not_picked":["Underhanded Strike+1","Flechettes","Expertise"],"picked":"SKIP","floor":37},{"not_picked":["Quick Slash+1","Poisoned Stab","Flying Knee"],"picked":"SKIP","floor":38},{"not_picked":["Poisoned Stab+1","Flying Knee+1","Predator"],"picked":"SKIP","floor":40},{"not_picked":["Deflect+1","A Thousand Cuts"],"picked":"Backstab","floor":42},{"not_picked":["Poisoned Stab+1","Quick Slash+1"],"picked":"Dodge and Roll+1","floor":44},{"not_picked":["Deadly Poison","Masterful Stab","All Out Attack+1"],"picked":"SKIP","floor":47},{"not_picked":["Endless Agony","Envenom"],"picked":"Terror","floor":48},{"not_picked":["Acrobatics","Outmaneuver","Grand Finale"],"picked":"SKIP","floor":54}],"player_experience":246813,"relics_obtained":[{"floor":4,"key":"Shuriken"},{"floor":6,"key":"Potion Belt"},{"floor":9,"key":"Bag of Preparation"},{"floor":12,"key":"Tingsha"},{"floor":23,"key":"Mercury Hourglass"},{"floor":26,"key":"Vajra"},{"floor":40,"key":"Toy Ornithopter"},{"floor":40,"key":"Art of War"},{"floor":42,"key":"The Specimen"},{"floor":42,"key":"Anchor"},{"floor":46,"key":"Mummified Hand"},{"floor":48,"key":"Akabeko"},{"floor":48,"key":"Bottled Lightning"},{"floor":54,"key":"Unceasing Top"},{"floor":54,"key":"War Paint"}],"event_choices":[{"damage_healed":0,"gold_gain":75,"player_choice":"Gather Gold","damage_taken":11,"max_hp_gain":0,"max_hp_loss":0,"event_name":"World of Goop","floor":2,"gold_loss":0},{"damage_healed":0,"gold_gain":0,"player_choice":"Gave Potion","damage_taken":0,"relics_obtained":["Snake Skull"],"max_hp_gain":0,"max_hp_loss":0,"event_name":"WeMeetAgain","floor":20,"gold_loss":0},{"damage_healed":0,"gold_gain":0,"player_choice":"Ignored","damage_taken":0,"max_hp_gain":0,"max_hp_loss":0,"event_name":"Ghosts","floor":28,"gold_loss":0},{"damage_healed":0,"gold_gain":0,"player_choice":"Bought 0 Potions","damage_taken":0,"max_hp_gain":0,"max_hp_loss":0,"event_name":"The Woman in Blue","floor":39,"gold_loss":0},{"damage_healed":18,"gold_gain":0,"player_choice":"Writhe","damage_taken":0,"max_hp_gain":0,"max_hp_loss":0,"event_name":"Winding Halls","floor":45,"gold_loss":0,"cards_obtained":["Writhe"]}],"is_beta":false,"boss_relics":[{"not_picked":["Velvet Choker","Runic Dome"],"picked":"Astrolabe"},{"not_picked":["Empty Cage","Runic Pyramid"],"picked":"Black Star"}],"items_purged_floors":[19],"is_endless":false,"potions_floor_spawned":[1,3,6,8,10,12,14,16,18,21,22,23,25,31,33,35,36,37,38,40,42,44,47,48,54],"killed_by":"The Heart","ascension_level":2}}