{"host":"uednfislz2ckn57r","time":1608953361,"event":{"mods":["Act Like it!","BaseMod","ChefMod","Colored Powertips","Elementarium","Hallownest","Menagerie","Minty Spire (QoL Compilation)","Quick Restart","StSLib","The Jungle","Wandering Minibosses"],"gold_per_floor":[118,7,22,22,39,67,67,93,162,162,158,180,11,34,34,122,122,133,133,881,898,898,925,942,942,942,960,960,980,980,472,472,573,573,583,1,17,33,33,61,61,61,61,61,80,80,95,112,112,112],"floor_reached":51,"playtime":5180,"items_purged":["chefmod:Strike","chefmod:Strike","chefmod:Strike"],"score":802,"play_id":"f35a85cd-dcd2-4de2-ab03-acd9b081eae8","local_time":"20201225212921","is_ascension_mode":false,"campfire_choices":[{"data":"chefmod:FiveAlarmChili","floor":10.0,"key":"SMITH"},{"data":"chefmod:IceCreamCone","floor":15.0,"key":"SMITH"},{"floor":28.0,"key":"REST"},{"data":"chefmod:TwoForOne","floor":30.0,"key":"SMITH"},{"data":"chefmod:Escargot","floor":32,"key":"SMITH"},{"data":"chefmod:OrderUp","floor":41,"key":"SMITH"},{"data":"chefmod:Strike","floor":44,"key":"PURGE"},{"data":"chefmod:Strike","floor":46,"key":"PURGE"},{"floor":49,"key":"REST"}],"circlet_count":0,"master_deck":["chefmod:QuickThaw+1","chefmod:TodaysSpecial","chefmod:Fillet","chefmod:FiveAlarmChili+1","chefmod:DinoKale","chefmod:SliceAndDice","Hallownest:skillLeafShield","Hallownest:skillLeafShield","Hallownest:skillLeafShield","Hallownest:skillLeafShield","Hallownest:skillLeafShield","chefmod:FreshProduce","chefmod:IceCreamCone+1","chefmod:KnifeFlurry","chefmod:CuttingBoard","chefmod:FreezeSolid","chefmod:Tenderizer","chefmod:AlooGobi","chefmod:Gelato","chefmod:HotSoup+1","chefmod:TwoForOne+1","chefmod:FreezeSolid","chefmod:Cleavers","chefmod:QuickThaw+1","chefmod:Escargot+1","Master of Strategy","chefmod:PrepCook","chefmod:Chop","chefmod:OrderUp+1","chefmod:BleedOut","chefmod:FullBurn+1","chefmod:IceCreamCone"],"relics":["chefmod:TrustyPot","Peace Pipe","Tiny Chest","Matryoshka","Pear","Dream Catcher","Cursed Key","Hallownest:DreamNailRelic","wanderingMiniBosses:MasterThiefsPresence","Ornamental Fan","DollysMirror","Sozu","FossilizedHelix","Frozen Eye","Ancient Tea Set"],"acts_visited":["Hallownest:Greenpath","Hallownest:Greenpath","Hallownest:KingdomsEdge"],"potions_floor_usage":[33,50,50],"damage_taken":[{"damage":2.0,"enemies":"Hallownest:2_Tiktiks_and_1_Crawlid","floor":1.0,"turns":4.0},{"damage":0.0,"enemies":"Hallownest:monsterHuskGuard","floor":3.0,"turns":4.0},{"damage":2.0,"enemies":"2_ Uuma","floor":5.0,"turns":4.0},{"damage":25.0,"enemies":"Hallownest:eliteCrystalGuardian","floor":6.0,"turns":6.0},{"damage":0.0,"enemies":"Hallownest:eliteMossKnight","floor":8.0,"turns":9.0},{"damage":21.0,"enemies":"Hallownest:1_Ooma_and_2_Uuma","floor":11.0,"turns":8.0},{"damage":0.0,"enemies":"Hallownest:eliteVengeflyKing","floor":12.0,"turns":7.0},{"damage":2.0,"enemies":"Hallownest:eliteMossKnight","floor":14.0,"turns":8.0},{"damage":20.0,"enemies":"Hallownest:BossHornet","floor":16.0,"turns":9.0},{"damage":11.0,"enemies":"theJungle:Flameango_and_Byrd","floor":18.0,"turns":5.0},{"damage":4.0,"enemies":"theJungle:GiantWrat","floor":20.0,"turns":7.0},{"damage":23.0,"enemies":"theJungle:2_Flameangoes","floor":21.0,"turns":7.0},{"damage":34.0,"enemies":"theJungle:2_Phrogs","floor":23.0,"turns":8.0},{"damage":7.0,"enemies":"theJungle:JungleHuntersEncounter","floor":24.0,"turns":7.0},{"damage":0.0,"enemies":"theJungle:2_Snecko_Cultists","floor":27.0,"turns":3.0},{"damage":7.0,"enemies":"Snake Plant","floor":29.0,"turns":4.0},{"damage":20,"enemies":"theJungle:TotemBoss","floor":33,"turns":8},{"damage":0,"enemies":"Hallownest:3_Siblings","floor":35,"turns":9},{"damage":22,"enemies":"Hallownest:Shield_Heavy","floor":37,"turns":5},{"damage":3,"enemies":"Hallownest:Xero_Hu_Marmu","floor":38,"turns":6},{"damage":13,"enemies":"Hallownest:StalkingDevout","floor":40,"turns":6},{"damage":0,"enemies":"Hallownest:monsterPrimalAspid","floor":45,"turns":2},{"damage":0,"enemies":"Hallownest:2_Great","floor":47,"turns":5},{"damage":0,"enemies":"Hallownest:Xero_Hu_Marmu","floor":48,"turns":5},{"damage":11,"enemies":"Hallownest:BossHollowKnight","floor":50,"turns":8}],"seed_played":"3778329499861700609","potions_obtained":[{"floor":5.0,"key":"chefmod:PotionOfPlenty"},{"floor":6.0,"key":"Explosive Potion"},{"floor":11.0,"key":"SpeedPotion"},{"floor":14.0,"key":"EntropicBrew"},{"floor":16.0,"key":"Dexterity Potion"},{"floor":21.0,"key":"Block Potion"},{"floor":24.0,"key":"BlessingOfTheForge"},{"floor":29.0,"key":"Ancient Potion"}],"is_trial":false,"path_per_floor":["M","$","M","?","M","E","?","E","T","R","M","?","$","E","R","B",null,"M","?","M","M","T","E","M","?","T","M","R","M","R","$","R","B",null,"M","$","M","M","T","E","R","?","T","R","M","R","M","M","R","B",null],"character_chosen":"THE_CHEF","items_purchased":["chefmod:FiveAlarmChili","chefmod:CuttingBoard","DollysMirror","chefmod:Escargot","Master of Strategy","chefmod:OrderUp","FossilizedHelix","Frozen Eye"],"campfire_rested":2,"item_purchase_floors":[2,13,31,31,31,36,36,36],"current_hp_per_floor":[81,81,81,81,79,54,54,54,54,54,48,58,58,56,56,36,93,82,82,78,55,55,21,14,14,14,14,41,34,34,34,34,14,93,93,93,71,68,68,55,55,55,55,55,55,55,55,55,82,71],"gold":112,"neow_bonus":"TEN_PERCENT_HP_BONUS","is_daily":false,"chose_seed":false,"campfire_upgraded":5,"win_rate":0.0,"timestamp":1608953361,"path_taken":["M","$","M","?","M","E","?","E","T","R","?","?","$","E","R","BOSS","M","?","M","M","?","E","M","?","T","?","R","M","R","?","R","BOSS","M","$","M","M","?","E","R","?","T","R","M","R","M","M","R","BOSS"],"items_purchased_type":["Card","Card","Relic","Card","Card","Card","Relic","Relic"],"build_version":"2020-12-22","purchased_purges":3,"victory":true,"max_hp_per_floor":[83,83,83,83,83,83,83,83,83,83,83,93,93,93,93,93,93,93,93,93,93,93,93,93,93,93,93,93,93,93,93,93,93,93,93,93,93,93,93,93,93,93,93,93,93,93,93,93,93,93],"card_choices":[{"not_picked":["chefmod:Omelette","chefmod:TonkotsuRamen"],"picked":"chefmod:Fillet","floor":1.0},{"not_picked":["chefmod:Chop","chefmod:Gelato"],"picked":"chefmod:DinoKale","floor":3.0},{"not_picked":["chefmod:GroceryDelivery","chefmod:Julienne"],"picked":"chefmod:SliceAndDice","floor":5.0},{"not_picked":["chefmod:IcePick","chefmod:Defrost","chefmod:DinoKale"],"picked":"SKIP","floor":6.0},{"not_picked":["chefmod:Defrost","chefmod:Gelato"],"picked":"chefmod:FreshProduce","floor":8.0},{"not_picked":["chefmod:IcePick","chefmod:Defrost"],"picked":"chefmod:IceCreamCone","floor":11.0},{"not_picked":["chefmod:ColdSteel","chefmod:FireUp"],"picked":"chefmod:KnifeFlurry","floor":12.0},{"not_picked":["chefmod:Fillet","chefmod:DinoKale"],"picked":"chefmod:FreezeSolid","floor":14.0},{"not_picked":["chefmod:FullCourseMeal","chefmod:DeathByChocolate"],"picked":"chefmod:Tenderizer","floor":16.0},{"not_picked":["chefmod:IcePick","chefmod:FireUp","chefmod:VegetableTart"],"picked":"SKIP","floor":18.0},{"not_picked":["chefmod:Defrost","chefmod:GroceryDelivery"],"picked":"chefmod:AlooGobi","floor":20.0},{"not_picked":["chefmod:GroceryDelivery","chefmod:Fillet+1"],"picked":"chefmod:Gelato","floor":21.0},{"not_picked":["chefmod:PotatoGratin","chefmod:CayenneCloud"],"picked":"chefmod:HotSoup+1","floor":23.0},{"not_picked":["chefmod:SliceAndDice","chefmod:Defrost","chefmod:ZaruSoba"],"picked":"SKIP","floor":24.0},{"not_picked":["chefmod:Defrost","chefmod:FreezerBurn"],"picked":"chefmod:TwoForOne","floor":27.0},{"not_picked":["chefmod:Granita","chefmod:Chop"],"picked":"chefmod:FreezeSolid","floor":28.0},{"not_picked":["chefmod:DinoKale","chefmod:Defrost"],"picked":"chefmod:Cleavers","floor":29.0},{"not_picked":["chefmod:Tenderizer","chefmod:DeathByChocolate"],"picked":"chefmod:PrepCook","floor":33},{"not_picked":["chefmod:BaoBuns+1","chefmod:Granita"],"picked":"chefmod:Chop","floor":35},{"not_picked":["chefmod:SliceAndDice","chefmod:Sorbet+1","chefmod:PotatoGratin"],"picked":"SKIP","floor":37},{"not_picked":["chefmod:BaoBuns","chefmod:Chop","chefmod:CuttingBoard+1"],"picked":"SKIP","floor":38},{"not_picked":["chefmod:ZaruSoba","chefmod:Gelato","chefmod:FireUp+1"],"picked":"SKIP","floor":40},{"not_picked":["chefmod:DinoKale","chefmod:HotSoup"],"picked":"chefmod:BleedOut","floor":45},{"not_picked":["chefmod:AlooGobi+1","chefmod:GroceryDelivery+1"],"picked":"chefmod:FullBurn+1","floor":47},{"not_picked":["chefmod:Granita+1","chefmod:HotSoup+1"],"picked":"chefmod:IceCreamCone","floor":48}],"player_experience":1736315,"relics_obtained":[{"floor":6.0,"key":"Peace Pipe"},{"floor":8.0,"key":"Tiny Chest"},{"floor":9.0,"key":"Matryoshka"},{"floor":12.0,"key":"Pear"},{"floor":14.0,"key":"Dream Catcher"},{"floor":20.0,"key":"wanderingMiniBosses:MasterThiefsPresence"},{"floor":23.0,"key":"Ornamental Fan"},{"floor":40,"key":"Ancient Tea Set"}],"event_choices":[{"damage_healed":0.0,"max_hp_gain":0.0,"max_hp_loss":0.0,"gold_gain":0.0,"event_name":"Upgrade Shrine","player_choice":"Upgraded","floor":25.0,"gold_loss":0.0,"damage_taken":0.0,"cards_upgraded":["chefmod:QuickThaw"]}],"is_beta":false,"boss_relics":[{"not_picked":["SlaversCollar","Coffee Dripper"],"picked":"Cursed Key"},{"not_picked":["Velvet Choker","Runic Dome"],"picked":"Sozu"}],"items_purged_floors":[2,13,31],"is_endless":false,"potions_floor_spawned":[5,6,11,14,16,21,24,29,38,40,45,47],"ascension_level":0}}