{"host":"uyrebrj0204enqpc","time":1608960655,"event":{"mods":["Act Like it!","Bard","BaseMod","Block Reminder","Challenge The Spire","Colored Map","Colored Powertips","DeckTracker","Downfall","GifTheSpireLib","HexUI Lib","Highlight Path","Hubris","Minty Spire (QoL Compilation)","Pale of the Ancients","Quick Restart","Random Character Button","Relic Stats","Replay The Spire","Shop Mod","StSLib","The Blue Laboratory","The Bug Knight","The Cursed","The Marked"],"gold_per_floor":[110,35,50,50,66,97,113,113,113],"floor_reached":8,"playtime":399,"items_purged":["TheCursedMod:Defend_TheCursed"],"score":86,"play_id":"ce2983a0-6d92-48d2-aba4-ed92e9ea77c4","local_time":"20201226003055","is_ascension_mode":true,"campfire_choices":[],"circlet_count":0,"master_deck":["TheCursedMod:Strike_TheCursed","TheCursedMod:Strike_TheCursed","TheCursedMod:Strike_TheCursed","TheCursedMod:Strike_TheCursed","TheCursedMod:Defend_TheCursed","TheCursedMod:Defend_TheCursed","TheCursedMod:Defend_TheCursed","TheCursedMod:CursedWand","TheCursedMod:CleanUpWorkshop","TheCursedMod:Dregs","Regret","TheCursedMod:Obscuration","TheCursedMod:HellfireBreathing","TheCursedMod:CursedBoomerang","TheCursedMod:SmokeScreen","TheCursedMod:SpitefulPlan"],"relics":["TheCursedMod:BlackMagic101","Mango","GremlinMask","hubris:Spice"],"acts_visited":["Exordium"],"potions_floor_usage":[],"damage_taken":[{"damage":12,"enemies":"Cultist","floor":1,"turns":5},{"damage":0,"enemies":"Jaw Worm","floor":3,"turns":6},{"damage":13,"enemies":"Small Slimes","floor":5,"turns":5},{"damage":27,"enemies":"3 Sentries","floor":6,"turns":8},{"damage":24,"enemies":"Gremlin Gang","floor":7,"turns":7},{"damage":27,"enemies":"Gremlin Nob","floor":8,"turns":4}],"seed_played":"-4745382316156606057","potions_obtained":[{"floor":5,"key":"SpeedPotion"}],"is_trial":false,"path_per_floor":["M","$","M","?","M","E","M","E"],"character_chosen":"THE_CURSED","items_purchased":[],"campfire_rested":0,"item_purchase_floors":[],"current_hp_per_floor":[77,77,77,77,64,45,21,0,0],"gold":113,"neow_bonus":"RANDOM_EVENT","is_daily":false,"chose_seed":false,"campfire_upgraded":0,"win_rate":0.0,"timestamp":1608960655,"path_taken":["M","$","?","?","M","E","M","E"],"items_purchased_type":[],"build_version":"2020-12-22","purchased_purges":1,"victory":false,"max_hp_per_floor":[89,89,89,89,89,97,97,97,97],"relic_stats":{"counters":[6,34],"obtain_stats":[{"TheCursedMod:BlackMagic101":0,"hubris:Spice":6,"Mango":0,"GremlinMask":4},{"TheCursedMod:BlackMagic101":0,"hubris:Spice":4,"Mango":0,"GremlinMask":2},{"TheCursedMod:BlackMagic101":0,"hubris:Spice":23,"Mango":0,"GremlinMask":11}]},"card_choices":[{"not_picked":["TheCursedMod:RavingStaff","TheCursedMod:CursedAmulet"],"picked":"TheCursedMod:Obscuration","floor":1},{"not_picked":["TheCursedMod:WearCloak","TheCursedMod:VitalStrike"],"picked":"TheCursedMod:HellfireBreathing","floor":3},{"not_picked":["TheCursedMod:TacticalStrike","TheCursedMod:SurpriseAttack"],"picked":"TheCursedMod:CursedBoomerang","floor":5},{"not_picked":["TheCursedMod:Stretching","TheCursedMod:Torture"],"picked":"TheCursedMod:SmokeScreen","floor":6},{"not_picked":["TheCursedMod:BlessingInDisguise","TheCursedMod:SoulCrush"],"picked":"TheCursedMod:SpitefulPlan","floor":7}],"player_experience":919278,"relics_obtained":[{"floor":6,"key":"hubris:Spice"}],"event_choices":[{"damage_healed":0,"gold_gain":0,"player_choice":"Box","damage_taken":0,"relics_obtained":["Mango"],"max_hp_gain":0,"max_hp_loss":0,"event_name":"Big Fish","floor":0,"gold_loss":0,"cards_obtained":["Regret"]},{"damage_healed":0,"gold_gain":0,"player_choice":"Trade","damage_taken":0,"relics_obtained":["GremlinMask"],"max_hp_gain":0,"max_hp_loss":0,"event_name":"FaceTrader","floor":4,"gold_loss":0}],"is_beta":false,"boss_relics":[],"items_purged_floors":[2],"is_endless":false,"potions_floor_spawned":[5],"killed_by":"Gremlin Nob","ascension_level":1}}