{"host":"ba8fi0vd2808q8ml","time":1608989306,"event":{"mods":["2.2 Compatiblity","AchievementEnabler","BaseMod","Hermit","Lobotomy","LobotomyExtend","Marisa£¨Ùöéë¡¡Øª×âÞÞ£©","Minty Spire (QoL Compilation)","StSLib","SuperFastMode","Td1madao Mod","The Bug Knight","The Cursed","The Servant 0.9.4"],"gold_per_floor":[212,232,78,94,104,104,104],"floor_reached":6,"playtime":195,"items_purged":[],"score":40,"play_id":"761f954c-16d6-4f86-be13-ba768c8eba90","local_time":"20201226222826","is_ascension_mode":true,"campfire_choices":[],"circlet_count":0,"master_deck":["SpecialBullet","SpecialBullet","SpecialBullet","SpecialBullet","SpecialBullet","SpecialBullet","SpecialBullet","SpecialBullet","ExtractionCode","InformationCode","TrainingCode","SoundOfStar","MeatLantern","WristCuter","WristCuter"],"relics":["CogitoBucket"],"acts_visited":["Exordium"],"potions_floor_usage":[],"damage_taken":[{"damage":0,"enemies":"Small Slimes","floor":1,"turns":3},{"damage":11,"enemies":"Jaw Worm","floor":2,"turns":3},{"damage":5,"enemies":"2 Louse","floor":4,"turns":3},{"damage":21,"enemies":"Large Slime","floor":5,"turns":7},{"damage":50,"enemies":"Lagavulin","floor":6,"turns":2}],"seed_played":"5915546940263234204","potions_obtained":[],"is_trial":false,"path_per_floor":["M","M","$","M","M","E"],"character_chosen":"Angela","items_purchased":["SoundOfStar"],"campfire_rested":0,"item_purchase_floors":[3],"current_hp_per_floor":[70,59,59,54,33,0,0],"gold":104,"neow_bonus":"HUNDRED_GOLD","is_daily":false,"chose_seed":false,"campfire_upgraded":0,"win_rate":0.0,"timestamp":1608989306,"path_taken":["M","M","$","M","M","E"],"items_purchased_type":["Card"],"build_version":"2020-12-22","purchased_purges":0,"victory":false,"max_hp_per_floor":[70,70,70,70,70,70,70],"card_choices":[{"not_picked":["Logging","Noise"],"picked":"SKIP","floor":1},{"not_picked":["TodaysExpression","FourthMatchFlame"],"picked":"SKIP","floor":1},{"not_picked":["Penitence","Horn"],"picked":"SKIP","floor":2},{"not_picked":["Laetitia_ego","Penitence"],"picked":"SKIP","floor":2},{"not_picked":["RedEyes","Regret_ego"],"picked":"SKIP","floor":4},{"not_picked":["TodaysExpression","GreenStem"],"picked":"SKIP","floor":4},{"not_picked":["VoidDream","BeautyBeast"],"picked":"MeatLantern","floor":5},{"not_picked":["Christmas","CrimsonScar"],"picked":"WristCuter","floor":5},{"not_picked":["Wingbeat","Beak"],"picked":"WristCuter","floor":5}],"player_experience":56644,"relics_obtained":[],"event_choices":[],"is_beta":false,"boss_relics":[],"items_purged_floors":[],"is_endless":false,"potions_floor_spawned":[],"killed_by":"Lagavulin","ascension_level":1}}