{"host":"lvhfn8l5bvc4nolx","time":1608986444,"event":{"mods":["AchievementEnabler","BaseMod","Colored Map","Keyboard Shortcuts","Minty Spire (QoL Compilation)","Permanent Neow","Quick Restart","SuperFastMode"],"gold_per_floor":[136,188,31,87,87,121,151,184,184,184,184,224,224,262,262,410,410,410,410],"floor_reached":18,"playtime":402,"items_purged":[],"score":293,"play_id":"e5948012-0919-4c70-b08f-1bb227ba95ce","local_time":"20201226214044","is_ascension_mode":true,"campfire_choices":[{"floor":11,"key":"REST"},{"floor":13,"key":"REST"},{"data":"Flex","floor":15,"key":"SMITH"}],"circlet_count":0,"master_deck":["AscendersBane","Strike_R","Strike_R","Strike_R","Defend_R","Defend_R","Defend_R","Defend_R","Bash","HandOfGreed","Thunderclap","Pummel","Shrug It Off","Burning Pact","Shrug It Off","Whirlwind","Flex+1","Reaper"],"relics":["Burning Blood","Chemical X","Kunai","InkBottle","Golden Idol","Regal Pillow","Empty Cage"],"acts_visited":["Exordium","TheCity"],"potions_floor_usage":[8],"damage_taken":[{"damage":16.0,"enemies":"Jaw Worm","floor":1.0,"turns":4.0},{"damage":3.0,"enemies":"2 Louse","floor":4.0,"turns":6.0},{"damage":68.0,"enemies":"Gremlin Nob","floor":6.0,"turns":6.0},{"damage":0.0,"enemies":"Small Slimes","floor":7.0,"turns":3.0},{"damage":9,"enemies":"2 Fungi Beasts","floor":8,"turns":2},{"damage":27,"enemies":"Lagavulin","floor":12,"turns":6},{"damage":3,"enemies":"Looter","floor":14,"turns":2},{"damage":18,"enemies":"Slime Boss","floor":16,"turns":9},{"damage":63,"enemies":"Spheric Guardian","floor":18,"turns":7}],"seed_played":"-5954783827770880449","potions_obtained":[{"floor":6.0,"key":"SteroidPotion"},{"floor":12,"key":"CultistPotion"},{"floor":14,"key":"HeartOfIron"},{"floor":16,"key":"SkillPotion"}],"is_trial":false,"path_per_floor":["M","?","$","M","?","E","M","M","T","?","R","E","R","M","R","B",null,"M"],"character_chosen":"IRONCLAD","items_purchased":["Chemical X"],"campfire_rested":2,"item_purchase_floors":[3],"current_hp_per_floor":[62,62,62,65,70,8,14,11,11,11,32,11,47,50,50,38,63,0,0],"gold":410,"neow_bonus":"RANDOM_COLORLESS_2","is_daily":false,"chose_seed":false,"campfire_upgraded":1,"win_rate":0.0,"timestamp":1608986444,"path_taken":["M","?","$","M","?","E","M","M","T","?","R","E","R","M","R","BOSS","M"],"items_purchased_type":["Relic"],"build_version":"2020-12-22","purchased_purges":0,"victory":false,"max_hp_per_floor":[72,72,72,72,77,77,77,77,77,71,71,71,71,71,71,71,71,71,71],"card_choices":[{"not_picked":["Secret Weapon","Thinking Ahead"],"picked":"HandOfGreed","floor":0.0},{"not_picked":["Clothesline","Havoc"],"picked":"Thunderclap","floor":1.0},{"not_picked":["Body Slam","Flex"],"picked":"Pummel","floor":4.0},{"not_picked":["Iron Wave","Combust"],"picked":"Shrug It Off","floor":6.0},{"not_picked":["Fiend Fire","Rupture"],"picked":"Burning Pact","floor":7.0},{"not_picked":["Perfected Strike","Iron Wave"],"picked":"Shrug It Off","floor":8},{"not_picked":["Bloodletting","Iron Wave"],"picked":"Whirlwind","floor":12},{"not_picked":["Iron Wave","Body Slam"],"picked":"Flex","floor":14},{"not_picked":["Bludgeon","Impervious"],"picked":"Reaper","floor":16}],"player_experience":337514,"relics_obtained":[{"floor":6.0,"key":"Kunai"},{"floor":9,"key":"InkBottle"},{"floor":12,"key":"Regal Pillow"}],"event_choices":[{"damage_healed":0.0,"max_hp_gain":0.0,"max_hp_loss":0.0,"gold_gain":52.0,"event_name":"Golden Wing","player_choice":"Gained Gold","floor":2.0,"gold_loss":0.0,"damage_taken":0.0},{"damage_healed":0.0,"max_hp_gain":5.0,"max_hp_loss":0.0,"gold_gain":0.0,"event_name":"Big Fish","player_choice":"Donut","floor":5.0,"gold_loss":0.0,"damage_taken":0.0},{"damage_healed":0,"gold_gain":0,"player_choice":"Lose Max HP","damage_taken":0,"relics_obtained":["Golden Idol"],"max_hp_gain":0,"max_hp_loss":6,"event_name":"Golden Idol","floor":10,"gold_loss":0}],"is_beta":false,"boss_relics":[{"not_picked":["SlaversCollar","Snecko Eye"],"picked":"Empty Cage"}],"items_purged_floors":[],"is_endless":false,"potions_floor_spawned":[6,12,14,16],"killed_by":"Spheric Guardian","ascension_level":10}}