{"host":"ormi09wwzv7sq47a","time":1608995921,"event":{"mods":["2.2 Compatiblity","AchievementEnabler","Act Like it!","BaseMod","Bestiary","Better Altar","Better Note","Better Sensory Stone","Better Skull","Better Third Choice","Better Vampires","BetterRewards","Block Reminder","Colored Map","Colored Powertips","Curses Come First","DeckTracker","Downfall","Highlight Path","Minty Spire (QoL Compilation)","Permanent Neow","Quick Restart","Rare Cards Sparkle","Relic Stats","Shop Mod","StSLib","The Jungle","The Servant 0.9.4"],"gold_per_floor":[112,131,150,2,22,22,22,22,22,22,42,53,53,70,70,70,70,70],"floor_reached":16,"playtime":618,"items_purged":["Guardian:Strike_Guardian"],"score":245,"play_id":"77e827ca-ca20-4ab3-ad8c-d9a8e20c1be6","local_time":"20201226121841","is_ascension_mode":true,"campfire_choices":[{"data":"Guardian:TwinSlam","floor":6.0,"key":"SMITH"},{"data":"Guardian:Defend_Guardian","floor":8.0,"key":"PURGE"},{"data":"Guardian:FuturePlans","floor":13.0,"key":"SMITH"},{"data":"Guardian:Defend_Guardian","floor":15,"key":"PURGE"}],"circlet_count":0,"master_deck":["AscendersBane","Guardian:Strike_Guardian","Guardian:Strike_Guardian","Guardian:Defend_Guardian","Guardian:Defend_Guardian","Guardian:CurlUp","Guardian:TwinSlam+1","Guardian:RollAttack","Guardian:SpikerProtocol","Guardian:SpikerProtocol","Guardian:ShieldCharger","Guardian:Recover","Guardian:FuturePlans+1","Guardian:BronzeArmor"],"relics":["Guardian:ModeShifter","Peace Pipe","Oddly Smooth Stone","Eternal Feather","Girya"],"acts_visited":["Exordium"],"potions_floor_usage":[],"damage_taken":[{"damage":1.0,"enemies":"Cultist","floor":1.0,"turns":4.0},{"damage":1.0,"enemies":"Small Slimes","floor":2.0,"turns":2.0},{"damage":9.0,"enemies":"Jaw Worm","floor":3.0,"turns":5.0},{"damage":6.0,"enemies":"Looter","floor":5.0,"turns":3.0},{"damage":3.0,"enemies":"Blue Slaver","floor":11.0,"turns":3.0},{"damage":0.0,"enemies":"3 Louse","floor":12.0,"turns":5.0},{"damage":10,"enemies":"Looter","floor":14,"turns":3},{"damage":33,"enemies":"Hexaghost","floor":16,"turns":9}],"seed_played":"5492990566192284275","potions_obtained":[{"floor":2.0,"key":"sneckomod:MuddlingPotion"},{"floor":3.0,"key":"PowerPotion"}],"is_trial":false,"path_per_floor":["M","M","M","$","M","R","?","R","T","?","M","M","R","M","R","B"],"character_chosen":"GUARDIAN","items_purchased":["Guardian:RollAttack","Oddly Smooth Stone"],"campfire_rested":0,"item_purchase_floors":[0,4],"current_hp_per_floor":[57,56,47,47,41,41,41,41,41,29,26,26,32,22,31,0,0,0],"gold":70,"neow_bonus":"","is_daily":false,"chose_seed":false,"campfire_upgraded":2,"win_rate":0.0,"timestamp":1608995921,"path_taken":["M","M","M","$","?","R","?","R","T","?","M","M","R","M","R","BOSS"],"items_purchased_type":["Card","Relic"],"build_version":"2020-12-22","purchased_purges":1,"victory":false,"max_hp_per_floor":[72,72,72,72,72,72,72,72,72,72,72,72,72,72,72,72,72,72],"relic_stats":{"Peace Pipe":4,"counters":[84,446],"Eternal Feather":15,"obtain_stats":[{"Darkstone Periapt":17,"Guardian:StasisSlotReductionRelic":17,"Lantern":29,"Gremlin Horn":26,"Guardian:ModeShifterPlus":34,"Vajra":31,"Guardian:StasisCodex":54,"Incense Burner":7,"Ginger":0,"Ancient Tea Set":26,"Sling":0,"Guardian:PickAxe":14,"Blood Vial":23,"Dream Catcher":14,"Lizard Tail":0,"Centennial Puzzle":29,"Nunchaku":0,"HornCleat":22,"Sundial":30,"Prayer Wheel":17,"InkBottle":47,"Girya":10,"Golden Idol":13,"Astrolabe":17,"Guardian:ModeShifter":0,"Oddly Smooth Stone":37,"Eternal Feather":9,"PreservedInsect":17,"Pen Nib":44,"Guardian:PocketSentry":6,"Orichalcum":43,"War Paint":9,"Medical Kit":0,"Calling Bell":17,"Peace Pipe":0,"CaptainsWheel":9,"Anchor":9,"betterThird:SlimedRelic":2,"Pandora\u0027s Box":34,"Turnip":0,"Bag of Marbles":48,"Bottled Lightning":26,"hexamod:BolsterEngine":13,"FossilizedHelix":38,"Unceasing Top":7},{"Darkstone Periapt":25,"Guardian:StasisSlotReductionRelic":7,"Lantern":29,"Gremlin Horn":52,"Guardian:ModeShifterPlus":55,"Vajra":30,"Guardian:StasisCodex":65,"Incense Burner":4,"Ginger":39,"Ancient Tea Set":28,"Sling":39,"Guardian:PickAxe":24,"Blood Vial":51,"Dream Catcher":6,"Lizard Tail":17,"Centennial Puzzle":53,"Nunchaku":66,"HornCleat":50,"Sundial":12,"Prayer Wheel":25,"InkBottle":37,"Girya":80,"Golden Idol":5,"Astrolabe":47,"Guardian:ModeShifter":0,"Oddly Smooth Stone":32,"Eternal Feather":44,"PreservedInsect":25,"Pen Nib":35,"Guardian:PocketSentry":44,"Orichalcum":34,"War Paint":69,"Medical Kit":66,"Calling Bell":25,"Peace Pipe":76,"CaptainsWheel":4,"Anchor":21,"betterThird:SlimedRelic":40,"Pandora\u0027s Box":14,"Turnip":66,"Bag of Marbles":63,"Bottled Lightning":10,"hexamod:BolsterEngine":45,"FossilizedHelix":58,"Unceasing Top":69},{"Darkstone Periapt":130,"Guardian:StasisSlotReductionRelic":38,"Lantern":150,"Gremlin Horn":274,"Guardian:ModeShifterPlus":288,"Vajra":154,"Guardian:StasisCodex":340,"Incense Burner":18,"Ginger":211,"Ancient Tea Set":145,"Sling":211,"Guardian:PickAxe":121,"Blood Vial":270,"Dream Catcher":28,"Lizard Tail":91,"Centennial Puzzle":277,"Nunchaku":349,"HornCleat":266,"Sundial":61,"Prayer Wheel":130,"InkBottle":196,"Girya":426,"Golden Idol":22,"Astrolabe":259,"Guardian:ModeShifter":0,"Oddly Smooth Stone":167,"Eternal Feather":237,"PreservedInsect":130,"Pen Nib":184,"Guardian:PocketSentry":237,"Orichalcum":177,"War Paint":367,"Medical Kit":349,"Calling Bell":130,"Peace Pipe":412,"CaptainsWheel":18,"Anchor":107,"betterThird:SlimedRelic":214,"Pandora\u0027s Box":75,"Turnip":349,"Bag of Marbles":326,"Bottled Lightning":50,"hexamod:BolsterEngine":240,"FossilizedHelix":296,"Unceasing Top":367}]},"card_choices":[{"not_picked":["Guardian:Recover","Guardian:FloatingOrbs"],"picked":"Guardian:SpikerProtocol","floor":1.0},{"not_picked":["Guardian:RollAttack","Guardian:TemporalStrike","Guardian:CrystalBeam"],"picked":"SKIP","floor":2.0},{"not_picked":["Guardian:Incinerate","Guardian:Reroute"],"picked":"Guardian:SpikerProtocol","floor":3.0},{"not_picked":["Guardian:WalkerClaw","Guardian:RollAttack"],"picked":"Guardian:ShieldCharger","floor":5.0},{"not_picked":["Guardian:VentSteam","Guardian:ConstructionForm"],"picked":"Guardian:Recover","floor":11.0},{"not_picked":["Guardian:TimeBomb","Guardian:Reroute"],"picked":"Guardian:FuturePlans","floor":12.0},{"not_picked":["Guardian:Recover","Guardian:Reroute"],"picked":"Guardian:BronzeArmor","floor":14}],"player_experience":782645,"relics_obtained":[{"floor":9.0,"key":"Eternal Feather"}],"event_choices":[{"cards_removed":["Guardian:Strike_Guardian"],"damage_healed":0.0,"max_hp_gain":0.0,"max_hp_loss":0.0,"gold_gain":0.0,"event_name":"Living Wall","player_choice":"Forget","floor":7.0,"gold_loss":0.0,"damage_taken":0.0},{"damage_healed":0.0,"max_hp_gain":0.0,"max_hp_loss":0.0,"gold_gain":0.0,"event_name":"betterThird:BetterScrap","player_choice":"Relic ","floor":10.0,"gold_loss":0.0,"damage_taken":12.0,"cards_obtained":["Echo Form"]}],"is_beta":false,"boss_relics":[],"items_purged_floors":[0],"is_endless":false,"potions_floor_spawned":[2,3],"killed_by":"Hexaghost","ascension_level":14}}