{"host":"30jsp143e4v19aze","time":1608952442,"event":{"mods":["BaseMod","Colored Map","Colored Powertips","Curses Come First","DeckTracker","Highlight Path","Minty Spire (QoL Compilation)","Quick Restart","Relic Stats","StSLib","everything is the same but u backflip on backflip","slay the spire mod where everything is the same but ironclad has a cowboy hat"],"gold_per_floor":[114,124,143,56,71,97,97,123,172,207,207,223,223,242,242,313,313,323,323,273,2,20,50,50,81,149,162,182,197,224,224,224,301,301,317,329,3,3,3,32,32,62,62,75,75,106,106,151,151,151,151,151,151,1,33,33],"floor_reached":57,"playtime":8629,"items_purged":["Venomology"],"score":3086,"play_id":"ea35f4f7-82f1-4413-ac2e-0d3db4daedd4","local_time":"20201226041402","is_ascension_mode":true,"campfire_choices":[{"data":"Dagger Spray","floor":7,"key":"SMITH"},{"data":"Noxious Fumes","floor":11,"key":"SMITH"},{"data":"Footwork","floor":15,"key":"SMITH"},{"data":"RitualDagger","floor":24,"key":"SMITH"},{"data":"Burst","floor":32,"key":"SMITH"},{"floor":45,"key":"RECALL"},{"data":"Cloak And Dagger","floor":47,"key":"SMITH"},{"data":"PiercingWail","floor":49,"key":"SMITH"},{"data":"Night Terror","floor":53,"key":"SMITH"}],"circlet_count":0,"master_deck":["AscendersBane","Survivor+1","Neutralize","Footwork+1","Phantasmal Killer","Deflect","Bane","Backflip","Flechettes","Leg Sweep","Terror","Deflect","Noxious Fumes+1","Dagger Spray+1","Cloak And Dagger+1","Calculated Gamble","Dodge and Roll","Footwork+1","RitualDagger+1","Calculated Gamble","Footwork+1","PiercingWail+1","Backflip","Leg Sweep","Burst+1","Unload","After Image+1","Night Terror+1","Dodge and Roll","PiercingWail+1","Wraith Form v2+1","PiercingWail+1","Noxious Fumes+1","Reflex+1"],"relics":["Pandora\u0027s Box","Ancient Tea Set","Frozen Egg 2","Anchor","Art of War","Runic Pyramid","PreservedInsect","HornCleat","Boot","Bottled Tornado","Vajra","Sozu","Calipers","Shuriken","MealTicket","Sundial","Regal Pillow","Ginger","InkBottle"],"acts_visited":["Exordium","TheCity","TheBeyond","TheEnding"],"potions_floor_usage":[5,6,8,16,23,27,28,33,51,56],"damage_taken":[{"damage":0,"enemies":"Cultist","floor":1,"turns":3},{"damage":1,"enemies":"Jaw Worm","floor":2,"turns":2},{"damage":0,"enemies":"Small Slimes","floor":3,"turns":3},{"damage":7,"enemies":"3 Louse","floor":5,"turns":2},{"damage":4,"enemies":"Lagavulin","floor":6,"turns":5},{"damage":8,"enemies":"Gremlin Nob","floor":8,"turns":3},{"damage":15,"enemies":"Lagavulin","floor":10,"turns":5},{"damage":0,"enemies":"Blue Slaver","floor":12,"turns":2},{"damage":8,"enemies":"Exordium Wildlife","floor":14,"turns":4},{"damage":11,"enemies":"Slime Boss","floor":16,"turns":10},{"damage":0,"enemies":"Chosen","floor":18,"turns":5},{"damage":1,"enemies":"3 Byrds","floor":22,"turns":5},{"damage":0,"enemies":"Slavers","floor":23,"turns":5},{"damage":0,"enemies":"Gremlin Leader","floor":25,"turns":4},{"damage":5,"enemies":"Centurion and Healer","floor":27,"turns":5},{"damage":0,"enemies":"Snake Plant","floor":28,"turns":3},{"damage":0,"enemies":"Snecko","floor":29,"turns":5},{"damage":1,"enemies":"Slavers","floor":30,"turns":4},{"damage":3,"enemies":"Collector","floor":33,"turns":8},{"damage":0,"enemies":"3 Darklings","floor":35,"turns":5},{"damage":11,"enemies":"3 Shapes","floor":36,"turns":8},{"damage":0,"enemies":"Reptomancer","floor":40,"turns":6},{"damage":0,"enemies":"Nemesis","floor":42,"turns":3},{"damage":0,"enemies":"Writhing Mass","floor":44,"turns":5},{"damage":0,"enemies":"Giant Head","floor":46,"turns":4},{"damage":5,"enemies":"2 Orb Walkers","floor":48,"turns":3},{"damage":4,"enemies":"Donu and Deca","floor":50,"turns":8},{"damage":29,"enemies":"Awakened One","floor":51,"turns":15},{"damage":0,"enemies":"Shield and Spear","floor":55,"turns":8},{"damage":48,"enemies":"The Heart","floor":56,"turns":13}],"seed_played":"-8799861414224843993","potions_obtained":[{"floor":2,"key":"CultistPotion"},{"floor":3,"key":"Explosive Potion"},{"floor":5,"key":"SteroidPotion"},{"floor":10,"key":"GamblersBrew"},{"floor":28,"key":"GhostInAJar"}],"is_trial":false,"path_per_floor":["M","M","M","$","M","E","R","E","T","E","R","M","?","M","R","B",null,"M","?","?","$","M","E","R","E","T","M","M","M","E","?","R","B",null,"M","M","$","?","T","E","?","E","T","M","R","E","R","?","R","B","B",null,"R","$","E","B",null],"character_chosen":"THE_SILENT","items_purchased":["Noxious Fumes","Dagger Spray","Calculated Gamble","Footwork+1","PreservedInsect","Calipers","Noxious Fumes+1"],"campfire_rested":0,"item_purchase_floors":[4,4,21,21,21,37,54],"current_hp_per_floor":[59,58,58,58,51,47,47,39,39,24,24,24,24,16,16,5,51,51,45,45,45,44,44,44,44,44,39,39,39,38,38,38,35,58,58,47,47,47,47,47,47,47,47,47,47,47,47,42,42,38,9,52,52,66,66,18],"gold":33,"neow_bonus":"BOSS_RELIC","is_daily":false,"chose_seed":false,"campfire_upgraded":8,"win_rate":0.0,"timestamp":1608952442,"path_taken":["M","M","M","$","?","E","R","E","T","E","R","M","?","M","R","BOSS","M","?","?","$","M","E","R","E","T","M","?","M","E","?","R","BOSS","M","M","$","?","?","E","?","E","T","?","R","E","R","?","R","BOSS","BOSS","R","$","E","BOSS"],"items_purchased_type":["Card","Card","Card","Card","Relic","Relic","Card"],"build_version":"2020-12-22","purchased_purges":1,"victory":true,"max_hp_per_floor":[66,66,66,66,66,66,66,66,66,66,66,66,66,66,66,66,66,66,66,66,66,66,66,66,66,66,66,66,66,66,66,66,66,66,66,66,66,66,66,66,66,66,66,66,66,66,66,66,66,66,66,66,66,66,66,66],"relic_stats":{"Regal Pillow":0,"counters":[30,161],"PreservedInsect":452,"Ginger":[2],"Boot":[17],"Sozu":3,"Shuriken":[13],"Sundial":[6],"Pandora\u0027s Box":["Footwork","Phantasmal Killer","Deflect","Flying Knee","Reflex","Endless Agony","Bane","Backflip","Flying Knee","Flechettes"],"MealTicket":14,"Art of War":[53],"obtain_stats":[{"Regal Pillow":46,"Calipers":37,"Vajra":30,"PreservedInsect":21,"Ginger":48,"Frozen Egg 2":8,"Bottled Tornado":26,"Ancient Tea Set":6,"Boot":25,"Sozu":34,"Anchor":9,"HornCleat":23,"Shuriken":40,"Sundial":43,"Pandora\u0027s Box":0,"MealTicket":42,"Art of War":10,"InkBottle":55,"Ring of the Snake":0,"Runic Pyramid":17},{"Regal Pillow":25,"Calipers":21,"Vajra":18,"PreservedInsect":11,"Ginger":26,"Frozen Egg 2":6,"Bottled Tornado":14,"Ancient Tea Set":5,"Boot":14,"Sozu":19,"Anchor":6,"HornCleat":13,"Shuriken":22,"Sundial":23,"Pandora\u0027s Box":0,"MealTicket":23,"Art of War":7,"InkBottle":29,"Ring of the Snake":0,"Runic Pyramid":10},{"Regal Pillow":114,"Calipers":96,"Vajra":75,"PreservedInsect":44,"Ginger":117,"Frozen Egg 2":18,"Bottled Tornado":58,"Ancient Tea Set":15,"Boot":58,"Sozu":83,"Anchor":18,"HornCleat":54,"Shuriken":102,"Sundial":105,"Pandora\u0027s Box":0,"MealTicket":105,"Art of War":23,"InkBottle":148,"Ring of the Snake":0,"Runic Pyramid":39}],"InkBottle":[6]},"card_choices":[{"not_picked":["Flying Knee","Slice"],"picked":"Leg Sweep","floor":1},{"not_picked":["Caltrops","Deflect"],"picked":"Terror","floor":2},{"not_picked":["Deadly Poison","Sucker Punch"],"picked":"Deflect","floor":3},{"not_picked":["Concentrate","Blade Dance"],"picked":"Cloak And Dagger","floor":5},{"not_picked":["Finisher","Outmaneuver","Blade Dance"],"picked":"SKIP","floor":6},{"not_picked":["Flechettes","Endless Agony"],"picked":"Calculated Gamble","floor":8},{"not_picked":["Caltrops+1","Eviscerate","Riddle With Holes"],"picked":"SKIP","floor":10},{"not_picked":["Setup","Outmaneuver"],"picked":"Dodge and Roll","floor":12},{"not_picked":["Glass Knife","Infinite Blades+1"],"picked":"Footwork+1","floor":14},{"not_picked":["Phantasmal Killer","Unload"],"picked":"Venomology","floor":16},{"not_picked":["Prepared","Sucker Punch","Deadly Poison"],"picked":"SKIP","floor":18},{"not_picked":["Cloak And Dagger","Finisher","Dagger Spray"],"picked":"SKIP","floor":22},{"not_picked":["Skewer","Choke"],"picked":"PiercingWail+1","floor":23},{"not_picked":["Dagger Throw","Expertise+1","Tools of the Trade+1"],"picked":"SKIP","floor":25},{"not_picked":["Quick Slash","Riddle With Holes"],"picked":"Backflip","floor":27},{"not_picked":["Sucker Punch+1","Acrobatics","Blade Dance"],"picked":"SKIP","floor":28},{"not_picked":["Flying Knee","Blade Dance"],"picked":"Leg Sweep","floor":29},{"not_picked":["Eviscerate","Cloak And Dagger"],"picked":"Burst","floor":30},{"not_picked":["Glass Knife","A Thousand Cuts+1"],"picked":"Night Terror","floor":33},{"not_picked":["Deflect","Flying Knee"],"picked":"Dodge and Roll","floor":35},{"not_picked":["Well Laid Plans+1","Endless Agony"],"picked":"PiercingWail+1","floor":36},{"not_picked":["Finisher","Distraction","Predator"],"picked":"SKIP","floor":40},{"not_picked":["Acrobatics","Setup","Distraction"],"picked":"SKIP","floor":42},{"not_picked":["Slice","Dagger Throw+1","Poisoned Stab+1"],"picked":"SKIP","floor":44},{"not_picked":["Dodge and Roll","Dagger Throw"],"picked":"Wraith Form v2+1","floor":46},{"not_picked":["Flechettes","Quick Slash"],"picked":"PiercingWail","floor":48},{"not_picked":["PiercingWail","Endless Agony"],"picked":"Reflex+1","floor":55}],"player_experience":3215014,"relics_obtained":[{"floor":6,"key":"Ancient Tea Set"},{"floor":8,"key":"Frozen Egg 2"},{"floor":9,"key":"Anchor"},{"floor":10,"key":"Art of War"},{"floor":23,"key":"HornCleat"},{"floor":25,"key":"Boot"},{"floor":26,"key":"Bottled Tornado"},{"floor":30,"key":"Vajra"},{"floor":40,"key":"Shuriken"},{"floor":42,"key":"MealTicket"},{"floor":43,"key":"Sundial"},{"floor":46,"key":"Regal Pillow"},{"floor":48,"key":"Ginger"},{"floor":55,"key":"InkBottle"}],"event_choices":[{"cards_removed":["Reflex"],"damage_healed":0,"gold_gain":0,"player_choice":"Purged","damage_taken":0,"max_hp_gain":0,"max_hp_loss":0,"event_name":"Purifier","floor":13,"gold_loss":0},{"damage_healed":0,"gold_gain":0,"player_choice":"Joined the Cult","damage_taken":6,"max_hp_gain":0,"max_hp_loss":0,"event_name":"Nest","floor":19,"gold_loss":0,"cards_obtained":["RitualDagger"]},{"damage_healed":0,"gold_gain":0,"player_choice":"Upgraded Two","damage_taken":0,"max_hp_gain":0,"max_hp_loss":0,"event_name":"Designer","floor":20,"gold_loss":50,"cards_upgraded":["Survivor","Endless Agony"]},{"damage_healed":0,"gold_gain":0,"cards_transformed":["Flying Knee","Flying Knee"],"player_choice":"Became Test Subject","damage_taken":0,"max_hp_gain":0,"max_hp_loss":0,"event_name":"Drug Dealer","floor":31,"gold_loss":0,"cards_obtained":["Unload","After Image"]},{"cards_removed":["Endless Agony"],"damage_healed":0,"gold_gain":0,"player_choice":"Removed Attack","damage_taken":0,"max_hp_gain":0,"max_hp_loss":0,"event_name":"Falling","floor":38,"gold_loss":0},{"damage_healed":0,"gold_gain":0,"player_choice":"0 cards matched","damage_taken":0,"max_hp_gain":0,"max_hp_loss":0,"event_name":"Match and Keep!","floor":41,"gold_loss":0,"cards_obtained":[]},{"damage_healed":0,"gold_gain":0,"player_choice":"Fight","damage_taken":0,"max_hp_gain":0,"max_hp_loss":0,"event_name":"Mysterious Sphere","floor":48,"gold_loss":0}],"is_beta":false,"boss_relics":[{"not_picked":["HoveringKite","Ectoplasm"],"picked":"Runic Pyramid"},{"not_picked":["Black Star","Astrolabe"],"picked":"Sozu"}],"items_purged_floors":[54],"is_endless":false,"potions_floor_spawned":[2,3,5,10,23,25,28,29,35,44],"ascension_level":20}}