{"host":"o7j6aatxjwpw1421","time":1608999541,"event":{"mods":["2.2 Compatiblity","AchievementEnabler","BaseMod","Colored Map","DeckTracker","Highlight Path","Keyboard Shortcuts","Minty Spire (QoL Compilation)","Permanent Neow","Quick Restart","StSLib","SuperFastMode","everything is the same but u backflip on backflip"],"gold_per_floor":[368,149,160,173,189,214,214,240,291,291,322,339,246,261,261,336,336,346,360,371,383,89,89,104,104,130,158,158,58,58,87,87,165,165,181,192,78,123,123,155,155,155,180,207,220,247,21,40,40,40],"floor_reached":51,"playtime":14937,"items_purged":["Strike_R","Strike_R","Strike_R"],"score":1271,"play_id":"072b7384-bde4-4965-bdbf-4d3ea026efe3","local_time":"20201227011901","is_ascension_mode":true,"campfire_choices":[{"data":"Uppercut","floor":7.0,"key":"SMITH"},{"data":"Body Slam","floor":15.0,"key":"SMITH"},{"data":"Entrench","floor":23.0,"key":"SMITH"},{"data":"Demon Form","floor":28.0,"key":"SMITH"},{"data":"Shrug It Off","floor":30.0,"key":"SMITH"},{"data":"Impervious","floor":32.0,"key":"SMITH"},{"data":"Offering","floor":41.0,"key":"SMITH"},{"data":"Offering","floor":49.0,"key":"SMITH"}],"circlet_count":0,"master_deck":["AscendersBane","Defend_R","Defend_R","Defend_R","Bash","Uppercut+1","Pommel Strike","Battle Trance","Reaper","Feed","Impervious+1","Body Slam+1","Entrench+1","Flash of Steel","Demon Form+1","Shrug It Off+1","Disarm","Headbutt","Heavy Blade+1","Offering+1","Sword Boomerang","Shrug It Off","Offering+1","Armaments+1"],"relics":["Black Blood","Lantern","Shuriken","Mercury Hourglass","PreservedInsect","Tiny Chest","FossilizedHelix","Strawberry","Red Skull","Nunchaku","The Courier","Empty Cage","Frozen Eye","Prayer Wheel","Bag of Preparation","Happy Flower","Bronze Scales","Paper Frog","Anchor"],"acts_visited":["Exordium","TheCity","TheBeyond"],"potions_floor_usage":[50],"damage_taken":[{"damage":7.0,"enemies":"Small Slimes","floor":1.0,"turns":3.0},{"damage":1.0,"enemies":"Cultist","floor":3.0,"turns":4.0},{"damage":7.0,"enemies":"Jaw Worm","floor":4.0,"turns":3.0},{"damage":4.0,"enemies":"Looter","floor":5.0,"turns":3.0},{"damage":18.0,"enemies":"Lagavulin","floor":6.0,"turns":5.0},{"damage":12.0,"enemies":"Gremlin Nob","floor":8.0,"turns":3.0},{"damage":5.0,"enemies":"Lagavulin","floor":11.0,"turns":6.0},{"damage":0.0,"enemies":"Blue Slaver","floor":12.0,"turns":2.0},{"damage":0.0,"enemies":"3 Louse","floor":14.0,"turns":2.0},{"damage":38.0,"enemies":"Hexaghost","floor":16.0,"turns":7.0},{"damage":20.0,"enemies":"Spheric Guardian","floor":18.0,"turns":4.0},{"damage":12.0,"enemies":"Shell Parasite","floor":19.0,"turns":5.0},{"damage":23.0,"enemies":"3 Cultists","floor":20.0,"turns":5.0},{"damage":28.0,"enemies":"Shelled Parasite and Fungi","floor":21.0,"turns":4.0},{"damage":12.0,"enemies":"Centurion and Healer","floor":24.0,"turns":6.0},{"damage":22.0,"enemies":"Book of Stabbing","floor":27.0,"turns":5.0},{"damage":5.0,"enemies":"Slavers","floor":31.0,"turns":4.0},{"damage":23.0,"enemies":"Champ","floor":33.0,"turns":6.0},{"damage":0.0,"enemies":"Orb Walker","floor":35.0,"turns":2.0},{"damage":10.0,"enemies":"3 Darklings","floor":36.0,"turns":4.0},{"damage":29.0,"enemies":"2 Orb Walkers","floor":38.0,"turns":3.0},{"damage":75.0,"enemies":"Reptomancer","floor":40.0,"turns":5.0},{"damage":21.0,"enemies":"Maw","floor":45.0,"turns":5.0},{"damage":22.0,"enemies":"Giant Head","floor":46.0,"turns":7.0},{"damage":19.0,"enemies":"4 Shapes","floor":48.0,"turns":7.0},{"damage":50,"enemies":"Time Eater","floor":50,"turns":5}],"seed_played":"8673633454670429115","potions_obtained":[{"floor":4.0,"key":"Energy Potion"},{"floor":5.0,"key":"Block Potion"},{"floor":6.0,"key":"PowerPotion"},{"floor":8.0,"key":"Fire Potion"},{"floor":20.0,"key":"Energy Potion"},{"floor":24.0,"key":"DuplicationPotion"},{"floor":31.0,"key":"Strength Potion"},{"floor":35.0,"key":"GamblersBrew"},{"floor":36.0,"key":"Weak Potion"},{"floor":45.0,"key":"PowerPotion"}],"is_trial":false,"path_per_floor":["M","$","M","M","M","E","R","E","T","?","E","M","$","M","R","B",null,"M","M","M","M","$","R","M","T","T","E","R","$","R","E","R","B",null,"M","M","$","?","?","E","R","?","T","T","M","E","$","M","R","B",null],"character_chosen":"IRONCLAD","items_purchased":["Lantern","Flash of Steel","FossilizedHelix","Frozen Eye","Anchor"],"campfire_rested":0,"item_purchase_floors":[2,13,22,37,47],"current_hp_per_floor":[71,71,72,71,72,60,60,54,54,54,58,67,67,76,76,49,73,68,71,63,50,50,50,53,60,60,50,50,50,50,69,69,61,97,109,109,109,92,92,47,47,95,95,95,92,82,82,91,91,96],"gold":40,"neow_bonus":"TWO_FIFTY_GOLD","is_daily":false,"chose_seed":false,"campfire_upgraded":8,"win_rate":0.0,"timestamp":1608999541,"path_taken":["M","$","M","M","M","E","R","E","T","?","E","M","?","M","R","BOSS","M","?","?","M","$","R","M","?","T","E","R","$","R","E","R","BOSS","M","M","$","?","?","E","R","?","T","?","M","E","$","M","R","BOSS"],"items_purchased_type":["Relic","Card","Relic","Relic","Relic"],"build_version":"2020-12-22","purchased_purges":3,"victory":true,"max_hp_per_floor":[72,72,72,72,72,72,72,72,72,72,75,75,75,78,78,81,81,84,87,90,93,93,93,96,103,103,103,103,103,103,106,106,109,109,109,109,109,109,109,109,109,95,95,95,95,95,95,98,98,98],"card_choices":[{"not_picked":["Clash","Havoc","Metallicize"],"picked":"SKIP","floor":1.0},{"not_picked":["Clothesline","Dropkick"],"picked":"Uppercut","floor":3.0},{"not_picked":["Clothesline","True Grit"],"picked":"Pommel Strike","floor":4.0},{"not_picked":["Twin Strike","Clothesline"],"picked":"Battle Trance","floor":5.0},{"not_picked":["Flex","Cleave"],"picked":"Reaper","floor":6.0},{"not_picked":["Dual Wield","True Grit"],"picked":"Feed","floor":8.0},{"not_picked":["Carnage","Wild Strike"],"picked":"Body Slam","floor":11.0},{"not_picked":["Iron Wave","Spot Weakness"],"picked":"Entrench","floor":12.0},{"not_picked":["Twin Strike","Perfected Strike","Pommel Strike"],"picked":"SKIP","floor":14.0},{"not_picked":["Juggernaut","Fiend Fire"],"picked":"Demon Form","floor":16.0},{"not_picked":["Searing Blow","Fire Breathing"],"picked":"Shrug It Off","floor":18.0},{"not_picked":["Spot Weakness","Rupture","Pommel Strike"],"picked":"SKIP","floor":19.0},{"not_picked":["Entrench","Rampage"],"picked":"Disarm","floor":20.0},{"not_picked":["Wild Strike","Blood for Blood","Shrug It Off"],"picked":"SKIP","floor":21.0},{"not_picked":["Armaments","Havoc"],"picked":"Headbutt","floor":24.0},{"not_picked":["Whirlwind","Metallicize"],"picked":"Heavy Blade+1","floor":27.0},{"not_picked":["Shrug It Off","True Grit","Heavy Blade+1"],"picked":"SKIP","floor":31.0},{"not_picked":["Juggernaut","Feed"],"picked":"Offering","floor":33.0},{"not_picked":["Thunderclap+1","Cleave","Havoc"],"picked":"SKIP","floor":35.0},{"not_picked":["Inflame","Flex","Perfected Strike"],"picked":"SKIP","floor":36.0},{"not_picked":["Evolve","Clothesline+1"],"picked":"Sword Boomerang","floor":38.0},{"not_picked":["Inflame+1","Infernal Blade","Power Through"],"picked":"SKIP","floor":40.0},{"not_picked":["Thunderclap","Pommel Strike"],"picked":"Shrug It Off","floor":45.0},{"not_picked":["Anger","Rampage","Body Slam"],"picked":"SKIP","floor":45.0},{"not_picked":["Flame Barrier","Hemokinesis"],"picked":"Offering","floor":46.0},{"not_picked":["Pummel","Warcry"],"picked":"Armaments+1","floor":48.0},{"not_picked":["Havoc","Battle Trance","Flex"],"picked":"SKIP","floor":48.0}],"player_experience":364182,"relics_obtained":[{"floor":6.0,"key":"Shuriken"},{"floor":8.0,"key":"Mercury Hourglass"},{"floor":9.0,"key":"PreservedInsect"},{"floor":11.0,"key":"Tiny Chest"},{"floor":25.0,"key":"Strawberry"},{"floor":26.0,"key":"Red Skull"},{"floor":27.0,"key":"Nunchaku"},{"floor":31.0,"key":"The Courier"},{"floor":38.0,"key":"Prayer Wheel"},{"floor":40.0,"key":"Bag of Preparation"},{"floor":43.0,"key":"Happy Flower"},{"floor":44.0,"key":"Bronze Scales"},{"floor":46.0,"key":"Paper Frog"}],"event_choices":[{"damage_healed":0.0,"max_hp_gain":0.0,"max_hp_loss":0.0,"gold_gain":0.0,"event_name":"Match and Keep!","player_choice":"1 cards matched","floor":10.0,"gold_loss":0.0,"damage_taken":0.0,"cards_obtained":["Impervious"]},{"damage_healed":0.0,"max_hp_gain":0.0,"max_hp_loss":0.0,"gold_gain":0.0,"event_name":"Mysterious Sphere","player_choice":"Fight","floor":38.0,"gold_loss":0.0,"damage_taken":0.0},{"cards_removed":["Defend_R"],"damage_healed":0.0,"max_hp_gain":0.0,"max_hp_loss":0.0,"gold_gain":0.0,"event_name":"Falling","player_choice":"Removed Skill","floor":39.0,"gold_loss":0.0,"damage_taken":0.0},{"damage_healed":95.0,"max_hp_gain":0.0,"max_hp_loss":14.0,"gold_gain":0.0,"event_name":"The Moai Head","player_choice":"Heal","floor":42.0,"gold_loss":0.0,"damage_taken":0.0}],"is_beta":false,"boss_relics":[{"not_picked":["Ectoplasm","Runic Pyramid"],"picked":"Black Blood"},{"not_picked":["Calling Bell","Busted Crown"],"picked":"Empty Cage"}],"items_purged_floors":[2,29,47],"is_endless":false,"potions_floor_spawned":[4,5,6,8,12,20,24,31,35,36,45],"ascension_level":13}}