{"host":"sa7ebub27cgn5wai","time":1608963082,"event":{"mods":["BaseMod","Colored Map","Minty Spire (QoL Compilation)","SuperFastMode"],"gold_per_floor":[119,119,119,129,129,129,146,146,173,193,219,219,231,245,245,349,349,362,144,162,181,106,106,106,106,106,116,116,96,116,126,126,126,126],"floor_reached":33,"playtime":719,"items_purged":["Perfected Strike+1"],"score":398,"play_id":"afe38338-a655-45d3-a8c7-da169f6a2dcb","local_time":"20201226151122","is_ascension_mode":true,"campfire_choices":[{"data":"Bash","floor":6,"key":"SMITH"},{"data":"Defend_R","floor":8,"key":"SMITH"},{"data":"Seeing Red","floor":12,"key":"SMITH"},{"data":"Defend_R","floor":15,"key":"SMITH"},{"data":"Immolate","floor":23,"key":"SMITH"},{"data":"Infernal Blade","floor":25,"key":"SMITH"},{"data":"Defend_R","floor":28,"key":"SMITH"},{"data":"Wild Strike","floor":32,"key":"SMITH"}],"circlet_count":0,"master_deck":["AscendersBane","Defend_R+1","Defend_R+1","Defend_R+1","Defend_R+1","Bash+1","Pommel Strike+1","Seeing Red+1","Immolate+1","Burning Pact+1","Bludgeon+1","Whirlwind+1","Battle Trance+1","Infernal Blade+1","Evolve+1","Wild Strike+1"],"relics":["Burning Blood","Bag of Marbles","Kunai","Astrolabe","Blood Vial","StrikeDummy"],"acts_visited":["Exordium","TheCity"],"potions_floor_usage":[14,16,16,16,16,18,33],"damage_taken":[{"damage":1,"enemies":"2 Louse","floor":1,"turns":3},{"damage":7,"enemies":"Jaw Worm","floor":4,"turns":3},{"damage":0,"enemies":"Small Slimes","floor":7,"turns":3},{"damage":25,"enemies":"Gremlin Gang","floor":10,"turns":4},{"damage":19,"enemies":"3 Sentries","floor":11,"turns":6},{"damage":0,"enemies":"2 Fungi Beasts","floor":13,"turns":3},{"damage":1,"enemies":"Lots of Slimes","floor":14,"turns":3},{"damage":37,"enemies":"Hexaghost","floor":16,"turns":9},{"damage":10,"enemies":"3 Byrds","floor":18,"turns":3},{"damage":3,"enemies":"Spheric Guardian","floor":20,"turns":3},{"damage":12,"enemies":"Chosen and Byrds","floor":21,"turns":6},{"damage":0,"enemies":"Snake Plant","floor":27,"turns":1},{"damage":20,"enemies":"Centurion and Healer","floor":30,"turns":4},{"damage":0,"enemies":"Snecko","floor":31,"turns":2},{"damage":89,"enemies":"Champ","floor":33,"turns":8}],"seed_played":"-210548601670030274","potions_obtained":[{"floor":10,"key":"EntropicBrew"},{"floor":13,"key":"Explosive Potion"},{"floor":18,"key":"BlessingOfTheForge"},{"floor":29,"key":"Energy Potion"}],"is_trial":false,"path_per_floor":["M","$","?","M","?","R","M","R","T","M","E","R","M","M","R","B",null,"M","$","M","M","?","R","?","R","T","M","R","?","M","M","R","B"],"character_chosen":"IRONCLAD","items_purchased":["Blood Vial"],"campfire_rested":0,"item_purchase_floors":[19],"current_hp_per_floor":[85,85,67,66,66,66,72,72,72,53,40,40,46,51,51,20,71,67,67,72,68,68,68,68,68,68,76,76,76,64,72,72,0,0],"gold":126,"neow_bonus":"TEN_PERCENT_HP_BONUS","is_daily":false,"chose_seed":false,"campfire_upgraded":8,"win_rate":0.0,"timestamp":1608963082,"path_taken":["M","$","?","M","?","R","M","R","T","M","E","R","M","M","R","BOSS","M","$","M","M","?","R","?","R","T","?","R","?","M","M","R","BOSS"],"items_purchased_type":["Relic"],"build_version":"2020-12-22","purchased_purges":1,"victory":false,"max_hp_per_floor":[88,88,88,88,88,88,88,88,88,88,88,88,88,88,88,88,88,88,88,88,88,88,88,88,88,88,88,88,88,88,88,88,88,88],"card_choices":[{"not_picked":["Clothesline","Warcry"],"picked":"Perfected Strike","floor":1},{"not_picked":["Dark Embrace","Armaments"],"picked":"Pommel Strike","floor":4},{"not_picked":["Clash","Bloodletting","Warcry"],"picked":"SKIP","floor":7},{"not_picked":["Clash","Anger"],"picked":"Seeing Red","floor":10},{"not_picked":["Sword Boomerang","Exhume","Rampage"],"picked":"SKIP","floor":11},{"not_picked":["Headbutt","Body Slam","Bloodletting"],"picked":"SKIP","floor":13},{"not_picked":["Reckless Charge","Heavy Blade","Second Wind"],"picked":"SKIP","floor":14},{"not_picked":["Fiend Fire","Corruption"],"picked":"Immolate","floor":16},{"not_picked":["Thunderclap","Iron Wave+1","Metallicize"],"picked":"SKIP","floor":18},{"not_picked":["Pommel Strike","Evolve"],"picked":"Battle Trance+1","floor":20},{"not_picked":["Iron Wave","Metallicize","Perfected Strike"],"picked":"SKIP","floor":21},{"not_picked":["Thunderclap","Heavy Blade"],"picked":"Evolve+1","floor":27},{"not_picked":["Blood for Blood","Shockwave"],"picked":"Wild Strike","floor":30},{"not_picked":["Pummel","Warcry","Rampage"],"picked":"SKIP","floor":31}],"player_experience":280932,"relics_obtained":[{"floor":9,"key":"Bag of Marbles"},{"floor":11,"key":"Kunai"},{"floor":26,"key":"StrikeDummy"}],"event_choices":[{"damage_healed":0,"gold_gain":0,"player_choice":"Entered Light","damage_taken":18,"max_hp_gain":0,"max_hp_loss":0,"event_name":"Shining Light","floor":3,"gold_loss":0,"cards_upgraded":["Defend_R","Perfected Strike"]},{"damage_healed":0,"gold_gain":0,"player_choice":"Grow","damage_taken":0,"max_hp_gain":0,"max_hp_loss":0,"event_name":"Living Wall","floor":5,"gold_loss":0,"cards_upgraded":["Pommel Strike"]},{"cards_removed":["Strike_R"],"damage_healed":0,"gold_gain":0,"player_choice":"Gave Gold","damage_taken":0,"max_hp_gain":0,"max_hp_loss":0,"event_name":"Beggar","floor":22,"gold_loss":75},{"damage_healed":0,"gold_gain":0,"cards_transformed":["Strike_R"],"player_choice":"Transformed","damage_taken":0,"max_hp_gain":0,"max_hp_loss":0,"event_name":"Transmorgrifier","floor":24,"gold_loss":0,"cards_obtained":["Infernal Blade"]},{"damage_healed":0,"gold_gain":0,"player_choice":"Bought 1 Potion","damage_taken":0,"max_hp_gain":0,"max_hp_loss":0,"event_name":"The Woman in Blue","floor":29,"gold_loss":0}],"is_beta":false,"boss_relics":[{"not_picked":["Runic Dome","Runic Pyramid"],"picked":"Astrolabe"}],"items_purged_floors":[19],"is_endless":false,"potions_floor_spawned":[10,13,18,31],"killed_by":"Champ","ascension_level":12}}