{"host":"ftwsn2kbtsx9x7xs","time":1608950389,"event":{"mods":["BaseMod","Hermit","Minty Spire (QoL Compilation)","Replay The Spire","StSLib","Td1madao Mod","The Dragon Tamer"],"gold_per_floor":[117,117,47,47,57,90,15,44,44,59,69,0,0,14,14,110,110,129,141,160,172,93,124,124,124],"floor_reached":24,"playtime":1344,"items_purged":["Doubt"],"score":253,"play_id":"b2feddc7-9890-44ff-89ab-43d9550cea94","local_time":"20201226113949","is_ascension_mode":false,"campfire_choices":[{"floor":15.0,"key":"RECALL"}],"circlet_count":0,"master_deck":["Strike_B","Strike_B","Defend_B","Defend_B","Defend_B","Defend_B","Zap","Dualcast","Conserve Battery","Lockon","Ball Lightning","Double Energy+1","Barrage","Skim","Ball Lightning","FIFO Queue","Glacier","Thunder Strike","Fission","Loop","Redo+1","Panic Button","Double Energy+1","Self Repair"],"relics":["Cracked Core","NeowsBlessing","Ring of Peace","Lizard Tail","Replay:Bottled Eggs","Orichalcum"],"acts_visited":["Exordium","TheCity"],"potions_floor_usage":[23],"damage_taken":[{"damage":0.0,"enemies":"Jaw Worm","floor":1.0,"turns":1.0},{"damage":0.0,"enemies":"Cultist","floor":5.0,"turns":1.0},{"damage":0.0,"enemies":"Replay:BlueRogue","floor":6.0,"turns":1.0},{"damage":1.0,"enemies":"Lagavulin","floor":8.0,"turns":5.0},{"damage":0.0,"enemies":"2 Louse","floor":10.0,"turns":3.0},{"damage":0.0,"enemies":"Blue Slaver","floor":11.0,"turns":3.0},{"damage":0.0,"enemies":"Lots of Slimes","floor":14.0,"turns":4.0},{"damage":30.0,"enemies":"Hexaghost","floor":16.0,"turns":9.0},{"damage":16.0,"enemies":"Spheric Guardian","floor":18.0,"turns":6.0},{"damage":3.0,"enemies":"Shell Parasite","floor":19.0,"turns":6.0},{"damage":1.0,"enemies":"3 Cultists","floor":20.0,"turns":6.0},{"damage":10.0,"enemies":"Chosen and Byrds","floor":21.0,"turns":7.0},{"damage":37,"enemies":"Book of Stabbing","floor":23,"turns":6},{"damage":0,"enemies":"Snake Plant","floor":24,"turns":1}],"seed_played":"-6124194001186695147","potions_obtained":[{"floor":5.0,"key":"Death Potion"},{"floor":6.0,"key":"Block Potion"},{"floor":8.0,"key":"SteroidPotion"},{"floor":18.0,"key":"Venom Potion"},{"floor":20.0,"key":"Block Potion"}],"is_trial":false,"path_per_floor":["M","?","$","?","M","E","$","E","T","M","M","$","?","M","R","B",null,"M","M","M","M","$","E","M"],"character_chosen":"DEFECT","items_purchased":["Lockon","FIFO Queue","Double Energy"],"campfire_rested":0,"item_purchase_floors":[3,12,22],"current_hp_per_floor":[75,75,75,75,75,75,75,74,74,74,74,74,74,74,74,44,75,59,56,55,45,45,8,8,8],"gold":124,"neow_bonus":"THREE_ENEMY_KILL","is_daily":false,"chose_seed":false,"campfire_upgraded":0,"win_rate":0.0,"timestamp":1608950389,"path_taken":["M","?","?","?","M","E","$","E","T","M","M","$","?","M","R","BOSS","M","M","M","M","$","E","M"],"items_purchased_type":["Card","Card","Card"],"build_version":"2020-12-22","purchased_purges":1,"victory":false,"max_hp_per_floor":[75,75,75,75,75,75,75,75,75,75,75,75,75,75,75,75,75,75,75,75,75,75,75,75,75],"card_choices":[{"not_picked":["Streamline","Consume"],"picked":"Conserve Battery","floor":1.0},{"not_picked":["Go for the Eyes","Hello World"],"picked":"Ball Lightning","floor":5.0},{"not_picked":["Steam","Compile Driver"],"picked":"Double Energy","floor":6.0},{"not_picked":["Core Surge","Doom and Gloom"],"picked":"Barrage","floor":8.0},{"not_picked":["Steam","ReplayTheSpireMod:System Scan"],"picked":"Skim","floor":10.0},{"not_picked":["Chaos","Darkness"],"picked":"Ball Lightning","floor":11.0},{"not_picked":["Barrage","Streamline"],"picked":"Thunder Strike","floor":14.0},{"not_picked":["Core Surge","Amplify"],"picked":"Fission","floor":16.0},{"not_picked":["Go for the Eyes","ReplayTheSpireMod:Reroute Power"],"picked":"Loop","floor":18.0},{"not_picked":["Stack","Hologram+1"],"picked":"Redo+1","floor":19.0},{"not_picked":["Cold Snap","Gash+1","Barrage+1"],"picked":"SKIP","floor":20.0},{"not_picked":["Compile Driver","Steam"],"picked":"Panic Button","floor":21.0},{"not_picked":["Loop","Go for the Eyes"],"picked":"Self Repair","floor":23}],"player_experience":158037,"relics_obtained":[{"floor":4.0,"key":"Ring of Peace"},{"floor":6.0,"key":"Lizard Tail"},{"floor":8.0,"key":"Replay:Bottled Eggs"},{"floor":23,"key":"Orichalcum"}],"event_choices":[{"cards_removed":["Strike_B"],"damage_healed":0.0,"max_hp_gain":0.0,"max_hp_loss":0.0,"gold_gain":0.0,"event_name":"Purifier","player_choice":"Purged","floor":2.0,"gold_loss":0.0,"damage_taken":0.0},{"damage_healed":0.0,"max_hp_gain":0.0,"max_hp_loss":0.0,"gold_gain":0.0,"cards_transformed":["Strike_B"],"event_name":"Transmorgrifier","player_choice":"Transformed","floor":13.0,"gold_loss":0.0,"damage_taken":0.0,"cards_obtained":["Glacier"]}],"is_beta":false,"boss_relics":[{"not_picked":["Velvet Choker","ReplayTheSpireMod:DimensionalGlitch","Runic Dome"]}],"items_purged_floors":[7],"is_endless":false,"potions_floor_spawned":[5,6,8,18,19,20],"killed_by":"Snake Plant","ascension_level":0}}