{"host":"4w8ocelhatf0iefc","time":1608968851,"event":{"mods":["AchievementEnabler","Act Like it!","Aspiration","BaseMod","Colored Map","Colored Powertips","Hubris","Minty Spire (QoL Compilation)","Replay The Spire","StSLib"],"gold_per_floor":[113,113,123,19,78,78,105,115,115,115,115,65,93,110,110,213,213,224,424,440,125,141,141,141,141,141,56,91,91,116,145,145,145,145],"floor_reached":33,"playtime":1920,"items_purged":["Defend_B"],"score":339,"play_id":"255aa682-0d63-4609-955d-0c3529cc70bd","local_time":"20201226154731","is_ascension_mode":true,"campfire_choices":[{"data":"Streamline","floor":6,"key":"SMITH"},{"data":"Sweeping Beam","floor":11,"key":"SMITH"},{"floor":15,"key":"REST"},{"data":"Self Repair","floor":23,"key":"SMITH"},{"data":"Ghostly","floor":29,"key":"SMITH"},{"data":"Ghostly","floor":32,"key":"SMITH"}],"circlet_count":0,"master_deck":["Strike_B","Strike_B","Defend_B","Defend_B","Defend_B","Zap","Dualcast","Panic Button","Streamline+1","Self Repair+1","Coolheaded","Sweeping Beam+1","Redo","Storm","Force Field","Seek","ReplayTheSpireMod:System Scan+1","Consume","Ghostly+1","Ghostly","Ghostly","Ghostly","Ghostly+1","BasicCrystalCard+1","Reinforced Body+1"],"relics":["Cracked Core","Mercury Hourglass","aspiration:StickyExplosives_weak","Replay:Mystery Machine","aspiration:MysteriousAuxiliaryCore","Replay:Grab Bag","Philosopher\u0027s Stone","Coffee Dripper","hubris:ScarierMask","aspiration:BursterCore","Symbiotic Virus","aspiration:RitualStick","Golden Egg","CeramicFish"],"acts_visited":["Exordium","TheCity"],"potions_floor_usage":[7,16,20,20,28,30],"damage_taken":[{"damage":0,"enemies":"Small Slimes","floor":1,"turns":3},{"damage":11,"enemies":"Cultist","floor":3,"turns":4},{"damage":28,"enemies":"Lagavulin","floor":7,"turns":6},{"damage":7,"enemies":"Jaw Worm","floor":8,"turns":2},{"damage":34,"enemies":"Gremlin Nob","floor":13,"turns":4},{"damage":15,"enemies":"3 Louse","floor":14,"turns":2},{"damage":31,"enemies":"The Guardian","floor":16,"turns":12},{"damage":9,"enemies":"2 Thieves","floor":18,"turns":3},{"damage":17,"enemies":"Shell Parasite","floor":20,"turns":5},{"damage":39,"enemies":"Snake Plant","floor":22,"turns":4},{"damage":10,"enemies":"Book of Stabbing","floor":28,"turns":4},{"damage":0,"enemies":"Cultist and Chosen","floor":30,"turns":3},{"damage":1,"enemies":"3 Cultists","floor":31,"turns":4},{"damage":41,"enemies":"Collector","floor":33,"turns":7}],"seed_played":"-7552544457512117488","potions_obtained":[{"floor":5,"key":"DistilledChaos"},{"floor":7,"key":"PotionOfCapacity"},{"floor":14,"key":"SteroidPotion"},{"floor":16,"key":"Explosive Potion"},{"floor":18,"key":"SteroidPotion"},{"floor":28,"key":"FocusPotion"}],"is_trial":false,"path_per_floor":["M","?","M","$","?","R","E","M","T","?","R","?","E","M","R","B",null,"M","?","M","$","M","R","?","?","T","?","E","R","M","M","R","B"],"character_chosen":"DEFECT","items_purchased":["Self Repair","Coolheaded","Symbiotic Virus"],"campfire_rested":1,"item_purchase_floors":[4,4,21],"current_hp_per_floor":[82,82,71,71,71,71,50,50,50,50,50,50,23,15,39,15,82,73,73,63,63,31,31,15,15,15,15,15,15,25,34,34,0,0],"gold":145,"neow_bonus":"TEN_PERCENT_HP_BONUS","is_daily":false,"chose_seed":false,"campfire_upgraded":5,"win_rate":0.0,"timestamp":1608968851,"path_taken":["M","?","?","$","?","R","E","M","T","?","R","?","E","M","R","BOSS","M","?","M","$","?","R","?","?","T","?","E","R","M","M","R","BOSS"],"items_purchased_type":["Card","Card","Relic"],"build_version":"2020-12-22","purchased_purges":1,"victory":false,"max_hp_per_floor":[82,82,82,82,82,82,82,82,82,82,82,82,82,82,82,82,82,82,82,82,82,82,82,82,41,41,41,41,41,41,41,41,41,41],"card_choices":[{"not_picked":["Barrage","Scrape"],"picked":"Panic Button","floor":1},{"not_picked":["Beam Cell","Rebound"],"picked":"Streamline","floor":3},{"not_picked":["Ball Lightning","BasicCrystalCard"],"picked":"Sweeping Beam","floor":5},{"not_picked":["Sweeping Beam","Beam Cell"],"picked":"Redo","floor":7},{"not_picked":["Reinforced Body","Streamline"],"picked":"Storm","floor":8},{"not_picked":["Self Repair","Steam","Rebound"],"picked":"SKIP","floor":13},{"not_picked":["Conserve Battery","ReplayTheSpireMod:Reroute Power"],"picked":"Force Field","floor":14},{"not_picked":["Biased Cognition","hubris:SpecializedCircuitry"],"picked":"Seek","floor":16},{"not_picked":["Ball Lightning","Compile Driver"],"picked":"ReplayTheSpireMod:System Scan+1","floor":18},{"not_picked":["BasicCrystalCard","Steam"],"picked":"Consume","floor":20},{"not_picked":["Conserve Battery","Hologram+1","BasicCrystalCard"],"picked":"SKIP","floor":22},{"not_picked":["Panic Button","Rebound","Cold Snap"],"picked":"SKIP","floor":28},{"not_picked":["Gash","BootSequence"],"picked":"BasicCrystalCard+1","floor":30},{"not_picked":["Fusion","Panic Button"],"picked":"Reinforced Body+1","floor":31}],"player_experience":293220,"relics_obtained":[{"floor":5,"key":"Mercury Hourglass"},{"floor":7,"key":"aspiration:StickyExplosives_weak"},{"floor":9,"key":"Replay:Mystery Machine"},{"floor":13,"key":"aspiration:MysteriousAuxiliaryCore"},{"floor":28,"key":"CeramicFish"}],"event_choices":[{"cards_removed":["Strike_B"],"damage_healed":0,"gold_gain":0,"player_choice":"Offered Basic","damage_taken":0,"max_hp_gain":0,"max_hp_loss":0,"event_name":"Bonfire Elementals","floor":2,"gold_loss":0},{"cards_removed":["ReplayTheSpireMod:Splinters"],"damage_healed":0,"gold_gain":0,"player_choice":"Card Removal","damage_taken":0,"max_hp_gain":0,"max_hp_loss":0,"event_name":"The Cleric","floor":12,"gold_loss":50},{"damage_healed":0,"gold_gain":250,"player_choice":"Bet on Owner","damage_taken":0,"max_hp_gain":0,"max_hp_loss":0,"event_name":"The Joust","floor":19,"gold_loss":50},{"damage_healed":0,"gold_gain":0,"player_choice":"Became a Ghost","damage_taken":0,"max_hp_gain":0,"max_hp_loss":41,"event_name":"Ghosts","floor":25,"gold_loss":0,"cards_obtained":["Ghostly","Ghostly","Ghostly","Ghostly","Ghostly"]},{"damage_healed":0,"gold_gain":0,"player_choice":"Obtained Relic","damage_taken":0,"relics_obtained":["Golden Egg"],"max_hp_gain":0,"max_hp_loss":0,"event_name":"Addict","floor":27,"gold_loss":85}],"is_beta":false,"boss_relics":[{"not_picked":["aspiration:FutureDiary","Astrolabe"],"picked":"Replay:Grab Bag"},{"not_picked":["Busted Crown","Runic Dome"],"picked":"Philosopher\u0027s Stone"},{"not_picked":["Fusion Hammer","Velvet Choker"],"picked":"Coffee Dripper"},{"not_picked":["FrozenCore","Empty Cage"],"picked":"hubris:ScarierMask"},{"not_picked":["aspiration:RunicSpoon","Honey Jar"],"picked":"aspiration:BursterCore"}],"items_purged_floors":[21],"is_endless":false,"potions_floor_spawned":[7,14,16,18,28],"killed_by":"Collector","ascension_level":3}}