{"host":"9cludmss42ivb2me","time":1608955124,"event":{"mods":["AchievementEnabler","Aspiration","Bard","BaseMod","Beaked The Cultist","Better Altar","Better Match","Better Note","Better Sensory Stone","Better Skull","Better Third Choice","BetterRewards","CCEM","Clawfect","Colored Map","Conspire","Downfall","GifTheSpireLib","Googly Eyes","Halation","Hermit","Highlight Path","Hubris","Hunter ??","Infinite Spire","Jedi Mod","Jorbs\u0027s Wanderer Trilogy","Mad Scientist","Marisa????????","Mimic Mod","Minty Spire (QoL Compilation)","Permanent Neow","Replay The Spire","Shade Mod","Shop Mod","Spicy Shops","StSLib","Stuff the Spire","The Administrix","The Blackbeard","The Bug Knight","The Construct","The Cursed","The Disciple","The Gatherer","The Hierophant","The IronCluck","The Jungle","The Mystic","The Necromancer","The Problem Sleuth","The Runesmith","The Servant 0.9.4","The Spell Scribe","The Witch","Unceasing Turn Reminder","[IsaacMod]????","everything is the same but u backflip on backflip","slay the spire mod where everything is the same but ironclad has a cowboy hat"],"gold_per_floor":[112,39,39,54,68,68,68,88,126,126,144,175,186,186,186,284,284,299,312,326,345,362,362,377,377,377,388,74,99,99,110,110,212,212,229,229,229,229],"floor_reached":37,"playtime":3312,"items_purged":[],"score":470,"play_id":"fa4163b0-7ff8-4997-acb7-f50f74dbc0b1","local_time":"20201225205844","is_ascension_mode":false,"campfire_choices":[{"data":"Shade:Bonestorm","floor":6.0,"key":"SMITH"},{"floor":15.0,"key":"REST"},{"data":"Shade:SensePrey","floor":23.0,"key":"SMITH"},{"data":"Replay:Fractal Strike","floor":30.0,"key":"SMITH"},{"data":"Shade:AuraOfUnlife","floor":32.0,"key":"SMITH"}],"circlet_count":0,"master_deck":["Shade:Strike_Shade","Shade:Strike_Shade","Shade:Strike_Shade","Shade:Strike_Shade","Shade:Defend_Shade","Shade:Defend_Shade","Shade:Defend_Shade","Shade:Defend_Shade","Shade:AnimateDead","Shade:CarefulCut","Shade:FingerOfDeath+1","Shade:Bonestorm+1","Shade:Frenzy","Shade:CallOfTheGrave","Shade:CommandSoldier","Shade:Doomsay","Shade:AncientSpear","Shade:Consume","Shade:PoundOfFlesh","Shade:FingerOfDeath","Shade:DarkOfNight","Shade:AuraOfUnlife+1","Shade:AncientSpear+1","Shade:SensePrey+1","Shade:ScuttlingHand+1","Shade:Frenzy","Shade:Patience","Shade:GoDigging","Replay:Fractal Strike+1","Shade:BoneShards","Shade:Premonition","Shade:CallOfTheGrave","Shade:ClawBack","expansioncontent:DecasProtection","infinitespire:Fortify","Shade:Excise","Shade:WallOfFlesh","Shade:Consume","Shade:Premonition"],"relics":["Shade:YorickSkull","HushsDoor","GuppysHead","StuffTheSpire:OldFever","CCEMRelics:Sandal","CCEMRelics:PorcelainBowl","Busted Crown","AnarchistCookbook","Pantograph","Damocles","hubris:ToyBattleship","halation:Prosthetics","infinitespire:Broken Mirror"],"acts_visited":["Exordium","TheCity","TheBeyond"],"potions_floor_usage":[],"damage_taken":[{"damage":4.0,"enemies":"conspire:RoseBush","floor":1.0,"turns":3.0},{"damage":0.0,"enemies":"Jaw Worm","floor":4.0,"turns":2.0},{"damage":0.0,"enemies":"2 Louse","floor":5.0,"turns":1.0},{"damage":0.0,"enemies":"conspire:2 RoseBushes","floor":8.0,"turns":4.0},{"damage":0.0,"enemies":"Looter","floor":9.0,"turns":5.0},{"damage":6.0,"enemies":"Looter","floor":11.0,"turns":3.0},{"damage":10.0,"enemies":"HollowMod:MossKnight","floor":12.0,"turns":5.0},{"damage":13.0,"enemies":"Gremlin Gang","floor":13.0,"turns":3.0},{"damage":28.0,"enemies":"Hexaghost","floor":16.0,"turns":9.0},{"damage":0.0,"enemies":"conspire:FuzzyDice","floor":18.0,"turns":5.0},{"damage":5.0,"enemies":"3 Byrds","floor":19.0,"turns":3.0},{"damage":0.0,"enemies":"Sentry and Sphere","floor":20.0,"turns":3.0},{"damage":0.0,"enemies":"3 Cultists","floor":21.0,"turns":2.0},{"damage":0.0,"enemies":"Centurion and Healer","floor":22.0,"turns":3.0},{"damage":7.0,"enemies":"Shelled Parasite and Fungi","floor":24.0,"turns":3.0},{"damage":0.0,"enemies":"Chosen and Byrds","floor":27.0,"turns":4.0},{"damage":9.0,"enemies":"Nightmare","floor":29.0,"turns":5.0},{"damage":0.0,"enemies":"3 Cultists","floor":31.0,"turns":4.0},{"damage":0.0,"enemies":"hubris:MusketHawk","floor":33.0,"turns":9.0},{"damage":5.0,"enemies":"3 Shapes","floor":35.0,"turns":3.0}],"seed_played":"5042607407444811032","potions_obtained":[{"floor":5.0,"key":"FairyPotion"},{"floor":11.0,"key":"Dexterity Potion"},{"floor":12.0,"key":"SmokeBomb"},{"floor":18.0,"key":"Guardian:BlockOnCardUsePotion"}],"is_trial":false,"path_per_floor":["M","$","?","M","M","R","?","M","MIM","?","M","E","M","?","R","B",null,"M","M","M","M","M","R","M","AVR","T","M","$","NM","R","M","R","B",null,"M","AVR","M"],"character_chosen":"SHADE","items_purchased":["Shade:Bonestorm","Shade:AuraOfUnlife","Shade:Premonition","Shade:CallOfTheGrave","Shade:ClawBack","expansioncontent:DecasProtection"],"campfire_rested":1,"item_purchase_floors":[2,17,28,28,28,28],"current_hp_per_floor":[67,67,67,67,67,67,67,67,67,67,61,51,38,31,52,24,69,69,64,64,64,64,64,57,57,57,57,57,48,48,48,48,69,34,29,29,29,29],"gold":229,"neow_bonus":"TEN_PERCENT_HP_BONUS","is_daily":false,"chose_seed":false,"campfire_upgraded":4,"win_rate":0.0,"timestamp":1608955124,"path_taken":["M","$","?","M","M","R","?","M","MIM","?","M","E","?","?","R","BOSS","M","M","M","M","?","R","M","AVR","T","M","$","NM","R","M","R","BOSS","M","AVR","M"],"items_purchased_type":["Card","Card","Card","Card","Card","Card"],"build_version":"2020-12-22","purchased_purges":0,"victory":false,"max_hp_per_floor":[71,71,71,71,71,71,71,71,71,71,71,71,71,71,71,71,69,69,69,69,69,69,69,69,69,69,69,69,69,69,69,69,69,34,34,34,34,34],"card_choices":[{"not_picked":["Shade:Haruspicy","Shade:Frenzy"],"picked":"Shade:FingerOfDeath","floor":1.0},{"not_picked":["Shade:AblativeArmor","Shade:FleshToFlesh"],"picked":"Shade:Frenzy","floor":4.0},{"not_picked":["Shade:SpontaneousRitual","Shade:FleshOffering"],"picked":"Shade:CallOfTheGrave","floor":5.0},{"not_picked":["Shade:FuneraryArmor","Shade:StitchTogether"],"picked":"Shade:Doomsay","floor":8.0},{"not_picked":["Shade:Brains","Shade:FuneraryArmor"],"picked":"Shade:AncientSpear","floor":9.0},{"not_picked":["Shade:Trample","Shade:AncientSpear"],"picked":"Shade:Consume","floor":11.0},{"not_picked":["Shade:SoulToxin","Shade:SanguineRitual"],"picked":"Shade:PoundOfFlesh","floor":12.0},{"not_picked":["Shade:FeralStrike","Shade:AncientSpear"],"picked":"Shade:FingerOfDeath","floor":13.0},{"not_picked":["Shade:MadHubris","Shade:OminousRitual"],"picked":"Shade:DarkOfNight","floor":16.0},{"not_picked":[],"picked":"Shade:AncientSpear+1","floor":18.0},{"not_picked":[],"picked":"Shade:SensePrey","floor":19.0},{"not_picked":[],"picked":"Shade:ScuttlingHand+1","floor":20.0},{"not_picked":[],"picked":"Shade:Frenzy","floor":21.0},{"not_picked":[],"picked":"Shade:Patience","floor":22.0},{"not_picked":[],"picked":"Shade:GoDigging","floor":24.0},{"not_picked":[],"picked":"Shade:BoneShards","floor":27.0},{"not_picked":["infinitespire:Oblivion","ReplayTheSpireMod:Echoes of Time"],"picked":"infinitespire:Fortify","floor":29.0},{"not_picked":[],"picked":"Shade:Excise","floor":29.0},{"not_picked":[],"picked":"Shade:WallOfFlesh","floor":31.0},{"not_picked":[],"picked":"Shade:Consume","floor":33.0},{"not_picked":[],"picked":"Shade:Premonition","floor":35.0}],"player_experience":49269,"relics_obtained":[{"floor":9.0,"key":"StuffTheSpire:OldFever"},{"floor":12.0,"key":"CCEMRelics:Sandal"},{"floor":26.0,"key":"Pantograph"},{"floor":29.0,"key":"Damocles"},{"floor":31.0,"key":"hubris:ToyBattleship"}],"event_choices":[{"damage_healed":0.0,"max_hp_gain":0.0,"max_hp_loss":0.0,"gold_gain":0.0,"event_name":"betterThird:BetterScrap","player_choice":"Relic ","floor":14.0,"gold_loss":0.0,"damage_taken":7.0,"cards_obtained":["Double Tap"]}],"is_beta":false,"boss_relics":[{"not_picked":["Calling Bell","Runic Pyramid"],"picked":"Busted Crown"},{"not_picked":[]},{"not_picked":["aspiration:MarisaSkillbook","beaked:SacredDeck"],"picked":"halation:Prosthetics"},{"not_picked":[]}],"items_purged_floors":[],"is_endless":true,"potions_floor_spawned":[5,11,12,18,20,27,31],"killed_by":"3 Darklings","ascension_level":0}}