{"host":"l84l8xigz5v5foa2","time":1608975065,"event":{"mods":["2.2 Compatiblity","AchievementEnabler","BaseMod","Better Note","Better Vampires","Card Filter","Colored Map","DeckTracker","Downfall","Gremlin Skip","Highlight Path","Keyboard Shortcuts","Minty Spire (QoL Compilation)","Permanent Neow","Quick Restart","Relic Filter","Relic Stats","StSLib","SuperFastMode","Transform Curses","Unknown Chances"],"gold_per_floor":[99,118,138,138,152,62,88,119,133,133,159,179,179,179,195,195,195,195],"floor_reached":16,"playtime":764,"items_purged":["Pain"],"score":134,"play_id":"1dbf2bdc-94a6-4995-b916-80bc5d9849aa","local_time":"20201226183105","is_ascension_mode":true,"campfire_choices":[{"data":"champ:Taunt","floor":1.0,"key":"SMITH"},{"data":"champ:Lariat","floor":10.0,"key":"SMITH"},{"data":"champ:Duel","floor":13,"key":"SMITH"}],"circlet_count":0,"master_deck":["champ:Strike","champ:Strike","champ:Strike","champ:Defend","champ:Defend","champ:Defend","champ:Defend","champ:Execute","champ:Taunt+1","champ:AdrenalArmor","champ:Duel+1","champ:GutPunch","champ:StanceDance","champ:Lariat+1","champ:GladiatorStyle","champ:AdrenalArmor","champ:GladiatorStyle"],"relics":["champ:ChampionCrown","WarpedTongs","Omamori","Ornamental Fan","hexamod:BolsterEngine","downfall:ShatteredFragment"],"acts_visited":["Exordium"],"potions_floor_usage":[],"damage_taken":[{"damage":6.0,"enemies":"2 Louse","floor":2.0,"turns":3.0},{"damage":16.0,"enemies":"Cultist","floor":3.0,"turns":4.0},{"damage":5.0,"enemies":"Small Slimes","floor":5.0,"turns":3.0},{"damage":27.0,"enemies":"downfall:FleeingMerchant","floor":6.0,"turns":4.0},{"damage":52.0,"enemies":"3 Sentries","floor":8.0,"turns":7.0},{"damage":17.0,"enemies":"3 Louse","floor":9.0,"turns":3.0},{"damage":21.0,"enemies":"Gremlin Nob","floor":11.0,"turns":4.0},{"damage":30,"enemies":"Large Slime","floor":12,"turns":5},{"damage":12,"enemies":"Blue Slaver","floor":15,"turns":2},{"damage":34,"enemies":"downfall:Defect","floor":16,"turns":3}],"seed_played":"4190364596112936","potions_obtained":[{"floor":3.0,"key":"Regen Potion"},{"floor":5.0,"key":"Fire Potion"},{"floor":8.0,"key":"Block Potion"},{"floor":12,"key":"champ:UltimateStancePotion"}],"is_trial":false,"path_per_floor":["R","M","M","?","M","$","T","E","M","R","E","M","R","?","M","B"],"character_chosen":"THE_CHAMP","items_purchased":[],"campfire_rested":0,"item_purchase_floors":[],"current_hp_per_floor":[90,89,89,89,88,80,80,62,62,62,66,59,59,32,32,0,0,0],"gold":195,"neow_bonus":"REMOVE_CARD","is_daily":false,"chose_seed":false,"campfire_upgraded":3,"win_rate":0.0,"timestamp":1608975065,"path_taken":["R","M","M","?","?","$","T","E","M","R","E","M","R","?","M","BOSS"],"items_purchased_type":[],"build_version":"2020-12-22","purchased_purges":1,"victory":false,"max_hp_per_floor":[90,90,90,90,90,90,90,90,90,90,90,90,90,90,90,90,90,90],"relic_stats":{"counters":[10,38],"Ornamental Fan":[16],"obtain_stats":[{"downfall:ShatteredFragment":14,"Ornamental Fan":8,"champ:ChampionCrown":0,"Omamori":7,"hexamod:BolsterEngine":11,"WarpedTongs":4},{"downfall:ShatteredFragment":8,"Ornamental Fan":5,"champ:ChampionCrown":0,"Omamori":4,"hexamod:BolsterEngine":7,"WarpedTongs":2},{"downfall:ShatteredFragment":33,"Ornamental Fan":21,"champ:ChampionCrown":0,"Omamori":14,"hexamod:BolsterEngine":28,"WarpedTongs":7}],"WarpedTongs":[31]},"card_choices":[{"not_picked":["champ:BerserkersShout","champ:Shatter"],"picked":"champ:AdrenalArmor","floor":2.0},{"not_picked":["champ:DefensiveShout","champ:GutPunch"],"picked":"champ:Duel","floor":3.0},{"not_picked":["champ:GladiatorsShout","champ:BerserkersShout"],"picked":"champ:GutPunch","floor":5.0},{"not_picked":["champ:GutPunch","champ:CrookedStrike"],"picked":"champ:StanceDance","floor":6.0},{"not_picked":["champ:RapidStrikes","champ:FocusedGladiator"],"picked":"champ:Lariat","floor":8.0},{"not_picked":["champ:Circumvent","champ:PerfectForm","champ:BerserkersShout"],"picked":"SKIP","floor":9.0},{"not_picked":["champ:FightOn","champ:BladeFlurry"],"picked":"champ:GladiatorStyle","floor":11.0},{"not_picked":["champ:BladeFlurry","champ:PerfectedStrike"],"picked":"champ:AdrenalArmor","floor":12},{"not_picked":["champ:ShieldSigil","champ:BladeFlurry"],"picked":"champ:GladiatorStyle","floor":15}],"player_experience":2733120,"relics_obtained":[{"floor":7.0,"key":"Omamori"},{"floor":8.0,"key":"Ornamental Fan"},{"floor":11.0,"key":"hexamod:BolsterEngine"}],"event_choices":[{"damage_healed":0.0,"max_hp_gain":0.0,"max_hp_loss":0.0,"gold_gain":0.0,"event_name":"Accursed Blacksmith","player_choice":"Rummage","floor":4.0,"gold_loss":0.0,"damage_taken":0.0,"relics_obtained":["WarpedTongs"],"cards_obtained":["Pain"]}],"is_beta":false,"boss_relics":[],"items_purged_floors":[6],"is_endless":false,"potions_floor_spawned":[3,5,8,12],"killed_by":"downfall:Defect","ascension_level":4}}