{"host":"03a85bwj0a5skoit","time":1608986918,"event":{"mods":["BaseMod","Block Reminder","Minty Spire (QoL Compilation)","Relic Stats","StSLib"],"gold_per_floor":[113,113,129,143,39,94,94,151,163,175,9,55,71,116,116,141,141],"floor_reached":16,"playtime":504,"items_purged":["Strike_P","Injury"],"score":224,"play_id":"2d6b1439-e68f-48cd-b846-805600124f8b","local_time":"20201226231838","is_ascension_mode":true,"campfire_choices":[{"floor":7,"key":"REST"},{"floor":15,"key":"REST"}],"circlet_count":0,"master_deck":["AscendersBane","Strike_P","Strike_P","Strike_P","Defend_P","Defend_P","Defend_P","Defend_P","Eruption","Vigilance","EmptyBody","Wish","ForeignInfluence","BowlingBash","Collect","Tantrum","FearNoEvil"],"relics":["Cursed Key","Singing Bowl","HornCleat","MawBank","Mercury Hourglass","Golden Idol"],"acts_visited":["Exordium"],"potions_floor_usage":[6],"damage_taken":[{"damage":4,"enemies":"2 Louse","floor":1,"turns":3},{"damage":1,"enemies":"Small Slimes","floor":3,"turns":3},{"damage":0,"enemies":"Jaw Worm","floor":4,"turns":3},{"damage":22,"enemies":"3 Sentries","floor":6,"turns":11},{"damage":29,"enemies":"Lagavulin","floor":8,"turns":9},{"damage":0,"enemies":"2 Fungi Beasts","floor":12,"turns":3},{"damage":0,"enemies":"3 Louse","floor":13,"turns":2},{"damage":8,"enemies":"Large Slime","floor":14,"turns":4},{"damage":28,"enemies":"The Guardian","floor":16,"turns":5}],"seed_played":"469898768113559745","potions_obtained":[{"floor":3,"key":"SteroidPotion"},{"floor":13,"key":"Energy Potion"}],"is_trial":false,"path_per_floor":["M","?","M","M","$","E","R","E","T","?","$","M","M","M","R","B"],"character_chosen":"WATCHER","items_purchased":["BowlingBash","FearNoEvil"],"campfire_rested":2,"item_purchase_floors":[5,11],"current_hp_per_floor":[57,39,38,38,38,16,36,7,7,7,7,9,11,5,25,0,0],"gold":141,"neow_bonus":"BOSS_RELIC","is_daily":false,"chose_seed":false,"campfire_upgraded":0,"win_rate":0.0,"timestamp":1608986918,"path_taken":["M","?","M","M","$","E","R","E","T","?","$","M","M","M","R","BOSS"],"items_purchased_type":["Card","Card"],"build_version":"2020-12-22","purchased_purges":2,"victory":false,"max_hp_per_floor":[68,68,68,68,68,68,68,68,68,62,62,64,66,68,68,68,68],"relic_stats":{"Singing Bowl":6,"counters":[9,43],"Golden Idol":11,"Cursed Key":1,"MawBank":36,"obtain_stats":[{"HornCleat":6,"Singing Bowl":2,"Golden Idol":10,"PureWater":0,"Cursed Key":0,"MawBank":8,"Mercury Hourglass":9},{"HornCleat":4,"Singing Bowl":1,"Golden Idol":5,"PureWater":0,"Cursed Key":0,"MawBank":5,"Mercury Hourglass":5},{"HornCleat":20,"Singing Bowl":3,"Golden Idol":29,"PureWater":0,"Cursed Key":0,"MawBank":29,"Mercury Hourglass":29}],"Mercury Hourglass":[57]},"card_choices":[{"not_picked":["FollowUp","Study"],"picked":"EmptyBody","floor":1},{"not_picked":["EmptyFist","BowlingBash"],"picked":"Wish","floor":3},{"not_picked":["EmptyFist","CutThroughFate"],"picked":"ForeignInfluence","floor":4},{"not_picked":["EmptyBody","Nirvana"],"picked":"Collect","floor":6},{"not_picked":["ClearTheMind","SashWhip"],"picked":"Tantrum","floor":8},{"not_picked":["ClearTheMind","ForeignInfluence","JustLucky"],"picked":"Singing Bowl","floor":12},{"not_picked":["Collect","Crescendo","PathToVictory"],"picked":"Singing Bowl","floor":13},{"not_picked":["EmptyFist","Study","Protect"],"picked":"Singing Bowl","floor":14}],"player_experience":2320624,"relics_obtained":[{"floor":6,"key":"HornCleat"},{"floor":8,"key":"MawBank"},{"floor":9,"key":"Mercury Hourglass"}],"event_choices":[{"damage_healed":0,"gold_gain":0,"player_choice":"Success","damage_taken":18,"relics_obtained":["Singing Bowl"],"max_hp_gain":0,"max_hp_loss":0,"event_name":"Scrap Ooze","floor":2,"gold_loss":0},{"damage_healed":0,"gold_gain":0,"player_choice":"Lose Max HP","damage_taken":0,"relics_obtained":["Golden Idol"],"max_hp_gain":0,"max_hp_loss":6,"event_name":"Golden Idol","floor":10,"gold_loss":0}],"is_beta":false,"boss_relics":[],"items_purged_floors":[5,11],"is_endless":false,"potions_floor_spawned":[3,13],"killed_by":"The Guardian","ascension_level":20}}