{"host":"6pgtslebjnyv5xmi","time":1608979604,"event":{"mods":["AchievementEnabler","BaseMod","Colored Map","Minty Spire (QoL Compilation)","Rare Cards Sparkle","StSLib","SuperFastMode","Td1madao Mod","everything is the same but u backflip on backflip"],"gold_per_floor":[114,46,46,64,64,64,95,113,138,152,167,167,167,186,186,289,289,302,227,243,65,85,85,85,85,85,85,85,98,98,197,197,301,301,314,364,416,416,416,416,431,431,457,179,29,42,0,19,19,19],"floor_reached":51,"playtime":2760,"items_purged":["Strike_R","Strike_R","Defend_R","Defend_R"],"score":743,"play_id":"c044b185-6122-4c03-ba96-08ebd2100278","local_time":"20201226194644","is_ascension_mode":false,"campfire_choices":[{"data":"Whirlwind","floor":6.0,"key":"SMITH"},{"data":"Seeing Red","floor":12.0,"key":"SMITH"},{"data":"Spot Weakness","floor":15.0,"key":"SMITH"},{"data":"Inflame","floor":23,"key":"SMITH"},{"data":"Ghostly Armor","floor":27,"key":"SMITH"},{"floor":32,"key":"REST"},{"floor":40,"key":"RECALL"},{"data":"Ghostly","floor":42,"key":"SMITH"},{"data":"Exhume","floor":49,"key":"SMITH"}],"circlet_count":0,"master_deck":["Strike_R","Strike_R+1","Defend_R","Defend_R","Bash+1","Whirlwind+1","Whirlwind+1","Spot Weakness+1","Seeing Red+1","Ghostly Armor+1","Double Tap","Battle Trance+1","Inflame+1","Ghostly+1","Ghostly","Ghostly","Ghostly","Ghostly","Necronomicurse","Offering+1","Seeing Red+1","Exhume+1"],"relics":["Burning Blood","NeowsBlessing","Centennial Puzzle","Dream Catcher","Mark of Pain","Boot","Necronomicon","SacredBark","StoneCalendar","Prayer Wheel","Champion Belt","Happy Flower","DollysMirror","Red Mask"],"acts_visited":["Exordium","TheCity","TheBeyond"],"potions_floor_usage":[16,16,16,33,33,50,50,50],"damage_taken":[{"damage":0.0,"enemies":"2 Louse","floor":1.0,"turns":1.0},{"damage":0.0,"enemies":"Cultist","floor":4.0,"turns":1.0},{"damage":0.0,"enemies":"Lagavulin","floor":7.0,"turns":1.0},{"damage":11.0,"enemies":"Jaw Worm","floor":8.0,"turns":2.0},{"damage":13.0,"enemies":"Red Slaver","floor":10.0,"turns":2.0},{"damage":0.0,"enemies":"2 Fungi Beasts","floor":11.0,"turns":2.0},{"damage":22.0,"enemies":"Large Slime","floor":14.0,"turns":4.0},{"damage":30,"enemies":"Hexaghost","floor":16,"turns":6},{"damage":1,"enemies":"3 Byrds","floor":18,"turns":3},{"damage":0,"enemies":"Chosen","floor":20,"turns":3},{"damage":26,"enemies":"Shelled Parasite and Fungi","floor":22,"turns":3},{"damage":24,"enemies":"Snecko","floor":29,"turns":6},{"damage":14,"enemies":"Champ","floor":33,"turns":7},{"damage":0,"enemies":"3 Darklings","floor":35,"turns":1},{"damage":6,"enemies":"Mind Bloom Boss Battle","floor":36,"turns":5},{"damage":3,"enemies":"2 Orb Walkers","floor":37,"turns":3},{"damage":11,"enemies":"Orb Walker","floor":41,"turns":3},{"damage":2,"enemies":"Writhing Mass","floor":46,"turns":4},{"damage":7,"enemies":"Transient","floor":48,"turns":5},{"damage":6,"enemies":"Time Eater","floor":50,"turns":6}],"seed_played":"-1974943859010879965","potions_obtained":[{"floor":1.0,"key":"Strength Potion"},{"floor":5.0,"key":"Block Potion"},{"floor":5.0,"key":"Strength Potion"},{"floor":16,"key":"Weak Potion"},{"floor":20,"key":"Strength Potion"},{"floor":33,"key":"EssenceOfSteel"},{"floor":35,"key":"Weak Potion"},{"floor":41,"key":"Fire Potion"}],"is_trial":false,"path_per_floor":["M","$","?","M","?","R","E","M","T","M","M","R","?","M","R","B",null,"M","$","M","$","M","R","?","?","T","R","$","M","?","?","R","B",null,"M","?","?","T","?","R","M","R","T","$","$","M","?","M","R","B",null],"character_chosen":"IRONCLAD","items_purchased":["Whirlwind","Inflame","DollysMirror"],"campfire_rested":1,"item_purchase_floors":[2,21,44],"current_hp_per_floor":[80,80,80,80,80,80,80,75,75,68,74,74,58,42,42,18,80,80,80,80,80,60,60,60,40,40,40,40,22,6,6,18,10,40,40,40,40,40,40,40,35,35,35,35,35,39,39,38,38,38],"gold":19,"neow_bonus":"THREE_ENEMY_KILL","is_daily":false,"chose_seed":false,"campfire_upgraded":7,"win_rate":0.0,"timestamp":1608979604,"path_taken":["M","$","?","?","?","R","E","M","T","M","?","R","?","M","R","BOSS","M","$","M","$","M","R","?","?","T","R","?","M","?","?","R","BOSS","M","?","?","?","?","R","?","R","T","?","$","M","?","M","R","BOSS"],"items_purchased_type":["Card","Card","Relic"],"build_version":"2020-12-22","purchased_purges":4,"victory":true,"max_hp_per_floor":[80,80,80,80,80,80,80,80,80,80,80,80,80,80,80,80,80,80,80,80,80,80,80,80,40,40,40,40,40,40,40,40,40,40,40,40,40,40,40,40,40,40,40,40,40,40,40,40,40,40],"card_choices":[{"not_picked":["Burning Pact","Armaments"],"picked":"Whirlwind","floor":1.0},{"not_picked":["Rampage","Body Slam","Thunderclap"],"picked":"SKIP","floor":4.0},{"not_picked":["Thunderclap","Evolve"],"picked":"Spot Weakness","floor":7.0},{"not_picked":["Wild Strike","Feel No Pain"],"picked":"Seeing Red","floor":8.0},{"not_picked":["Havoc","Heavy Blade","Shrug It Off"],"picked":"SKIP","floor":10.0},{"not_picked":["Warcry","Shrug It Off","Pummel"],"picked":"SKIP","floor":11.0},{"not_picked":["Pommel Strike","Sword Boomerang"],"picked":"Ghostly Armor","floor":14.0},{"not_picked":["Reaper","Bludgeon"],"picked":"Double Tap","floor":16},{"not_picked":["Thunderclap+1","Sentinel"],"picked":"Battle Trance+1","floor":18},{"not_picked":["Headbutt","Twin Strike","Iron Wave"],"picked":"SKIP","floor":20},{"not_picked":["Havoc","Clash","Perfected Strike+1"],"picked":"SKIP","floor":22},{"not_picked":["Feed","Infernal Blade","Clothesline"],"picked":"SKIP","floor":29},{"not_picked":["Demon Form","Immolate"],"picked":"Offering","floor":33},{"not_picked":["Iron Wave+1","Clash","Clothesline+1"],"picked":"SKIP","floor":35},{"not_picked":["Twin Strike+1","Feed","Armaments+1"],"picked":"SKIP","floor":41},{"not_picked":["Sever Soul","Inflame","True Grit"],"picked":"SKIP","floor":41},{"not_picked":["Perfected Strike","Fire Breathing"],"picked":"Exhume","floor":46},{"not_picked":["Ghostly Armor+1","Armaments+1","Heavy Blade+1"],"picked":"SKIP","floor":46},{"not_picked":["Second Wind+1","Sword Boomerang","Iron Wave+1"],"picked":"SKIP","floor":48},{"not_picked":["Spot Weakness+1","Thunderclap+1","Sentinel+1"],"picked":"SKIP","floor":48}],"player_experience":481061,"relics_obtained":[{"floor":7.0,"key":"Centennial Puzzle"},{"floor":9.0,"key":"Dream Catcher"},{"floor":26,"key":"Boot"},{"floor":30,"key":"Necronomicon"},{"floor":36,"key":"StoneCalendar"},{"floor":37,"key":"Prayer Wheel"},{"floor":38,"key":"Champion Belt"},{"floor":43,"key":"Happy Flower"}],"event_choices":[{"damage_healed":0.0,"max_hp_gain":0.0,"max_hp_loss":0.0,"gold_gain":0.0,"event_name":"Upgrade Shrine","player_choice":"Upgraded","floor":3.0,"gold_loss":0.0,"damage_taken":0.0,"cards_upgraded":["Whirlwind"]},{"damage_healed":0.0,"max_hp_gain":0.0,"max_hp_loss":0.0,"gold_gain":0.0,"event_name":"Lab","player_choice":"Got Potions","floor":5.0,"gold_loss":0.0,"damage_taken":0.0},{"damage_healed":0.0,"max_hp_gain":0.0,"max_hp_loss":0.0,"gold_gain":0.0,"event_name":"Shining Light","player_choice":"Entered Light","floor":13.0,"gold_loss":0.0,"damage_taken":16.0,"cards_upgraded":["Bash","Strike_R"]},{"cards_removed":["Strike_R"],"damage_healed":0,"gold_gain":0,"player_choice":"Elegance","damage_taken":0,"max_hp_gain":0,"max_hp_loss":0,"event_name":"Back to Basics","floor":24,"gold_loss":0},{"damage_healed":0,"gold_gain":0,"player_choice":"Became a Ghost","damage_taken":0,"max_hp_gain":0,"max_hp_loss":40,"event_name":"Ghosts","floor":25,"gold_loss":0,"cards_obtained":["Ghostly","Ghostly","Ghostly","Ghostly","Ghostly"]},{"damage_healed":0,"gold_gain":0,"player_choice":"Obtained Book","damage_taken":16,"max_hp_gain":0,"max_hp_loss":0,"event_name":"Cursed Tome","floor":30,"gold_loss":0},{"damage_healed":0,"gold_gain":99,"player_choice":"Stole From Cult","damage_taken":0,"max_hp_gain":0,"max_hp_loss":0,"event_name":"Nest","floor":31,"gold_loss":0},{"damage_healed":0,"gold_gain":0,"player_choice":"Fight","damage_taken":0,"max_hp_gain":0,"max_hp_loss":0,"event_name":"MindBloom","floor":36,"gold_loss":0},{"damage_healed":0,"gold_gain":0,"player_choice":"Fight","damage_taken":0,"max_hp_gain":0,"max_hp_loss":0,"event_name":"Mysterious Sphere","floor":37,"gold_loss":0},{"damage_healed":0,"gold_gain":0,"player_choice":"Upgraded","damage_taken":0,"max_hp_gain":0,"max_hp_loss":0,"event_name":"Upgrade Shrine","floor":39,"gold_loss":0,"cards_upgraded":["Offering"]},{"damage_healed":0,"gold_gain":0,"player_choice":"Paid","damage_taken":0,"relics_obtained":["Red Mask"],"max_hp_gain":0,"max_hp_loss":0,"event_name":"Tomb of Lord Red Mask","floor":47,"gold_loss":42}],"is_beta":false,"boss_relics":[{"not_picked":["Coffee Dripper","Philosopher\u0027s Stone"],"picked":"Mark of Pain"},{"not_picked":["Sozu","Black Star"],"picked":"SacredBark"}],"items_purged_floors":[19,21,44,45],"is_endless":false,"potions_floor_spawned":[1,8,16,20,33,35,41,46],"ascension_level":0}}