{"host":"2n2g1vowfllvjtvi","time":1608998739,"event":{"mods":["AchievementEnabler","BaseMod","Custom Start","GifTheSpireLib","Keyboard Shortcuts","Minty Spire (QoL Compilation)","Quick Restart","Rare Cards Sparkle","StSLib","SuperFastMode"],"gold_per_floor":[111,129,148,148,167,167,194,209,233,9,43,60,60,74,74,147,147,166,166,166,179,33,33,47,60,60,60,71,102,127,142,142,219,219,235,235,235,235,85,110,110,123,170,181,71,88,88,118,118,118,118,118,118,144,144],"floor_reached":56,"playtime":2026,"items_purged":["Strike_G","Deadly Poison+1"],"score":2293,"play_id":"ae29fbcb-254e-45f3-8e5c-a6ac859eec6e","local_time":"20201227010539","is_ascension_mode":true,"campfire_choices":[{"data":"Prepared","floor":6.0,"key":"SMITH"},{"data":"Prepared","floor":15.0,"key":"SMITH"},{"data":"After Image","floor":23,"key":"SMITH"},{"data":"Acrobatics","floor":27,"key":"SMITH"},{"data":"Adrenaline","floor":32,"key":"SMITH"},{"data":"Acrobatics","floor":41,"key":"SMITH"},{"floor":49,"key":"RECALL"},{"data":"Well Laid Plans","floor":52,"key":"SMITH"}],"circlet_count":0,"master_deck":["AscendersBane","Defend_G+1","Defend_G+1","Defend_G+1","Defend_G+1","Survivor+1","Neutralize+1","Acrobatics+1","Prepared+1","Eviscerate+1","Crippling Poison+1","Prepared+1","Escape Plan+1","Grand Finale+1","After Image+1","Malaise+1","After Image+1","Backflip+1","After Image+1","Dagger Throw+1","Adrenaline+1","Blur+1","Acrobatics+1","PiercingWail+1","Well Laid Plans+1"],"relics":["Ring of the Snake","Mummified Hand","Bronze Scales","Lee\u0027s Waffle","Orichalcum","Astrolabe","Chemical X","Pear","Akabeko","Red Mask","Philosopher\u0027s Stone","Mark of the Bloom","TungstenRod","Juzu Bracelet","Ornamental Fan","StoneCalendar"],"acts_visited":["Exordium","TheCity","TheBeyond","TheEnding"],"potions_floor_usage":[29,40,50,55],"damage_taken":[{"damage":0.0,"enemies":"Cultist","floor":1.0,"turns":4.0},{"damage":0.0,"enemies":"Small Slimes","floor":2.0,"turns":3.0},{"damage":0.0,"enemies":"2 Louse","floor":3.0,"turns":4.0},{"damage":8.0,"enemies":"Red Slaver","floor":5.0,"turns":5.0},{"damage":32.0,"enemies":"3 Sentries","floor":7.0,"turns":9.0},{"damage":0.0,"enemies":"Looter","floor":8.0,"turns":3.0},{"damage":12.0,"enemies":"Lagavulin","floor":11.0,"turns":4.0},{"damage":5.0,"enemies":"Lots of Slimes","floor":12.0,"turns":2.0},{"damage":0.0,"enemies":"3 Louse","floor":14.0,"turns":3.0},{"damage":33.0,"enemies":"The Guardian","floor":16.0,"turns":11.0},{"damage":0.0,"enemies":"Spheric Guardian","floor":18.0,"turns":2.0},{"damage":14,"enemies":"Chosen","floor":21,"turns":6},{"damage":0,"enemies":"Centurion and Healer","floor":24,"turns":5},{"damage":6,"enemies":"Sentry and Sphere","floor":25,"turns":5},{"damage":0,"enemies":"Snake Plant","floor":28,"turns":3},{"damage":0,"enemies":"Book of Stabbing","floor":29,"turns":5},{"damage":0,"enemies":"Masked Bandits","floor":30,"turns":2},{"damage":0,"enemies":"Centurion and Healer","floor":31,"turns":3},{"damage":0,"enemies":"Collector","floor":33,"turns":9},{"damage":0,"enemies":"Orb Walker","floor":35,"turns":4},{"damage":0,"enemies":"Nemesis","floor":40,"turns":7},{"damage":0,"enemies":"3 Darklings","floor":42,"turns":1},{"damage":0,"enemies":"Transient","floor":44,"turns":5},{"damage":0,"enemies":"4 Shapes","floor":46,"turns":2},{"damage":0,"enemies":"Giant Head","floor":48,"turns":5},{"damage":0,"enemies":"Time Eater","floor":50,"turns":12},{"damage":0,"enemies":"Shield and Spear","floor":54,"turns":4},{"damage":23,"enemies":"The Heart","floor":55,"turns":9}],"seed_played":"-5504939719945234566","potions_obtained":[{"floor":1.0,"key":"Swift Potion"},{"floor":2.0,"key":"Fire Potion"},{"floor":16.0,"key":"LiquidMemories"},{"floor":18.0,"key":"Explosive Potion"},{"floor":28,"key":"Regen Potion"},{"floor":30,"key":"LiquidMemories"},{"floor":42,"key":"BlessingOfTheForge"},{"floor":54,"key":"Energy Potion"}],"is_trial":false,"path_per_floor":["M","M","M","?","M","R","E","M","T","$","E","M","?","M","R","B",null,"M","?","?","M","$","R","M","M","T","R","M","E","?","M","R","B",null,"M","?","?","T","$","E","R","M","T","M","?","M","?","E","R","B",null,"R","$","E","B",null],"character_chosen":"THE_SILENT","items_purchased":["Lee\u0027s Waffle","Chemical X","Acrobatics"],"campfire_rested":0,"item_purchase_floors":[10,22,39],"current_hp_per_floor":[59,59,59,59,51,51,19,19,19,67,55,50,50,50,50,17,55,55,55,55,41,41,41,41,35,45,45,45,59,59,59,59,59,73,73,73,73,73,73,73,73,73,73,73,73,73,73,73,73,73,73,73,73,73,50],"gold":144,"neow_bonus":"REMOVE_TWO","is_daily":false,"chose_seed":false,"campfire_upgraded":7,"win_rate":0.0,"timestamp":1608998739,"path_taken":["M","?","?","?","M","R","E","M","T","$","E","M","?","M","R","BOSS","M","?","?","M","$","R","?","M","T","R","M","E","?","M","R","BOSS","M","?","?","?","$","E","R","?","T","M","?","M","?","E","R","BOSS","R","$","E","BOSS"],"items_purchased_type":["Relic","Relic","Card"],"build_version":"2020-12-22","purchased_purges":2,"victory":true,"max_hp_per_floor":[60,60,60,60,60,60,60,60,60,67,67,67,67,67,67,67,67,67,67,67,67,67,67,67,67,77,77,77,77,77,77,77,77,77,77,77,77,77,77,77,77,77,77,77,77,77,77,77,77,77,77,77,77,77,77],"card_choices":[{"not_picked":["Infinite Blades","Dodge and Roll"],"picked":"Deadly Poison","floor":1.0},{"not_picked":["Poisoned Stab","Dagger Throw"],"picked":"Acrobatics","floor":2.0},{"not_picked":["Underhanded Strike","Acrobatics"],"picked":"Prepared","floor":3.0},{"not_picked":["Slice","Prepared"],"picked":"Eviscerate","floor":5.0},{"not_picked":["Concentrate","Dodge and Roll"],"picked":"Crippling Poison","floor":7.0},{"not_picked":["Acrobatics","Deadly Poison"],"picked":"Underhanded Strike","floor":8.0},{"not_picked":["Expertise","Storm of Steel"],"picked":"Prepared","floor":11.0},{"not_picked":["Predator","Dodge and Roll","Outmaneuver"],"picked":"SKIP","floor":12.0},{"not_picked":["Expertise","Leg Sweep","Dodge and Roll"],"picked":"SKIP","floor":14.0},{"not_picked":["Envenom","Malaise"],"picked":"After Image","floor":16.0},{"not_picked":["Endless Agony","Dagger Spray"],"picked":"Backflip","floor":18.0},{"not_picked":["Underhanded Strike","Poisoned Stab","Accuracy"],"picked":"SKIP","floor":21},{"not_picked":["Quick Slash","Masterful Stab","PiercingWail"],"picked":"SKIP","floor":24},{"not_picked":["PiercingWail","Cloak And Dagger"],"picked":"Dagger Throw","floor":25},{"not_picked":["Concentrate","Quick Slash","Backstab"],"picked":"SKIP","floor":28},{"not_picked":["Sucker Punch","Prepared"],"picked":"Adrenaline","floor":29},{"not_picked":["Underhanded Strike","Deflect"],"picked":"Blur","floor":31},{"not_picked":["Bane","Deflect","Cloak And Dagger"],"picked":"SKIP","floor":35},{"not_picked":["Terror+1","Prepared","Predator+1"],"picked":"SKIP","floor":40},{"not_picked":["Backflip+1","Bouncing Flask"],"picked":"PiercingWail","floor":42},{"not_picked":["Flying Knee","Slice","Dagger Throw"],"picked":"SKIP","floor":44},{"not_picked":["Masterful Stab","Bane+1","A Thousand Cuts"],"picked":"SKIP","floor":46},{"not_picked":["Caltrops+1","Heel Hook+1"],"picked":"Well Laid Plans","floor":48},{"not_picked":["Sucker Punch","Dagger Spray","Outmaneuver"],"picked":"SKIP","floor":54}],"player_experience":449104,"relics_obtained":[{"floor":7.0,"key":"Mummified Hand"},{"floor":9.0,"key":"Bronze Scales"},{"floor":11.0,"key":"Orichalcum"},{"floor":26,"key":"Pear"},{"floor":29,"key":"Akabeko"},{"floor":30,"key":"Red Mask"},{"floor":40,"key":"TungstenRod"},{"floor":43,"key":"Juzu Bracelet"},{"floor":48,"key":"Ornamental Fan"},{"floor":54,"key":"StoneCalendar"}],"event_choices":[{"damage_healed":0.0,"max_hp_gain":0.0,"max_hp_loss":0.0,"gold_gain":0.0,"event_name":"Liars Game","player_choice":"Ignored","floor":4.0,"gold_loss":0.0,"damage_taken":0.0},{"damage_healed":0.0,"max_hp_gain":0.0,"max_hp_loss":0.0,"gold_gain":0.0,"event_name":"Match and Keep!","player_choice":"2 cards matched","floor":13.0,"gold_loss":0.0,"damage_taken":0.0,"cards_obtained":["Escape Plan","Grand Finale"]},{"damage_healed":0,"gold_gain":0,"player_choice":"Ignored","damage_taken":0,"max_hp_gain":0,"max_hp_loss":0,"event_name":"Cursed Tome","floor":19,"gold_loss":0},{"damage_healed":0,"gold_gain":0,"player_choice":"Copied","damage_taken":0,"max_hp_gain":0,"max_hp_loss":0,"event_name":"Duplicator","floor":20,"gold_loss":0,"cards_obtained":["After Image"]},{"damage_healed":0,"gold_gain":0,"player_choice":"Fought Bandits","damage_taken":0,"max_hp_gain":0,"max_hp_loss":0,"event_name":"Masked Bandits","floor":30,"gold_loss":0},{"damage_healed":0,"gold_gain":0,"player_choice":"Upgrade","damage_taken":0,"relics_obtained":["Mark of the Bloom"],"max_hp_gain":0,"max_hp_loss":0,"event_name":"MindBloom","floor":36,"gold_loss":0,"cards_upgraded":["Defend_G","Defend_G","Defend_G","Defend_G","Survivor","Neutralize","Deadly Poison","Eviscerate","Crippling Poison","Underhanded Strike","Escape Plan","Grand Finale","Backflip","Dagger Throw","Blur"]},{"cards_removed":["Riddle With Holes"],"damage_healed":0,"gold_gain":0,"player_choice":"Removed Attack","damage_taken":0,"max_hp_gain":0,"max_hp_loss":0,"event_name":"Falling","floor":37,"gold_loss":0},{"cards_removed":["Underhanded Strike"],"damage_healed":0,"gold_gain":0,"player_choice":"Upgrade and Remove","damage_taken":0,"max_hp_gain":0,"max_hp_loss":0,"event_name":"Designer","floor":45,"gold_loss":110,"cards_upgraded":["PiercingWail"]},{"damage_healed":0,"gold_gain":0,"player_choice":"Ignored","damage_taken":0,"max_hp_gain":0,"max_hp_loss":0,"event_name":"SecretPortal","floor":47,"gold_loss":0}],"is_beta":false,"boss_relics":[{"not_picked":["Runic Dome","Cursed Key"],"picked":"Astrolabe"},{"not_picked":["Pandora\u0027s Box","Ring of the Serpent"],"picked":"Philosopher\u0027s Stone"}],"items_purged_floors":[10,39],"is_endless":false,"potions_floor_spawned":[1,2,5,16,18,28,30,33,35,42,54],"ascension_level":15}}