{"host":"1637j8siz7lzgd5k","time":1608987043,"event":{"mods":["BaseMod","Colored Map","Minty Spire (QoL Compilation)","StSLib","SuperFastMode"],"gold_per_floor":[113,38,38,38,51,51,77,2,27,53,66,66,100,129,129,216,216,234,234,284,35,53,88,116,116,190,190,221,158,73,88,88,174,174,190,209,209,209],"floor_reached":37,"playtime":713,"items_purged":["Strike_R","Strike_R","Bloodletting"],"score":884,"play_id":"b17783c0-5925-48a8-9af3-d08798d161a6","local_time":"20201226215043","is_ascension_mode":true,"campfire_choices":[{"data":"Uppercut","floor":6.0,"key":"SMITH"},{"data":"Bludgeon","floor":15.0,"key":"SMITH"},{"data":"Double Tap","floor":25.0,"key":"SMITH"},{"floor":27.0,"key":"RECALL"},{"floor":32,"key":"REST"}],"circlet_count":0,"master_deck":["AscendersBane","Defend_R","Defend_R","Defend_R","Defend_R","Bash","Uppercut+1","Bludgeon+1","Dropkick","Impervious","Double Tap+1","Evolve","Clothesline","Immolate"],"relics":["Burning Blood","NeowsBlessing","TungstenRod","CeramicFish","Darkstone Periapt","Snecko Eye","Membership Card","Calipers","Meat on the Bone","Boot","Omamori","Calling Bell","Lantern","Mummified Hand","Girya"],"acts_visited":["Exordium","TheCity","TheBeyond"],"potions_floor_usage":[33,33],"damage_taken":[{"damage":0.0,"enemies":"2 Louse","floor":1.0,"turns":1.0},{"damage":0.0,"enemies":"Small Slimes","floor":5.0,"turns":1.0},{"damage":0.0,"enemies":"3 Sentries","floor":7.0,"turns":2.0},{"damage":3.0,"enemies":"Jaw Worm","floor":10.0,"turns":2.0},{"damage":3.0,"enemies":"Blue Slaver","floor":11.0,"turns":2.0},{"damage":5.0,"enemies":"Gremlin Nob","floor":13.0,"turns":3.0},{"damage":23.0,"enemies":"Exordium Thugs","floor":14.0,"turns":4.0},{"damage":27.0,"enemies":"The Guardian","floor":16.0,"turns":6.0},{"damage":11.0,"enemies":"Shell Parasite","floor":18.0,"turns":2.0},{"damage":0.0,"enemies":"3 Byrds","floor":22.0,"turns":5.0},{"damage":16.0,"enemies":"Gremlin Leader","floor":23.0,"turns":3.0},{"damage":0.0,"enemies":"Snake Plant","floor":24.0,"turns":3.0},{"damage":22,"enemies":"Book of Stabbing","floor":28,"turns":4},{"damage":10,"enemies":"Cultist and Chosen","floor":31,"turns":4},{"damage":37,"enemies":"Automaton","floor":33,"turns":6},{"damage":0,"enemies":"Orb Walker","floor":35,"turns":1},{"damage":7,"enemies":"3 Darklings","floor":36,"turns":3},{"damage":91,"enemies":"2 Orb Walkers","floor":37,"turns":4}],"seed_played":"-3529836234009761993","potions_obtained":[{"floor":1.0,"key":"AttackPotion"},{"floor":5.0,"key":"EntropicBrew"}],"is_trial":false,"path_per_floor":["M","$","?","?","M","R","E","?","T","M","M","?","E","M","R","B",null,"M","?","?","$","M","E","M","R","T","R","E","$","?","M","R","B",null,"M","M","?"],"character_chosen":"IRONCLAD","items_purchased":["Membership Card","Evolve"],"campfire_rested":1,"item_purchase_floors":[21,21],"current_hp_per_floor":[74,74,79,79,80,80,80,80,80,80,80,74,75,58,58,37,69,64,64,64,64,70,60,66,66,66,66,50,50,50,58,80,49,72,78,77,0,0],"gold":209,"neow_bonus":"THREE_ENEMY_KILL","is_daily":false,"chose_seed":false,"campfire_upgraded":3,"win_rate":0.0,"timestamp":1608987043,"path_taken":["M","$","?","?","M","R","E","?","T","M","M","?","E","M","R","BOSS","M","?","?","$","?","E","M","R","T","R","E","?","?","M","R","BOSS","M","M","?"],"items_purchased_type":["Relic","Card"],"build_version":"2020-12-22","purchased_purges":3,"victory":false,"max_hp_per_floor":[75,75,80,80,80,80,80,80,80,80,80,80,80,80,80,80,80,80,80,80,80,80,80,80,80,80,80,80,80,80,80,80,80,80,80,80,80,80],"card_choices":[{"not_picked":["Dropkick","Body Slam"],"picked":"Uppercut","floor":1.0},{"not_picked":["Uppercut","Wild Strike","Flex"],"picked":"SKIP","floor":5.0},{"not_picked":["Sentinel","Rage"],"picked":"Bludgeon","floor":7.0},{"not_picked":["Headbutt","Bloodletting"],"picked":"Dropkick","floor":10.0},{"not_picked":["Dark Embrace","Clash","Iron Wave"],"picked":"SKIP","floor":11.0},{"not_picked":["Clothesline","Pummel"],"picked":"Impervious","floor":13.0},{"not_picked":["Iron Wave","Sword Boomerang"],"picked":"Bloodletting","floor":14.0},{"not_picked":["Limit Break","Juggernaut"],"picked":"Double Tap","floor":16.0},{"not_picked":["Inflame","Pommel Strike","Sword Boomerang"],"picked":"SKIP","floor":18.0},{"not_picked":["Cleave","Sword Boomerang","Havoc"],"picked":"SKIP","floor":22.0},{"not_picked":["Double Tap","Metallicize","Shrug It Off"],"picked":"SKIP","floor":23.0},{"not_picked":["Rampage","Havoc"],"picked":"Clothesline","floor":24.0},{"not_picked":["Combust+1","Brutality","Dual Wield"],"picked":"SKIP","floor":28},{"not_picked":["Pommel Strike","Armaments","Clash"],"picked":"SKIP","floor":31},{"not_picked":["Exhume","Reaper"],"picked":"Immolate","floor":33},{"not_picked":["Flex","Headbutt","Wild Strike"],"picked":"SKIP","floor":35},{"not_picked":["Perfected Strike","Whirlwind+1","Pommel Strike"],"picked":"SKIP","floor":36}],"player_experience":817876,"relics_obtained":[{"floor":7.0,"key":"TungstenRod"},{"floor":9.0,"key":"CeramicFish"},{"floor":13.0,"key":"Darkstone Periapt"},{"floor":23.0,"key":"Calipers"},{"floor":26.0,"key":"Meat on the Bone"},{"floor":28,"key":"Boot"},{"floor":34,"key":"Lantern"},{"floor":34,"key":"Mummified Hand"},{"floor":34,"key":"Girya"}],"event_choices":[{"damage_healed":0.0,"max_hp_gain":5.0,"max_hp_loss":0.0,"gold_gain":0.0,"event_name":"Big Fish","player_choice":"Donut","floor":3.0,"gold_loss":0.0,"damage_taken":0.0},{"cards_removed":["Strike_R"],"damage_healed":0.0,"max_hp_gain":0.0,"max_hp_loss":0.0,"gold_gain":0.0,"event_name":"Living Wall","player_choice":"Forget","floor":4.0,"gold_loss":0.0,"damage_taken":0.0},{"cards_removed":["Strike_R"],"damage_healed":0.0,"max_hp_gain":0.0,"max_hp_loss":0.0,"gold_gain":0.0,"event_name":"The Cleric","player_choice":"Card Removal","floor":8.0,"gold_loss":75.0,"damage_taken":0.0},{"cards_removed":["Strike_R"],"damage_healed":0.0,"max_hp_gain":0.0,"max_hp_loss":0.0,"gold_gain":0.0,"event_name":"Golden Wing","player_choice":"Card Removal","floor":12.0,"gold_loss":0.0,"damage_taken":7.0},{"damage_healed":0.0,"max_hp_gain":0.0,"max_hp_loss":0.0,"gold_gain":0.0,"event_name":"The Mausoleum","player_choice":"Ignored","floor":19.0,"gold_loss":0.0,"damage_taken":0.0},{"damage_healed":0.0,"max_hp_gain":0.0,"max_hp_loss":0.0,"gold_gain":100.0,"event_name":"The Joust","player_choice":"Bet on Murderer","floor":20.0,"gold_loss":50.0,"damage_taken":0.0},{"damage_healed":0,"gold_gain":0,"player_choice":"Obtained Relic","damage_taken":0,"relics_obtained":["Omamori"],"max_hp_gain":0,"max_hp_loss":0,"event_name":"Addict","floor":30,"gold_loss":85},{"damage_healed":0,"gold_gain":0,"player_choice":"Fight","damage_taken":0,"max_hp_gain":0,"max_hp_loss":0,"event_name":"Mysterious Sphere","floor":37,"gold_loss":0}],"is_beta":false,"boss_relics":[{"not_picked":["Fusion Hammer","SlaversCollar"],"picked":"Snecko Eye"},{"not_picked":["Runic Dome","SacredBark"],"picked":"Calling Bell"}],"items_purged_floors":[2,21,29],"is_endless":false,"potions_floor_spawned":[1,5,13,14,23,28,36],"killed_by":"2 Orb Walkers","ascension_level":20}}