{"host":"lvhfn8l5bvc4nolx","time":1608987497,"event":{"mods":["AchievementEnabler","BaseMod","Colored Map","Keyboard Shortcuts","Minty Spire (QoL Compilation)","Permanent Neow","Quick Restart","SuperFastMode"],"gold_per_floor":[112,130,192,205,280,314,314,329,329,359,204,204,236,262,262,262,262],"floor_reached":16,"playtime":363,"items_purged":["Strike_R"],"score":240,"play_id":"629037ed-d9b9-4e90-bc1f-abac9b75b8e7","local_time":"20201226215817","is_ascension_mode":true,"campfire_choices":[{"floor":12,"key":"REST"},{"data":"Pommel Strike","floor":15,"key":"SMITH"}],"circlet_count":0,"master_deck":["AscendersBane","Strike_R","Strike_R","Strike_R","Strike_R","Defend_R","Defend_R","Defend_R","Defend_R","Bash","Feed","Headbutt","Pommel Strike+1","Shrug It Off","Second Wind","Dual Wield","Dropkick","Shrug It Off"],"relics":["Burning Blood","Vajra","Kunai","Incense Burner","Red Skull","Blood Vial"],"acts_visited":["Exordium"],"potions_floor_usage":[],"damage_taken":[{"damage":19,"enemies":"Small Slimes","floor":1,"turns":5},{"damage":0,"enemies":"2 Louse","floor":2,"turns":3},{"damage":12,"enemies":"Jaw Worm","floor":4,"turns":2},{"damage":5,"enemies":"3 Sentries","floor":6,"turns":2},{"damage":17,"enemies":"Looter","floor":8,"turns":3},{"damage":31,"enemies":"Lagavulin","floor":10,"turns":5},{"damage":29,"enemies":"3 Sentries","floor":13,"turns":10},{"damage":37,"enemies":"Hexaghost","floor":16,"turns":9}],"seed_played":"-9209510578316430135","potions_obtained":[{"floor":2,"key":"Ancient Potion"},{"floor":4,"key":"Strength Potion"},{"floor":6,"key":"Regen Potion"}],"is_trial":false,"path_per_floor":["M","M","?","M","?","E","?","M","T","E","$","R","E","T","R","B"],"character_chosen":"IRONCLAD","items_purchased":["Dropkick"],"campfire_rested":1,"item_purchase_floors":[11],"current_hp_per_floor":[62,71,71,65,54,58,63,52,52,27,27,55,35,35,35,0,0],"gold":262,"neow_bonus":"ONE_RANDOM_RARE_CARD","is_daily":false,"chose_seed":false,"campfire_upgraded":1,"win_rate":0.0,"timestamp":1608987497,"path_taken":["M","M","?","M","?","E","?","M","T","E","$","R","E","?","R","BOSS"],"items_purchased_type":["Card"],"build_version":"2020-12-22","purchased_purges":1,"victory":false,"max_hp_per_floor":[83,86,86,86,86,89,94,94,94,94,94,94,97,97,97,97,97],"card_choices":[{"not_picked":["Anger","Clash"],"picked":"Headbutt","floor":1},{"not_picked":["Shockwave","Iron Wave"],"picked":"Pommel Strike","floor":2},{"not_picked":["Havoc","Berserk"],"picked":"Shrug It Off","floor":4},{"not_picked":["Sever Soul","Iron Wave","Spot Weakness"],"picked":"SKIP","floor":6},{"not_picked":["Power Through","Body Slam"],"picked":"Second Wind","floor":8},{"not_picked":["Havoc","Anger"],"picked":"Dual Wield","floor":10},{"not_picked":["Ghostly Armor","Perfected Strike"],"picked":"Shrug It Off","floor":13}],"player_experience":337916,"relics_obtained":[{"floor":6,"key":"Vajra"},{"floor":9,"key":"Kunai"},{"floor":10,"key":"Incense Burner"},{"floor":13,"key":"Red Skull"},{"floor":14,"key":"Blood Vial"}],"event_choices":[{"damage_healed":0,"gold_gain":62,"player_choice":"Gained Gold","damage_taken":0,"max_hp_gain":0,"max_hp_loss":0,"event_name":"Golden Wing","floor":3,"gold_loss":0},{"damage_healed":0,"gold_gain":75,"player_choice":"Gather Gold","damage_taken":11,"max_hp_gain":0,"max_hp_loss":0,"event_name":"World of Goop","floor":5,"gold_loss":0},{"damage_healed":0,"gold_gain":0,"player_choice":"Donut","damage_taken":0,"max_hp_gain":5,"max_hp_loss":0,"event_name":"Big Fish","floor":7,"gold_loss":0}],"is_beta":false,"boss_relics":[],"items_purged_floors":[11],"is_endless":false,"potions_floor_spawned":[2,4,6,13],"killed_by":"Hexaghost","ascension_level":10}}