{"host":"kw4o7b3ro2ktmmbe","time":1608973319,"event":{"mods":["BaseMod","Evolution","Minty Spire (QoL Compilation)","StSLib","Treasure Hunter","WarShipGirlsR/战舰少女R mod"],"gold_per_floor":[294,294,311,84,95,95,122,122,122,136,158,168,168,20,20,107,107,121,84,55,66,80,80,80,80,80,80,80,80,75,75,75,161,161,173,254,254,97,97,97,83,83,83,83,83,110,110,145,145,102],"floor_reached":51,"playtime":4894,"items_purged":["Shame"],"score":821,"play_id":"e9e8540b-8909-4ad6-ba1c-448f57639716","local_time":"20201226220159","is_ascension_mode":true,"campfire_choices":[{"data":"rmod:diaomin","floor":6.0,"key":"SMITH"},{"data":"rmod:maintain","floor":8.0,"key":"SMITH"},{"floor":13.0,"key":"REST"},{"data":"rmod:expedition","floor":15.0,"key":"SMITH"},{"data":"rmod:expedition+1","floor":23,"key":"SMITH"},{"data":"rmod:expedition+2","floor":25,"key":"SMITH"},{"data":"TH:ElvenBoots","floor":27,"key":"SMITH"},{"data":"TH:BikiniMail","floor":32,"key":"SMITH"},{"data":"TH:BikiniMail","floor":40,"key":"SMITH"},{"floor":42,"key":"REST"},{"data":"rmod:stealaluminum","floor":45,"key":"SMITH"},{"data":"rmod:expeditionaryescort","floor":47,"key":"SMITH"},{"data":"TH:ArmorSpikes","floor":49,"key":"SMITH"}],"circlet_count":0,"master_deck":["rmod:strick+1","rmod:strick+1","rmod:strick+1","rmod:defend+1","rmod:defend+1","rmod:defend+1","rmod:defend+1","rmod:basicallowance","rmod:maingunfire","rmod:diaomin+1","rmod:maintain+1","TH:DeckOfManyThings","rmod:stealaluminum+1","TH:CopperCoins","rmod:expedition+3","rmod:seals","TH:BikiniMail+1","rmod:abidefaith","rmod:supportaircraftcarrier","rmod:highspeedmaneuver","rmod:gendarmerie+1","Normality","TH:Mimic","Normality","TH:ElvenBoots+1","TH:DeckOfManyThings","rmod:fletcherpendant","TH:BikiniMail+1","rmod:expeditionaryescort+1","rmod:intelligenceanalysis+1","Shame","TH:ArmorSpikes+1","Madness","Madness","rmod:gendarmerie+1","Clumsy","TH:DeckOfManyThings","Decay","TH:CursedSword","TH:ArmorSpikes","rmod:highspeedmaneuver"],"relics":["rmod:firstchargereward","EVO:Axolotl","Mummified Hand","ClockworkSouvenir","Tiny Chest","Sundial","TH:HealthInsurance","Cursed Key","WingedGreaves","Matryoshka","White Beast Statue","MutagenicStrength","Nunchaku","SacredBark","Regal Pillow","StrikeDummy","Medical Kit","Bronze Scales","Mango","Art of War","Lantern"],"acts_visited":["Exordium","TheCity","TheBeyond"],"potions_floor_usage":[22,35,48,50],"damage_taken":[{"damage":5.0,"enemies":"2 Louse","floor":1.0,"turns":3.0},{"damage":1.0,"enemies":"Cultist","floor":3.0,"turns":3.0},{"damage":7.0,"enemies":"Jaw Worm","floor":5.0,"turns":5.0},{"damage":20.0,"enemies":"Gremlin Nob","floor":7.0,"turns":4.0},{"damage":10.0,"enemies":"Looter","floor":10.0,"turns":3.0},{"damage":9.0,"enemies":"Large Slime","floor":11.0,"turns":6.0},{"damage":24.0,"enemies":"Blue Slaver","floor":12.0,"turns":3.0},{"damage":30.0,"enemies":"Hexaghost","floor":16.0,"turns":9.0},{"damage":24.0,"enemies":"Spheric Guardian","floor":18.0,"turns":5.0},{"damage":17.0,"enemies":"2 Thieves","floor":20.0,"turns":5.0},{"damage":3.0,"enemies":"Cultist and Chosen","floor":21.0,"turns":8.0},{"damage":1,"enemies":"Snecko","floor":22,"turns":6},{"damage":39,"enemies":"Slavers","floor":30,"turns":12},{"damage":20,"enemies":"Champ","floor":33,"turns":13},{"damage":16,"enemies":"Orb Walker","floor":35,"turns":5},{"damage":36,"enemies":"3 Shapes","floor":41,"turns":6},{"damage":33,"enemies":"Reptomancer","floor":48,"turns":10},{"damage":52,"enemies":"Time Eater","floor":50,"turns":13}],"seed_played":"-4145720452375018755","potions_obtained":[{"floor":5.0,"key":"Energy Potion"},{"floor":10.0,"key":"Explosive Potion"},{"floor":12.0,"key":"DistilledChaos"},{"floor":16.0,"key":"Weak Potion"},{"floor":18.0,"key":"PowerPotion"},{"floor":30,"key":"Energy Potion"},{"floor":33,"key":"BlessingOfTheForge"},{"floor":35,"key":"FairyPotion"},{"floor":41,"key":"PowerPotion"},{"floor":48,"key":"Strength Potion"}],"is_trial":false,"path_per_floor":["M","?","M","$","M","R","E","R","T","M","M","M","R","$","R","B",null,"M","$","M","M","M","R","T","R","T","R","?","?","E","?","R","B",null,"M","T","?","$","?","R","M","R","T","?","R","T","R","E","R","B",null],"character_chosen":"PRAEFECT","items_purchased":["ClockworkSouvenir","TH:HealthInsurance","rmod:supportaircraftcarrier","Medical Kit"],"campfire_rested":2,"item_purchase_floors":[4,14,19,38],"current_hp_per_floor":[84,84,83,83,76,76,56,56,56,46,37,13,39,39,39,27,89,65,65,48,45,47,47,47,47,47,47,47,47,48,48,48,46,89,73,73,73,73,62,62,50,89,103,103,103,103,103,70,70,62],"gold":102,"neow_bonus":"TWENTY_PERCENT_HP_BONUS","is_daily":false,"chose_seed":false,"campfire_upgraded":11,"win_rate":0.0,"timestamp":1608973319,"path_taken":["M","?","M","$","M","R","E","R","T","M","M","M","R","?","R","BOSS","M","?","?","M","M","R","?","R","T","R","?","?","E","?","R","BOSS","M","?","?","$","?","R","M","R","T","?","R","?","R","E","R","BOSS"],"items_purchased_type":["Relic","Relic","Card","Relic"],"build_version":"2020-12-22","purchased_purges":1,"victory":true,"max_hp_per_floor":[89,89,89,89,89,89,89,89,89,89,89,89,89,89,89,89,89,89,89,89,89,89,89,89,89,89,89,89,89,89,89,89,89,89,89,89,89,89,89,89,89,89,103,103,103,103,103,103,103,103],"card_choices":[{"not_picked":["rmod:smokecover","rmod:steelsupply"],"picked":"rmod:tearstotiara","floor":1.0},{"not_picked":["rmod:highspeedshooting","rmod:fletcherpendant"],"picked":"rmod:diaomin","floor":3.0},{"not_picked":["rmod:aluminumsupply","rmod:smokecover"],"picked":"rmod:maintain","floor":5.0},{"not_picked":["TH:BikiniMail"],"picked":"TH:DeckOfManyThings","floor":7.0},{"not_picked":["rmod:firesupport","rmod:wife"],"picked":"rmod:stealaluminum","floor":7.0},{"not_picked":["TH:Mimic"],"picked":"TH:CopperCoins","floor":9.0},{"not_picked":["rmod:unsinkable","rmod:firesupport"],"picked":"rmod:expedition","floor":10.0},{"not_picked":["rmod:ammunitionsupply","rmod:steelsupply","rmod:aviationdawn"],"picked":"SKIP","floor":11.0},{"not_picked":["rmod:diamondstrike","rmod:combined"],"picked":"rmod:seals","floor":12.0},{"not_picked":["TH:DeckOfManyThings"],"picked":"TH:BikiniMail","floor":16.0},{"not_picked":["rmod:auspiciousomen","rmod:timeschanged"],"picked":"rmod:abidefaith","floor":16.0},{"not_picked":["rmod:highspeedshooting+1","rmod:intelligenceanalysis","rmod:tearstotiara"],"picked":"SKIP","floor":18.0},{"not_picked":["rmod:circuitoustactics","rmod:expedition","rmod:diamondstrike"],"picked":"SKIP","floor":20.0},{"not_picked":["rmod:fletcherpendant","rmod:slowdown"],"picked":"rmod:highspeedmaneuver","floor":21.0},{"not_picked":["rmod:intelligenceanalysis","rmod:circuitoustactics"],"picked":"rmod:gendarmerie+1","floor":22},{"not_picked":["TH:EnergyPotion"],"picked":"TH:Mimic","floor":24},{"not_picked":["TH:CopperCoins"],"picked":"TH:ElvenBoots","floor":26},{"not_picked":["TH:Mimic"],"picked":"TH:DeckOfManyThings","floor":30},{"not_picked":["rmod:circuitoustactics","rmod:aviationdawn"],"picked":"rmod:fletcherpendant","floor":30},{"not_picked":["TH:CursedSword"],"picked":"TH:BikiniMail","floor":33},{"not_picked":["rmod:seals","rmod:ridicule"],"picked":"rmod:expeditionaryescort","floor":33},{"not_picked":["rmod:sl","rmod:unsinkable"],"picked":"rmod:intelligenceanalysis+1","floor":35},{"not_picked":["TH:CursedSword"],"picked":"TH:ArmorSpikes","floor":36},{"not_picked":["rmod:circuitoustactics","rmod:aluminumsupply+1"],"picked":"rmod:gendarmerie+1","floor":41},{"not_picked":["TH:CopperCoins"],"picked":"TH:DeckOfManyThings","floor":43},{"not_picked":["TH:Mimic"],"picked":"TH:CursedSword","floor":46},{"not_picked":["TH:EnergyPotion"],"picked":"TH:ArmorSpikes","floor":48},{"not_picked":["rmod:royalracing+1","rmod:diaomin"],"picked":"rmod:highspeedmaneuver","floor":48}],"player_experience":1789824,"relics_obtained":[{"floor":7.0,"key":"Tiny Chest"},{"floor":9.0,"key":"Sundial"},{"floor":24,"key":"WingedGreaves"},{"floor":26,"key":"Matryoshka"},{"floor":30,"key":"Nunchaku"},{"floor":36,"key":"Regal Pillow"},{"floor":36,"key":"StrikeDummy"},{"floor":43,"key":"Bronze Scales"},{"floor":43,"key":"Mango"},{"floor":46,"key":"Art of War"},{"floor":48,"key":"Lantern"}],"event_choices":[{"cards_removed":["rmod:tearstotiara"],"damage_healed":0.0,"max_hp_gain":0.0,"max_hp_loss":0.0,"gold_gain":0.0,"event_name":"WeMeetAgain","player_choice":"Gave Card","floor":2.0,"gold_loss":0.0,"damage_taken":0.0,"relics_obtained":["Mummified Hand"]},{"damage_healed":0,"gold_gain":0,"player_choice":"Opened","damage_taken":0,"relics_obtained":["White Beast Statue"],"max_hp_gain":0,"max_hp_loss":0,"event_name":"The Mausoleum","floor":28,"gold_loss":0},{"damage_healed":0,"gold_gain":0,"player_choice":"Inject Mutagens","damage_taken":0,"relics_obtained":["MutagenicStrength"],"max_hp_gain":0,"max_hp_loss":0,"event_name":"Drug Dealer","floor":29,"gold_loss":0},{"damage_healed":0,"gold_gain":0,"player_choice":"Simplicity","damage_taken":0,"max_hp_gain":0,"max_hp_loss":0,"event_name":"Back to Basics","floor":31,"gold_loss":0,"cards_upgraded":["rmod:strick","rmod:strick","rmod:strick","rmod:strick","rmod:defend","rmod:defend","rmod:defend","rmod:defend"]},{"cards_removed":["rmod:strick"],"damage_healed":0,"gold_gain":0,"player_choice":"Removed Attack","damage_taken":0,"max_hp_gain":0,"max_hp_loss":0,"event_name":"Falling","floor":37,"gold_loss":0},{"damage_healed":0,"gold_gain":0,"player_choice":"Embrace Madness","damage_taken":11,"max_hp_gain":0,"max_hp_loss":0,"event_name":"Winding Halls","floor":39,"gold_loss":0,"cards_obtained":["Madness","Madness"]}],"is_beta":false,"boss_relics":[{"not_picked":["Astrolabe","rmod:mogul"],"picked":"Cursed Key"},{"not_picked":["Snecko Eye","Fusion Hammer"],"picked":"SacredBark"}],"items_purged_floors":[4],"is_endless":false,"potions_floor_spawned":[5,10,12,16,18,30,33,35,41,48],"ascension_level":1}}