{"host":"i9o21tdcc8l3o4rw","time":1608995742,"event":{"mods":["2.2 Compatiblity","Act Like it!","BaseMod","BetterRewards","Colored Map","Colored Powertips","Hubris","Infinite Spire","Jorbs\u0027s Wanderer Trilogy","Marisa????????","Menagerie","Minty Spire (QoL Compilation)","Replay The Spire","Shop Mod","StSLib","The Bladedancer","The Exalted","The Servant 0.9.4","??????REMEMod"],"gold_per_floor":[118,131,41,41,52,52,82,82,82,137,137,137,163,175,175,175,175],"floor_reached":16,"playtime":1185,"items_purged":[],"score":108,"play_id":"5f4e226e-93a4-4964-8366-0a24ba1bfa22","local_time":"20201226161542","is_ascension_mode":false,"campfire_choices":[{"data":"Poisoned Stab","floor":6,"key":"SMITH"},{"floor":8,"key":"REST"},{"floor":15,"key":"REST"}],"circlet_count":0,"master_deck":["Strike_G","Strike_G","Strike_G","Strike_G","Strike_G","Defend_G","Defend_G","Defend_G","Defend_G","Defend_G","Survivor","Neutralize","Deadly Poison+1","Quick Slash","Poisoned Stab+1","Hidden Blade+1","Sucker Punch","Backflip","Dash","Toxin Wave","Replay:Poison Smokescreen","Glass Knife"],"relics":["REME_ComplimentaryCards","Sizzling Blood","Juzu Bracelet","Smiling Mask","Bag of Preparation"],"acts_visited":["Exordium"],"potions_floor_usage":[],"damage_taken":[{"damage":0,"enemies":"Cultist","floor":1,"turns":4},{"damage":4,"enemies":"Jaw Worm","floor":2,"turns":4},{"damage":7,"enemies":"Small Slimes","floor":5,"turns":3},{"damage":27,"enemies":"Lagavulin","floor":7,"turns":6},{"damage":33,"enemies":"Lagavulin Event","floor":10,"turns":6},{"damage":15,"enemies":"Gremlin Nob","floor":13,"turns":4},{"damage":12,"enemies":"Exordium Wildlife","floor":14,"turns":3},{"damage":57,"enemies":"Fading Forest","floor":16,"turns":9}],"seed_played":"8246739419822512610","potions_obtained":[{"floor":0,"key":"SmokeBomb"},{"floor":0,"key":"infinitespire:BlackPotion"},{"floor":0,"key":"Fire Potion"}],"is_trial":false,"path_per_floor":["M","M","$","?","M","R","E","R","T","?","$","?","E","M","R","B"],"character_chosen":"THE_SILENT","items_purchased":["Poisoned Stab","Hidden Blade+1"],"campfire_rested":2,"item_purchase_floors":[3,3],"current_hp_per_floor":[70,66,66,70,67,67,44,66,66,37,37,37,26,18,40,0,0],"gold":175,"neow_bonus":"THREE_SMALL_POTIONS","is_daily":false,"chose_seed":false,"campfire_upgraded":1,"win_rate":0.0,"timestamp":1608995742,"path_taken":["M","M","$","?","M","R","E","R","T","?","?","?","E","M","R","BOSS"],"items_purchased_type":["Card","Card"],"build_version":"2020-11-29","purchased_purges":0,"victory":false,"max_hp_per_floor":[70,70,70,74,74,74,74,74,74,74,74,74,74,74,74,74,74],"card_choices":[{"not_picked":["PiercingWail","Slice"],"picked":"Deadly Poison","floor":1},{"not_picked":["Flying Knee","REME_GreenPollution"],"picked":"Quick Slash","floor":2},{"not_picked":["Acrobatics","Underhanded Strike"],"picked":"Sucker Punch","floor":5},{"not_picked":["A Thousand Cuts","hubris:Sniper"],"picked":"Backflip","floor":7},{"not_picked":["Poisoned Stab","Deflect"],"picked":"Dash","floor":10},{"not_picked":["Eviscerate","Poisoned Stab"],"picked":"Toxin Wave","floor":13},{"not_picked":["Deadly Poison","Draining Mist"],"picked":"Replay:Poison Smokescreen","floor":14}],"player_experience":94852,"relics_obtained":[{"floor":9,"key":"Juzu Bracelet"},{"floor":10,"key":"Smiling Mask"},{"floor":13,"key":"Bag of Preparation"}],"event_choices":[{"damage_healed":0,"gold_gain":0,"player_choice":"Searched \u00272\u0027 times","damage_taken":0,"max_hp_gain":0,"max_hp_loss":0,"event_name":"Dead Adventurer","floor":10,"gold_loss":0},{"damage_healed":0,"gold_gain":0,"player_choice":"Grow","damage_taken":0,"max_hp_gain":0,"max_hp_loss":0,"event_name":"Living Wall","floor":12,"gold_loss":0,"cards_upgraded":["Deadly Poison"]}],"is_beta":false,"boss_relics":[],"items_purged_floors":[],"is_endless":false,"potions_floor_spawned":[2,5,7],"killed_by":"Fading Forest","ascension_level":0}}