{"host":"7o30bgpqouqblh42","time":1608946031,"event":{"mods":["AchievementEnabler","Aspiration","BaseMod","Colored Map","Downfall","Highlight Path","Minty Spire (QoL Compilation)","StSLib","SuperFastMode"],"gold_per_floor":[99,114,214,17,17,67,67,98,113,28,47,64,64,64,64,64],"floor_reached":14,"playtime":758,"items_purged":["champ:Strike"],"score":88,"play_id":"55b8aa5e-db61-4fb0-8bb2-adededbbe3cf","local_time":"20201225202711","is_ascension_mode":false,"campfire_choices":[{"floor":1,"key":"RECALL"},{"data":"1","floor":13,"key":"LIFT"}],"circlet_count":0,"master_deck":["champ:Strike","champ:Strike","champ:Strike","champ:Defend","champ:Defend","champ:Defend","champ:Defend+1","champ:Execute+1","champ:Taunt","champ:FanOfKnives","champ:GutPunch","champ:EndlessRage+1","champ:PreciseThrust","Regret","champ:Improvising","champ:ViciousMockery","champ:RecklessLeap","champ:Devastate","champ:StanceDance"],"relics":["champ:ChampionCrown","Girya","FossilizedHelix"],"acts_visited":["Exordium"],"potions_floor_usage":[10,12,14],"damage_taken":[{"damage":13,"enemies":"Jaw Worm","floor":2,"turns":5},{"damage":8,"enemies":"downfall:FleeingMerchant","floor":4,"turns":4},{"damage":74,"enemies":"Gremlin Nob","floor":8,"turns":6},{"damage":0,"enemies":"2 Louse","floor":9,"turns":3},{"damage":10,"enemies":"downfall:FleeingMerchant","floor":10,"turns":4},{"damage":3,"enemies":"Cultist","floor":11,"turns":4},{"damage":15,"enemies":"Blue Slaver","floor":12,"turns":3},{"damage":35,"enemies":"3 Sentries","floor":14,"turns":3}],"seed_played":"7035461274325365214","potions_obtained":[{"floor":2,"key":"Ancient Potion"},{"floor":8,"key":"SkillPotion"},{"floor":11,"key":"SkillPotion"}],"is_trial":false,"path_per_floor":["R","M","?","$","?","T","T","E","M","$","M","M","R","E"],"character_chosen":"THE_CHAMP","items_purchased":["champ:EndlessRage","champ:PreciseThrust","champ:Devastate"],"campfire_rested":0,"item_purchase_floors":[4,4,10],"current_hp_per_floor":[99,89,89,89,89,89,89,28,33,34,34,35,35,0,0,0],"gold":64,"neow_bonus":"TEN_PERCENT_HP_BONUS","is_daily":false,"chose_seed":false,"campfire_upgraded":0,"win_rate":0.0,"timestamp":1608946031,"path_taken":["R","M","?","$","?","?","T","E","M","?","M","M","R","E"],"items_purchased_type":["Card","Card","Card"],"build_version":"2020-12-22","purchased_purges":1,"victory":false,"max_hp_per_floor":[99,99,99,99,99,99,99,99,99,99,99,99,99,99,99,99],"card_choices":[{"not_picked":["champ:CrookedStrike","champ:HeartStrike"],"picked":"champ:FanOfKnives","floor":2},{"not_picked":["champ:BerserkerStyle","champ:FlashCut"],"picked":"champ:GutPunch","floor":4},{"not_picked":["champ:Backstep","champ:AdrenalArmor"],"picked":"champ:Improvising","floor":8},{"not_picked":["champ:FocusedBerserking","champ:GutPunch"],"picked":"champ:ViciousMockery","floor":9},{"not_picked":["champ:BerserkersShout","champ:Devastate"],"picked":"champ:RecklessLeap","floor":10},{"not_picked":["champ:Circumvent","champ:Haymaker"],"picked":"champ:StanceDance","floor":11},{"not_picked":["champ:TornadoPunch","champ:CrookedStrike","champ:BerserkerStyle"],"picked":"SKIP","floor":12}],"player_experience":171732,"relics_obtained":[{"floor":7,"key":"Girya"},{"floor":8,"key":"FossilizedHelix"}],"event_choices":[],"is_beta":false,"boss_relics":[],"items_purged_floors":[4],"is_endless":false,"potions_floor_spawned":[2,8,11],"killed_by":"3 Sentries","ascension_level":0}}