{"host":"2c1pg2m9wpz3w4c0","time":1608969981,"event":{"mods":["AchievementEnabler","Act Like it!","Aspiration","BaseMod","Better Note","BetterRewards","Disable Question Mark Monsters","Halation","Hubris","Infinite Spire","Lotus Mark","Marisa????????","Minty Spire (QoL Compilation)","Replay The Spire","StSLib","SuperFastMode","The Clintock","The Jungle","The Runesmith","Transform Curses"],"gold_per_floor":[111,111,130,305,324,357,357,132,156,156,170,170,187,198,198,295,295,306,326,326,326,346,365,380,380,461,461,461,461,461,473,473,575,575,592,235,235,235,247,273,273,291,291,303,315,343,390,402,414,531,543,556,565,577,589,601,613,621,633,645,657,663,739,716,740,752,848,860,864,866,999,1011,1023,1035,1054,1066,1102,1114,1126,1138,1144,1165,1177,1288,1300,1324,1336,1348,1360,1372,1384,1396,1410,1449,1461,953,953,953,947,947,1031,1031,1038,1038,1038,1042,1053,1053,1055,1055,1055,1005,1019,1026,1014,1028,1028,1124,1124,1132,1129,1129,1109,1109,1109,1109,1109,1183,1183,1144,1144,1144,1147,1147,1118,1118],"floor_reached":135,"playtime":4611,"items_purged":[],"score":3079,"play_id":"557c1cb6-3e8e-44a4-b3dd-0fa0a1cb486c","local_time":"20201226010621","is_ascension_mode":false,"campfire_choices":[{"data":"Infinite Blades","floor":7,"key":"SMITH"},{"data":"Flying Knee","floor":12,"key":"SMITH"},{"floor":15,"key":"REST"},{"floor":25,"key":"REST"},{"data":"Predator","floor":28,"key":"SMITH"},{"floor":32,"key":"REST"},{"floor":41,"key":"REST"},{"data":"Envenom","floor":57,"key":"SMITH"},{"data":"Sadistic Nature","floor":59,"key":"SMITH"},{"floor":66,"key":"REST"},{"data":"Poisoned Stab","floor":76,"key":"SMITH"},{"data":"Sucker Punch","floor":78,"key":"SMITH"},{"floor":83,"key":"REST"},{"data":"Dagger Throw","floor":91,"key":"SMITH"},{"data":"ReplayTheSpireMod:Scrap Shanks","floor":95,"key":"SMITH"},{"data":"Defend_G","floor":100,"key":"SMITH"},{"data":"Defend_G","floor":108,"key":"SMITH"},{"data":"Dagger Spray","floor":110,"key":"SMITH"},{"data":"Dagger Throw","floor":117,"key":"SMITH"},{"data":"Flying Knee","floor":125,"key":"SMITH"},{"data":"Defend_G","floor":127,"key":"SMITH"},{"data":"Defend_G","floor":131,"key":"SMITH"},{"floor":134,"key":"DIG"}],"circlet_count":0,"master_deck":["Strike_G","Strike_G","Strike_G","Strike_G","Strike_G","Defend_G","Defend_G+1","Defend_G+1","Defend_G+1","Defend_G+1","Survivor+1","Neutralize+1","Poisoned Stab+1","Infinite Blades+1","Deflect+1","PiercingWail+1","Sucker Punch+1","Injury","Blade Dance+1","Predator+1","Replay:Bag of Tricks+1","Apotheosis+1","Hidden Blade+1","Flying Knee+1","Escape Plan+1","Distraction+1","Corpse Explosion+1","hubris:Counter+1","lotusMarks:Mark+1","Tactician+1","Cloak And Dagger+1","ReplayTheSpireMod:Shiv Toss+1","Cloak And Dagger+1","Envenom+1","Cloak And Dagger+1","Bullet Time+1","PiercingWail+1","Sadistic Nature+1","Bandage Up+1","Acrobatics+1","Outmaneuver+1","Parasite","Deflect+1","Footwork+1","infinitespire:Execution+1","Prepared+1","Storm of Steel+1","Backflip+1","PiercingWail+1","Poisoned Stab+1","Hidden Blade+1","hubris:SlightOfHand+1","Prepared+1","Dodge and Roll+1","Doppelganger+1","Hidden Blade+1","Prepared+1","Venomology+1","Dagger Throw+1","Cloak And Dagger+1","Phantasmal Killer+1","Tactician+1","Madness+1","infinitespire:Menacing+1","hubris:Fate+1","Enlightenment+1","ReplayTheSpireMod:Scrap Shanks+1","Venomology+1","Hidden Blade+1","infinitespire:TheBestDefense+1","ReplayTheSpireMod:Necrosis+1","Blur+1","Blade Dance+1","Acrobatics+1","Dagger Spray+1","Catalyst+1","Dagger Throw+1","Flying Knee+1","Venomology+1","Blade Dance+1","Distraction+1","hubris:Sniper+1"],"relics":["Ring of the Snake","Toxic Egg 2","Ninja Scroll","aspiration:ChemicalBlood","HoveringKite","InkBottle","aspiration:FetidBarrel","aspiration:SecretTechniqueScroll","Runesmith:AutoHammer","Matryoshka","Happy Flower","MawBank","halation:Trompette","Juzu Bracelet","ReplayFunnel","Ring of Chaos","Golden Idol","halation:IllGainedPizza","halation:KoshaPiece","aspiration:ArtOfWarUpgrade","Turnip","Snack Pack","infinitespire:Broken Mirror","hubris:Backtick","Snake Skull","Toy Ornithopter","theJungle:BirthdayCakeSlice","Replay:Fungal Core","halation:PinkSoulGem","Ornamental Fan","Centennial Puzzle","hubris:EmptyBottle","hubris:SlimyHat","Replay:Baseball","hubris:Towel","halation:EternalFortune","hubris:MysteriousPyramids","halation:BottledLove","halation:PromiseList","hubris:Icosahedron","Mirror","hubris:Potato"],"acts_visited":["Exordium","theJungle:Jungle","TheBeyond","Exordium","theJungle:Jungle","TheBeyond","Exordium","theJungle:Jungle"],"potions_floor_usage":[6,6,16,18,22,22,23,23,24,31,33,33,35,39,47,47,47,50,62,62,62,62,62,65,67,70,75,75,75,81,82,93,93,99,99,101,101,101,101,101,101,106,106,107,113,113,114,114,114,116,118,118,120,120,120,120,121,133,135,135,135,135],"damage_taken":[{"damage":0,"enemies":"2 Louse","floor":1,"turns":2},{"damage":1,"enemies":"Cultist","floor":3,"turns":4},{"damage":0,"enemies":"Jaw Worm","floor":5,"turns":4},{"damage":12,"enemies":"3 Sentries","floor":6,"turns":9},{"damage":0,"enemies":"Exordium Wildlife","floor":11,"turns":2},{"damage":0,"enemies":"Gremlin Gang","floor":13,"turns":3},{"damage":0,"enemies":"2 Fungi Beasts","floor":14,"turns":2},{"damage":0,"enemies":"Hexaghost","floor":16,"turns":9},{"damage":17,"enemies":"theJungle:GiantWrat","floor":18,"turns":4},{"damage":0,"enemies":"theJungle:MUSHROOMGANG","floor":19,"turns":3},{"damage":4,"enemies":"theJungle:Snecko_Cultist_And_Trap","floor":22,"turns":7},{"damage":5,"enemies":"Snake Plant","floor":23,"turns":4},{"damage":0,"enemies":"theJungle:Lyon","floor":24,"turns":4},{"damage":9,"enemies":"theJungle:Snecko_Cultist_And_Trap","floor":31,"turns":5},{"damage":34,"enemies":"theJungle:TotemBoss","floor":33,"turns":7},{"damage":2,"enemies":"3 Shapes","floor":35,"turns":3},{"damage":0,"enemies":"3 Darklings","floor":39,"turns":3},{"damage":31,"enemies":"Nemesis","floor":40,"turns":3},{"damage":15,"enemies":"Writhing Mass","floor":42,"turns":5},{"damage":13,"enemies":"Spire Growth","floor":46,"turns":4},{"damage":6,"enemies":"Nightmare","floor":47,"turns":6},{"damage":31,"enemies":"infinitespire:MassOfShapes","floor":50,"turns":11},{"damage":0,"enemies":"Small Slimes","floor":52,"turns":2},{"damage":0,"enemies":"Cultist","floor":53,"turns":3},{"damage":6,"enemies":"Jaw Worm","floor":58,"turns":3},{"damage":59,"enemies":"Nightmare","floor":62,"turns":5},{"damage":32,"enemies":"Lagavulin","floor":65,"turns":4},{"damage":14,"enemies":"Slime Boss","floor":67,"turns":5},{"damage":5,"enemies":"theJungle:Flameango_and_Byrd","floor":69,"turns":3},{"damage":0,"enemies":"theJungle:GiantWrat","floor":70,"turns":2},{"damage":4,"enemies":"theJungle:Lyon","floor":75,"turns":4},{"damage":0,"enemies":"theJungle:2_Snecko_Cultists","floor":81,"turns":2},{"damage":34,"enemies":"Snake Plant","floor":82,"turns":3},{"damage":19,"enemies":"theJungle:TotemBoss","floor":84,"turns":3},{"damage":0,"enemies":"3 Shapes","floor":86,"turns":1},{"damage":0,"enemies":"Orb Walker","floor":93,"turns":2},{"damage":0,"enemies":"Giant Head","floor":99,"turns":5},{"damage":34,"enemies":"Time Eater","floor":101,"turns":6},{"damage":0,"enemies":"Cultist","floor":103,"turns":3},{"damage":0,"enemies":"Small Slimes","floor":106,"turns":1},{"damage":0,"enemies":"2 Louse","floor":107,"turns":2},{"damage":0,"enemies":"Red Slaver","floor":109,"turns":2},{"damage":0,"enemies":"Exordium Wildlife","floor":113,"turns":1},{"damage":8,"enemies":"3 Sentries","floor":114,"turns":3},{"damage":0,"enemies":"Large Slime","floor":115,"turns":3},{"damage":0,"enemies":"Blue Slaver","floor":116,"turns":1},{"damage":0,"enemies":"Slime Boss","floor":118,"turns":3},{"damage":0,"enemies":"theJungle:MUSHROOMGANG","floor":120,"turns":2},{"damage":0,"enemies":"Shell Parasite","floor":121,"turns":2},{"damage":0,"enemies":"theJungle:JungleHuntersEncounter","floor":123,"turns":4},{"damage":0,"enemies":"theJungle:Lyon","floor":133,"turns":2},{"damage":113,"enemies":"infinitespire:LordOfFortification","floor":135,"turns":2}],"seed_played":"-9088494229672510924","potions_obtained":[{"floor":1,"key":"Poison Potion"},{"floor":5,"key":"Adrenaline Potion"},{"floor":14,"key":"LiquidBronze"},{"floor":16,"key":"FearPotion"},{"floor":19,"key":"Poison Potion"},{"floor":20,"key":"Adrenaline Potion"},{"floor":20,"key":"LiquidBronze"},{"floor":22,"key":"Weak Potion"},{"floor":31,"key":"LiquidBronze"},{"floor":46,"key":"Strength Potion"},{"floor":50,"key":"SkillPotion"},{"floor":52,"key":"SpeedPotion"},{"floor":62,"key":"SkillPotion"},{"floor":62,"key":"Energy Potion"},{"floor":67,"key":"GhostInAJar"},{"floor":69,"key":"Explosive Potion"},{"floor":81,"key":"Fruit Juice"},{"floor":82,"key":"Ancient Potion"},{"floor":84,"key":"PowerPotion"},{"floor":99,"key":"Strength Potion"},{"floor":107,"key":"infinitespire:BlackPotion"},{"floor":118,"key":"Regen Potion"},{"floor":121,"key":"Fire Potion"}],"is_trial":false,"path_per_floor":["M","?","M","?","M","E","R","$","T","?","M","R","M","M","R","B",null,"M","M","?","?","M","M","M","R","T","?","R","T","?","M","R","B",null,"M","$","?","T","M","E","R","M","T","$","?","M","NM","?","R","B",null,"M","M","$","?","?","R","M","R","T","R","NM","?","?","E","R","B",null,"M","M","?","$","$","R","M","R","T","R","?","?","M","M","R","B",null,"M","?","?","?","AVR","R","?","M","T","R","$","?","?","E","R","B",null,"M","$","?","M","M","R","M","R","T","?","M","E","M","M","R","B",null,"M","M","?","M","?","R","?","R","T","?","$","R","?","M","R","B"],"character_chosen":"THE_SILENT","items_purchased":["Poisoned Stab+1","Infinite Blades","Deflect","PiercingWail","Apotheosis+1","Hidden Blade+1","Runesmith:AutoHammer","Bullet Time+1","PiercingWail+1","hubris:EmptyBottle","hubris:SlimyHat","Venomology+1","Replay:Baseball","Distraction+1"],"campfire_rested":6,"item_purchase_floors":[0,0,0,0,8,8,36,36,36,96,96,96,96,130],"current_hp_per_floor":[63,63,62,62,62,50,50,50,50,50,50,50,50,50,70,70,70,53,53,53,53,49,44,44,65,65,58,58,58,48,39,60,26,70,68,68,63,63,63,32,53,44,44,44,44,31,31,31,52,27,70,70,70,70,70,70,70,64,64,64,64,11,11,28,6,27,33,70,69,70,60,60,60,60,60,60,60,60,60,65,80,53,77,65,80,80,80,80,80,80,80,80,80,80,80,80,80,83,83,83,73,83,83,83,88,88,88,88,88,88,88,88,91,83,91,91,91,91,91,91,94,94,94,94,94,94,94,94,94,94,94,94,94,94,0,0],"gold":1118,"neow_bonus":"","is_daily":false,"chose_seed":false,"campfire_upgraded":16,"win_rate":0.0,"timestamp":1608969981,"path_taken":["M","?","M","?","M","E","R","$","T","?","M","R","M","?","R","BOSS","M","M","?","?","M","?","M","R","T","?","R","?","?","M","R","BOSS","M","$","?","?","M","E","R","M","T","$","?","M","NM","?","R","BOSS","M","M","$","?","?","R","M","R","T","R","NM","?","?","E","R","BOSS","M","M","?","?","$","R","M","R","T","R","?","?","M","M","R","BOSS","M","?","?","?","AVR","R","?","M","T","R","$","?","?","E","R","BOSS","M","$","?","M","M","R","M","R","T","?","M","E","M","M","R","BOSS","M","M","?","M","?","R","?","R","T","?","$","R","?","M","R","BOSS"],"items_purchased_type":["Card","Card","Card","Card","Card","Card","Relic","Card","Card","Relic","Relic","Card","Relic","Card"],"build_version":"2020-12-22","purchased_purges":0,"victory":false,"max_hp_per_floor":[70,70,70,70,70,70,70,70,70,70,70,70,70,70,70,70,70,70,70,70,70,70,70,70,70,70,70,70,70,70,70,70,70,70,70,70,70,70,70,70,70,70,70,70,70,70,70,70,70,70,70,70,70,70,70,70,70,70,70,70,70,70,70,70,70,70,70,70,70,70,70,70,70,70,70,70,70,70,70,75,80,80,80,80,80,80,80,80,80,80,80,80,80,80,80,80,80,83,83,83,83,83,83,83,88,88,88,88,88,88,88,88,91,91,91,91,91,91,91,91,94,94,94,94,94,94,94,94,94,94,94,94,94,94,94,94],"card_choices":[{"not_picked":["Cloak And Dagger","Underhanded Strike"],"picked":"Sucker Punch","floor":1},{"not_picked":["Skewer","Riddle With Holes"],"picked":"Blade Dance+1","floor":3},{"not_picked":["Quick Slash","Choke"],"picked":"Predator","floor":5},{"not_picked":["Masterful Stab","Unload"],"picked":"Replay:Bag of Tricks+1","floor":6},{"not_picked":["Underhanded Strike","lotusMarks:LotusStrike"],"picked":"Flying Knee","floor":11},{"not_picked":["lotusMarks:Mark+1","Fluid Movement"],"picked":"Escape Plan+1","floor":13},{"not_picked":["Acrobatics+1","lotusMarks:Mark+1"],"picked":"Distraction+1","floor":14},{"not_picked":["ReplayTheSpireMod:Necrosis+1","Grand Finale"],"picked":"Corpse Explosion+1","floor":16},{"not_picked":["Sucker Punch","Heel Hook"],"picked":"hubris:Counter","floor":18},{"not_picked":["Sneak Up+1","Underhanded Strike"],"picked":"lotusMarks:Mark+1","floor":19},{"not_picked":["Quick Slash","Dagger Spray+1"],"picked":"Tactician+1","floor":22},{"not_picked":["Escape Plan+1","Dodge and Roll+1"],"picked":"Cloak And Dagger+1","floor":23},{"not_picked":["lotusMarks:LotusStrike","Choke"],"picked":"ReplayTheSpireMod:Shiv Toss+1","floor":24},{"not_picked":["Slice","Leg Sweep+1"],"picked":"Cloak And Dagger+1","floor":31},{"not_picked":["Phantasmal Killer+1","Storm of Steel+1"],"picked":"Envenom","floor":33},{"not_picked":["lotusMarks:LotusSlash+1","Sucker Punch+1"],"picked":"Cloak And Dagger+1","floor":35},{"not_picked":["Replay:Bootleg Shield Generator+1","Discovery+1"],"picked":"Sadistic Nature","floor":37},{"not_picked":["Metamorphosis+1","Sadistic Nature"],"picked":"Bandage Up+1","floor":37},{"not_picked":["Blur+1","Distraction+1"],"picked":"Acrobatics+1","floor":39},{"not_picked":["Leg Sweep+1","Bouncing Flask+1"],"picked":"Outmaneuver+1","floor":40},{"not_picked":["hubris:SlightOfHand+1","Poisoned Stab"],"picked":"Deflect+1","floor":42},{"not_picked":["Quick Slash","Deflect+1"],"picked":"Footwork+1","floor":46},{"not_picked":["ReplayTheSpireMod:Chaos Vortex","hubris:Rewind"],"picked":"infinitespire:Execution","floor":47},{"not_picked":["lotusMarks:FullBloom+1","lotusMarks:Mark+1"],"picked":"Prepared+1","floor":47},{"not_picked":["Glass Knife","Malaise+1"],"picked":"Storm of Steel+1","floor":50},{"not_picked":["lotusMarks:Mark+1","Eviscerate"],"picked":"Backflip+1","floor":52},{"not_picked":["Riddle With Holes","hubris:Counter"],"picked":"PiercingWail+1","floor":53},{"not_picked":["lotusMarks:OnTheHunt+1","Well Laid Plans"],"picked":"Poisoned Stab","floor":58},{"not_picked":["Underhanded Strike","Riddle With Holes"],"picked":"Hidden Blade+1","floor":62},{"not_picked":["Setup+1","lotusMarks:LotusChain"],"picked":"hubris:SlightOfHand+1","floor":63},{"not_picked":["Bouncing Flask+1","PiercingWail+1"],"picked":"Prepared+1","floor":63},{"not_picked":["Hidden Blade+1","Unload"],"picked":"Dodge and Roll+1","floor":65},{"not_picked":["Phantasmal Killer+1","Atom Bomb"],"picked":"Doppelganger+1","floor":67},{"not_picked":["PiercingWail+1","Draining Mist+1"],"picked":"Hidden Blade+1","floor":69},{"not_picked":["hubris:SlightOfHand+1","Dagger Spray+1"],"picked":"Prepared+1","floor":70},{"not_picked":["Well Laid Plans+1","Deflect+1"],"picked":"Venomology+1","floor":75},{"not_picked":["ReplayTheSpireMod:Tripwire+1","hubris:SlightOfHand+1"],"picked":"Dagger Throw","floor":81},{"not_picked":["Sucker Punch+1","Blade Dance+1"],"picked":"Cloak And Dagger+1","floor":82},{"not_picked":["A Thousand Cuts","Malaise+1"],"picked":"Phantasmal Killer+1","floor":84},{"not_picked":["Eviscerate","Blade Dance+1"],"picked":"Tactician+1","floor":86},{"not_picked":["Replay:Bootleg Shield Generator+1","Replay:BasicMightCard"],"picked":"Enlightenment+1","floor":92},{"not_picked":["Slice","Fluid Movement"],"picked":"ReplayTheSpireMod:Scrap Shanks","floor":93},{"not_picked":["Deadly Poison+1","Bane+1"],"picked":"Hidden Blade+1","floor":99},{"not_picked":["infinitespire:FinalStrike","infinitespire:DeathsTouch"],"picked":"infinitespire:TheBestDefense","floor":101},{"not_picked":["aspiration:Lunge","Tools of the Trade"],"picked":"ReplayTheSpireMod:Necrosis+1","floor":101},{"not_picked":["lotusMarks:LotusStrike","Outmaneuver+1"],"picked":"Blur+1","floor":103},{"not_picked":["PiercingWail+1","Flying Knee"],"picked":"Blade Dance+1","floor":106},{"not_picked":["Masterful Stab","Dagger Spray"],"picked":"Acrobatics+1","floor":107},{"not_picked":["lotusMarks:LotusChain","PiercingWail+1"],"picked":"Dagger Spray","floor":109},{"not_picked":["hubris:TrickCloak+1","PiercingWail+1"],"picked":"Catalyst+1","floor":113},{"not_picked":["Endless Agony","Bane"],"picked":"Dagger Throw","floor":114},{"not_picked":["Setup+1","Dagger Throw"],"picked":"Flying Knee","floor":115},{"not_picked":["Quick Slash","Acrobatics+1","lotusMarks:LotusSlash"],"picked":"SKIP","floor":116},{"not_picked":["Glass Knife","Phantasmal Killer+1"],"picked":"Venomology+1","floor":118},{"not_picked":["lotusMarks:LotusSlash+1","Slice","ReplayTheSpireMod:Exploit Weakness+1"],"picked":"SKIP","floor":120},{"not_picked":["Slice+1","Bane","Heel Hook"],"picked":"SKIP","floor":121},{"not_picked":["Sucker Punch","Slice"],"picked":"Blade Dance+1","floor":123},{"not_picked":["Deflect+1","Quick Slash"],"picked":"hubris:Sniper+1","floor":133}],"player_experience":1131877,"relics_obtained":[{"floor":6,"key":"Ninja Scroll"},{"floor":9,"key":"aspiration:ChemicalBlood"},{"floor":26,"key":"InkBottle"},{"floor":29,"key":"aspiration:FetidBarrel"},{"floor":38,"key":"Matryoshka"},{"floor":40,"key":"Happy Flower"},{"floor":43,"key":"MawBank"},{"floor":43,"key":"halation:Trompette"},{"floor":47,"key":"ReplayFunnel"},{"floor":60,"key":"halation:KoshaPiece"},{"floor":60,"key":"Art of War"},{"floor":62,"key":"Turnip"},{"floor":63,"key":"Snack Pack"},{"floor":65,"key":"infinitespire:Broken Mirror"},{"floor":77,"key":"Toy Ornithopter"},{"floor":94,"key":"Centennial Puzzle"},{"floor":99,"key":"hubris:MysteriousPyramids"},{"floor":111,"key":"halation:BottledLove"},{"floor":113,"key":"halation:EternalFortune"},{"floor":114,"key":"halation:PromiseList"},{"floor":121,"key":"halation:EternalFortune"},{"floor":128,"key":"Mirror"},{"floor":134,"key":"hubris:Potato"}],"event_choices":[{"damage_healed":0,"gold_gain":175,"player_choice":"AGREE","damage_taken":0,"max_hp_gain":0,"max_hp_loss":0,"event_name":"Liars Game","floor":4,"gold_loss":0,"cards_obtained":["Doubt"]},{"damage_healed":0,"gold_gain":0,"player_choice":"Upgraded","damage_taken":0,"max_hp_gain":0,"max_hp_loss":0,"event_name":"Upgrade Shrine","floor":10,"gold_loss":0,"cards_upgraded":["Deflect"]},{"damage_healed":0,"gold_gain":0,"player_choice":"Got Potions","damage_taken":0,"max_hp_gain":0,"max_hp_loss":0,"event_name":"Lab","floor":20,"gold_loss":0},{"damage_healed":0,"gold_gain":0,"player_choice":"Upgraded","damage_taken":0,"max_hp_gain":0,"max_hp_loss":0,"event_name":"Upgrade Shrine","floor":21,"gold_loss":0,"cards_upgraded":["hubris:Counter"]},{"damage_healed":0,"gold_gain":0,"player_choice":"Damaged","damage_taken":7,"max_hp_gain":0,"max_hp_loss":0,"event_name":"Wheel of Change","floor":27,"gold_loss":0},{"damage_healed":0,"gold_gain":0,"player_choice":"Memory 2","damage_taken":5,"max_hp_gain":0,"max_hp_loss":0,"event_name":"SensoryStone","floor":37,"gold_loss":0},{"damage_healed":0,"gold_gain":0,"player_choice":"Gave Potion","damage_taken":0,"relics_obtained":["Juzu Bracelet"],"max_hp_gain":0,"max_hp_loss":0,"event_name":"WeMeetAgain","floor":45,"gold_loss":0},{"damage_healed":0,"gold_gain":0,"player_choice":"Take Wound","damage_taken":0,"relics_obtained":["Golden Idol"],"max_hp_gain":0,"max_hp_loss":0,"event_name":"Golden Idol","floor":55,"gold_loss":0,"cards_obtained":["Injury"]},{"damage_healed":0,"gold_gain":0,"player_choice":"Searched \u00271\u0027 times","damage_taken":0,"relics_obtained":["halation:IllGainedPizza"],"max_hp_gain":0,"max_hp_loss":0,"event_name":"Dead Adventurer","floor":56,"gold_loss":0},{"damage_healed":17,"gold_gain":0,"player_choice":"Healed","damage_taken":0,"max_hp_gain":0,"max_hp_loss":0,"event_name":"The Cleric","floor":64,"gold_loss":35},{"damage_healed":0,"gold_gain":0,"player_choice":"Forge","damage_taken":0,"max_hp_gain":0,"max_hp_loss":0,"event_name":"Accursed Blacksmith","floor":79,"gold_loss":0,"cards_upgraded":["Neutralize"]},{"cards_removed":["Apotheosis"],"damage_healed":0,"gold_gain":0,"player_choice":"Take \u0026 Give","damage_taken":0,"max_hp_gain":0,"max_hp_loss":0,"event_name":"betterNote:BetterNote","floor":88,"gold_loss":0,"cards_obtained":["Madness"]},{"damage_healed":0,"gold_gain":0,"player_choice":"Memory 1","damage_taken":0,"max_hp_gain":0,"max_hp_loss":0,"event_name":"SensoryStone","floor":92,"gold_loss":0},{"damage_healed":0,"gold_gain":0,"player_choice":"Donut","damage_taken":0,"max_hp_gain":5,"max_hp_loss":0,"event_name":"Big Fish","floor":105,"gold_loss":0},{"cards_removed":["Injury"],"damage_healed":0,"gold_gain":0,"player_choice":"Card Removal","damage_taken":0,"max_hp_gain":0,"max_hp_loss":0,"event_name":"The Cleric","floor":112,"gold_loss":50}],"is_beta":false,"boss_relics":[{"not_picked":["Kintsugi","Fusion Hammer"],"picked":"HoveringKite"},{"not_picked":["Sozu","halation:PlatinumPhoenix"],"picked":"aspiration:SecretTechniqueScroll"},{"not_picked":["halation:Risk","Replay:Drink Me"],"picked":"Ring of Chaos"},{"not_picked":["Pandora\u0027s Box","hubris:TerracottaHorce"],"picked":"hubris:Backtick"},{"not_picked":["aspiration:DefectSkillbook","halation:Prosthetics"],"picked":"Replay:Fungal Core"},{"not_picked":["Velvet Choker","Snecko Scales","Abe\u0027s Treasure"]},{"not_picked":["halation:MonkeysPaw","halation:ForbiddenBikini","hubris:RunicObelisk"]}],"items_purged_floors":[],"is_endless":true,"potions_floor_spawned":[1,5,14,16,19,22,31,46,50,52,62,67,69,81,82,84,86,99,107,109,115,118,121,133],"killed_by":"infinitespire:LordOfFortification","ascension_level":0}}