{"host":"e48gchmu8shm63ip","time":1608941455,"event":{"mods":["Abigail Mod","AchievementEnabler","Act Like it!","Bartender","BaseMod","Better Match","Better Note","Better Vampires","CapriCore","DeckTracker","Exacting","Fireblade Mod","Googly Eyes","Hallownest","Hermit","HololiveMod","Infinite Spire","Jorbs\u0027s Wanderer Trilogy","Koishi","Marisa????????","Minty Spire (QoL Compilation)","Railgun Mod","Rare Cards Sparkle","Relic Filter","Robot Space Explorer","Shade Mod","StSLib","The Animator","The Construct","The Death Knight","The Dragon Tamer","The Forsaken","The Immortal","The Judge","The Marked","The Poker Player","The Servant 0.9.4","TheFirefly","TheLocksmith","TheSwordswoman","Waifu the Spire"],"gold_per_floor":[112,112,112,112,112,142,142,177,177,191,205,205,237,255,255,350,350,366,379,6,6,17,17,17],"floor_reached":23,"playtime":726,"items_purged":["Decay"],"score":272,"play_id":"9b14e193-afa6-4e8e-9594-23310436849d","local_time":"20201226011055","is_ascension_mode":true,"campfire_choices":[{"data":"theMarked:SoldierOfQuellstein","floor":7,"key":"SMITH"},{"floor":12,"key":"DIG"},{"floor":15,"key":"REST"}],"circlet_count":0,"master_deck":["theMarked:Strike","theMarked:Strike","theMarked:Strike","theMarked:Strike","theMarked:Strike","theMarked:Defend","theMarked:Defend","theMarked:Defend","theMarked:Defend","theMarked:SoldierOfQuellstein+1","theMarked:RogueSparks","theMarked:EmpowerWeapon","theMarked:ElectricStrings","theMarked:ChainLightning","theMarked:TakeOffHeels"],"relics":["theMarked:ArtifactOfAir","NeowsBlessing","Tiny Chest","Anchor","Shovel","Frozen Egg 2","Boot","infinitespire:Golems Mask","theMarked:SpiritSword","theForsaken:Lifeblossom","TheAbacus"],"acts_visited":["Exordium","TheCity"],"potions_floor_usage":[18,23],"damage_taken":[{"damage":0,"enemies":"Small Slimes","floor":1,"turns":1},{"damage":0,"enemies":"Gremlin Nob","floor":6,"turns":2},{"damage":0,"enemies":"3 Sentries","floor":8,"turns":2},{"damage":9,"enemies":"Cultist","floor":10,"turns":4},{"damage":0,"enemies":"2 Louse","floor":11,"turns":3},{"damage":17,"enemies":"Gremlin Nob","floor":13,"turns":4},{"damage":11,"enemies":"Large Slime","floor":14,"turns":5},{"damage":35,"enemies":"Hexaghost","floor":16,"turns":11},{"damage":7,"enemies":"3 Byrds","floor":18,"turns":5},{"damage":20,"enemies":"Spheric Guardian","floor":19,"turns":4},{"damage":27,"enemies":"Snake Plant","floor":22,"turns":4},{"damage":31,"enemies":"Slavers","floor":23,"turns":2}],"seed_played":"-7876752139849213241","potions_obtained":[{"floor":2,"key":"construct:ShiftPotion"},{"floor":2,"key":"AttackPotion"},{"floor":2,"key":"DeathKnight:BottledBloodEchoes"},{"floor":11,"key":"Block Potion"},{"floor":18,"key":"Dexterity Potion"}],"is_trial":false,"path_per_floor":["M","?","$","?","?","E","R","E","T","M","M","R","E","M","R","B",null,"M","M","$","?","M","E"],"character_chosen":"THE_DEFAULT","items_purchased":["theForsaken:Lifeblossom","TheAbacus"],"campfire_rested":1,"item_purchase_floors":[20,20],"current_hp_per_floor":[70,70,70,70,70,70,70,70,70,61,61,61,44,33,54,19,70,63,43,43,43,22,0,0],"gold":17,"neow_bonus":"THREE_ENEMY_KILL","is_daily":false,"chose_seed":false,"campfire_upgraded":1,"win_rate":0.0,"timestamp":1608941455,"path_taken":["M","?","?","?","?","E","R","E","T","M","?","R","E","M","R","BOSS","M","M","$","?","M","E"],"items_purchased_type":["Relic","Relic"],"build_version":"2020-12-22","purchased_purges":1,"victory":false,"max_hp_per_floor":[70,70,70,70,70,70,70,70,70,70,70,70,70,70,70,70,70,70,70,70,70,70,70,70],"card_choices":[{"not_picked":["theMarked:Improvise","theMarked:Overthink"],"picked":"theMarked:RogueSparks","floor":1},{"not_picked":["theMarked:Seal","theMarked:ChannelForce","theMarked:Indomitable"],"picked":"SKIP","floor":6},{"not_picked":["theMarked:GodGivenPower","theMarked:SwordAndMagic"],"picked":"theMarked:EmpowerWeapon","floor":8},{"not_picked":["theMarked:WastefulAttack","theMarked:ResourceFulStrike"],"picked":"theMarked:ElectricStrings","floor":10},{"not_picked":["theMarked:EnhanceMovement","theMarked:Improvise"],"picked":"theMarked:ChainLightning","floor":11},{"not_picked":["theMarked:Seal","theMarked:Static","theMarked:ChainLightning"],"picked":"SKIP","floor":13},{"not_picked":["theMarked:ChannelForce","theMarked:Static","theMarked:ElectricStrings"],"picked":"SKIP","floor":14},{"not_picked":["theMarked:Snap","theMarked:FavorableWinds"],"picked":"theMarked:TakeOffHeels","floor":16},{"not_picked":["theMarked:LightningStrikesTwice+1","theMarked:HeightenedSenses","theMarked:RepellingDischarge"],"picked":"SKIP","floor":18},{"not_picked":["theMarked:Frustration","theMarked:GodGivenPower+1","theMarked:TwofoldDefense"],"picked":"SKIP","floor":19},{"not_picked":["theMarked:BanishingWave","theMarked:ElectricStrings","theMarked:Aftermath"],"picked":"SKIP","floor":22}],"player_experience":592163,"relics_obtained":[{"floor":4,"key":"Tiny Chest"},{"floor":6,"key":"Anchor"},{"floor":8,"key":"Shovel"},{"floor":9,"key":"Frozen Egg 2"},{"floor":12,"key":"Boot"},{"floor":13,"key":"infinitespire:Golems Mask"}],"event_choices":[{"damage_healed":0,"gold_gain":0,"player_choice":"Got Potions","damage_taken":0,"max_hp_gain":0,"max_hp_loss":0,"event_name":"Lab","floor":2,"gold_loss":0},{"damage_healed":0,"gold_gain":0,"player_choice":"Cursed","damage_taken":0,"max_hp_gain":0,"max_hp_loss":0,"event_name":"Wheel of Change","floor":5,"gold_loss":0,"cards_obtained":["Decay"]}],"is_beta":false,"boss_relics":[{"not_picked":["Ectoplasm","SlaversCollar"],"picked":"theMarked:SpiritSword"}],"items_purged_floors":[20],"is_endless":false,"potions_floor_spawned":[11,13,14,18,19],"killed_by":"Slavers","ascension_level":1}}