{"host":"4gpocmiyl6swb7z6","time":1608993724,"event":{"mods":["AchievementEnabler","BaseMod","Colored Map","Colored Powertips","Minty Spire (QoL Compilation)","Rare Cards Sparkle"],"gold_per_floor":[109,109,124,73,148,148,188,204,204,204,58,58,109,124,124,254,254,268,268,283,299,224,267,267,267,267,267,285,24,40,58,58,183,183,208,14,38,59,0,0,0,35,61,61,61,85,109,109,109,109,109],"floor_reached":50,"playtime":7187,"items_purged":["Pain","Writhe"],"score":565,"play_id":"e5795135-2bef-4eef-9ffd-bb21f30c849d","local_time":"20201226154204","is_ascension_mode":false,"campfire_choices":[{"data":"Hologram","floor":6.0,"key":"SMITH"},{"floor":10.0,"key":"REST"},{"data":"Chaos","floor":12.0,"key":"SMITH"},{"data":"Multi-Cast","floor":15.0,"key":"SMITH"},{"data":"Redo","floor":25.0,"key":"SMITH"},{"data":"Biased Cognition","floor":27.0,"key":"SMITH"},{"data":"Buffer","floor":32.0,"key":"SMITH"},{"data":"Aggregate","floor":40.0,"key":"SMITH"},{"data":"Self Repair","floor":44.0,"key":"SMITH"},{"data":"Electrodynamics","floor":49.0,"key":"SMITH"}],"circlet_count":0,"master_deck":["Strike_B","Strike_B","Strike_B","Strike_B","Defend_B","Defend_B+1","Defend_B","Zap+1","Dualcast","Hologram+1","Chaos+1","Go for the Eyes","Compile Driver+1","Compile Driver+1","All For One+1","Hologram","Multi-Cast+1","Barrage+1","Compile Driver+1","Biased Cognition+1","Redo+1","Glacier","Skim","Genetic Algorithm+1","Self Repair+1","Buffer+1","Compile Driver+1","Ball Lightning+1","Fission","Ball Lightning+1","Aggregate+1","Electrodynamics+1","Leap+1","Go for the Eyes+1","Ball Lightning+1","Iron Wave+1","Go for the Eyes+1","Hologram+1","Writhe"],"relics":["Cracked Core","Golden Idol","Molten Egg 2","War Paint","Orrery","Coffee Dripper","WarpedTongs","Pear","Happy Flower","Sundial","Black Star","Red Mask","Bag of Preparation","Juzu Bracelet","Toy Ornithopter"],"acts_visited":["Exordium","TheCity","TheBeyond"],"potions_floor_usage":[],"damage_taken":[{"damage":0.0,"enemies":"2 Louse","floor":1.0,"turns":3.0},{"damage":0.0,"enemies":"Small Slimes","floor":3.0,"turns":3.0},{"damage":38.0,"enemies":"3 Sentries","floor":7.0,"turns":8.0},{"damage":6.0,"enemies":"Jaw Worm","floor":8.0,"turns":4.0},{"damage":6.0,"enemies":"Lots of Slimes","floor":14.0,"turns":3.0},{"damage":16.0,"enemies":"The Guardian","floor":16.0,"turns":6.0},{"damage":0.0,"enemies":"Chosen","floor":18.0,"turns":4.0},{"damage":2.0,"enemies":"3 Byrds","floor":20.0,"turns":3.0},{"damage":23.0,"enemies":"Centurion and Healer","floor":21.0,"turns":4.0},{"damage":7.0,"enemies":"Gremlin Leader","floor":23.0,"turns":6.0},{"damage":0.0,"enemies":"Snecko","floor":28.0,"turns":5.0},{"damage":14.0,"enemies":"Snake Plant","floor":30.0,"turns":5.0},{"damage":16.0,"enemies":"Centurion and Healer","floor":31.0,"turns":4.0},{"damage":39.0,"enemies":"Collector","floor":33.0,"turns":9.0},{"damage":11.0,"enemies":"3 Shapes","floor":35.0,"turns":4.0},{"damage":31.0,"enemies":"3 Darklings","floor":37.0,"turns":5.0},{"damage":7.0,"enemies":"4 Shapes","floor":38.0,"turns":5.0},{"damage":66.0,"enemies":"Giant Head","floor":42.0,"turns":10.0},{"damage":0.0,"enemies":"Transient","floor":46.0,"turns":5.0},{"damage":12.0,"enemies":"Jaw Worm Horde","floor":47.0,"turns":5.0},{"damage":58,"enemies":"Donu and Deca","floor":50,"turns":7}],"seed_played":"-8969641800432624172","potions_obtained":[{"floor":1.0,"key":"PowerPotion"},{"floor":3.0,"key":"SkillPotion"},{"floor":8.0,"key":"Fire Potion"},{"floor":16.0,"key":"Fruit Juice"},{"floor":23.0,"key":"Block Potion"},{"floor":28.0,"key":"Swift Potion"},{"floor":30.0,"key":"BlessingOfTheForge"},{"floor":33.0,"key":"BlessingOfTheForge"},{"floor":35.0,"key":"PotionOfCapacity"},{"floor":37.0,"key":"Strength Potion"}],"is_trial":false,"path_per_floor":["M","?","M","$","?","R","E","M","T","R","$","R","?","M","R","B",null,"M","?","M","M","$","E","?","R","T","R","M","$","M","M","R","B",null,"M","$","M","M","?","R","?","E","T","R","?","M","M","?","R","B"],"character_chosen":"DEFECT","items_purchased":["Go for the Eyes","Orrery","Buffer","Aggregate","Electrodynamics"],"campfire_rested":1,"item_purchase_floors":[4,11,29,36,36],"current_hp_per_floor":[82,62,62,62,51,51,13,7,7,31,31,31,31,25,25,9,82,82,82,85,62,62,65,65,65,65,65,65,65,51,42,42,10,97,96,96,72,72,72,72,72,13,13,13,13,23,21,45,45,0,0],"gold":109,"neow_bonus":"TEN_PERCENT_HP_BONUS","is_daily":false,"chose_seed":false,"campfire_upgraded":9,"win_rate":0.0,"timestamp":1608993724,"path_taken":["M","?","M","$","?","R","E","M","T","R","$","R","?","M","R","BOSS","M","?","M","?","$","E","?","R","T","R","M","$","M","M","R","BOSS","M","$","M","M","?","R","?","E","T","R","?","M","M","?","R","BOSS"],"items_purchased_type":["Card","Relic","Card","Card","Card"],"build_version":"2020-12-22","purchased_purges":2,"victory":false,"max_hp_per_floor":[82,82,82,82,82,82,82,82,82,82,82,82,82,82,82,82,82,82,82,87,87,87,97,97,97,97,97,97,97,97,97,97,97,97,97,97,97,97,97,97,97,97,97,97,97,97,97,97,97,97,97],"card_choices":[{"not_picked":["Auto Shields","Darkness"],"picked":"Hologram","floor":1.0},{"not_picked":["Redo","Hello World"],"picked":"Chaos","floor":3.0},{"not_picked":["Reprogram","Stack","Hello World"],"picked":"SKIP","floor":7.0},{"not_picked":["Hologram","Leap"],"picked":"Compile Driver+1","floor":8.0},{"not_picked":["Conserve Battery","Sweeping Beam+1"],"picked":"Compile Driver+1","floor":11.0},{"not_picked":["Sweeping Beam+1","Ball Lightning+1"],"picked":"All For One+1","floor":11.0},{"not_picked":["Coolheaded","Steam"],"picked":"Hologram","floor":11.0},{"not_picked":["Compile Driver+1","Sweeping Beam+1"],"picked":"Multi-Cast","floor":11.0},{"not_picked":["Leap","Coolheaded"],"picked":"Barrage+1","floor":11.0},{"not_picked":["Coolheaded","Barrage+1"],"picked":"Compile Driver+1","floor":14.0},{"not_picked":["All For One+1","Multi-Cast"],"picked":"Biased Cognition","floor":16.0},{"not_picked":["Streamline+1","Sweeping Beam+1"],"picked":"Redo","floor":18.0},{"not_picked":["Gash+1","Steam Power+1"],"picked":"Glacier","floor":20.0},{"not_picked":["Reinforced Body","Conserve Battery+1"],"picked":"Skim","floor":21.0},{"not_picked":["Hologram","Melter+1"],"picked":"Genetic Algorithm+1","floor":23.0},{"not_picked":["Leap","Glacier"],"picked":"Self Repair","floor":28.0},{"not_picked":["Reprogram","Cold Snap+1"],"picked":"Compile Driver+1","floor":30.0},{"not_picked":["Multi-Cast","Coolheaded"],"picked":"Ball Lightning+1","floor":31.0},{"not_picked":["Creative AI","Thunder Strike+1"],"picked":"Fission","floor":33.0},{"not_picked":["Stack+1","Force Field"],"picked":"Ball Lightning+1","floor":35.0},{"not_picked":["Skim+1","Compile Driver+1"],"picked":"Leap+1","floor":37.0},{"not_picked":["Force Field+1","Sweeping Beam+1"],"picked":"Go for the Eyes+1","floor":38.0},{"not_picked":["Scrape+1","Sweeping Beam+1"],"picked":"Ball Lightning+1","floor":42.0},{"not_picked":["Reinforced Body+1","White Noise"],"picked":"Go for the Eyes+1","floor":46.0},{"not_picked":["Ball Lightning+1","Fusion"],"picked":"Hologram+1","floor":47.0}],"player_experience":21602,"relics_obtained":[{"floor":7.0,"key":"Molten Egg 2"},{"floor":9.0,"key":"War Paint"},{"floor":23.0,"key":"Pear"},{"floor":26.0,"key":"Sundial"},{"floor":42.0,"key":"Bag of Preparation"},{"floor":42.0,"key":"Juzu Bracelet"},{"floor":43.0,"key":"Toy Ornithopter"}],"event_choices":[{"damage_healed":0.0,"max_hp_gain":0.0,"max_hp_loss":0.0,"gold_gain":0.0,"event_name":"Golden Idol","player_choice":"Take Damage","floor":2.0,"gold_loss":0.0,"damage_taken":20.0,"relics_obtained":["Golden Idol"]},{"damage_healed":0.0,"max_hp_gain":0.0,"max_hp_loss":0.0,"gold_gain":75.0,"event_name":"World of Goop","player_choice":"Gather Gold","floor":5.0,"gold_loss":0.0,"damage_taken":11.0},{"damage_healed":0.0,"max_hp_gain":0.0,"max_hp_loss":0.0,"gold_gain":51.0,"event_name":"Golden Wing","player_choice":"Gained Gold","floor":13.0,"gold_loss":0.0,"damage_taken":0.0},{"damage_healed":0.0,"max_hp_gain":0.0,"max_hp_loss":0.0,"gold_gain":0.0,"event_name":"Accursed Blacksmith","player_choice":"Rummage","floor":19.0,"gold_loss":0.0,"damage_taken":0.0,"relics_obtained":["WarpedTongs"],"cards_obtained":["Pain"]},{"damage_healed":0.0,"max_hp_gain":0.0,"max_hp_loss":0.0,"gold_gain":0.0,"event_name":"The Mausoleum","player_choice":"Opened","floor":24.0,"gold_loss":0.0,"damage_taken":0.0,"relics_obtained":["Happy Flower"],"cards_obtained":["Writhe"]},{"damage_healed":0.0,"max_hp_gain":0.0,"max_hp_loss":0.0,"gold_gain":0.0,"event_name":"Tomb of Lord Red Mask","player_choice":"Paid","floor":39.0,"gold_loss":59.0,"damage_taken":0.0,"relics_obtained":["Red Mask"]},{"damage_healed":0.0,"max_hp_gain":0.0,"max_hp_loss":0.0,"gold_gain":0.0,"event_name":"SecretPortal","player_choice":"Ignored","floor":41.0,"gold_loss":0.0,"damage_taken":0.0},{"cards_removed":["Defend_B"],"damage_healed":0.0,"max_hp_gain":0.0,"max_hp_loss":0.0,"gold_gain":0.0,"event_name":"NoteForYourself","player_choice":"Took Card","floor":45.0,"gold_loss":0.0,"damage_taken":0.0,"cards_obtained":["Iron Wave"]},{"damage_healed":24.0,"max_hp_gain":0.0,"max_hp_loss":0.0,"gold_gain":0.0,"event_name":"Winding Halls","player_choice":"Writhe","floor":48.0,"gold_loss":0.0,"damage_taken":0.0,"cards_obtained":["Writhe"]}],"is_beta":false,"boss_relics":[{"not_picked":["Velvet Choker","Inserter"],"picked":"Coffee Dripper"},{"not_picked":["Busted Crown","SacredBark"],"picked":"Black Star"}],"items_purged_floors":[22,29],"is_endless":false,"potions_floor_spawned":[1,3,8,16,23,28,30,33,35,37],"killed_by":"Donu and Deca","ascension_level":0}}