{"host":"erulnpr9qdnrfj6h","time":1608981303,"event":{"mods":["AchievementEnabler","BaseMod","Colored Map","Minty Spire (QoL Compilation)","Rare Cards Sparkle","SuperFastMode"],"gold_per_floor":[114,114,64,79,79,111,111,125,172,172,247,273,3,14,14,113,113,101,101,115,125,125,125],"floor_reached":22,"playtime":954,"items_purged":["Strike_G"],"score":335,"play_id":"6b810cd8-9b8d-4541-8d63-65a72a8cdc14","local_time":"20201226201503","is_ascension_mode":true,"campfire_choices":[{"floor":7.0,"key":"REST"},{"floor":10.0,"key":"REST"},{"floor":15.0,"key":"REST"}],"circlet_count":0,"master_deck":["AscendersBane","Strike_G","Strike_G","Strike_G","Defend_G","Defend_G","Defend_G","Defend_G","Defend_G","Survivor","Neutralize","CurseOfTheBell","Dagger Throw","Blade Dance","Dodge and Roll","Backflip","Cloak And Dagger","Escape Plan","PiercingWail","Cloak And Dagger","Metamorphosis","Bullet Time","Cloak And Dagger","Envenom","Cloak And Dagger","Adrenaline","Dark Shackles","Blade Dance","Prepared"],"relics":["Calling Bell","Dream Catcher","Eternal Feather","Incense Burner","Blood Vial","Orichalcum","Pen Nib","Boot","Black Star"],"acts_visited":["Exordium","TheCity"],"potions_floor_usage":[],"damage_taken":[{"damage":0.0,"enemies":"Jaw Worm","floor":1.0,"turns":7.0},{"damage":4.0,"enemies":"Small Slimes","floor":4.0,"turns":5.0},{"damage":8.0,"enemies":"3 Sentries","floor":6.0,"turns":4.0},{"damage":3.0,"enemies":"Cultist","floor":8.0,"turns":5.0},{"damage":29.0,"enemies":"Gremlin Nob","floor":12.0,"turns":5.0},{"damage":2.0,"enemies":"Blue Slaver","floor":14.0,"turns":5.0},{"damage":47.0,"enemies":"Slime Boss","floor":16.0,"turns":11.0},{"damage":23.0,"enemies":"2 Thieves","floor":18.0,"turns":4.0},{"damage":34.0,"enemies":"Spheric Guardian","floor":20.0,"turns":8.0},{"damage":5.0,"enemies":"Snecko","floor":21.0,"turns":6.0},{"damage":0,"enemies":"Snake Plant","floor":22,"turns":2}],"seed_played":"9149474519876696555","potions_obtained":[{"floor":4.0,"key":"ColorlessPotion"},{"floor":8.0,"key":"ColorlessPotion"},{"floor":20.0,"key":"GamblersBrew"},{"floor":21.0,"key":"Explosive Potion"}],"is_trial":false,"path_per_floor":["M","?","?","M","?","E","R","M","T","R","?","E","$","M","R","B",null,"M","?","M","M","M"],"character_chosen":"THE_SILENT","items_purchased":["Cloak And Dagger","Metamorphosis"],"campfire_rested":3,"item_purchase_floors":[13,13],"current_hp_per_floor":[63,63,63,61,61,55,70,67,67,70,59,32,32,32,65,20,58,37,37,5,2,4,4],"gold":125,"neow_bonus":"BOSS_RELIC","is_daily":false,"chose_seed":false,"campfire_upgraded":0,"win_rate":0.0,"timestamp":1608981303,"path_taken":["M","?","?","M","?","E","R","?","T","R","?","E","$","M","R","BOSS","M","?","M","?","M"],"items_purchased_type":["Card","Card"],"build_version":"2020-12-22","purchased_purges":1,"victory":false,"max_hp_per_floor":[70,70,70,70,70,70,70,70,70,70,70,70,70,70,70,70,70,70,70,70,70,70,70],"card_choices":[{"not_picked":["Sucker Punch","Bane"],"picked":"Dagger Throw","floor":1.0},{"not_picked":["Deadly Poison","Prepared"],"picked":"Blade Dance","floor":4.0},{"not_picked":["Caltrops","Slice"],"picked":"Backflip","floor":6.0},{"not_picked":["Backstab","Outmaneuver"],"picked":"Cloak And Dagger","floor":7.0},{"not_picked":["Masterful Stab","Flying Knee"],"picked":"Escape Plan","floor":8.0},{"not_picked":["Crippling Poison","Slice"],"picked":"PiercingWail","floor":10.0},{"not_picked":["Dodge and Roll","Underhanded Strike","Dagger Spray"],"picked":"SKIP","floor":12.0},{"not_picked":["Deflect","Terror"],"picked":"Bullet Time","floor":14.0},{"not_picked":["Sucker Punch","Prepared"],"picked":"Cloak And Dagger","floor":15.0},{"not_picked":["Doppelganger","Die Die Die"],"picked":"Envenom","floor":16.0},{"not_picked":["Slice","Bane"],"picked":"Cloak And Dagger","floor":18.0},{"not_picked":["Blur","Quick Slash"],"picked":"Prepared","floor":20.0},{"not_picked":["Backstab","Catalyst","Deflect"],"picked":"SKIP","floor":21.0}],"player_experience":189828,"relics_obtained":[{"floor":0.0,"key":"Dream Catcher"},{"floor":0.0,"key":"Eternal Feather"},{"floor":0.0,"key":"Incense Burner"},{"floor":6.0,"key":"Orichalcum"},{"floor":9.0,"key":"Pen Nib"},{"floor":12.0,"key":"Boot"}],"event_choices":[{"damage_healed":0.0,"max_hp_gain":0.0,"max_hp_loss":0.0,"gold_gain":0.0,"event_name":"Big Fish","player_choice":"Box","floor":2.0,"gold_loss":0.0,"damage_taken":0.0,"relics_obtained":["Blood Vial"],"cards_obtained":["Regret"]},{"cards_removed":["Regret"],"damage_healed":0.0,"max_hp_gain":0.0,"max_hp_loss":0.0,"gold_gain":0.0,"event_name":"The Cleric","player_choice":"Card Removal","floor":3.0,"gold_loss":50.0,"damage_taken":0.0},{"damage_healed":0.0,"max_hp_gain":0.0,"max_hp_loss":0.0,"gold_gain":0.0,"cards_transformed":["Strike_G"],"event_name":"Transmorgrifier","player_choice":"Transformed","floor":5.0,"gold_loss":0.0,"damage_taken":0.0,"cards_obtained":["Dodge and Roll"]},{"damage_healed":0.0,"max_hp_gain":0.0,"max_hp_loss":0.0,"gold_gain":75.0,"event_name":"World of Goop","player_choice":"Gather Gold","floor":11.0,"gold_loss":0.0,"damage_taken":11.0},{"damage_healed":0.0,"max_hp_gain":0.0,"max_hp_loss":0.0,"gold_gain":0.0,"event_name":"Match and Keep!","player_choice":"3 cards matched","floor":19.0,"gold_loss":0.0,"damage_taken":0.0,"cards_obtained":["Adrenaline","Dark Shackles","Blade Dance"]}],"is_beta":false,"boss_relics":[{"not_picked":["Snecko Eye","HoveringKite"],"picked":"Black Star"}],"items_purged_floors":[13],"is_endless":false,"potions_floor_spawned":[4,8,20,21],"killed_by":"Snake Plant","ascension_level":12}}