{"host":"0cgp910o8339lr91","time":1608946733,"event":{"mods":["BaseMod","Colored Map","Filter the Spire","Minty Spire (QoL Compilation)","Relic Stats","Slay-I","ojb\u0027s Better Paths Mod","ojb\u0027s Info Mod"],"gold_per_floor":[112,112,131,19,31,56,56,87,87,103,134,134,134,134,134],"floor_reached":14,"playtime":1161,"items_purged":["Strike_G"],"score":316,"play_id":"7bf1a93e-115a-4143-9f87-ed3e49823fa5","local_time":"20201226023853","is_ascension_mode":true,"campfire_choices":[{"data":"Cloak And Dagger","floor":7,"key":"SMITH"},{"data":"Burst","floor":12,"key":"SMITH"}],"circlet_count":0,"master_deck":["AscendersBane","Strike_G","Strike_G","Strike_G","Strike_G","Defend_G","Defend_G","Defend_G","Defend_G","Survivor","Neutralize","PiercingWail","Burst+1","Cloak And Dagger+1","Accuracy","Leg Sweep","Noxious Fumes","Footwork"],"relics":["Runic Pyramid","Ornamental Fan","HornCleat","White Beast Statue","Juzu Bracelet"],"acts_visited":["Exordium"],"potions_floor_usage":[8,14],"damage_taken":[{"damage":0,"enemies":"Cultist","floor":1,"turns":4},{"damage":3,"enemies":"Small Slimes","floor":3,"turns":5},{"damage":1,"enemies":"Jaw Worm","floor":5,"turns":5},{"damage":53,"enemies":"Gremlin Nob","floor":6,"turns":6},{"damage":0,"enemies":"3 Sentries","floor":8,"turns":15},{"damage":0,"enemies":"3 Louse","floor":10,"turns":5},{"damage":0,"enemies":"Lagavulin","floor":11,"turns":10},{"damage":14,"enemies":"Gremlin Nob","floor":14,"turns":3}],"seed_played":"-8336661658488786216","potions_obtained":[{"floor":3,"key":"Poison Potion"},{"floor":10,"key":"Weak Potion"},{"floor":11,"key":"AttackPotion"}],"is_trial":false,"path_per_floor":["M","?","M","$","M","E","R","E","T","M","E","R","?","E"],"character_chosen":"THE_SILENT","items_purchased":["Accuracy"],"campfire_rested":0,"item_purchase_floors":[4],"current_hp_per_floor":[59,59,56,56,55,2,2,2,2,2,2,2,2,0,0],"gold":134,"neow_bonus":"BOSS_RELIC","is_daily":false,"chose_seed":false,"campfire_upgraded":2,"win_rate":0.0,"timestamp":1608946733,"path_taken":["M","?","?","$","M","E","R","E","T","M","E","R","?","E"],"items_purchased_type":["Card"],"build_version":"2020-12-22","purchased_purges":1,"victory":false,"max_hp_per_floor":[66,66,66,66,66,66,66,66,66,66,66,66,66,66,66],"relic_stats":{"counters":[8,53],"Ornamental Fan":[28],"Juzu Bracelet":0,"obtain_stats":[{"HornCleat":8,"Ornamental Fan":6,"Juzu Bracelet":11,"White Beast Statue":9,"Ring of the Snake":0,"Runic Pyramid":0},{"HornCleat":5,"Ornamental Fan":4,"Juzu Bracelet":7,"White Beast Statue":5,"Ring of the Snake":0,"Runic Pyramid":0},{"HornCleat":35,"Ornamental Fan":20,"Juzu Bracelet":50,"White Beast Statue":35,"Ring of the Snake":0,"Runic Pyramid":0}]},"card_choices":[{"not_picked":["Dodge and Roll","Flying Knee"],"picked":"PiercingWail","floor":1},{"not_picked":["Dodge and Roll","Setup"],"picked":"Cloak And Dagger","floor":3},{"not_picked":["Heel Hook","Sucker Punch","Flying Knee"],"picked":"SKIP","floor":5},{"not_picked":["Heel Hook","Sucker Punch","Flying Knee"],"picked":"SKIP","floor":5},{"not_picked":["Heel Hook","Sucker Punch","Flying Knee"],"picked":"SKIP","floor":5},{"not_picked":["Dash","Flying Knee"],"picked":"Leg Sweep","floor":6},{"not_picked":["Escape Plan","Dagger Throw"],"picked":"Noxious Fumes","floor":8},{"not_picked":["Crippling Poison","Prepared","Underhanded Strike"],"picked":"SKIP","floor":10},{"not_picked":["Deflect","PiercingWail"],"picked":"Footwork","floor":11}],"player_experience":1010092,"relics_obtained":[{"floor":6,"key":"Ornamental Fan"},{"floor":8,"key":"HornCleat"},{"floor":9,"key":"White Beast Statue"},{"floor":11,"key":"Juzu Bracelet"}],"event_choices":[{"damage_healed":0,"gold_gain":0,"cards_transformed":["Defend_G"],"player_choice":"Transformed","damage_taken":0,"max_hp_gain":0,"max_hp_loss":0,"event_name":"Transmorgrifier","floor":2,"gold_loss":0,"cards_obtained":["Burst"]},{"damage_healed":0,"gold_gain":0,"player_choice":"Ignored","damage_taken":0,"max_hp_gain":0,"max_hp_loss":0,"event_name":"Liars Game","floor":13,"gold_loss":0}],"is_beta":false,"boss_relics":[],"items_purged_floors":[4],"is_endless":false,"potions_floor_spawned":[3,10,11],"killed_by":"Gremlin Nob","ascension_level":20}}