{"host":"cj3arb0pxcj913u7","time":1608962345,"event":{"mods":["AchievementEnabler","Act Like it!","Ascension Reborn","BaseMod","Bestiary","Better Third Choice","BetterRewards","Block Reminder","ChefMod","Colored Map","Colored Powertips","Conspire","DeckTracker","Displayed Cursed Tome","Downfall","Energized Spire","Gold Saver","Googly Eyes","Grow up Mod","Hallownest","Hubris","Infinite Spire","Mad Scientist","Mimic Mod","Minty Spire (QoL Compilation)","Permanent Neow","Quick Restart","Relic Stats","Replay The Spire","Shade Mod","Spicy Shops","StSLib","The Blue Laboratory","The Bug Knight","The Construct","The Cursed","The Hierophant","The Runesmith","Uncapped","??????REMEMod"],"gold_per_floor":[123,182,198,288,65,96,96,96,128,128,146,146,166,166,166,291,291,305,324,324,337,26,60,60,60,60,102,124,124,180,210,210,328,328,351,371,371,388,0,32,32,50,50,73,73,73,96,113,113,113,113,113,19,51,51],"floor_reached":56,"playtime":3096,"items_purged":["Defend_R+1","Defend_R+1","Defend_R+1"],"score":1239,"play_id":"872f2470-3085-489a-8db7-bdb7d1841441","local_time":"20201225235905","is_ascension_mode":true,"campfire_choices":[{"floor":8,"key":"RECALL"},{"data":"Demon Form","floor":10,"key":"SMITH"},{"data":"Heavy Blade","floor":12,"key":"SMITH"},{"data":"Strike_R+2","floor":24,"key":"SMITH"},{"floor":32,"key":"DIG"},{"floor":41,"key":"REST"},{"data":"Combust","floor":45,"key":"SMITH"},{"data":"Clothesline","floor":45,"key":"SMITH"},{"floor":49,"key":"REST"},{"data":"Heavy Blade","floor":52,"key":"SMITH"},{"data":"Heavy Blade","floor":52,"key":"SMITH"}],"circlet_count":0,"master_deck":["Strike_R+1","Strike_R+1","Strike_R+1","Strike_R+3","Strike_R+1","Bash+1","Guardian:RefractedBeam","Cleave+1","Hemokinesis+1","Demon Form+1","Rupture+1","Twin Strike+1","Heavy Blade+1","Cleave","Spot Weakness+1","Thunderclap+1","conspire:Charge","Perfected Strike+1","Demonic Infusion+1","Brutality+1","Heavy Blade","Perfected Strike","Heavy Blade+1","Demonic Infusion+1","Pommel Strike+1","Heavy Blade+1","Clothesline+1","Parasite","Spot Weakness+1","Combust+1","Perfected Strike+1","Flex+1","Replay:Undeath\u0027s Touch+1","Metallicize+1"],"relics":["Burning Blood","REME_ComplimentaryCards","hubris:PeanutButter","Replay:Baseball","Golden Egg","Simple Rune","Regal Pillow","Replay:Wax Seal","hubris:MedicalManual","Ooze Armor","Bag of Marbles","Anchor","betterThird:NestCultRelic","Centennial Puzzle","Kunai","Pocketwatch","HornCleat","PreservedInsect","infinitespire:Lychee Nut","Philosopher\u0027s Stone","Red Mask","Blue Doll","Molten Egg 2","Replay:Arrowhead","construct:BoolHorns"],"acts_visited":["Exordium","TheCity","TheBeyond","TheEnding"],"potions_floor_usage":[2,13,30],"damage_taken":[{"damage":0,"enemies":"Cultist","floor":1,"turns":2},{"damage":11,"enemies":"Jaw Worm","floor":2,"turns":2},{"damage":3,"enemies":"infinitespire:Voidling","floor":3,"turns":2},{"damage":1,"enemies":"Replay:BlueRogue","floor":6,"turns":2},{"damage":0,"enemies":"Blue Slaver","floor":11,"turns":2},{"damage":10,"enemies":"Lots of Slimes","floor":13,"turns":2},{"damage":0,"enemies":"Fading Forest","floor":16,"turns":11},{"damage":0,"enemies":"conspire:FuzzyDice","floor":18,"turns":3},{"damage":23,"enemies":"Shell Parasite","floor":19,"turns":3},{"damage":2,"enemies":"Cultist and Chosen","floor":21,"turns":3},{"damage":3,"enemies":"conspire:SneckoGhost","floor":23,"turns":3},{"damage":50,"enemies":"Replay:Snechameleon","floor":27,"turns":5},{"damage":3,"enemies":"Snake Plant","floor":28,"turns":2},{"damage":14,"enemies":"Centurion and Healer","floor":30,"turns":4},{"damage":30,"enemies":"conspire:SneckoGhost","floor":31,"turns":4},{"damage":31,"enemies":"conspire:MysteriousRune","floor":33,"turns":6},{"damage":10,"enemies":"3 Darklings","floor":35,"turns":4},{"damage":40,"enemies":"3 Shapes","floor":36,"turns":4},{"damage":56,"enemies":"Writhing Mass","floor":38,"turns":5},{"damage":97,"enemies":"Reptomancer","floor":40,"turns":3},{"damage":50,"enemies":"Sphere and 2 Shapes","floor":42,"turns":5},{"damage":47,"enemies":"Spire Growth","floor":44,"turns":4},{"damage":48,"enemies":"Writhing Mass","floor":47,"turns":4},{"damage":23,"enemies":"Sphere and 2 Shapes","floor":48,"turns":4},{"damage":106,"enemies":"Replay:Hell Engine","floor":50,"turns":6},{"damage":69,"enemies":"Shield and Spear","floor":54,"turns":4},{"damage":161,"enemies":"The Heart","floor":55,"turns":7}],"seed_played":"-4575168504572189203","potions_obtained":[{"floor":0,"key":"blueLaboratory:HorrorPotion"},{"floor":0,"key":"blueLaboratory:BottledHope"},{"floor":0,"key":"DistilledChaos"},{"floor":1,"key":"Slimebound:ThreeZeroPotion"},{"floor":1,"key":"REME_GoldPotion"},{"floor":2,"key":"champ:CounterPotion"},{"floor":6,"key":"sneckomod:MuddlingPotion"},{"floor":11,"key":"PowerPotion"},{"floor":13,"key":"SkillPotion"},{"floor":16,"key":"blueLaboratory:HorrorPotion"},{"floor":27,"key":"REME_GoldPotion"},{"floor":30,"key":"champ:CounterPotion"}],"is_trial":false,"path_per_floor":["M","M","M","T","$","E","?","R","T","R","M","R","M","?","R_BF","B",null,"M","M","?","M","$","E","R","?","T","E","M","?","M","E","R_BF","B",null,"M","M","?","M","?","E","R","M","T","M","R","?","M","M","R_BF","B",null,"R","$","E","B",null],"character_chosen":"IRONCLAD","items_purchased":["Replay:Baseball","Rupture+1","blueLaboratory:EmptyBottle","Bag of Marbles","Demonic Infusion"],"campfire_rested":2,"item_purchase_floors":[5,5,5,22,22],"current_hp_per_floor":[105,112,125,135,145,155,165,175,185,195,205,215,223,235,245,260,270,280,275,285,301,311,326,336,346,356,324,339,349,353,341,351,328,338,347,327,337,307,317,245,408,377,387,366,376,468,439,442,498,421,523,533,543,496,378],"gold":51,"neow_bonus":"THREE_SMALL_POTIONS","is_daily":false,"chose_seed":false,"campfire_upgraded":7,"win_rate":0.0,"timestamp":1608962345,"path_taken":["M","M","M","?","$","E","?","R","T","R","M","R","?","?","R_BF","BOSS","M","?","?","?","?","E","R","?","T","E","M","?","M","E","R_BF","BOSS","M","M","?","?","?","E","R","M","T","M","R","?","?","M","R_BF","BOSS","R","$","E","BOSS"],"items_purchased_type":["Relic","Card","Potion","Relic","Card"],"build_version":"2020-12-22","purchased_purges":3,"victory":true,"max_hp_per_floor":[105,115,125,135,145,155,165,175,185,195,205,215,225,235,245,260,270,280,290,300,310,320,330,340,350,360,370,380,390,400,410,420,328,338,348,358,368,378,388,398,408,418,428,438,448,468,478,488,498,513,523,533,543,553,578],"relic_stats":{"Regal Pillow":15,"Centennial Puzzle":[48],"counters":[27,106],"PreservedInsect":126,"Kunai":[22],"obtain_stats":[{"construct:BoolHorns":54,"Golden Egg":6,"Regal Pillow":9,"Blue Doll":40,"Burning Blood":0,"Centennial Puzzle":26,"HornCleat":31,"Philosopher\u0027s Stone":34,"Red Mask":39,"Kunai":26,"Replay:Wax Seal":9,"hubris:MedicalManual":16,"betterThird:NestCultRelic":25,"PreservedInsect":32,"Replay:Arrowhead":43,"Replay:Baseball":5,"Anchor":23,"Ooze Armor":17,"infinitespire:Lychee Nut":33,"hubris:PeanutButter":4,"Simple Rune":7,"Molten Egg 2":43,"Bag of Marbles":22,"REME_ComplimentaryCards":0,"Pocketwatch":27},{"construct:BoolHorns":26,"Golden Egg":4,"Regal Pillow":4,"Blue Doll":20,"Burning Blood":0,"Centennial Puzzle":11,"HornCleat":15,"Philosopher\u0027s Stone":16,"Red Mask":19,"Kunai":11,"Replay:Wax Seal":4,"hubris:MedicalManual":7,"betterThird:NestCultRelic":11,"PreservedInsect":15,"Replay:Arrowhead":21,"Replay:Baseball":3,"Anchor":11,"Ooze Armor":7,"infinitespire:Lychee Nut":16,"hubris:PeanutButter":3,"Simple Rune":4,"Molten Egg 2":21,"Bag of Marbles":10,"REME_ComplimentaryCards":0,"Pocketwatch":12},{"construct:BoolHorns":99,"Golden Egg":8,"Regal Pillow":8,"Blue Doll":72,"Burning Blood":0,"Centennial Puzzle":35,"HornCleat":50,"Philosopher\u0027s Stone":56,"Red Mask":69,"Kunai":35,"Replay:Wax Seal":8,"hubris:MedicalManual":23,"betterThird:NestCultRelic":35,"PreservedInsect":50,"Replay:Arrowhead":77,"Replay:Baseball":6,"Anchor":35,"Ooze Armor":23,"infinitespire:Lychee Nut":56,"hubris:PeanutButter":6,"Simple Rune":8,"Molten Egg 2":77,"Bag of Marbles":32,"REME_ComplimentaryCards":0,"Pocketwatch":40}],"Burning Blood":175,"Pocketwatch":[41]},"card_choices":[{"not_picked":["hubris:ReadiedAction","Thunderclap"],"picked":"Cleave","floor":1},{"not_picked":["Thunderclap","Replay:Undeath\u0027s Touch+1"],"picked":"Hemokinesis+1","floor":2},{"not_picked":["Wild Strike+1","Replay:Undeath\u0027s Touch"],"picked":"Demon Form","floor":3},{"not_picked":["hubris:ReadiedAction","REME_SingleHolding"],"picked":"Twin Strike+1","floor":6},{"not_picked":["ReplayTheSpireMod:Strike From Hell","Bludgeon","Armaments+1"],"picked":"SKIP","floor":6},{"not_picked":["Life Link+1","Anger"],"picked":"Heavy Blade","floor":11},{"not_picked":["ReplayTheSpireMod:Strike From Hell","Body Slam"],"picked":"Cleave","floor":13},{"not_picked":["Fiend Fire","Corruption"],"picked":"Barricade","floor":16},{"not_picked":["Cleave+1","Heavy Blade+1"],"picked":"Spot Weakness+1","floor":18},{"not_picked":["Shrug It Off+1","hubris:ReadiedAction+1"],"picked":"Thunderclap+1","floor":19},{"not_picked":["Evolve","Second Wind+1"],"picked":"Perfected Strike+1","floor":21},{"not_picked":["REME_SingleHolding","hubris:ReadiedAction+1"],"picked":"Brutality","floor":23},{"not_picked":["Pommel Strike","hubris:ReadiedAction"],"picked":"Heavy Blade","floor":27},{"not_picked":["Bloodletting+1","True Grit+1"],"picked":"Perfected Strike","floor":28},{"not_picked":["ReplayTheSpireMod:Strike From Hell","Warcry+1","Havoc"],"picked":"SKIP","floor":30},{"not_picked":["Evolve","Carnage"],"picked":"Heavy Blade","floor":31},{"not_picked":["Brutality","Juggernaut"],"picked":"Demonic Infusion","floor":33},{"not_picked":["Carnage+1","Cleave"],"picked":"Pommel Strike+1","floor":35},{"not_picked":["ReplayTheSpireMod:Strike From Hell+1","Havoc"],"picked":"Heavy Blade","floor":36},{"not_picked":["Seeing Red","Sentinel+1"],"picked":"Spot Weakness+1","floor":38},{"not_picked":["Headbutt+1","Infernal Blade+1"],"picked":"Demon Form","floor":40},{"not_picked":["Blood for Blood+1","Shrug It Off+1"],"picked":"Combust","floor":42},{"not_picked":["ReplayReversal+1","Warcry+1"],"picked":"Perfected Strike+1","floor":44},{"not_picked":["ReplayTheSpireMod:Muscle Training+1","Clash+1"],"picked":"Flex+1","floor":47},{"not_picked":["Shockwave+1","ReplayTheSpireMod:Strike From Hell+1"],"picked":"Replay:Undeath\u0027s Touch+1","floor":48},{"not_picked":["Shrug It Off+1","Warcry+1"],"picked":"Metallicize+1","floor":54}],"player_experience":123912,"relics_obtained":[{"floor":4,"key":"hubris:PeanutButter"},{"floor":6,"key":"Golden Egg"},{"floor":9,"key":"Regal Pillow"},{"floor":9,"key":"Replay:Wax Seal"},{"floor":16,"key":"hubris:MedicalManual"},{"floor":23,"key":"Anchor"},{"floor":26,"key":"Centennial Puzzle"},{"floor":26,"key":"Kunai"},{"floor":27,"key":"Pocketwatch"},{"floor":31,"key":"HornCleat"},{"floor":32,"key":"PreservedInsect"},{"floor":33,"key":"infinitespire:Lychee Nut"},{"floor":40,"key":"Blue Doll"},{"floor":43,"key":"Molten Egg 2"},{"floor":43,"key":"Replay:Arrowhead"},{"floor":54,"key":"construct:BoolHorns"}],"event_choices":[{"damage_healed":0,"gold_gain":0,"player_choice":"Gave Potion","damage_taken":0,"relics_obtained":["Simple Rune"],"max_hp_gain":0,"max_hp_loss":0,"event_name":"WeMeetAgain","floor":7,"gold_loss":0},{"damage_healed":2,"gold_gain":0,"player_choice":"Full Heal","damage_taken":0,"max_hp_gain":0,"max_hp_loss":0,"event_name":"Wheel of Change","floor":14,"gold_loss":0},{"damage_healed":0,"gold_gain":0,"cards_transformed":["Barricade"],"player_choice":"Transformed","damage_taken":0,"max_hp_gain":0,"max_hp_loss":0,"event_name":"Transmorgrifier","floor":20,"gold_loss":0,"cards_obtained":["conspire:Charge"]},{"damage_healed":0,"gold_gain":0,"player_choice":"Madness","damage_taken":0,"relics_obtained":["betterThird:NestCultRelic"],"max_hp_gain":0,"max_hp_loss":0,"event_name":"betterThird:BetterNest","floor":25,"gold_loss":0},{"damage_healed":0,"gold_gain":0,"cards_transformed":["Defend_R"],"player_choice":"Transformed","damage_taken":0,"max_hp_gain":0,"max_hp_loss":0,"event_name":"Transmorgrifier","floor":37,"gold_loss":0,"cards_obtained":["Clothesline"]},{"damage_healed":0,"gold_gain":0,"player_choice":"Paid","damage_taken":0,"relics_obtained":["Red Mask"],"max_hp_gain":0,"max_hp_loss":0,"event_name":"Tomb of Lord Red Mask","floor":39,"gold_loss":388},{"cards_removed":["Demon Form"],"damage_healed":72,"gold_gain":0,"player_choice":"Offered Rare","damage_taken":0,"max_hp_gain":10,"max_hp_loss":0,"event_name":"Bonfire Elementals","floor":46,"gold_loss":0}],"is_beta":false,"boss_relics":[{"not_picked":["conspire:SlowCooker","Runic Pyramid"],"picked":"Ooze Armor"},{"not_picked":["Fusion Hammer","Runesmith:UraniumAnvil"],"picked":"Philosopher\u0027s Stone"}],"items_purged_floors":[5,22,53],"is_endless":false,"potions_floor_spawned":[1,2,18,19,31,35,40,44],"ascension_level":0}}