{"host":"z9grmtg2w0nmz8n1","time":1608962872,"event":{"mods":["Aspiration","Bard","BaseMod","Beaked The Cultist","Better Altar","Better Match","Better Note","Better Sensory Stone","Better Skull","Better Third Choice","BetterRewards","CCEM","Colored Map","Conspire","Downfall","GifTheSpireLib","Googly Eyes","Halation","Hermit","Highlight Path","Hubris","Hunter ??","Jedi Mod","Jorbs\u0027s Wanderer Trilogy","Mad Scientist","Marisa????????","Minty Spire (QoL Compilation)","Permanent Neow","Replay The Spire","Shade Mod","Shop Mod","Spicy Shops","StSLib","Stuff the Spire","The Bug Knight","The Construct","The Necromancer","The Runesmith","The Witch"],"gold_per_floor":[118,128,128,138,71,97,97,108,108,108,119,150,150],"floor_reached":12,"playtime":597,"items_purged":[],"score":90,"play_id":"5bcba11c-e912-4d25-bbdc-b75677a83eca","local_time":"20201226040752","is_ascension_mode":false,"campfire_choices":[{"floor":7,"key":"RECALL"},{"floor":10,"key":"REST"}],"circlet_count":0,"master_deck":["construct:Strike_Gold","construct:Strike_Gold","construct:Strike_Gold","construct:Strike_Gold","construct:Strike_Gold","construct:Defend_Gold","construct:Defend_Gold","construct:Defend_Gold","construct:Defend_Gold","construct:Defend_Gold","construct:AttackMode","construct:DefenseMode","construct:Forcefield","construct:Versatility","construct:Zapper","construct:ReactiveShield","construct:OneWayMirror","construct:LaserCore","construct:Versatility"],"relics":["construct:Cogwheel","hubris:TenFootPole","halation:PinkSoulGem","Pear","Ornamental Fan"],"acts_visited":["Exordium"],"potions_floor_usage":[6,12],"damage_taken":[{"damage":0,"enemies":"Jaw Worm","floor":1,"turns":5},{"damage":0,"enemies":"2 Louse","floor":2,"turns":4},{"damage":5,"enemies":"Small Slimes","floor":4,"turns":5},{"damage":65,"enemies":"Gremlin Nob","floor":6,"turns":6},{"damage":0,"enemies":"2 Fungi Beasts","floor":8,"turns":5},{"damage":4,"enemies":"conspire:2 RoseBushes","floor":11,"turns":6},{"damage":31,"enemies":"Lagavulin","floor":12,"turns":7}],"seed_played":"2996696361044962515","potions_obtained":[{"floor":2,"key":"Toxic Potion"},{"floor":8,"key":"EssenceOfSteel"},{"floor":11,"key":"PowerPotion"}],"is_trial":false,"path_per_floor":["M","M","?","M","$","E","R","M","T","R","M","E"],"character_chosen":"THE_CONSTRUCT_MOD","items_purchased":["construct:ReactiveShield"],"campfire_rested":1,"item_purchase_floors":[5],"current_hp_per_floor":[85,85,85,80,80,25,25,25,25,53,49,18,18],"gold":150,"neow_bonus":"RANDOM_COMMON_RELIC","is_daily":false,"chose_seed":false,"campfire_upgraded":0,"win_rate":0.0,"timestamp":1608962872,"path_taken":["M","M","?","M","$","E","R","M","T","R","M","E"],"items_purchased_type":["Card"],"build_version":"2020-12-22","purchased_purges":0,"victory":false,"max_hp_per_floor":[85,85,85,85,85,95,95,95,95,95,95,95,95],"card_choices":[{"not_picked":["construct:Reinforce","construct:ClusterMines"],"picked":"construct:Forcefield","floor":1},{"not_picked":["construct:Forcefield","construct:BatteryAcid"],"picked":"construct:Versatility","floor":2},{"not_picked":["construct:VentSteam","construct:SaveState"],"picked":"construct:Zapper","floor":4},{"not_picked":["construct:SyphonStrike","construct:FierceBash"],"picked":"construct:OneWayMirror","floor":6},{"not_picked":["construct:Bunker","construct:FierceBash"],"picked":"construct:LaserCore","floor":8},{"not_picked":["construct:Construct_Overclock","construct:ScrapCannon"],"picked":"construct:Versatility","floor":11}],"player_experience":716112,"relics_obtained":[{"floor":6,"key":"Pear"},{"floor":12,"key":"Ornamental Fan"}],"event_choices":[],"is_beta":false,"boss_relics":[],"items_purged_floors":[],"is_endless":false,"potions_floor_spawned":[2,8,11],"killed_by":"Lagavulin","ascension_level":0}}