{"host":"qxeepl7ydvsgmfdb","time":1608998550,"event":{"mods":["AchievementEnabler","BaseMod","Colored Powertips","Minty Spire (QoL Compilation)","Quick Restart","slay the spire mod where everything is the same but ironclad has a cowboy hat"],"gold_per_floor":[116,116,116,116,116,146,146,177,200,200,225,242,253,268,268,367,367,383,383,383,383,397,397,253,267,312,329,329,329,354,369,369,467,467,481,500,510,510,510],"floor_reached":38,"playtime":1210,"items_purged":[],"score":603,"play_id":"e7231961-577c-4aa0-9ffd-f148e3c70f28","local_time":"20201226110230","is_ascension_mode":true,"campfire_choices":[{"data":"After Image","floor":7,"key":"SMITH"},{"floor":15,"key":"REST"},{"data":"Backstab","floor":28,"key":"SMITH"},{"floor":32,"key":"REST"}],"circlet_count":0,"master_deck":["Strike_G","Strike_G","Strike_G","Strike_G","Defend_G","Defend_G+1","Defend_G+1","Defend_G","Survivor","Neutralize","Deadly Poison+1","After Image+1","Slice","Cloak And Dagger","Dagger Throw","Deadly Poison","Backstab+1","Poisoned Stab+1","Quick Slash","Blade Dance","Dagger Spray"],"relics":["Ring of the Snake","NeowsBlessing","Mercury Hourglass","InkBottle","Snake Skull","Ninja Scroll","HoveringKite","Lee\u0027s Waffle","Vajra","Enchiridion","Centennial Puzzle","Empty Cage"],"acts_visited":["Exordium","TheCity","TheBeyond"],"potions_floor_usage":[11,22,23,23,33,35,38],"damage_taken":[{"damage":0,"enemies":"Cultist","floor":1,"turns":1},{"damage":0,"enemies":"Gremlin Nob","floor":6,"turns":1},{"damage":0,"enemies":"3 Sentries","floor":8,"turns":1},{"damage":4,"enemies":"Gremlin Nob","floor":11,"turns":3},{"damage":0,"enemies":"Jaw Worm","floor":12,"turns":2},{"damage":0,"enemies":"Small Slimes","floor":13,"turns":2},{"damage":0,"enemies":"Blue Slaver","floor":14,"turns":2},{"damage":53,"enemies":"Hexaghost","floor":16,"turns":10},{"damage":6,"enemies":"Spheric Guardian","floor":18,"turns":4},{"damage":0,"enemies":"2 Thieves","floor":22,"turns":4},{"damage":0,"enemies":"Slavers","floor":23,"turns":2},{"damage":7,"enemies":"Shelled Parasite and Fungi","floor":25,"turns":5},{"damage":15,"enemies":"Centurion and Healer","floor":27,"turns":4},{"damage":1,"enemies":"Chosen and Byrds","floor":31,"turns":4},{"damage":53,"enemies":"Collector","floor":33,"turns":6},{"damage":15,"enemies":"3 Darklings","floor":35,"turns":3},{"damage":0,"enemies":"3 Shapes","floor":36,"turns":4},{"damage":38,"enemies":"Spire Growth","floor":37,"turns":4},{"damage":29,"enemies":"Maw","floor":38,"turns":4}],"seed_played":"-4341010960759429110","potions_obtained":[{"floor":6,"key":"Fire Potion"},{"floor":8,"key":"Explosive Potion"},{"floor":11,"key":"EssenceOfSteel"},{"floor":12,"key":"SmokeBomb"},{"floor":27,"key":"SteroidPotion"},{"floor":33,"key":"Explosive Potion"},{"floor":36,"key":"Regen Potion"}],"is_trial":false,"path_per_floor":["M","?","?","?","$","E","R","E","T","?","E","M","M","M","R","B",null,"M","?","?","$","M","E","$","M","T","M","R","?","T","M","R","B",null,"M","M","M","M"],"character_chosen":"THE_SILENT","items_purchased":["Lee\u0027s Waffle"],"campfire_rested":2,"item_purchase_floors":[24],"current_hp_per_floor":[63,63,49,49,49,49,49,49,49,49,45,45,45,45,66,13,56,50,50,37,37,37,37,82,75,75,60,60,44,44,43,67,14,65,50,50,12,0,0],"gold":510,"neow_bonus":"THREE_ENEMY_KILL","is_daily":false,"chose_seed":false,"campfire_upgraded":2,"win_rate":0.0,"timestamp":1608998550,"path_taken":["M","?","?","?","?","E","R","E","T","?","E","?","M","M","R","BOSS","M","?","?","?","M","E","$","M","T","M","R","?","?","M","R","BOSS","M","?","M","M"],"items_purchased_type":["Relic"],"build_version":"2020-12-22","purchased_purges":0,"victory":false,"max_hp_per_floor":[70,70,70,70,70,70,70,70,70,70,70,70,70,70,70,70,70,70,70,75,75,75,75,82,82,82,82,82,82,82,82,82,82,82,82,82,82,82,82],"card_choices":[{"not_picked":["Blade Dance","Concentrate"],"picked":"Deadly Poison","floor":1},{"not_picked":["Well Laid Plans","Dodge and Roll"],"picked":"After Image","floor":6},{"not_picked":["Quick Slash","Dash"],"picked":"Slice","floor":8},{"not_picked":["Choke","Burst","Dash"],"picked":"SKIP","floor":11},{"not_picked":["Bane","Underhanded Strike","Escape Plan"],"picked":"SKIP","floor":12},{"not_picked":["Caltrops","Backflip"],"picked":"Cloak And Dagger","floor":13},{"not_picked":["Prepared","Wraith Form v2"],"picked":"Dagger Throw","floor":14},{"not_picked":["Dagger Throw","Prepared+1"],"picked":"Deadly Poison","floor":18},{"not_picked":["Concentrate","PiercingWail"],"picked":"Backstab","floor":22},{"not_picked":["Outmaneuver","Escape Plan+1"],"picked":"Poisoned Stab+1","floor":25},{"not_picked":["Underhanded Strike+1","Leg Sweep","Outmaneuver+1"],"picked":"SKIP","floor":27},{"not_picked":["Flying Knee","Dagger Throw","Bane+1"],"picked":"SKIP","floor":31},{"not_picked":["PiercingWail+1","Sucker Punch"],"picked":"Quick Slash","floor":35},{"not_picked":["Dodge and Roll+1","Backflip+1"],"picked":"Blade Dance","floor":36},{"not_picked":["Tactician","Dash"],"picked":"Dagger Spray","floor":37}],"player_experience":388367,"relics_obtained":[{"floor":6,"key":"Mercury Hourglass"},{"floor":8,"key":"InkBottle"},{"floor":9,"key":"Snake Skull"},{"floor":11,"key":"Ninja Scroll"},{"floor":26,"key":"Vajra"},{"floor":29,"key":"Enchiridion"},{"floor":30,"key":"Centennial Puzzle"}],"event_choices":[{"damage_healed":0,"gold_gain":0,"player_choice":"Leave","damage_taken":0,"max_hp_gain":0,"max_hp_loss":0,"event_name":"The Cleric","floor":2,"gold_loss":0},{"damage_healed":0,"gold_gain":0,"player_choice":"Entered Light","damage_taken":14,"max_hp_gain":0,"max_hp_loss":0,"event_name":"Shining Light","floor":3,"gold_loss":0,"cards_upgraded":["Defend_G","Defend_G"]},{"damage_healed":0,"gold_gain":0,"player_choice":"Ignored","damage_taken":0,"max_hp_gain":0,"max_hp_loss":0,"event_name":"Golden Wing","floor":4,"gold_loss":0},{"damage_healed":0,"gold_gain":0,"player_choice":"Forge","damage_taken":0,"max_hp_gain":0,"max_hp_loss":0,"event_name":"Accursed Blacksmith","floor":10,"gold_loss":0,"cards_upgraded":["Deadly Poison"]},{"damage_healed":0,"gold_gain":0,"player_choice":"Ignored","damage_taken":0,"max_hp_gain":0,"max_hp_loss":0,"event_name":"Ghosts","floor":19,"gold_loss":0},{"damage_healed":0,"gold_gain":0,"player_choice":"Shed Blood","damage_taken":18,"max_hp_gain":5,"max_hp_loss":0,"event_name":"Forgotten Altar","floor":20,"gold_loss":0},{"damage_healed":0,"gold_gain":0,"player_choice":"Obtained Book","damage_taken":16,"max_hp_gain":0,"max_hp_loss":0,"event_name":"Cursed Tome","floor":29,"gold_loss":0}],"is_beta":false,"boss_relics":[{"not_picked":["Sozu","SlaversCollar"],"picked":"HoveringKite"},{"not_picked":["Fusion Hammer","Velvet Choker"],"picked":"Empty Cage"}],"items_purged_floors":[],"is_endless":false,"potions_floor_spawned":[6,8,11,12,13,18,27,33,36],"killed_by":"Maw","ascension_level":6}}