{"host":"mjau5a91be6b66g4","time":1608968524,"event":{"mods":["BaseMod","Minty Spire (QoL Compilation)","StSLib","The Bug Knight","The Jungle"],"gold_per_floor":[119,119,132,147,147,147,147,147,224,236,236,250,250,270,270,375,375,385,231,146,146,166,166,183,183,183,183,203,203,221,236,236,339,389,407,407,407,425,425,442,442,267,267,284,159,159,113,133,133,133],"floor_reached":51,"playtime":2736,"items_purged":["HollowMod:NailStrikeStart","HollowMod:QuickDashStart","HollowMod:NailStrikeStart"],"score":616,"play_id":"b87aa250-28f0-4466-88ff-82c50987917a","local_time":"20201226154204","is_ascension_mode":false,"campfire_choices":[{"data":"HollowMod:FocusHealStart","floor":6,"key":"SMITH"},{"data":"HollowMod:MylasSalvation","floor":8,"key":"SMITH"},{"data":"HollowMod:DescendingDark","floor":11,"key":"SMITH"},{"data":"HollowMod:PogoStrike","floor":13,"key":"SMITH"},{"floor":15,"key":"REST"},{"data":"HollowMod:ShadowDash","floor":23,"key":"SMITH"},{"floor":25,"key":"REST"},{"data":"HollowMod:AbyssShriek","floor":27,"key":"SMITH"},{"floor":29,"key":"REST"},{"floor":32,"key":"REST"},{"floor":41,"key":"REST"},{"floor":46,"key":"REST"},{"floor":49,"key":"REST"}],"circlet_count":0,"master_deck":["HollowMod:NailStrikeStart","HollowMod:NailStrikeStart+1","HollowMod:QuickDashStart+1","HollowMod:QuickDashStart","HollowMod:FocusHealStart+1","HollowMod:PogoStrike+1","HollowMod:ShadowDash+1","HollowMod:DashSlash","HollowMod:DescendingDark+1","HollowMod:MylasSalvation+1","HollowMod:DescendingDark","HollowMod:AbyssShriek+1","HollowMod:ShadowDash+1","HollowMod:VengefulVoid","HollowMod:SoulMaster","HollowMod:SiblingsShadow","HollowMod:NewLittleFool","HollowMod:VengefulVoid+1","HollowMod:CloakDash","HollowMod:ShadowDash+1","HollowMod:DashSlash+1","HollowMod:ShapeofUnn","HollowMod:NewJinnsSoul","HollowMod:CloakDash","HollowMod:SiblingsSouls+1","HollowMod:BlackTendrils","HollowMod:BlackTendrils","HollowMod:CloakDash+1","HollowMod:DescendingDark"],"relics":["HollowMod:VesselMask","Dream Catcher","Kunai","Black Star","Omamori","Turnip","Tiny House","Nunchaku"],"acts_visited":["Exordium","TheCity","TheBeyond"],"potions_floor_usage":[18,22,28,33,35,39,39,50,50],"damage_taken":[{"damage":0,"enemies":"Small Slimes","floor":1,"turns":3},{"damage":1,"enemies":"Cultist","floor":3,"turns":3},{"damage":8,"enemies":"Jaw Worm","floor":4,"turns":4},{"damage":5,"enemies":"Large Slime","floor":10,"turns":6},{"damage":0,"enemies":"Lots of Slimes","floor":12,"turns":1},{"damage":9,"enemies":"Exordium Wildlife","floor":14,"turns":2},{"damage":59,"enemies":"Hexaghost","floor":16,"turns":13},{"damage":15,"enemies":"3 Byrds","floor":18,"turns":3},{"damage":22,"enemies":"Shell Parasite","floor":22,"turns":5},{"damage":33,"enemies":"Sentry and Sphere","floor":24,"turns":6},{"damage":22,"enemies":"Centurion and Healer","floor":28,"turns":5},{"damage":19,"enemies":"Snecko","floor":30,"turns":3},{"damage":14,"enemies":"Snake Plant","floor":31,"turns":4},{"damage":6,"enemies":"Collector","floor":33,"turns":10},{"damage":18,"enemies":"3 Darklings","floor":35,"turns":4},{"damage":18,"enemies":"Orb Walker","floor":38,"turns":3},{"damage":0,"enemies":"Transient","floor":39,"turns":1},{"damage":32,"enemies":"3 Darklings","floor":40,"turns":4},{"damage":17,"enemies":"4 Shapes","floor":44,"turns":3},{"damage":42,"enemies":"Writhing Mass","floor":48,"turns":4},{"damage":12,"enemies":"Donu and Deca","floor":50,"turns":9}],"seed_played":"-6208183928771985537","potions_obtained":[{"floor":12,"key":"Explosive Potion"},{"floor":14,"key":"SmokeBomb"},{"floor":16,"key":"Dexterity Potion"},{"floor":18,"key":"Dexterity Potion"},{"floor":31,"key":"Energy Potion"},{"floor":33,"key":"Ancient Potion"},{"floor":34,"key":"Explosive Potion"},{"floor":38,"key":"AttackPotion"},{"floor":44,"key":"Dexterity Potion"}],"is_trial":false,"path_per_floor":["M","?","M","M","?","R","?","R","T","M","R","M","R","M","R","B",null,"M","$","?","?","M","R","M","R","T","R","M","R","M","M","R","B",null,"M","?","?","M","M","M","R","$","T","M","$","R","$","M","R","B",null],"character_chosen":"THE_BUGKNIGHT","items_purchased":["HollowMod:MantisMark","HollowMod:BlackTendrils","HollowMod:DescendingDark"],"campfire_rested":7,"item_purchase_floors":[19,42,47],"current_hp_per_floor":[75,75,74,66,66,66,51,51,51,56,56,56,56,47,69,22,75,60,60,60,75,59,59,36,58,58,58,42,64,45,37,59,63,80,62,62,62,44,44,18,42,42,42,31,31,55,55,43,67,80],"gold":133,"neow_bonus":"RANDOM_COMMON_RELIC","is_daily":false,"chose_seed":false,"campfire_upgraded":6,"win_rate":0.0,"timestamp":1608968524,"path_taken":["M","?","?","M","?","R","?","R","T","M","R","M","R","M","R","BOSS","M","$","?","?","M","R","M","R","T","R","?","R","M","M","R","BOSS","M","?","?","M","M","M","R","?","T","M","$","R","$","M","R","BOSS"],"items_purchased_type":["Card","Card","Card"],"build_version":"2020-12-22","purchased_purges":3,"victory":true,"max_hp_per_floor":[75,75,75,75,75,75,75,75,75,75,75,75,75,75,75,75,75,75,75,75,75,75,75,75,75,75,75,75,75,75,75,75,75,80,80,80,80,80,80,80,80,80,80,80,80,80,80,80,80,80],"card_choices":[{"not_picked":["HollowMod:DashSlash","HollowMod:SoulSplash"],"picked":"HollowMod:ShadowDash","floor":1},{"not_picked":["HollowMod:InfectedAttack","HollowMod:ChannelNail"],"picked":"HollowMod:DashSlash","floor":3},{"not_picked":["HollowMod:DoubleDash","HollowMod:GoodIntentions"],"picked":"HollowMod:DescendingDark","floor":4},{"not_picked":["HollowMod:SoulEater","HollowMod:PerfectDash"],"picked":"HollowMod:DescendingDark","floor":10},{"not_picked":["HollowMod:CycloneSlash","HollowMod:GrimmsGift"],"picked":"HollowMod:AbyssShriek","floor":12},{"not_picked":["HollowMod:TaintedHusks","HollowMod:HowlingWraiths"],"picked":"HollowMod:ShadowDash","floor":14},{"not_picked":["HollowMod:SoulSplash","HollowMod:NewLittleFool"],"picked":"HollowMod:VengefulVoid","floor":15},{"not_picked":["HollowMod:SlysStrikes","HollowMod:HerrahsAnger"],"picked":"HollowMod:SoulMaster","floor":16},{"not_picked":["HollowMod:SharpenedNail","HollowMod:SoulEater","HollowMod:CornifersMapStart"],"picked":"SKIP","floor":18},{"not_picked":["HollowMod:SoulShaman","HollowMod:GoodIntentions"],"picked":"HollowMod:SiblingsShadow","floor":22},{"not_picked":["HollowMod:BaldurShell","HollowMod:DashSlash"],"picked":"HollowMod:NewLittleFool","floor":24},{"not_picked":["HollowMod:SoulVessel","HollowMod:HowlingWraiths"],"picked":"HollowMod:VengefulVoid+1","floor":25},{"not_picked":["HollowMod:VengefulSpirit","HollowMod:DesolateDive+1","HollowMod:ChannelNail"],"picked":"SKIP","floor":28},{"not_picked":["HollowMod:HerrahsAnger","HollowMod:FastStrike"],"picked":"HollowMod:CloakDash","floor":29},{"not_picked":["HollowMod:WraithStrike","HollowMod:InfectedAttack"],"picked":"HollowMod:ShadowDash","floor":30},{"not_picked":["HollowMod:SoulEater+1","HollowMod:HeavyBlow"],"picked":"HollowMod:DashSlash+1","floor":31},{"not_picked":["HollowMod:HuntersJournal+1","HollowMod:Grubsong"],"picked":"HollowMod:ShapeofUnn","floor":32},{"not_picked":["HollowMod:SlysStrikes","HollowMod:HornetsHelp"],"picked":"HollowMod:SoulMaster","floor":33},{"not_picked":["HollowMod:GoodIntentions","HollowMod:SoulEater"],"picked":"HollowMod:NewJinnsSoul","floor":34},{"not_picked":["HollowMod:InfectedCysts+1","HollowMod:NewGlowingWomb","HollowMod:GreatSlash+1"],"picked":"SKIP","floor":35},{"not_picked":["HollowMod:CornifersMapStart","HollowMod:LifebloodCocoon+1"],"picked":"HollowMod:CloakDash","floor":38},{"not_picked":["HollowMod:InfectedCysts","HollowMod:NewInfectedGuardian","HollowMod:NewLittleFool+1"],"picked":"SKIP","floor":40},{"not_picked":["HollowMod:CycloneSlash+1","HollowMod:GoodIntentions"],"picked":"HollowMod:SiblingsSouls+1","floor":41},{"not_picked":["HollowMod:HeavyBlow","HollowMod:SoulSplash+1"],"picked":"HollowMod:BlackTendrils","floor":44},{"not_picked":["HollowMod:CycloneSlash","HollowMod:DoubleDash"],"picked":"HollowMod:CloakDash+1","floor":46},{"not_picked":["HollowMod:HowlingWraiths+1","HollowMod:SoulSplash","HollowMod:ChannelNail+1"],"picked":"SKIP","floor":48}],"player_experience":236365,"relics_obtained":[{"floor":9,"key":"Kunai"},{"floor":26,"key":"Turnip"},{"floor":43,"key":"Nunchaku"}],"event_choices":[{"damage_healed":0,"gold_gain":0,"player_choice":"Upgraded","damage_taken":0,"max_hp_gain":0,"max_hp_loss":0,"event_name":"Upgrade Shrine","floor":2,"gold_loss":0,"cards_upgraded":["HollowMod:ShadowDash"]},{"damage_healed":0,"gold_gain":0,"player_choice":"Entered Light","damage_taken":15,"max_hp_gain":0,"max_hp_loss":0,"event_name":"Shining Light","floor":7,"gold_loss":0,"cards_upgraded":["HollowMod:NailStrikeStart","HollowMod:QuickDashStart"]},{"damage_healed":0,"gold_gain":0,"player_choice":"Obtained Relic","damage_taken":0,"relics_obtained":["Omamori"],"max_hp_gain":0,"max_hp_loss":0,"event_name":"Addict","floor":20,"gold_loss":85},{"cards_removed":["HollowMod:MantisMark"],"damage_healed":15,"gold_gain":0,"player_choice":"Offered Uncommon","damage_taken":0,"max_hp_gain":0,"max_hp_loss":0,"event_name":"Bonfire Elementals","floor":21,"gold_loss":0},{"cards_removed":["HollowMod:SoulMaster"],"damage_healed":0,"gold_gain":0,"player_choice":"Removed Power","damage_taken":0,"max_hp_gain":0,"max_hp_loss":0,"event_name":"Falling","floor":36,"gold_loss":0}],"is_beta":false,"boss_relics":[{"not_picked":["HollowMod:KingsSoulRelic","Fusion Hammer"],"picked":"Black Star"},{"not_picked":["Busted Crown","Coffee Dripper"],"picked":"Tiny House"}],"items_purged_floors":[19,42,45],"is_endless":false,"potions_floor_spawned":[12,14,16,18,31,33,38,39,44],"ascension_level":0}}