{"host":"49c2zf0lajbcs427","time":1608966638,"event":{"mods":["AchievementEnabler","BaseMod","Colored Map","Colored Powertips","Highlight Path","Key Reminder","Minty Spire (QoL Compilation)","Relic Stats","StSLib"],"gold_per_floor":[112,163,177,189,207,207,63,81,81,91,117,129,160,160,160,160,160],"floor_reached":16,"playtime":753,"items_purged":[],"score":137,"play_id":"62e6f57d-7d32-43d2-8096-977ee2f89600","local_time":"20201226201038","is_ascension_mode":true,"campfire_choices":[{"data":"Bash","floor":6,"key":"SMITH"},{"floor":15,"key":"REST"}],"circlet_count":0,"master_deck":["Strike_R","Strike_R","Strike_R","Strike_R","Defend_R","Defend_R","Defend_R","Bash+1","Clothesline","Armaments","Sever Soul","Reaper","Whirlwind","Shrug It Off","Burning Pact"],"relics":["Empty Cage","Strange Spoon","Question Card","Shovel","Mercury Hourglass"],"acts_visited":["Exordium"],"potions_floor_usage":[8,11,13],"damage_taken":[{"damage":6,"enemies":"2 Louse","floor":1,"turns":3},{"damage":9,"enemies":"Small Slimes","floor":3,"turns":3},{"damage":2,"enemies":"Cultist","floor":4,"turns":4},{"damage":5,"enemies":"Red Slaver","floor":5,"turns":4},{"damage":34,"enemies":"Gremlin Gang","floor":8,"turns":4},{"damage":0,"enemies":"Lots of Slimes","floor":10,"turns":1},{"damage":5,"enemies":"3 Sentries","floor":11,"turns":3},{"damage":16,"enemies":"Exordium Wildlife","floor":12,"turns":4},{"damage":45,"enemies":"Gremlin Nob","floor":13,"turns":5},{"damage":35,"enemies":"Slime Boss","floor":16,"turns":7}],"seed_played":"7257487617195627441","potions_obtained":[{"floor":1,"key":"DuplicationPotion"},{"floor":3,"key":"Weak Potion"},{"floor":8,"key":"LiquidMemories"},{"floor":10,"key":"LiquidBronze"}],"is_trial":false,"path_per_floor":["M","?","M","M","M","R","$","M","T","M","E","M","E","?","R","B"],"character_chosen":"IRONCLAD","items_purchased":["Strange Spoon"],"campfire_rested":1,"item_purchase_floors":[7],"current_hp_per_floor":[74,74,65,63,58,58,58,52,52,52,48,42,3,3,27,0,0],"gold":160,"neow_bonus":"BOSS_RELIC","is_daily":false,"chose_seed":false,"campfire_upgraded":1,"win_rate":0.0,"timestamp":1608966638,"path_taken":["M","?","M","M","M","R","$","M","T","M","E","M","E","?","R","BOSS"],"items_purchased_type":["Relic"],"build_version":"2020-12-22","purchased_purges":0,"victory":false,"max_hp_per_floor":[80,80,80,80,80,80,80,80,80,80,80,80,80,80,80,80,80],"relic_stats":{"Strange Spoon":[4],"Shovel":0,"counters":[10,38],"Question Card":4,"obtain_stats":[{"Strange Spoon":7,"Shovel":11,"Empty Cage":0,"Question Card":9,"Burning Blood":0,"Mercury Hourglass":13},{"Strange Spoon":4,"Shovel":7,"Empty Cage":0,"Question Card":5,"Burning Blood":0,"Mercury Hourglass":9},{"Strange Spoon":14,"Shovel":22,"Empty Cage":0,"Question Card":18,"Burning Blood":0,"Mercury Hourglass":31}],"Mercury Hourglass":[24]},"card_choices":[{"not_picked":["Inflame","Seeing Red"],"picked":"Clothesline","floor":1},{"not_picked":["Twin Strike","Anger"],"picked":"Armaments","floor":3},{"not_picked":["Flex","Seeing Red"],"picked":"Sever Soul","floor":4},{"not_picked":["Shrug It Off","Warcry"],"picked":"Reaper","floor":5},{"not_picked":["Rampage","Pommel Strike"],"picked":"Whirlwind","floor":8},{"not_picked":["Clothesline","Twin Strike","Flex"],"picked":"Shrug It Off","floor":10},{"not_picked":["Thunderclap","Heavy Blade","Perfected Strike","Feel No Pain"],"picked":"SKIP","floor":11},{"not_picked":["Wild Strike","Headbutt","Flex"],"picked":"Burning Pact","floor":12},{"not_picked":["Infernal Blade","Warcry","Hemokinesis","Twin Strike"],"picked":"SKIP","floor":13}],"player_experience":2165946,"relics_obtained":[{"floor":9,"key":"Question Card"},{"floor":11,"key":"Shovel"},{"floor":13,"key":"Mercury Hourglass"}],"event_choices":[{"damage_healed":0,"gold_gain":51,"player_choice":"Gained Gold","damage_taken":0,"max_hp_gain":0,"max_hp_loss":0,"event_name":"Golden Wing","floor":2,"gold_loss":0},{"damage_healed":0,"gold_gain":0,"player_choice":"Searched \u00270\u0027 times","damage_taken":0,"max_hp_gain":0,"max_hp_loss":0,"event_name":"Dead Adventurer","floor":14,"gold_loss":0}],"is_beta":false,"boss_relics":[],"items_purged_floors":[],"is_endless":false,"potions_floor_spawned":[1,3,8,10],"killed_by":"Slime Boss","ascension_level":4}}