{"host":"ul103bh19qas5vs8","time":1608960949,"event":{"mods":["BaseMod","Downfall","Googly Eyes","Minty Spire (QoL Compilation)","Replay The Spire","Shop Mod","StSLib"],"gold_per_floor":[109,184,201,299,147,147,159,159,159,176,176,176],"floor_reached":11,"playtime":340,"items_purged":["Strike_R"],"score":98,"play_id":"6239188c-f2e2-407c-b7d4-e3b93e03b709","local_time":"20201226133549","is_ascension_mode":true,"campfire_choices":[{"data":"Body Slam","floor":6.0,"key":"SMITH"},{"data":"True Grit","floor":8.0,"key":"SMITH"}],"circlet_count":0,"master_deck":["AscendersBane","Strike_R","Strike_R","Strike_R","Strike_R","Defend_R","Defend_R","Defend_R","Defend_R","Bash","Barricade","True Grit+1","Body Slam+1","Burning Pact","Disarm","Evolve"],"relics":["Burning Blood","Chameleon Ring"],"acts_visited":["Exordium"],"potions_floor_usage":[11],"damage_taken":[{"damage":17.0,"enemies":"Jaw Worm","floor":1.0,"turns":6.0},{"damage":16.0,"enemies":"Small Slimes","floor":3.0,"turns":5.0},{"damage":9.0,"enemies":"2 Louse","floor":7.0,"turns":5.0},{"damage":16,"enemies":"Exordium Wildlife","floor":10,"turns":8},{"damage":49,"enemies":"Gremlin Nob","floor":11,"turns":5}],"seed_played":"-6800863684664809448","potions_obtained":[{"floor":1.0,"key":"Reflective Coating"}],"is_trial":false,"path_per_floor":["M","?","M","?","$","R","M","R","T","M","E"],"character_chosen":"IRONCLAD","items_purchased":["Evolve"],"campfire_rested":0,"item_purchase_floors":[5],"current_hp_per_floor":[61,50,40,40,40,40,37,37,37,27,0,0],"gold":176,"neow_bonus":"THREE_RARE_CARDS","is_daily":false,"chose_seed":false,"campfire_upgraded":2,"win_rate":0.0,"timestamp":1608960949,"path_taken":["M","?","M","?","$","R","M","R","T","M","E"],"items_purchased_type":["Card"],"build_version":"2020-12-22","purchased_purges":1,"victory":false,"max_hp_per_floor":[72,72,72,72,72,72,72,72,72,72,72,72],"card_choices":[{"not_picked":["Exhume","Limit Break"],"picked":"Barricade","floor":0.0},{"not_picked":["Rage","Pommel Strike"],"picked":"True Grit","floor":1.0},{"not_picked":["Thunderclap","Inflame"],"picked":"Body Slam","floor":3.0},{"not_picked":["Seeing Red","Clash"],"picked":"Burning Pact","floor":4.0},{"not_picked":["Dropkick","Iron Wave"],"picked":"Disarm","floor":4.0},{"not_picked":["Iron Wave","Twin Strike","Sword Boomerang"],"picked":"SKIP","floor":7.0},{"not_picked":["Headbutt","Heavy Blade","Anger"],"picked":"SKIP","floor":10}],"player_experience":126991,"relics_obtained":[{"floor":9.0,"key":"Chameleon Ring"}],"event_choices":[{"damage_healed":0.0,"max_hp_gain":0.0,"max_hp_loss":0.0,"gold_gain":75.0,"event_name":"World of Goop","player_choice":"Gather Gold","floor":2.0,"gold_loss":0.0,"damage_taken":11.0}],"is_beta":false,"boss_relics":[],"items_purged_floors":[5],"is_endless":false,"potions_floor_spawned":[1],"killed_by":"Gremlin Nob","ascension_level":11}}