{"host":"3wnvf1tkxc6p198c","time":1608989836,"event":{"mods":["AchievementEnabler","BaseMod","Colored Map","DeckTracker","Keyboard Shortcuts","Minty Spire (QoL Compilation)","Permanent Neow","Quick Restart","Rare Cards Sparkle","StSLib","SuperFastMode"],"gold_per_floor":[114,33,47,57,74,102,102,115,162,162,162,173,39,39,39,114,114,134,134,147,147,157,157,171,196,222,222,222],"floor_reached":27,"playtime":923,"items_purged":["Strike_G"],"score":470,"play_id":"18522c07-6a2b-49b2-86b3-2d398469130c","local_time":"20201226223716","is_ascension_mode":true,"campfire_choices":[{"floor":10.0,"key":"REST"},{"data":"Bouncing Flask","floor":15.0,"key":"SMITH"},{"data":"Tools of the Trade","floor":23.0,"key":"SMITH"}],"circlet_count":0,"master_deck":["AscendersBane","Strike_G+1","Defend_G+1","Defend_G+1","Defend_G+1","Defend_G+1","Survivor","Neutralize","Predator+1","Dodge and Roll+1","Footwork","Dagger Spray+1","Backflip","Cloak And Dagger","Blade Dance","Bouncing Flask+1","Leg Sweep","Adrenaline","Deadly Poison","Tools of the Trade+1","Noxious Fumes+1","Well Laid Plans","Noxious Fumes"],"relics":["Astrolabe","Snake Skull","Anchor","SlaversCollar","Letter Opener","Centennial Puzzle"],"acts_visited":["Exordium","TheCity"],"potions_floor_usage":[],"damage_taken":[{"damage":1.0,"enemies":"Cultist","floor":1.0,"turns":3.0},{"damage":2.0,"enemies":"Small Slimes","floor":3.0,"turns":3.0},{"damage":0.0,"enemies":"2 Louse","floor":4.0,"turns":2.0},{"damage":3.0,"enemies":"2 Fungi Beasts","floor":5.0,"turns":3.0},{"damage":14.0,"enemies":"Gremlin Nob","floor":6.0,"turns":3.0},{"damage":14.0,"enemies":"Gremlin Gang","floor":8.0,"turns":5.0},{"damage":0.0,"enemies":"Exordium Thugs","floor":12.0,"turns":3.0},{"damage":4.0,"enemies":"The Guardian","floor":16.0,"turns":8.0},{"damage":5.0,"enemies":"Chosen","floor":18.0,"turns":5.0},{"damage":7.0,"enemies":"Spheric Guardian","floor":20.0,"turns":4.0},{"damage":10.0,"enemies":"Cultist and Chosen","floor":22.0,"turns":7.0},{"damage":16.0,"enemies":"Shelled Parasite and Fungi","floor":24.0,"turns":6.0},{"damage":42.0,"enemies":"Book of Stabbing","floor":25.0,"turns":6.0},{"damage":0,"enemies":"Centurion and Healer","floor":27,"turns":1}],"seed_played":"7543694499540610887","potions_obtained":[{"floor":1.0,"key":"SneckoOil"},{"floor":3.0,"key":"BlessingOfTheForge"},{"floor":5.0,"key":"Energy Potion"},{"floor":16.0,"key":"Weak Potion"},{"floor":20.0,"key":"LiquidMemories"},{"floor":22.0,"key":"Energy Potion"},{"floor":24.0,"key":"Explosive Potion"}],"is_trial":false,"path_per_floor":["M","$","M","M","M","E","?","M","T","R","?","M","$","?","R","B",null,"M","?","M","?","M","R","M","E","T","M"],"character_chosen":"THE_SILENT","items_purchased":["Dagger Spray","Backflip","Deadly Poison"],"campfire_rested":1,"item_purchase_floors":[2,2,13],"current_hp_per_floor":[58,58,56,56,53,39,39,25,25,44,44,44,44,49,49,45,65,60,60,53,71,61,61,45,3,3,3,3],"gold":222,"neow_bonus":"BOSS_RELIC","is_daily":false,"chose_seed":false,"campfire_upgraded":2,"win_rate":0.0,"timestamp":1608989836,"path_taken":["M","$","M","?","M","E","?","M","T","R","?","?","$","?","R","BOSS","M","?","M","?","M","R","?","E","T","M"],"items_purchased_type":["Card","Card","Card"],"build_version":"2020-12-22","purchased_purges":1,"victory":false,"max_hp_per_floor":[66,66,66,66,66,66,66,66,66,66,66,66,66,71,71,71,71,71,71,71,71,71,71,71,71,71,71,71],"card_choices":[{"not_picked":["Sucker Punch","Finisher"],"picked":"Footwork","floor":1.0},{"not_picked":["Choke","Deflect"],"picked":"Cloak And Dagger","floor":3.0},{"not_picked":["Predator","Riddle With Holes"],"picked":"Blade Dance","floor":4.0},{"not_picked":["Footwork","Sucker Punch"],"picked":"Bouncing Flask","floor":5.0},{"not_picked":["Dagger Spray","Night Terror"],"picked":"Leg Sweep","floor":6.0},{"not_picked":["Dagger Spray","Caltrops","Underhanded Strike"],"picked":"SKIP","floor":8.0},{"not_picked":["All Out Attack","Accuracy","Masterful Stab"],"picked":"SKIP","floor":12.0},{"not_picked":["Night Terror","Storm of Steel"],"picked":"Tools of the Trade","floor":16.0},{"not_picked":["Bane+1","Slice"],"picked":"Noxious Fumes+1","floor":18.0},{"not_picked":["Cloak And Dagger","Dagger Spray","Blade Dance"],"picked":"SKIP","floor":20.0},{"not_picked":["Skewer","Dodge and Roll"],"picked":"Well Laid Plans","floor":22.0},{"not_picked":["Dagger Spray","Prepared"],"picked":"Noxious Fumes","floor":24.0},{"not_picked":["Bane","Well Laid Plans","Cloak And Dagger"],"picked":"SKIP","floor":25.0}],"player_experience":902776,"relics_obtained":[{"floor":6.0,"key":"Snake Skull"},{"floor":9.0,"key":"Anchor"},{"floor":25.0,"key":"Letter Opener"},{"floor":26.0,"key":"Centennial Puzzle"}],"event_choices":[{"damage_healed":0.0,"max_hp_gain":0.0,"max_hp_loss":0.0,"gold_gain":0.0,"event_name":"Living Wall","player_choice":"Grow","floor":7.0,"gold_loss":0.0,"damage_taken":0.0,"cards_upgraded":["Dagger Spray"]},{"damage_healed":0.0,"max_hp_gain":0.0,"max_hp_loss":0.0,"gold_gain":0.0,"cards_transformed":["Strike_G"],"event_name":"Transmorgrifier","player_choice":"Transformed","floor":11.0,"gold_loss":0.0,"damage_taken":0.0,"cards_obtained":["Adrenaline"]},{"damage_healed":0.0,"max_hp_gain":5.0,"max_hp_loss":0.0,"gold_gain":0.0,"event_name":"Big Fish","player_choice":"Donut","floor":14.0,"gold_loss":0.0,"damage_taken":0.0},{"damage_healed":0.0,"max_hp_gain":0.0,"max_hp_loss":0.0,"gold_gain":0.0,"event_name":"Back to Basics","player_choice":"Simplicity","floor":19.0,"gold_loss":0.0,"damage_taken":0.0,"cards_upgraded":["Strike_G","Defend_G","Defend_G","Defend_G","Defend_G"]},{"cards_removed":["Predator"],"damage_healed":18.0,"max_hp_gain":0.0,"max_hp_loss":0.0,"gold_gain":0.0,"event_name":"Bonfire Elementals","player_choice":"Offered Uncommon","floor":21.0,"gold_loss":0.0,"damage_taken":0.0}],"is_beta":false,"boss_relics":[{"not_picked":["Black Star","Fusion Hammer"],"picked":"SlaversCollar"}],"items_purged_floors":[13],"is_endless":false,"potions_floor_spawned":[1,3,5,16,20,22,24],"killed_by":"Centurion and Healer","ascension_level":20}}