{"host":"867cnhxguf2bzj4x","time":1608979806,"event":{"mods":["BaseMod","Downfall","GifTheSpireLib","Minty Spire (QoL Compilation)","StSLib"],"gold_per_floor":[117,117,131,150,166,199,199,231,258,258,269,269,269,279,279,279,279],"floor_reached":16,"playtime":545,"items_purged":[],"score":112,"play_id":"5481fe6e-2d85-4abe-bd33-aa7aca03281c","local_time":"20201226115006","is_ascension_mode":false,"campfire_choices":[{"data":"Infinite Blades","floor":7,"key":"SMITH"},{"floor":10,"key":"REST"},{"data":"Poisoned Stab","floor":12,"key":"SMITH"},{"floor":15,"key":"REST"}],"circlet_count":0,"master_deck":["Strike_G","Strike_G","Strike_G","Strike_G","Strike_G","Defend_G","Defend_G","Defend_G","Defend_G","Defend_G","Survivor","Neutralize","Glass Knife+1","Bouncing Flask","Poisoned Stab+1","Infinite Blades+1","Cloak And Dagger","Distraction"],"relics":["Ring of the Snake","Ginger","Strawberry","Bag of Marbles"],"acts_visited":["Exordium"],"potions_floor_usage":[6,6,6,8],"damage_taken":[{"damage":2,"enemies":"Small Slimes","floor":1,"turns":3},{"damage":0,"enemies":"Cultist","floor":3,"turns":3},{"damage":2,"enemies":"2 Louse","floor":4,"turns":3},{"damage":4,"enemies":"Blue Slaver","floor":5,"turns":3},{"damage":8,"enemies":"Gremlin Nob","floor":6,"turns":3},{"damage":31,"enemies":"3 Sentries","floor":8,"turns":6},{"damage":16,"enemies":"Lots of Slimes","floor":11,"turns":3},{"damage":18,"enemies":"Gremlin Gang","floor":14,"turns":4},{"damage":44,"enemies":"Slime Boss","floor":16,"turns":10}],"seed_played":"4201942190812772283","potions_obtained":[{"floor":1,"key":"Explosive Potion"},{"floor":2,"key":"GamblersBrew"},{"floor":2,"key":"Poison Potion"},{"floor":2,"key":"DistilledChaos"},{"floor":6,"key":"ColorlessPotion"},{"floor":11,"key":"Strength Potion"}],"is_trial":false,"path_per_floor":["M","?","M","M","M","E","R","E","T","R","M","R","?","M","R","B"],"character_chosen":"THE_SILENT","items_purchased":[],"campfire_rested":2,"item_purchase_floors":[],"current_hp_per_floor":[68,68,68,66,62,54,54,30,30,53,37,37,37,19,42,0,0],"gold":279,"neow_bonus":"ONE_RANDOM_RARE_CARD","is_daily":false,"chose_seed":false,"campfire_upgraded":2,"win_rate":0.0,"timestamp":1608979806,"path_taken":["M","?","M","M","?","E","R","E","T","R","?","R","?","M","R","BOSS"],"items_purchased_type":[],"build_version":"2020-12-22","purchased_purges":0,"victory":false,"max_hp_per_floor":[70,70,70,70,70,70,70,77,77,77,77,77,77,77,77,77,77],"card_choices":[{"not_picked":["Escape Plan","Eviscerate"],"picked":"Bouncing Flask","floor":1},{"not_picked":["Blade Dance","Backflip"],"picked":"Poisoned Stab","floor":3},{"not_picked":["Endless Agony","Footwork","Blur"],"picked":"SKIP","floor":4},{"not_picked":["Sucker Punch","Finisher","Acrobatics"],"picked":"SKIP","floor":5},{"not_picked":["Expertise","Outmaneuver"],"picked":"Infinite Blades","floor":6},{"not_picked":["Slice","Dagger Throw","Tactician"],"picked":"SKIP","floor":8},{"not_picked":["Calculated Gamble","PiercingWail"],"picked":"Cloak And Dagger","floor":11},{"not_picked":["Riddle With Holes","Crippling Poison"],"picked":"Distraction","floor":14}],"player_experience":59504,"relics_obtained":[{"floor":6,"key":"Ginger"},{"floor":8,"key":"Strawberry"},{"floor":9,"key":"Bag of Marbles"}],"event_choices":[{"damage_healed":0,"gold_gain":0,"player_choice":"Got Potions","damage_taken":0,"max_hp_gain":0,"max_hp_loss":0,"event_name":"Lab","floor":2,"gold_loss":0},{"damage_healed":0,"gold_gain":0,"player_choice":"Grow","damage_taken":0,"max_hp_gain":0,"max_hp_loss":0,"event_name":"Living Wall","floor":13,"gold_loss":0,"cards_upgraded":["Glass Knife"]}],"is_beta":false,"boss_relics":[],"items_purged_floors":[],"is_endless":false,"potions_floor_spawned":[1,5,6,11],"killed_by":"Slime Boss","ascension_level":0}}