{"host":"acpsw8r33r8788yr","time":1608983023,"event":{"mods":["BaseMod","Better Altar","Better Skull","Better Third Choice","BetterRewards","Colored Map","Downfall","Hermit","Highlight Path","Hubris","Minty Spire (QoL Compilation)","Quick Restart","Replay The Spire","Robot Space Explorer","Shop Mod","StSLib","The Animator","The Bug Knight","The Construct","The Cursed","The Disciple","The Jungle","The Runesmith","The Senshi"],"gold_per_floor":[199,218,235,69,244,277,277,295,295,570,585,596,596,506,524,524,524,524],"floor_reached":16,"playtime":926,"items_purged":["Regret"],"score":102,"play_id":"aeb95b2c-0746-47eb-9eb7-2523c5eb3acd","local_time":"20201226034343","is_ascension_mode":false,"campfire_choices":[{"data":"hexamod:SearingWound","floor":9,"key":"SMITH"},{"data":"hexamod:Haunt","floor":13,"key":"SMITH"}],"circlet_count":0,"master_deck":["hexamod:Strike","hexamod:Strike","hexamod:Strike","hexamod:Strike+1","hexamod:Defend","hexamod:Defend","hexamod:Defend","hexamod:Sear","hexamod:Float","hexamod:GhostLash","hexamod:AdvancingGuard","hexamod:SearingWound+1","Doubt","hexamod:GhostShield","hexamod:SpectersWail","hexamod:Haunt+1","hexamod:CatchUp"],"relics":["hexamod:SpiritBrand","ReplayTheSpireMod:TigerMarble","hubris:DeckOfHolding","Incense Burner"],"acts_visited":["Exordium"],"potions_floor_usage":[6],"damage_taken":[{"damage":0,"enemies":"Cultist","floor":2,"turns":3},{"damage":0,"enemies":"Small Slimes","floor":3,"turns":3},{"damage":0,"enemies":"downfall:FleeingMerchant","floor":4,"turns":4},{"damage":20,"enemies":"Lagavulin","floor":6,"turns":7},{"damage":1,"enemies":"2 Louse","floor":8,"turns":2},{"damage":0,"enemies":"Lots of Slimes","floor":11,"turns":1},{"damage":4,"enemies":"Exordium Thugs","floor":12,"turns":5},{"damage":4,"enemies":"downfall:FleeingMerchant","floor":14,"turns":4},{"damage":1,"enemies":"Large Slime","floor":15,"turns":6},{"damage":3,"enemies":"downfall:Defect","floor":16,"turns":3}],"seed_played":"-2018573473532449461","potions_obtained":[{"floor":3,"key":"hexamod:EctoCoolerPotion"},{"floor":6,"key":"Dexterity Potion"},{"floor":12,"key":"SmokeBomb"}],"is_trial":false,"path_per_floor":["R_BF","M","M","$","?","E","T","M","R","?","M","M","R","$","M","B"],"character_chosen":"THE_SPIRIT","items_purchased":["ReplayTheSpireMod:TigerMarble"],"campfire_rested":0,"item_purchase_floors":[4],"current_hp_per_floor":[62,62,62,62,62,42,42,41,41,41,41,37,37,33,32,29,29,29],"gold":524,"neow_bonus":"HUNDRED_GOLD","is_daily":false,"chose_seed":false,"campfire_upgraded":2,"win_rate":0.0,"timestamp":1608983023,"path_taken":["R_BF","M","M","$","?","E","T","M","R","?","M","?","R","$","M","BOSS"],"items_purchased_type":["Relic"],"build_version":"2020-12-22","purchased_purges":1,"victory":false,"max_hp_per_floor":[70,70,70,70,70,70,70,70,70,70,70,70,70,70,70,70,70,70],"card_choices":[{"not_picked":["hexamod:InspiringFlames","hexamod:ShieldOfDarkness"],"picked":"hexamod:GhostLash","floor":2},{"not_picked":["hexamod:BacktrackSmack","hexamod:SkipABeat"],"picked":"hexamod:AdvancingGuard","floor":3},{"not_picked":["hexamod:ParanormalForm","hexamod:ShieldOfDarkness"],"picked":"hexamod:SearingWound","floor":4},{"not_picked":["hexamod:HeatCrush","hexamod:AdvancingGuard","hexamod:CatchUp"],"picked":"SKIP","floor":6},{"not_picked":["hexamod:RainOfEmbers","hexamod:BurningTouch"],"picked":"hexamod:GhostShield","floor":8},{"not_picked":["hexamod:RetreatToShadows","hexamod:FastForward"],"picked":"hexamod:SpectersWail","floor":11},{"not_picked":["hexamod:FastForward","hexamod:ThirdSeal"],"picked":"hexamod:Haunt","floor":12},{"not_picked":["hexamod:GhostOfSpirePresent","hexamod:RainOfEmbers","hexamod:EtherealExpedition"],"picked":"SKIP","floor":14},{"not_picked":["hexamod:SecondSeal","hexamod:RainOfEmbers"],"picked":"hexamod:CatchUp","floor":15}],"player_experience":399790,"relics_obtained":[{"floor":6,"key":"hubris:DeckOfHolding"},{"floor":7,"key":"Incense Burner"}],"event_choices":[],"is_beta":false,"boss_relics":[],"items_purged_floors":[14],"is_endless":false,"potions_floor_spawned":[3,6,12],"killed_by":"downfall:Defect","ascension_level":0}}