{"host":"m6h67kf6cz80m3yv","time":1608993150,"event":{"mods":["BaseMod","Better Third Choice","BetterRewards","CatGirl Mod","Colored Powertips","Downfall","Duelist Mod","Hermit","Luminous","Marisa????????","Minty Spire (QoL Compilation)","Quick Restart","Shade Mod","Shop Mod","StSLib","SuperFastMode","Td1madao Mod","The Alterego","The Marked","The Servant 0.9.4"],"gold_per_floor":[117,117,131,131,146,177,190,190,236,236,167,167,177,187,187,187,187],"floor_reached":16,"playtime":782,"items_purged":[],"score":102,"play_id":"42888a5b-7423-4a81-b0d3-b806f35a8f6e","local_time":"20201226123230","is_ascension_mode":false,"campfire_choices":[{"floor":10,"key":"REST"},{"floor":15,"key":"REST"}],"circlet_count":0,"master_deck":["theCatGirl:Strike","theCatGirl:Strike","theCatGirl:Strike","theCatGirl:Strike","theCatGirl:Defend","theCatGirl:Defend","theCatGirl:Defend","theCatGirl:Defend","theCatGirl:ClawStrike","theCatGirl:Evasion","theCatGirl:TryingMyBest","theCatGirl:ChangeOfPlans","theCatGirl:Misfire","theCatGirl:BloodBath","theCatGirl:Growl","theCatGirl:AdventurersInsight","expansioncontent:YouAreMine","theCatGirl:SmellFear","theCatGirl:RunningWithDaggers","theCatGirl:HungerClaw"],"relics":["theCatGirl:TrainedRelic","StrikeDummy","Ancient Tea Set","theCatGirl:DriedFish"],"acts_visited":["Exordium"],"potions_floor_usage":[16],"damage_taken":[{"damage":0,"enemies":"2 Louse","floor":1,"turns":3},{"damage":0,"enemies":"Cultist","floor":3,"turns":4},{"damage":0,"enemies":"Small Slimes","floor":5,"turns":4},{"damage":58,"enemies":"3 Sentries","floor":6,"turns":15},{"damage":2,"enemies":"Red Slaver","floor":7,"turns":3},{"damage":12,"enemies":"2 Fungi Beasts","floor":13,"turns":3},{"damage":7,"enemies":"Lots of Slimes","floor":14,"turns":4},{"damage":52,"enemies":"The Guardian","floor":16,"turns":12}],"seed_played":"-4110676516296952628","potions_obtained":[{"floor":5,"key":"Dexterity Potion"},{"floor":6,"key":"SpeedPotion"},{"floor":7,"key":"Swift Potion"}],"is_trial":false,"path_per_floor":["M","?","M","?","M","E","M","?","T","R","$","?","M","M","R","B"],"character_chosen":"THE_CATGIRL","items_purchased":["theCatGirl:SmellFear"],"campfire_rested":2,"item_purchase_floors":[11],"current_hp_per_floor":[77,77,77,77,77,19,17,17,17,40,40,40,28,21,44,0,0],"gold":187,"neow_bonus":"TEN_PERCENT_HP_BONUS","is_daily":false,"chose_seed":false,"campfire_upgraded":0,"win_rate":0.0,"timestamp":1608993150,"path_taken":["M","?","?","?","M","E","?","?","T","R","?","?","M","M","R","BOSS"],"items_purchased_type":["Card"],"build_version":"2020-12-22","purchased_purges":0,"victory":false,"max_hp_per_floor":[77,77,77,77,77,77,77,77,77,77,77,77,77,77,77,77,77],"card_choices":[{"not_picked":["theCatGirl:SpinningStrike","theCatGirl:AllIn"],"picked":"theCatGirl:TryingMyBest","floor":1},{"not_picked":["theCatGirl:UnrelentingAssault","theCatGirl:ShockedWitness"],"picked":"theCatGirl:ChangeOfPlans","floor":3},{"not_picked":["theCatGirl:LuckyBlow","theCatGirl:ElegantStrike"],"picked":"theCatGirl:Misfire","floor":5},{"not_picked":["theCatGirl:LearnByMistake","theCatGirl:Stalk"],"picked":"theCatGirl:BloodBath","floor":6},{"not_picked":["theCatGirl:LostTrinket","theCatGirl:PlayAround"],"picked":"theCatGirl:Growl","floor":7},{"not_picked":["theCatGirl:Misfire","theCatGirl:SpinningStrike"],"picked":"theCatGirl:RunningWithDaggers","floor":13},{"not_picked":["theCatGirl:GoddessOfMisfortune","theCatGirl:PoisedStrike"],"picked":"theCatGirl:HungerClaw","floor":14}],"player_experience":306923,"relics_obtained":[{"floor":6,"key":"StrikeDummy"},{"floor":9,"key":"Ancient Tea Set"}],"event_choices":[{"damage_healed":0,"gold_gain":0,"player_choice":"Bought 0 Potions","damage_taken":0,"max_hp_gain":0,"max_hp_loss":0,"event_name":"The Woman in Blue","floor":2,"gold_loss":0},{"damage_healed":0,"gold_gain":0,"player_choice":"Ignored","damage_taken":0,"max_hp_gain":0,"max_hp_loss":0,"event_name":"Purifier","floor":4,"gold_loss":0},{"damage_healed":0,"gold_gain":0,"player_choice":"2 cards matched","damage_taken":0,"max_hp_gain":0,"max_hp_loss":0,"event_name":"Match and Keep!","floor":8,"gold_loss":0,"cards_obtained":["theCatGirl:AdventurersInsight","expansioncontent:YouAreMine"]},{"damage_healed":0,"gold_gain":0,"player_choice":"Gave Potion","damage_taken":0,"relics_obtained":["theCatGirl:DriedFish"],"max_hp_gain":0,"max_hp_loss":0,"event_name":"WeMeetAgain","floor":12,"gold_loss":0}],"is_beta":false,"boss_relics":[],"items_purged_floors":[],"is_endless":false,"potions_floor_spawned":[5,6,7],"killed_by":"The Guardian","ascension_level":0}}