{"host":"rmsq46plbpwfbxcc","time":1608983362,"event":{"mods":["AchievementEnabler","BaseMod","Colored Map","DeckTracker","Minty Spire (QoL Compilation)","Permanent Neow","SuperFastMode"],"gold_per_floor":[115,190,190,202,217,217,243,243,266,294,294,306,306,324,324,418,418,441,461,344,344,368,368,393,393,393,408,408,421,471,471,471],"floor_reached":31,"playtime":817,"items_purged":["Injury"],"score":457,"play_id":"37acf014-6669-4284-a1ec-b52d3d67a2c9","local_time":"20201226204922","is_ascension_mode":true,"campfire_choices":[{"data":"Neutralize","floor":6.0,"key":"SMITH"},{"data":"Noxious Fumes","floor":8,"key":"SMITH"},{"floor":15,"key":"REST"},{"data":"Terror","floor":23,"key":"SMITH"},{"floor":25,"key":"REST"},{"floor":28,"key":"REST"}],"circlet_count":0,"master_deck":["AscendersBane","Strike_G","Strike_G","Strike_G","Strike_G","Defend_G","Defend_G","Defend_G","Defend_G","Survivor","Neutralize+1","Backstab","Dash","Finisher","Noxious Fumes+1","Calculated Gamble+1","Acrobatics","Tools of the Trade","PiercingWail","Terror+1","Blade Dance"],"relics":["Philosopher\u0027s Stone","Strawberry","Boot","Tough Bandages","Golden Idol","WristBlade","Regal Pillow"],"acts_visited":["Exordium","TheCity"],"potions_floor_usage":[7,16,18,24,31],"damage_taken":[{"damage":15.0,"enemies":"Jaw Worm","floor":1.0,"turns":6.0},{"damage":0.0,"enemies":"2 Louse","floor":4.0,"turns":2.0},{"damage":2.0,"enemies":"Cultist","floor":5.0,"turns":4.0},{"damage":13,"enemies":"3 Sentries","floor":7,"turns":8},{"damage":8,"enemies":"Gremlin Nob","floor":10,"turns":5},{"damage":0,"enemies":"Large Slime","floor":12,"turns":5},{"damage":5,"enemies":"Blue Slaver","floor":14,"turns":4},{"damage":18,"enemies":"The Guardian","floor":16,"turns":11},{"damage":1,"enemies":"Chosen","floor":18,"turns":5},{"damage":18,"enemies":"Spheric Guardian","floor":19,"turns":4},{"damage":18,"enemies":"Snake Plant","floor":22,"turns":5},{"damage":2,"enemies":"Centurion and Healer","floor":24,"turns":5},{"damage":23,"enemies":"3 Cultists","floor":27,"turns":6},{"damage":38,"enemies":"Shelled Parasite and Fungi","floor":29,"turns":6},{"damage":18,"enemies":"Book of Stabbing","floor":31,"turns":1}],"seed_played":"675405574693476553","potions_obtained":[{"floor":5.0,"key":"ColorlessPotion"},{"floor":7,"key":"GhostInAJar"},{"floor":12,"key":"Ancient Potion"},{"floor":14,"key":"AttackPotion"},{"floor":18,"key":"Dexterity Potion"},{"floor":22,"key":"Fire Potion"},{"floor":29,"key":"Poison Potion"}],"is_trial":false,"path_per_floor":["M","?","?","M","M","R","E","R","T","E","?","M","?","M","R","B",null,"M","M","$","?","M","R","M","R","T","M","R","M","?","E"],"character_chosen":"THE_SILENT","items_purchased":["Terror"],"campfire_rested":3,"item_purchase_floors":[20],"current_hp_per_floor":[44,33,33,33,31,31,25,25,25,17,17,17,17,12,33,15,59,58,40,40,40,22,22,20,41,41,18,54,16,16,0,0],"gold":471,"neow_bonus":"BOSS_RELIC","is_daily":false,"chose_seed":false,"campfire_upgraded":3,"win_rate":0.0,"timestamp":1608983362,"path_taken":["M","?","?","?","M","R","E","R","T","E","?","M","?","M","R","BOSS","M","M","$","?","M","R","M","R","T","M","R","?","?","E"],"items_purchased_type":["Card"],"build_version":"2020-12-22","purchased_purges":1,"victory":false,"max_hp_per_floor":[66,66,66,66,66,66,73,73,73,73,73,73,73,73,73,73,73,73,73,73,73,73,73,73,73,73,73,73,73,73,73,73],"card_choices":[{"not_picked":["Deflect","Calculated Gamble"],"picked":"Backstab","floor":1.0},{"not_picked":["Quick Slash","Prepared"],"picked":"Dash","floor":4.0},{"not_picked":["Blur","Flying Knee"],"picked":"Finisher","floor":5.0},{"not_picked":["Quick Slash","Sucker Punch"],"picked":"Noxious Fumes","floor":7},{"not_picked":["Slice","Reflex"],"picked":"Calculated Gamble","floor":10},{"not_picked":["Flechettes","Bane","Flying Knee"],"picked":"SKIP","floor":12},{"not_picked":["Sucker Punch","Well Laid Plans"],"picked":"Acrobatics","floor":14},{"not_picked":["Doppelganger","Night Terror"],"picked":"Tools of the Trade","floor":16},{"not_picked":["Poisoned Stab+1","Crippling Poison"],"picked":"PiercingWail","floor":18},{"not_picked":["Slice","Bane","Wraith Form v2"],"picked":"SKIP","floor":19},{"not_picked":["Dagger Spray+1","Crippling Poison","Terror"],"picked":"SKIP","floor":22},{"not_picked":["Concentrate","Bane","Dagger Spray"],"picked":"SKIP","floor":24},{"not_picked":["Bane","Endless Agony+1"],"picked":"Blade Dance","floor":27},{"not_picked":["Underhanded Strike","Deflect","Dagger Spray"],"picked":"SKIP","floor":29}],"player_experience":1385552,"relics_obtained":[{"floor":7,"key":"Strawberry"},{"floor":9,"key":"Boot"},{"floor":10,"key":"Tough Bandages"},{"floor":26,"key":"Regal Pillow"}],"event_choices":[{"damage_healed":0.0,"max_hp_gain":0.0,"max_hp_loss":0.0,"gold_gain":75.0,"event_name":"World of Goop","player_choice":"Gather Gold","floor":2.0,"gold_loss":0.0,"damage_taken":11.0},{"cards_removed":["Strike_G"],"damage_healed":0.0,"max_hp_gain":0.0,"max_hp_loss":0.0,"gold_gain":0.0,"event_name":"Purifier","player_choice":"Purged","floor":3.0,"gold_loss":0.0,"damage_taken":0.0},{"damage_healed":0,"gold_gain":0,"player_choice":"Grow","damage_taken":0,"max_hp_gain":0,"max_hp_loss":0,"event_name":"Living Wall","floor":11,"gold_loss":0,"cards_upgraded":["Calculated Gamble"]},{"damage_healed":0,"gold_gain":0,"player_choice":"Take Wound","damage_taken":0,"relics_obtained":["Golden Idol"],"max_hp_gain":0,"max_hp_loss":0,"event_name":"Golden Idol","floor":13,"gold_loss":0,"cards_obtained":["Injury"]},{"cards_removed":["Defend_G"],"damage_healed":0,"gold_gain":0,"player_choice":"Purged","damage_taken":0,"max_hp_gain":0,"max_hp_loss":0,"event_name":"Purifier","floor":21,"gold_loss":0},{"damage_healed":0,"gold_gain":50,"player_choice":"Stole From Cult","damage_taken":0,"max_hp_gain":0,"max_hp_loss":0,"event_name":"Nest","floor":30,"gold_loss":0}],"is_beta":false,"boss_relics":[{"not_picked":["Fusion Hammer","Coffee Dripper"],"picked":"WristBlade"}],"items_purged_floors":[20],"is_endless":false,"potions_floor_spawned":[5,7,12,14,18,22,29],"killed_by":"Book of Stabbing","ascension_level":17}}