{"host":"hz94vu9lk5pvuib2","time":1608952179,"event":{"mods":["BaseMod","Colored Map","Minty Spire (QoL Compilation)","Waifu the Spire"],"gold_per_floor":[11,27,44,59,59,59,14,14,39,67,17,17,37,37,37,137,137,156,12,29,45,59,59,69,81,81,81,81],"floor_reached":27,"playtime":1475,"items_purged":[],"score":217,"play_id":"b51864cf-3c39-44a1-8135-2421905ff4f5","local_time":"20201226120939","is_ascension_mode":false,"campfire_choices":[{"floor":6,"key":"REST"},{"data":"Eruption","floor":8,"key":"SMITH"},{"floor":12,"key":"REST"},{"data":"Vigilance","floor":15,"key":"SMITH"},{"floor":23,"key":"REST"}],"circlet_count":0,"master_deck":["Strike_P+1","Strike_P","Strike_P","Defend_P","Defend_P+1","Defend_P","Eruption+1","Vigilance+1","BowlingBash","FlurryOfBlows","CrushJoints","FearNoEvil","EmptyFist","LikeWater","Judgement","BowlingBash","Swivel","FlurryOfBlows+1","FollowUp","CarveReality","SandsOfTime"],"relics":["PureWater","Ginger","Lantern","Akabeko","Snecko Eye","PreservedInsect","Toxic Egg 2"],"acts_visited":["Exordium","TheCity"],"potions_floor_usage":[16,16,24,27],"damage_taken":[{"damage":7,"enemies":"Cultist","floor":1,"turns":3},{"damage":17,"enemies":"Jaw Worm","floor":2,"turns":2},{"damage":0,"enemies":"Small Slimes","floor":3,"turns":1},{"damage":0,"enemies":"2 Fungi Beasts","floor":4,"turns":2},{"damage":6,"enemies":"3 Sentries","floor":10,"turns":6},{"damage":0,"enemies":"Red Slaver","floor":13,"turns":2},{"damage":37,"enemies":"Hexaghost","floor":16,"turns":7},{"damage":0,"enemies":"Spheric Guardian","floor":18,"turns":2},{"damage":10,"enemies":"2 Thieves","floor":20,"turns":3},{"damage":0,"enemies":"Snake Plant","floor":21,"turns":2},{"damage":80,"enemies":"Shelled Parasite and Fungi","floor":22,"turns":5},{"damage":4,"enemies":"3 Cultists","floor":24,"turns":4},{"damage":9,"enemies":"Centurion and Healer","floor":25,"turns":5},{"damage":28,"enemies":"Snake Plant","floor":27,"turns":1}],"seed_played":"8792970552425168099","potions_obtained":[{"floor":4,"key":"AttackPotion"},{"floor":10,"key":"DuplicationPotion"},{"floor":16,"key":"SkillPotion"},{"floor":21,"key":"FairyPotion"},{"floor":24,"key":"BottledMiracle"}],"is_trial":false,"path_per_floor":["M","M","M","M","?","R","$","R","T","E","?","R","M","?","R","B",null,"M","$","M","M","M","R","M","M","T","M"],"character_chosen":"WATCHER","items_purchased":["EmptyFist","PreservedInsect"],"campfire_rested":3,"item_purchase_floors":[7,19],"current_hp_per_floor":[65,48,48,48,34,55,55,55,55,49,49,70,70,70,70,33,72,72,72,62,62,12,33,29,20,20,0,0],"gold":81,"neow_bonus":"ONE_RARE_RELIC","is_daily":false,"chose_seed":false,"campfire_upgraded":2,"win_rate":0.0,"timestamp":1608952179,"path_taken":["M","M","M","?","?","R","$","R","T","E","?","R","M","?","R","BOSS","M","?","?","M","M","R","M","M","T","M"],"items_purchased_type":["Card","Relic"],"build_version":"2020-12-22","purchased_purges":0,"victory":false,"max_hp_per_floor":[72,72,72,72,72,72,72,72,72,72,72,72,72,72,72,72,72,72,72,72,72,72,72,72,72,72,72,72],"card_choices":[{"not_picked":["FlyingSleeves","Worship"],"picked":"BowlingBash","floor":1},{"not_picked":["JustLucky","WindmillStrike"],"picked":"FlurryOfBlows","floor":2},{"not_picked":["PathToVictory","EmptyBody"],"picked":"CrushJoints","floor":3},{"not_picked":["CrushJoints","Halt"],"picked":"FearNoEvil","floor":4},{"not_picked":["FlyingSleeves","WheelKick"],"picked":"LikeWater","floor":10},{"not_picked":["PathToVictory","CutThroughFate","Brilliance"],"picked":"SKIP","floor":13},{"not_picked":["Omniscience","DeusExMachina"],"picked":"Judgement","floor":16},{"not_picked":["DeceiveReality","Study"],"picked":"BowlingBash","floor":18},{"not_picked":["InnerPeace","FlyingSleeves"],"picked":"Swivel","floor":20},{"not_picked":["BowlingBash+1","EmptyFist+1"],"picked":"FlurryOfBlows+1","floor":21},{"not_picked":["FlyingSleeves","ClearTheMind"],"picked":"FollowUp","floor":22},{"not_picked":["Consecrate","SignatureMove"],"picked":"CarveReality","floor":24},{"not_picked":["FlyingSleeves","Collect"],"picked":"SandsOfTime","floor":25}],"player_experience":208202,"relics_obtained":[{"floor":9,"key":"Lantern"},{"floor":10,"key":"Akabeko"},{"floor":26,"key":"Toxic Egg 2"}],"event_choices":[{"damage_healed":0,"gold_gain":0,"player_choice":"Entered Light","damage_taken":14,"max_hp_gain":0,"max_hp_loss":0,"event_name":"Shining Light","floor":5,"gold_loss":0,"cards_upgraded":["Strike_P","Defend_P"]},{"cards_removed":["Defend_P"],"damage_healed":0,"gold_gain":0,"player_choice":"Card Removal","damage_taken":0,"max_hp_gain":0,"max_hp_loss":0,"event_name":"The Cleric","floor":11,"gold_loss":50},{"cards_removed":["Strike_P"],"damage_healed":0,"gold_gain":0,"player_choice":"Purged","damage_taken":0,"max_hp_gain":0,"max_hp_loss":0,"event_name":"Purifier","floor":14,"gold_loss":0}],"is_beta":false,"boss_relics":[{"not_picked":["Coffee Dripper","VioletLotus"],"picked":"Snecko Eye"}],"items_purged_floors":[],"is_endless":false,"potions_floor_spawned":[4,10,16,21,24],"killed_by":"Snake Plant","ascension_level":0}}