{"host":"7k2a2omxz3voj5ax","time":1608988674,"event":{"mods":["BaseMod","Marisa£¨ìFÓê¡¡Ä§ÀíÉ³£©","Minty Spire (QoL Compilation)","Quick Restart","Spicy Shops","StSLib","Starting Relic: Pandora\u0027s Box","óô»ðÖ¸ÄÏ"],"gold_per_floor":[118,131,131,142,152,187,203,228,254,2363,2376,1846,1880,1930,1930,2004,2004,2017,2017,2028,2054,2054,2054],"floor_reached":22,"playtime":807,"items_purged":["Perfected Strike","Intimidate"],"score":562,"play_id":"c236fa49-5a69-4a90-9c6a-2937c5981a70","local_time":"20201226221754","is_ascension_mode":true,"campfire_choices":[{"data":"Limit Break","floor":15.0,"key":"SMITH"}],"circlet_count":0,"master_deck":["AscendersBane","Bash+1","Rage","Wild Strike+1","Pommel Strike","Heavy Blade","Disarm","Sentinel+1","Entrench","Bloodletting+1","Inflame","Evolve","Limit Break+1","Shrug It Off","Dark Embrace","Berserk"],"relics":["Velvet Choker","Tiny Chest","Red Skull","Smiling Mask","Pen Nib","Ornamental Fan","Whetstone","War Paint","Anchor","HandDrill","Juzu Bracelet","Omamori","Mark of Pain","Art of War","Blood Vial"],"acts_visited":["Exordium","TheCity"],"potions_floor_usage":[22],"damage_taken":[{"damage":2.0,"enemies":"Jaw Worm","floor":1.0,"turns":4.0},{"damage":3.0,"enemies":"Cultist","floor":2.0,"turns":3.0},{"damage":0.0,"enemies":"Small Slimes","floor":4.0,"turns":2.0},{"damage":16.0,"enemies":"2 Fungi Beasts","floor":5.0,"turns":3.0},{"damage":27.0,"enemies":"3 Sentries","floor":6.0,"turns":7.0},{"damage":16.0,"enemies":"Lots of Slimes","floor":7.0,"turns":5.0},{"damage":0.0,"enemies":"Gremlin Nob","floor":8.0,"turns":3.0},{"damage":0.0,"enemies":"Large Slime","floor":11.0,"turns":3.0},{"damage":8.0,"enemies":"Lagavulin","floor":13.0,"turns":4.0},{"damage":0.0,"enemies":"Hexaghost","floor":16.0,"turns":5.0},{"damage":12,"enemies":"Spheric Guardian","floor":18,"turns":4},{"damage":12,"enemies":"Chosen","floor":20,"turns":4},{"damage":43,"enemies":"Snake Plant","floor":22,"turns":2}],"seed_played":"8741603187538067956","potions_obtained":[{"floor":2.0,"key":"FearPotion"},{"floor":3.0,"key":"Fruit Juice"},{"floor":3.0,"key":"Weak Potion"},{"floor":4.0,"key":"Block Potion"},{"floor":7.0,"key":"Block Potion"},{"floor":8.0,"key":"BloodPotion"},{"floor":16.0,"key":"FearPotion"},{"floor":18,"key":"SkillPotion"}],"is_trial":false,"path_per_floor":["M","M","?","M","M","E","M","E","T","R","M","R","E","T","R","B",null,"M","?","M","T","M"],"character_chosen":"IRONCLAD","items_purchased":["Smiling Mask","Pen Nib","Shrug It Off","Ornamental Fan","Whetstone","War Paint","Anchor","HandDrill"],"campfire_rested":0,"item_purchase_floors":[10,10,10,10,10,12,12,12],"current_hp_per_floor":[66,63,68,68,52,25,9,9,9,9,9,9,17,17,17,17,64,52,52,40,40,0,0],"gold":2054,"neow_bonus":"BOSS_RELIC","is_daily":false,"chose_seed":false,"campfire_upgraded":1,"win_rate":0.0,"timestamp":1608988674,"path_taken":["M","M","?","M","M","E","M","E","T","R","?","R","E","?","R","BOSS","M","?","M","?","M"],"items_purchased_type":["Relic","Relic","Card","Relic","Relic","Relic","Relic","Relic"],"build_version":"2020-12-22","purchased_purges":2,"victory":false,"max_hp_per_floor":[75,75,80,80,80,80,80,80,80,80,80,80,80,80,80,80,80,80,80,80,80,80,80],"card_choices":[{"not_picked":["Warcry","Combust"],"picked":"Bloodletting","floor":1.0},{"not_picked":["True Grit","Heavy Blade","Intimidate"],"picked":"SKIP","floor":2.0},{"not_picked":["Headbutt","Clash","Rampage"],"picked":"SKIP","floor":4.0},{"not_picked":["Clash","Bloodletting"],"picked":"Inflame","floor":5.0},{"not_picked":["Brutality","Armaments","Reckless Charge"],"picked":"SKIP","floor":6.0},{"not_picked":["Armaments","Sentinel"],"picked":"Evolve","floor":7.0},{"not_picked":["Sword Boomerang","Thunderclap"],"picked":"Limit Break","floor":8.0},{"not_picked":["Headbutt","Twin Strike","Cleave"],"picked":"SKIP","floor":11.0},{"not_picked":["Entrench","Twin Strike"],"picked":"Dark Embrace","floor":13.0},{"not_picked":["Impervious","Demon Form"],"picked":"Berserk","floor":16.0},{"not_picked":["Blood for Blood","Sentinel","Pommel Strike"],"picked":"SKIP","floor":18},{"not_picked":["Pummel","Iron Wave+1","Body Slam"],"picked":"SKIP","floor":20}],"player_experience":364465,"relics_obtained":[{"floor":6.0,"key":"Tiny Chest"},{"floor":8.0,"key":"Red Skull"},{"floor":13.0,"key":"Juzu Bracelet"},{"floor":14.0,"key":"Omamori"},{"floor":21,"key":"Blood Vial"}],"event_choices":[{"damage_healed":0.0,"max_hp_gain":0.0,"max_hp_loss":0.0,"gold_gain":0.0,"event_name":"Lab","player_choice":"Got Potions","floor":3.0,"gold_loss":0.0,"damage_taken":0.0},{"damage_healed":0,"gold_gain":0,"player_choice":"Opened","damage_taken":0,"relics_obtained":["Art of War"],"max_hp_gain":0,"max_hp_loss":0,"event_name":"The Mausoleum","floor":19,"gold_loss":0,"cards_obtained":["Writhe"]}],"is_beta":false,"boss_relics":[{"not_picked":["Astrolabe","Fusion Hammer"],"picked":"Mark of Pain"}],"items_purged_floors":[10,12],"is_endless":false,"potions_floor_spawned":[2,4,7,8,16,18],"killed_by":"Snake Plant","ascension_level":20}}