{"host":"fne7yx97fnz7kq05","time":1608952374,"event":{"mods":["BaseMod","Colored Map","Colored Powertips","Highlight Path","Minty Spire (QoL Compilation)","Relic Stats"],"gold_per_floor":[117,117,117,130,205,238,238,269,269,269,269,269,295,48,48,48,48],"floor_reached":16,"playtime":513,"items_purged":["Strike_G"],"score":243,"play_id":"1957a6d9-3d4e-47ed-b481-e3be5f147abd","local_time":"20201225211254","is_ascension_mode":true,"campfire_choices":[{"data":"Dagger Throw","floor":7,"key":"SMITH"},{"data":"Noxious Fumes","floor":10,"key":"SMITH"},{"floor":12,"key":"REST"},{"data":"Well Laid Plans","floor":15,"key":"SMITH"}],"circlet_count":0,"master_deck":["AscendersBane","Strike_G","Strike_G","Strike_G","Defend_G","Defend_G","Defend_G","Defend_G","Defend_G","Survivor","Neutralize","Slice","Dagger Throw+1","Noxious Fumes+1","Predator","Blade Dance","Leg Sweep","Well Laid Plans+1"],"relics":["Ring of the Snake","NeowsBlessing","Gambling Chip","Singing Bowl","Shuriken","Bronze Scales"],"acts_visited":["Exordium"],"potions_floor_usage":[],"damage_taken":[{"damage":0,"enemies":"Jaw Worm","floor":1,"turns":1},{"damage":0,"enemies":"Small Slimes","floor":4,"turns":1},{"damage":0,"enemies":"Lagavulin","floor":6,"turns":1},{"damage":23,"enemies":"Gremlin Nob","floor":8,"turns":5},{"damage":15,"enemies":"Lagavulin","floor":13,"turns":6},{"damage":23,"enemies":"Slime Boss","floor":16,"turns":3}],"seed_played":"-5952951477375032562","potions_obtained":[{"floor":4,"key":"SpeedPotion"},{"floor":6,"key":"CultistPotion"},{"floor":11,"key":"AttackPotion"}],"is_trial":false,"path_per_floor":["M","?","$","M","?","E","R","E","T","R","?","R","E","$","R","B"],"character_chosen":"THE_SILENT","items_purchased":["Blade Dance","Leg Sweep","Well Laid Plans"],"campfire_rested":1,"item_purchase_floors":[14,14,14],"current_hp_per_floor":[59,52,52,52,41,41,41,18,18,18,18,37,22,22,22,0,0],"gold":48,"neow_bonus":"THREE_ENEMY_KILL","is_daily":false,"chose_seed":false,"campfire_upgraded":3,"win_rate":0.0,"timestamp":1608952374,"path_taken":["M","?","$","M","?","E","R","E","T","R","?","R","E","$","R","BOSS"],"items_purchased_type":["Card","Card","Card"],"build_version":"2020-12-22","purchased_purges":1,"victory":false,"max_hp_per_floor":[66,66,66,66,66,66,66,66,66,66,66,66,66,66,66,66,66],"relic_stats":{"Singing Bowl":0,"counters":[6,17],"Shuriken":[6],"Gambling Chip":[13],"Bronze Scales":[0],"obtain_stats":[{"NeowsBlessing":0,"Singing Bowl":8,"Shuriken":9,"Gambling Chip":6,"Bronze Scales":13,"Ring of the Snake":0},{"NeowsBlessing":0,"Singing Bowl":4,"Shuriken":4,"Gambling Chip":3,"Bronze Scales":5,"Ring of the Snake":0},{"NeowsBlessing":0,"Singing Bowl":8,"Shuriken":8,"Gambling Chip":3,"Bronze Scales":14,"Ring of the Snake":0}],"Ring of the Snake":[12]},"card_choices":[{"not_picked":["Prepared","Heel Hook","Accuracy"],"picked":"SKIP","floor":1},{"not_picked":["Bane","PiercingWail"],"picked":"Slice","floor":4},{"not_picked":["Concentrate","Cloak And Dagger"],"picked":"Dagger Throw","floor":6},{"not_picked":["Storm of Steel","Bane"],"picked":"Noxious Fumes","floor":8},{"not_picked":["Reflex","Concentrate"],"picked":"Predator","floor":13}],"player_experience":200542,"relics_obtained":[{"floor":6,"key":"Gambling Chip"},{"floor":8,"key":"Singing Bowl"},{"floor":9,"key":"Shuriken"},{"floor":13,"key":"Bronze Scales"}],"event_choices":[{"cards_removed":["Strike_G"],"damage_healed":0,"gold_gain":0,"player_choice":"Card Removal","damage_taken":7,"max_hp_gain":0,"max_hp_loss":0,"event_name":"Golden Wing","floor":2,"gold_loss":0},{"damage_healed":0,"gold_gain":75,"player_choice":"Gather Gold","damage_taken":11,"max_hp_gain":0,"max_hp_loss":0,"event_name":"World of Goop","floor":5,"gold_loss":0},{"damage_healed":0,"gold_gain":0,"player_choice":"Got Potions","damage_taken":0,"max_hp_gain":0,"max_hp_loss":0,"event_name":"Lab","floor":11,"gold_loss":0}],"is_beta":false,"boss_relics":[],"items_purged_floors":[14],"is_endless":false,"potions_floor_spawned":[4,6],"killed_by":"Slime Boss","ascension_level":15}}