{"host":"wg33yb1rgt3nbe17","time":1608958416,"event":{"mods":["AchievementEnabler","BaseMod","Colored Map","Minty Spire (QoL Compilation)","Permanent Neow","Relic Stats","StSLib"],"gold_per_floor":[110,110,110,126,51,90,110,110,110,10,50,74,74,39,39,137,200,218,138,138,138,161,161,204,204,204,204,222,222,242,265,265,354,354,370,370,45,45,45,45,65,65,65,65,65,99,21,35,35,35,35],"floor_reached":50,"playtime":2224,"items_purged":["Defend_R","Defend_R"],"score":939,"play_id":"3384ec8a-6e59-483a-b8cc-dca74672c864","local_time":"20201225235336","is_ascension_mode":true,"campfire_choices":[{"floor":13,"key":"REST"},{"data":"Disarm","floor":15,"key":"SMITH"},{"data":"Bludgeon","floor":23,"key":"SMITH"},{"data":"Bash","floor":25,"key":"SMITH"},{"floor":27,"key":"REST"},{"floor":32,"key":"REST"},{"data":"True Grit","floor":40,"key":"SMITH"},{"data":"Double Tap","floor":42,"key":"SMITH"},{"data":"Carnage","floor":44,"key":"SMITH"},{"floor":49,"key":"REST"}],"circlet_count":0,"master_deck":["AscendersBane","Strike_R","Strike_R","Strike_R","Strike_R","Bash+1","True Grit+1","Shrug It Off","Disarm+1","Twin Strike+1","Bludgeon+1","Bloodletting","Double Tap+1","Bloodletting","Armaments+1","Ghostly Armor","Necronomicurse","Second Wind","Flame Barrier","Blood for Blood","Metallicize","Clothesline","Reaper","Impervious","Sword Boomerang+1","Seeing Red","Inflame","Carnage+1","Metallicize","Seeing Red"],"relics":["Burning Blood","Golden Idol","StoneCalendar","Centennial Puzzle","Ice Cream","Red Skull","Tiny House","Necronomicon","Anchor","Meat on the Bone","Question Card","Philosopher\u0027s Stone","Orichalcum","Champion Belt","Happy Flower"],"acts_visited":["Exordium","TheCity","TheBeyond"],"potions_floor_usage":[6,11,12,16,22,33,33,46,48],"damage_taken":[{"damage":0,"enemies":"2 Louse","floor":1,"turns":2},{"damage":4,"enemies":"Jaw Worm","floor":4,"turns":5},{"damage":3,"enemies":"Gremlin Nob","floor":6,"turns":3},{"damage":8,"enemies":"Small Slimes","floor":7,"turns":4},{"damage":28,"enemies":"Lagavulin","floor":11,"turns":6},{"damage":0,"enemies":"3 Louse","floor":12,"turns":2},{"damage":39,"enemies":"The Guardian","floor":16,"turns":9},{"damage":6,"enemies":"Chosen","floor":18,"turns":3},{"damage":1,"enemies":"2 Thieves","floor":22,"turns":2},{"damage":33,"enemies":"Slavers","floor":24,"turns":5},{"damage":12,"enemies":"Shelled Parasite and Fungi","floor":28,"turns":4},{"damage":5,"enemies":"Centurion and Healer","floor":30,"turns":5},{"damage":13,"enemies":"3 Cultists","floor":31,"turns":4},{"damage":56,"enemies":"Automaton","floor":33,"turns":9},{"damage":14,"enemies":"Orb Walker","floor":35,"turns":3},{"damage":40,"enemies":"3 Shapes","floor":41,"turns":6},{"damage":31,"enemies":"Nemesis","floor":46,"turns":5},{"damage":28,"enemies":"Spire Growth","floor":48,"turns":3},{"damage":100,"enemies":"Awakened One","floor":50,"turns":10}],"seed_played":"-1275220397457885936","potions_obtained":[{"floor":0,"key":"AttackPotion"},{"floor":0,"key":"Block Potion"},{"floor":11,"key":"Fire Potion"},{"floor":12,"key":"Swift Potion"},{"floor":16,"key":"Energy Potion"},{"floor":17,"key":"LiquidMemories"},{"floor":24,"key":"SpeedPotion"},{"floor":33,"key":"LiquidMemories"},{"floor":46,"key":"Fire Potion"}],"is_trial":false,"path_per_floor":["M","?","?","M","$","E","M","?","T","$","E","M","R","?","R","B",null,"M","$","?","?","M","R","E","R","T","R","M","?","M","M","R","B",null,"M","?","$","$","?","R","M","R","T","R","?","E","$","M","R","B"],"character_chosen":"IRONCLAD","items_purchased":["Ghostly Armor","Seeing Red","Inflame","Orichalcum","Metallicize"],"campfire_rested":4,"item_purchase_floors":[19,37,37,37,47],"current_hp_per_floor":[74,48,41,43,43,46,44,33,33,33,11,17,39,57,57,24,67,67,67,46,46,51,51,24,24,24,48,54,54,55,48,72,48,72,72,72,72,72,72,72,63,63,63,63,63,50,50,40,62,0,0],"gold":35,"neow_bonus":"THREE_SMALL_POTIONS","is_daily":false,"chose_seed":false,"campfire_upgraded":6,"win_rate":0.0,"timestamp":1608958416,"path_taken":["M","?","?","M","$","E","M","?","T","$","E","M","R","?","R","BOSS","M","$","?","?","M","R","E","R","T","R","M","?","M","M","R","BOSS","M","?","?","$","?","R","M","R","T","R","?","E","$","?","R","BOSS"],"items_purchased_type":["Card","Card","Card","Relic","Card"],"build_version":"2020-12-22","purchased_purges":2,"victory":false,"max_hp_per_floor":[75,75,75,75,75,75,75,75,75,75,75,75,75,75,75,75,80,80,80,80,80,80,80,80,80,80,80,80,80,80,80,80,80,80,80,80,80,80,76,76,76,76,76,76,76,76,76,76,76,76,76],"relic_stats":{"Centennial Puzzle":[42],"Happy Flower":[4],"counters":[19,90],"Golden Idol":127,"StoneCalendar":[136],"Necronomicon":[36],"Champion Belt":[5],"Orichalcum":[48],"Question Card":8,"obtain_stats":[{"Ice Cream":9,"Tiny House":17,"Happy Flower":46,"Golden Idol":2,"StoneCalendar":6,"Orichalcum":37,"Question Card":26,"Burning Blood":0,"Centennial Puzzle":8,"Anchor":21,"Philosopher\u0027s Stone":34,"Necronomicon":20,"Champion Belt":43,"Red Skull":11,"Meat on the Bone":24},{"Ice Cream":4,"Tiny House":7,"Happy Flower":17,"Golden Idol":1,"StoneCalendar":3,"Orichalcum":15,"Question Card":10,"Burning Blood":0,"Centennial Puzzle":4,"Anchor":8,"Philosopher\u0027s Stone":14,"Necronomicon":8,"Champion Belt":16,"Red Skull":5,"Meat on the Bone":10},{"Ice Cream":14,"Tiny House":31,"Happy Flower":77,"Golden Idol":2,"StoneCalendar":10,"Orichalcum":66,"Question Card":41,"Burning Blood":0,"Centennial Puzzle":14,"Anchor":34,"Philosopher\u0027s Stone":63,"Necronomicon":34,"Champion Belt":72,"Red Skull":20,"Meat on the Bone":41}],"Burning Blood":108,"Meat on the Bone":48},"card_choices":[{"not_picked":["Havoc","Clothesline"],"picked":"True Grit","floor":1},{"not_picked":["Clash","Warcry"],"picked":"Shrug It Off","floor":4},{"not_picked":["Searing Blow","Intimidate"],"picked":"Disarm","floor":6},{"not_picked":["Inflame","Heavy Blade"],"picked":"Twin Strike","floor":7},{"not_picked":["Whirlwind","Power Through"],"picked":"Bludgeon","floor":11},{"not_picked":["Thunderclap","Iron Wave"],"picked":"Bloodletting","floor":12},{"not_picked":["Reaper","Exhume"],"picked":"Double Tap","floor":16},{"not_picked":["True Grit","Evolve"],"picked":"Bloodletting","floor":17},{"not_picked":["Rupture","Clash"],"picked":"Armaments+1","floor":18},{"not_picked":["Perfected Strike","Cleave"],"picked":"Second Wind","floor":22},{"not_picked":["Dropkick","Shrug It Off"],"picked":"Flame Barrier","floor":24},{"not_picked":["Twin Strike","Cleave","Flex"],"picked":"Perfected Strike","floor":28},{"not_picked":["Rupture","Fire Breathing","Burning Pact"],"picked":"Clothesline","floor":30},{"not_picked":["True Grit","Sentinel","Armaments"],"picked":"Reaper","floor":31},{"not_picked":["Bludgeon","Offering","Corruption"],"picked":"Impervious","floor":33},{"not_picked":["Warcry","Battle Trance","Hemokinesis"],"picked":"Sword Boomerang+1","floor":35},{"not_picked":["Inflame","Heavy Blade","Metallicize"],"picked":"Carnage","floor":41},{"not_picked":["Anger+1","Flame Barrier","Dark Embrace","Reckless Charge"],"picked":"SKIP","floor":46},{"not_picked":["Clash","Power Through","Evolve"],"picked":"Seeing Red","floor":48}],"player_experience":539028,"relics_obtained":[{"floor":6,"key":"StoneCalendar"},{"floor":9,"key":"Ice Cream"},{"floor":11,"key":"Red Skull"},{"floor":20,"key":"Necronomicon"},{"floor":24,"key":"Meat on the Bone"},{"floor":26,"key":"Question Card"},{"floor":43,"key":"Champion Belt"},{"floor":46,"key":"Happy Flower"}],"event_choices":[{"damage_healed":0,"gold_gain":0,"player_choice":"Take Damage","damage_taken":26,"relics_obtained":["Golden Idol"],"max_hp_gain":0,"max_hp_loss":0,"event_name":"Golden Idol","floor":2,"gold_loss":0},{"cards_removed":["Strike_R"],"damage_healed":0,"gold_gain":0,"player_choice":"Card Removal","damage_taken":7,"max_hp_gain":0,"max_hp_loss":0,"event_name":"Golden Wing","floor":3,"gold_loss":0},{"damage_healed":0,"gold_gain":0,"player_choice":"Success","damage_taken":11,"relics_obtained":["Centennial Puzzle"],"max_hp_gain":0,"max_hp_loss":0,"event_name":"Scrap Ooze","floor":8,"gold_loss":0},{"damage_healed":18,"gold_gain":0,"player_choice":"Healed","damage_taken":0,"max_hp_gain":0,"max_hp_loss":0,"event_name":"The Cleric","floor":14,"gold_loss":35},{"damage_healed":0,"gold_gain":0,"player_choice":"Obtained Book","damage_taken":21,"max_hp_gain":0,"max_hp_loss":0,"event_name":"Cursed Tome","floor":20,"gold_loss":0},{"damage_healed":0,"gold_gain":0,"player_choice":"Opened","damage_taken":0,"relics_obtained":["Anchor"],"max_hp_gain":0,"max_hp_loss":0,"event_name":"The Mausoleum","floor":21,"gold_loss":0,"cards_obtained":["Writhe"]},{"damage_healed":0,"gold_gain":0,"cards_transformed":["Defend_R","Defend_R"],"player_choice":"Became Test Subject","damage_taken":0,"max_hp_gain":0,"max_hp_loss":0,"event_name":"Drug Dealer","floor":29,"gold_loss":0,"cards_obtained":["Blood for Blood","Metallicize"]},{"cards_removed":["Writhe"],"damage_healed":0,"gold_gain":0,"player_choice":"Card Removal","damage_taken":0,"max_hp_gain":0,"max_hp_loss":0,"event_name":"Wheel of Change","floor":36,"gold_loss":0},{"damage_healed":0,"gold_gain":0,"player_choice":"Max HP","damage_taken":0,"max_hp_gain":0,"max_hp_loss":4,"event_name":"Winding Halls","floor":39,"gold_loss":0},{"cards_removed":["Perfected Strike"],"damage_healed":0,"gold_gain":0,"player_choice":"Removed Attack","damage_taken":0,"max_hp_gain":0,"max_hp_loss":0,"event_name":"Falling","floor":45,"gold_loss":0}],"is_beta":false,"boss_relics":[{"not_picked":["Fusion Hammer","Runic Cube"],"picked":"Tiny House"},{"not_picked":["Empty Cage","Coffee Dripper"],"picked":"Philosopher\u0027s Stone"}],"items_purged_floors":[5,10],"is_endless":false,"potions_floor_spawned":[1,4,11,12,16,24,30,33,46],"killed_by":"Awakened One","ascension_level":18}}