{"host":"9ab6zvx33qoi7ia9","time":1608983810,"event":{"mods":["ATMod(∞¢Ë™Mod)","Act Like it!","Ascension Unlocker","Aspiration","BaseMod","Downfall","Gensokyo","Marisa£®ÏF”Í°°ƒß¿Ì…≥£©","Marked Mod","Minty Spire (QoL Compilation)","Pale of the Ancients","Permanent Neow","Quick Restart","Reimu£®≤©¿ˆ¡È√Œ£©","Replay The Spire","StSLib","The Construct","The Jungle"],"gold_per_floor":[113,132,55,73,73,73,101,1,1,28,28,28,41,58,58,161,161,172,0,13,13,32,66,66,66,145,176,176,176],"floor_reached":28,"playtime":1676,"items_purged":[],"score":312,"play_id":"f4066dd7-69d9-44ae-8ec7-6abf8eb1b9d7","local_time":"20201226195650","is_ascension_mode":true,"campfire_choices":[{"data":"AT_EmpoweredMortalDraw","floor":6,"key":"SMITH"},{"floor":12,"key":"REST"},{"data":"Clumsy","floor":15,"key":"PURGE"}],"circlet_count":0,"master_deck":["Strike_R+1","Strike_R","Strike_R+1","Defend_R","Defend_R+1","Defend_R","Defend_R","Bash+1","AT_EmpoweredMortalDraw+1","AT_ShrugMaster","Clothesline","Gensokyo:FourOfAKind","Gensokyo:FourOfAKind","Gensokyo:FourOfAKind","Gensokyo:FourOfAKind","Flex+1"],"relics":["Burning Blood","AT_ATBox","aspiration:Nostalgia","Replay:M_StaffOfTheSnake","Gensokyo:NagashiBinaDoll","Boot","White Beast Statue","Golden Egg","Whetstone","Mango","AT_GoldPhoenixTree","aspiration:PoetsPen_weak","Sundial","Shuriken","aspiration:Lifesprig"],"acts_visited":["Gensokyo:Gensokyo","Gensokyo:Gensokyoer"],"potions_floor_usage":[10,16,22,23,23,27,27],"damage_taken":[{"damage":4,"enemies":"Gensokyo:Gryphon","floor":1,"turns":4},{"damage":2,"enemies":"Gensokyo:Python","floor":2,"turns":3},{"damage":11,"enemies":"Gensokyo:2_Kodama","floor":4,"turns":2},{"damage":22,"enemies":"Gensokyo:Mamizou","floor":7,"turns":7},{"damage":31,"enemies":"Gensokyo:Cirno","floor":10,"turns":7},{"damage":0,"enemies":"Gensokyo:LivingMonolith","floor":13,"turns":3},{"damage":0,"enemies":"Gensokyo:Kitsune","floor":14,"turns":2},{"damage":6,"enemies":"Gensokyo:Kokoro","floor":16,"turns":13},{"damage":17,"enemies":"Gensokyo:CosmicMonolith","floor":18,"turns":5},{"damage":0,"enemies":"Gensokyo:3_Dogs","floor":20,"turns":1},{"damage":25,"enemies":"Gensokyo:Slime_Group","floor":22,"turns":6},{"damage":26,"enemies":"Gensokyo:Koishi","floor":23,"turns":7},{"damage":35,"enemies":"Gensokyo:Tenshi","floor":27,"turns":7},{"damage":32,"enemies":"Gensokyo:Wraith","floor":28,"turns":1}],"seed_played":"8597449774613030677","potions_obtained":[{"floor":2,"key":"SpeedPotion"},{"floor":10,"key":"Fire Potion"},{"floor":13,"key":"Dexterity Potion"},{"floor":14,"key":"Languid Potion"},{"floor":16,"key":"LiquidBronze"},{"floor":18,"key":"Fire Potion"},{"floor":22,"key":"ColorlessPotion"},{"floor":23,"key":"Block Potion"},{"floor":27,"key":"Ancient Potion"}],"is_trial":false,"path_per_floor":["M","M","COS","M","?","R","E","?","T","E","?","R","M","M","R","B",null,"M","?","M","T","M","E","?","?","T","E","M"],"character_chosen":"IRONCLAD","items_purchased":[],"campfire_rested":1,"item_purchase_floors":[],"current_hp_per_floor":[80,80,80,75,75,75,59,59,59,34,27,55,61,67,67,67,94,83,83,89,89,72,54,54,54,54,25,0,0],"gold":176,"neow_bonus":"NOSTALGIA","is_daily":false,"chose_seed":false,"campfire_upgraded":1,"win_rate":0.0,"timestamp":1608983810,"path_taken":["M","M","COS","?","?","R","E","?","T","E","?","R","?","M","R","BOSS","M","?","M","?","M","E","?","?","T","E","M"],"items_purchased_type":[],"build_version":"2020-12-22","purchased_purges":0,"victory":false,"max_hp_per_floor":[80,80,80,80,80,80,80,80,80,80,94,94,94,94,94,94,94,94,94,94,94,96,98,98,69,69,69,69,69],"card_choices":[{"not_picked":["True Grit","AT_DrawKnifeCut","Run Through"],"picked":"SKIP","floor":1},{"not_picked":["Rampage","True Grit","AT_IchimonjiDouble"],"picked":"SKIP","floor":2},{"not_picked":["Cleave","Iron Wave","Acrobatics"],"picked":"SKIP","floor":4},{"not_picked":["Clash","Bloodletting","Bludgeon"],"picked":"SKIP","floor":7},{"not_picked":["Hemokinesis","Anger"],"picked":"AT_ShrugMaster","floor":10},{"not_picked":["Armaments","Dark Embrace","Predator"],"picked":"SKIP","floor":13},{"not_picked":["WaveOfTheHand","Iron Wave","Dropkick"],"picked":"SKIP","floor":14},{"not_picked":["Reckless Charge+1","Perfected Strike","Sword Boomerang"],"picked":"SKIP","floor":18},{"not_picked":["Wild Strike","Shockwave"],"picked":"Clothesline","floor":20},{"not_picked":["Twin Strike","ReplayReversal+1","Flex"],"picked":"Singing Bowl","floor":22},{"not_picked":["Run Through+1","Clothesline+1","Replay:Undeath\u0027s Touch"],"picked":"Singing Bowl","floor":23},{"not_picked":["Inflame","Brutality"],"picked":"Flex+1","floor":27}],"player_experience":306689,"relics_obtained":[{"floor":7,"key":"Boot"},{"floor":9,"key":"Golden Egg"},{"floor":10,"key":"Whetstone"},{"floor":21,"key":"Singing Bowl"},{"floor":23,"key":"Sundial"},{"floor":26,"key":"Shuriken"},{"floor":27,"key":"aspiration:Lifesprig"}],"event_choices":[],"is_beta":false,"boss_relics":[{"not_picked":["SlaversCollar","SacredBark"],"picked":"aspiration:PoetsPen_weak"}],"items_purged_floors":[],"is_endless":false,"potions_floor_spawned":[2,10,13,14,16,18,20,22,23,27],"killed_by":"Gensokyo:Wraith","ascension_level":2}}