{"host":"cjhtzh7tp54jdfyv","time":1608963554,"event":{"mods":["AchievementEnabler","BaseMod","Colored Map","Colored Powertips","Curses Come First","DeckTracker","Filter the Spire","Minty Spire (QoL Compilation)","RNG Fix","Relic Sorter","Relic Stats","StSLib","The Cursed","The Marked","UnlockEverythingMod","Waifu the Spire","ojb\u0027s Better Paths Mod","ojb\u0027s Info Mod"],"gold_per_floor":[117,137,137,149,149,149,179,179,205,205,240,293,305,345,357,455,467,498,532,569,599,661,673,700,742,781,718,477,477,519,539,548,633,633,643,661,679,225,237,237,281,281,281,308,333,349,349,381,381,381,381,381,381,53,87,87],"floor_reached":57,"playtime":8996,"items_purged":["Masterful Stab","Slice","Blade Dance"],"score":3009,"play_id":"1af46461-5528-4925-925a-6887a3db32c4","local_time":"20201226011914","is_ascension_mode":true,"campfire_choices":[{"data":"A Thousand Cuts","floor":6.0,"key":"SMITH"},{"data":"Night Terror","floor":8.0,"key":"SMITH"},{"floor":13.0,"key":"REST"},{"data":"Concentrate","floor":15.0,"key":"SMITH"},{"data":"Acrobatics","floor":23.0,"key":"SMITH"},{"floor":29.0,"key":"REST"},{"floor":32.0,"key":"REST"},{"data":"Well Laid Plans","floor":40.0,"key":"SMITH"},{"floor":49.0,"key":"RECALL"},{"data":"Acrobatics","floor":53,"key":"SMITH"}],"circlet_count":0,"master_deck":["AscendersBane","Survivor","Neutralize","Leg Sweep","Underhanded Strike","Die Die Die","A Thousand Cuts+1","Night Terror+1","Escape Plan","Heel Hook","Cloak And Dagger","Deflect","Blur","Dagger Throw","Heel Hook","Concentrate+1","Tools of the Trade","Backflip+1","Blade Dance+1","Acrobatics+1","Tools of the Trade","Acrobatics+1","Wraith Form v2","Dark Shackles","Deep Breath","Well Laid Plans+1","Tactician","Calculated Gamble+1","Backflip+1","Adrenaline","Adrenaline"],"relics":["Pandora\u0027s Box","WarpedTongs","Sundial","CeramicFish","MawBank","Bronze Scales","HoveringKite","Blood Vial","Lantern","Dream Catcher","Coffee Dripper","TheAbacus","Nunchaku","Bag of Marbles","Kunai","Ginger","Anchor","Orichalcum"],"acts_visited":["Exordium","TheCity","TheBeyond","TheEnding"],"potions_floor_usage":[55,56],"damage_taken":[{"damage":0.0,"enemies":"Small Slimes","floor":1.0,"turns":2.0},{"damage":0.0,"enemies":"2 Louse","floor":2.0,"turns":1.0},{"damage":5.0,"enemies":"Cultist","floor":4.0,"turns":3.0},{"damage":13.0,"enemies":"Lagavulin","floor":7.0,"turns":7.0},{"damage":0.0,"enemies":"2 Fungi Beasts","floor":11.0,"turns":2.0},{"damage":14.0,"enemies":"3 Sentries","floor":12.0,"turns":4.0},{"damage":0.0,"enemies":"Exordium Wildlife","floor":14.0,"turns":2.0},{"damage":1.0,"enemies":"Slime Boss","floor":16.0,"turns":7.0},{"damage":17.0,"enemies":"Spheric Guardian","floor":18.0,"turns":4.0},{"damage":11.0,"enemies":"3 Byrds","floor":19.0,"turns":3.0},{"damage":0.0,"enemies":"Sentry and Sphere","floor":20.0,"turns":3.0},{"damage":0.0,"enemies":"3 Cultists","floor":21.0,"turns":3.0},{"damage":19.0,"enemies":"Cultist and Chosen","floor":24.0,"turns":4.0},{"damage":0.0,"enemies":"Gremlin Leader","floor":25.0,"turns":5.0},{"damage":13.0,"enemies":"Slavers","floor":30.0,"turns":3.0},{"damage":0.0,"enemies":"Snecko","floor":31.0,"turns":5.0},{"damage":9.0,"enemies":"Automaton","floor":33.0,"turns":13.0},{"damage":5.0,"enemies":"3 Darklings","floor":35.0,"turns":5.0},{"damage":0.0,"enemies":"Orb Walker","floor":36.0,"turns":3.0},{"damage":0.0,"enemies":"Writhing Mass","floor":39.0,"turns":3.0},{"damage":32.0,"enemies":"Nemesis","floor":41.0,"turns":5.0},{"damage":0.0,"enemies":"Reptomancer","floor":44.0,"turns":4.0},{"damage":8.0,"enemies":"3 Darklings","floor":45.0,"turns":5.0},{"damage":0.0,"enemies":"Sphere and 2 Shapes","floor":46.0,"turns":5.0},{"damage":0.0,"enemies":"Giant Head","floor":48.0,"turns":4.0},{"damage":4.0,"enemies":"Time Eater","floor":50.0,"turns":17.0},{"damage":34,"enemies":"Awakened One","floor":51,"turns":7},{"damage":30,"enemies":"Shield and Spear","floor":55,"turns":9},{"damage":0,"enemies":"The Heart","floor":56,"turns":6}],"seed_played":"5336282098427215711","potions_obtained":[{"floor":2.0,"key":"Fire Potion"},{"floor":4.0,"key":"Explosive Potion"},{"floor":5.0,"key":"GhostInAJar"},{"floor":16.0,"key":"Strength Potion"},{"floor":18.0,"key":"EntropicBrew"},{"floor":24.0,"key":"Dexterity Potion"},{"floor":25.0,"key":"Block Potion"},{"floor":31.0,"key":"CunningPotion"},{"floor":33.0,"key":"EssenceOfSteel"},{"floor":36.0,"key":"FairyPotion"},{"floor":46.0,"key":"Regen Potion"}],"is_trial":false,"path_per_floor":["M","M","?","M","?","R","E","R","T","T","M","E","R","M","R","B",null,"M","M","M","M","?","R","M","E","T","?","$","R","E","M","R","B",null,"M","M","?","$","M","R","E","?","T","E","M","M","?","E","R","B","B",null,"R","$","E","B",null],"character_chosen":"THE_SILENT","items_purchased":["Lantern","Backflip","TheAbacus","Well Laid Plans","Tactician","DuplicationPotion","Adrenaline","Weak Potion"],"campfire_rested":3,"item_purchase_floors":[28,28,38,38,38,38,54,54],"current_hp_per_floor":[59,59,59,54,54,54,41,41,41,41,41,27,46,46,46,45,61,44,33,33,33,33,33,14,14,14,14,14,33,22,24,43,36,59,56,58,48,48,50,50,20,20,20,22,16,18,18,20,20,33,1,50,50,50,22,24],"gold":87,"neow_bonus":"BOSS_RELIC","is_daily":false,"chose_seed":false,"campfire_upgraded":6,"win_rate":0.0,"timestamp":1608963554,"path_taken":["M","M","?","M","?","R","E","R","T","?","?","E","R","M","R","BOSS","M","?","M","M","?","R","?","E","T","?","$","R","E","M","R","BOSS","M","M","?","$","M","R","E","?","T","E","M","M","?","E","R","BOSS","BOSS","R","$","E","BOSS"],"items_purchased_type":["Relic","Card","Relic","Card","Card","Potion","Card","Potion"],"build_version":"2020-12-22","purchased_purges":3,"victory":true,"max_hp_per_floor":[66,66,66,66,66,66,66,66,66,66,66,66,66,66,66,66,66,66,66,66,66,66,66,66,66,66,66,66,66,66,66,66,66,66,66,66,66,66,66,66,66,66,66,66,66,66,66,66,66,66,66,66,66,66,66,66],"relic_stats":{"counters":[29,144],"CeramicFish":171,"HoveringKite":[100],"Ginger":[6],"Orichalcum":[0],"MawBank":216,"WarpedTongs":[139],"Blood Vial":30,"Dream Catcher":1,"Nunchaku":[38],"TheAbacus":[1380],"Sundial":[162],"Bronze Scales":[380],"Pandora\u0027s Box":["Leg Sweep","Underhanded Strike","Die Die Die","A Thousand Cuts","Blade Dance","Night Terror","Masterful Stab","Escape Plan","Heel Hook","Cloak And Dagger"],"Kunai":[107],"obtain_stats":[{"Lantern":28,"CeramicFish":9,"HoveringKite":17,"Ginger":47,"Orichalcum":55,"MawBank":10,"WarpedTongs":3,"Blood Vial":25,"Dream Catcher":30,"Nunchaku":41,"Anchor":48,"TheAbacus":38,"Sundial":7,"Bronze Scales":12,"Pandora\u0027s Box":0,"Coffee Dripper":34,"Bag of Marbles":43,"Kunai":44,"Ring of the Snake":0},{"Lantern":14,"CeramicFish":4,"HoveringKite":8,"Ginger":24,"Orichalcum":28,"MawBank":4,"WarpedTongs":2,"Blood Vial":14,"Dream Catcher":15,"Nunchaku":21,"Anchor":25,"TheAbacus":19,"Sundial":4,"Bronze Scales":6,"Pandora\u0027s Box":0,"Coffee Dripper":17,"Bag of Marbles":21,"Kunai":22,"Ring of the Snake":0},{"Lantern":50,"CeramicFish":13,"HoveringKite":28,"Ginger":101,"Orichalcum":138,"MawBank":13,"WarpedTongs":3,"Blood Vial":50,"Dream Catcher":53,"Nunchaku":87,"Anchor":105,"TheAbacus":79,"Sundial":13,"Bronze Scales":19,"Pandora\u0027s Box":0,"Coffee Dripper":71,"Bag of Marbles":87,"Kunai":91,"Ring of the Snake":0}]},"card_choices":[{"not_picked":["Cloak And Dagger","Catalyst"],"picked":"Deflect","floor":1.0},{"not_picked":["Catalyst","Deflect"],"picked":"Slice","floor":2.0},{"not_picked":["Dodge and Roll","Backflip","Unload"],"picked":"SKIP","floor":4.0},{"not_picked":["Deadly Poison","Sucker Punch"],"picked":"Blur","floor":7.0},{"not_picked":["Quick Slash","Dodge and Roll"],"picked":"Dagger Throw","floor":11.0},{"not_picked":["Flying Knee","Underhanded Strike"],"picked":"Heel Hook","floor":12.0},{"not_picked":["PiercingWail","Dodge and Roll"],"picked":"Concentrate","floor":14.0},{"not_picked":["Phantasmal Killer","Malaise"],"picked":"Tools of the Trade","floor":16.0},{"not_picked":["Cloak And Dagger","Skewer"],"picked":"Backflip+1","floor":18.0},{"not_picked":["Quick Slash","Deadly Poison"],"picked":"Blade Dance+1","floor":19.0},{"not_picked":["Sucker Punch","Deflect"],"picked":"Acrobatics","floor":20.0},{"not_picked":["Catalyst+1","Quick Slash","Bane"],"picked":"SKIP","floor":21.0},{"not_picked":["Concentrate","Skewer","Eviscerate"],"picked":"SKIP","floor":24.0},{"not_picked":["Prepared","Dagger Throw","Quick Slash"],"picked":"SKIP","floor":25.0},{"not_picked":["Tactician","Riddle With Holes"],"picked":"Tools of the Trade","floor":30.0},{"not_picked":["Dagger Throw+1","Backstab","Sucker Punch"],"picked":"SKIP","floor":31.0},{"not_picked":["Deflect","Quick Slash"],"picked":"Acrobatics","floor":32.0},{"not_picked":["Grand Finale","Venomology"],"picked":"Wraith Form v2","floor":33.0},{"not_picked":["Predator+1","Noxious Fumes","Flying Knee"],"picked":"SKIP","floor":35.0},{"not_picked":["Dodge and Roll","Crippling Poison","Concentrate"],"picked":"SKIP","floor":36.0},{"not_picked":["The Bomb","Flash of Steel"],"picked":"Dark Shackles","floor":37.0},{"not_picked":["Dramatic Entrance","Blind"],"picked":"Deep Breath","floor":37.0},{"not_picked":["Eviscerate","Deflect","Dash"],"picked":"SKIP","floor":39.0},{"not_picked":["Tactician","Noxious Fumes"],"picked":"Calculated Gamble","floor":41.0},{"not_picked":["Dagger Spray","Crippling Poison+1","Expertise"],"picked":"SKIP","floor":44.0},{"not_picked":["Quick Slash","Deadly Poison"],"picked":"Backflip+1","floor":45.0},{"not_picked":["Sucker Punch","Dodge and Roll+1","Finisher"],"picked":"SKIP","floor":46.0},{"not_picked":["Prepared","Flying Knee+1","Sucker Punch"],"picked":"SKIP","floor":48.0},{"not_picked":["A Thousand Cuts","Finisher"],"picked":"Adrenaline","floor":55}],"player_experience":4435310,"relics_obtained":[{"floor":7.0,"key":"Sundial"},{"floor":9.0,"key":"CeramicFish"},{"floor":10.0,"key":"MawBank"},{"floor":12.0,"key":"Bronze Scales"},{"floor":25.0,"key":"Blood Vial"},{"floor":30.0,"key":"Dream Catcher"},{"floor":41.0,"key":"Nunchaku"},{"floor":43.0,"key":"Bag of Marbles"},{"floor":44.0,"key":"Kunai"},{"floor":48.0,"key":"Anchor"},{"floor":55,"key":"Orichalcum"}],"event_choices":[{"damage_healed":0.0,"max_hp_gain":0.0,"max_hp_loss":0.0,"gold_gain":0.0,"event_name":"Accursed Blacksmith","player_choice":"Rummage","floor":3.0,"gold_loss":0.0,"damage_taken":0.0,"relics_obtained":["WarpedTongs"],"cards_obtained":["Pain"]},{"damage_healed":0.0,"max_hp_gain":0.0,"max_hp_loss":0.0,"gold_gain":0.0,"event_name":"Lab","player_choice":"Got Potions","floor":5.0,"gold_loss":0.0,"damage_taken":0.0},{"damage_healed":0.0,"max_hp_gain":0.0,"max_hp_loss":0.0,"gold_gain":50.0,"event_name":"Golden Shrine","player_choice":"Pray","floor":22.0,"gold_loss":0.0,"damage_taken":0.0},{"cards_removed":["Pain"],"damage_healed":0.0,"max_hp_gain":0.0,"max_hp_loss":0.0,"gold_gain":0.0,"event_name":"Beggar","player_choice":"Gave Gold","floor":27.0,"gold_loss":75.0,"damage_taken":0.0},{"damage_healed":0.0,"max_hp_gain":0.0,"max_hp_loss":0.0,"gold_gain":0.0,"event_name":"SensoryStone","player_choice":"Memory 3","floor":37.0,"gold_loss":0.0,"damage_taken":10.0},{"damage_healed":0.0,"max_hp_gain":0.0,"max_hp_loss":0.0,"gold_gain":0.0,"event_name":"Upgrade Shrine","player_choice":"Upgraded","floor":42.0,"gold_loss":0.0,"damage_taken":0.0,"cards_upgraded":["Calculated Gamble"]},{"cards_removed":["Backflip"],"damage_healed":0.0,"max_hp_gain":0.0,"max_hp_loss":0.0,"gold_gain":0.0,"event_name":"WeMeetAgain","player_choice":"Gave Card","floor":47.0,"gold_loss":0.0,"damage_taken":0.0,"relics_obtained":["Ginger"]}],"is_beta":false,"boss_relics":[{"not_picked":["WristBlade","SacredBark"],"picked":"HoveringKite"},{"not_picked":["Fusion Hammer","Busted Crown"],"picked":"Coffee Dripper"}],"items_purged_floors":[28,38,54],"is_endless":false,"potions_floor_spawned":[2,4,12,16,18,21,24,25,31,33,36,39,46],"ascension_level":20}}