{"host":"aewhn2fld106mlky","time":1608944338,"event":{"mods":["Act Like it!","BaseMod","Downfall","Minty Spire (QoL Compilation)","Quick Restart","Reimu£®≤©¿ˆ¡È√Œ£©","StSLib","The Mystic"],"gold_per_floor":[111,286,296,8,8,41,41,41,41,67,85,99,109,59,59,158,158,158,2,2,2,2],"floor_reached":20,"playtime":634,"items_purged":["Doubt"],"score":180,"play_id":"803f442e-411e-4a44-93b2-1a3addf842c3","local_time":"20201226085858","is_ascension_mode":false,"campfire_choices":[{"data":"Slimebound:Split","floor":8.0,"key":"SMITH"},{"data":"Slimebound:SelfFormingGoo","floor":15,"key":"SMITH"},{"data":"Slimebound:MassRepurpose","floor":18,"key":"SMITH"}],"circlet_count":0,"master_deck":["Slimebound:Strike_Slimebound","Slimebound:Strike_Slimebound","Slimebound:Strike_Slimebound","Slimebound:Tackle","Slimebound:Defend_Slimebound","Slimebound:Defend_Slimebound","Slimebound:Defend_Slimebound","Slimebound:Split+1","Slimebound:CorrosiveSpit","Slimebound:SplitBruiser","Slimebound:SplitAcid","Slimebound:SplitLeeching","Madness","Madness","Slimebound:SelfFormingGoo+1","Madness","Slimebound:MassRepurpose+1","Slimebound:SplitLeeching"],"relics":["Slimebound:AbsorbEndCombat","NeowsBlessing","Membership Card","Mercury Hourglass","Meat on the Bone","Orichalcum","Sozu","Kunai"],"acts_visited":["TheEnding"],"potions_floor_usage":[16,20],"damage_taken":[{"damage":6.0,"enemies":"Jaw Worm","floor":1.0,"turns":1.0},{"damage":3.0,"enemies":"2 Louse","floor":3.0,"turns":2.0},{"damage":6.0,"enemies":"Lagavulin","floor":6.0,"turns":1.0},{"damage":37.0,"enemies":"3 Sentries","floor":10.0,"turns":5.0},{"damage":14.0,"enemies":"Cultist","floor":11.0,"turns":3.0},{"damage":17.0,"enemies":"3 Louse","floor":12.0,"turns":3.0},{"damage":25,"enemies":"Exordium Wildlife","floor":13,"turns":3},{"damage":60,"enemies":"The Guardian","floor":16,"turns":9},{"damage":22,"enemies":"Shield and Spear","floor":20,"turns":2}],"seed_played":"3573352431776793683","potions_obtained":[{"floor":1.0,"key":"Slimebound:SlimedPotion"},{"floor":3.0,"key":"LiquidMemories"},{"floor":10.0,"key":"FearPotion"},{"floor":12.0,"key":"ColorlessPotion"}],"is_trial":false,"path_per_floor":["M","?","M","$","?","E","$","R","T","E","M","M","M","?","R","B",null,"R","$","E"],"character_chosen":"SLIMEBOUND","items_purchased":["Membership Card","Slimebound:SplitLeeching","Slimebound:TendrilStrike","Slimebound:SplitLeeching","Kunai"],"campfire_rested":0,"item_purchase_floors":[4,4,4,19,19],"current_hp_per_floor":[70,70,70,70,63,60,60,60,60,53,57,52,57,57,57,37,70,70,70,48,48,48],"gold":2,"neow_bonus":"THREE_ENEMY_KILL","is_daily":false,"chose_seed":false,"campfire_upgraded":3,"win_rate":0.0,"timestamp":1608944338,"path_taken":["M","?","M","$","?","E","$","R","T","E","M","?","M","?","R","BOSS","R","$","E"],"items_purchased_type":["Relic","Card","Undefined","Card","Relic"],"build_version":"2020-12-22","purchased_purges":1,"victory":false,"max_hp_per_floor":[70,70,70,70,70,70,70,70,70,70,70,70,70,70,70,70,70,70,70,70,70,70],"card_choices":[{"not_picked":["Slimebound:TendrilStrike","Slimebound:HauntingLick"],"picked":"Slimebound:SplitBruiser","floor":1.0},{"not_picked":["Slimebound:FormOfPuddle","Slimebound:Prepare"],"picked":"Slimebound:SplitAcid","floor":3.0},{"not_picked":["Slimebound:Replication","Slimebound:LeechingTouch"],"picked":"Slimebound:TendrilStrike","floor":6.0},{"not_picked":["Slimebound:AcidTongue","Slimebound:LivingWall"],"picked":"Slimebound:SelfFormingGoo","floor":10.0},{"not_picked":["Slimebound:SlimeSpikes","Slimebound:Prepare","Slimebound:LeechEnergy"],"picked":"SKIP","floor":11.0},{"not_picked":["Slimebound:LivingWall","Slimebound:SelfFormingGoo"],"picked":"Slimebound:QuickStudy","floor":12.0},{"not_picked":["Slimebound:ProtectTheBoss","Slimebound:ViciousTackle","Slimebound:Replication"],"picked":"SKIP","floor":13},{"not_picked":["Slimebound:MassFeed","Slimebound:RallyTheTroops"],"picked":"Slimebound:MassRepurpose","floor":16}],"player_experience":22127,"relics_obtained":[{"floor":6.0,"key":"Mercury Hourglass"},{"floor":9.0,"key":"Meat on the Bone"},{"floor":10.0,"key":"Orichalcum"}],"event_choices":[{"damage_healed":0.0,"max_hp_gain":0.0,"max_hp_loss":0.0,"gold_gain":175.0,"event_name":"Liars Game","player_choice":"AGREE","floor":2.0,"gold_loss":0.0,"damage_taken":0.0,"cards_obtained":["Doubt"]},{"damage_healed":0.0,"max_hp_gain":0.0,"max_hp_loss":0.0,"gold_gain":0.0,"event_name":"Wheel of Change","player_choice":"Damaged","floor":5.0,"gold_loss":0.0,"damage_taken":7.0},{"cards_removed":["Slimebound:Defend_Slimebound"],"damage_healed":0,"gold_gain":0,"player_choice":"Card Removal","damage_taken":0,"max_hp_gain":0,"max_hp_loss":0,"event_name":"The Cleric","floor":14,"gold_loss":50}],"is_beta":false,"boss_relics":[{"not_picked":["Philosopher\u0027s Stone","Runic Dome"],"picked":"Sozu"}],"items_purged_floors":[4],"is_endless":false,"potions_floor_spawned":[1,3,10,12],"killed_by":"Shield and Spear","ascension_level":0}}