{"host":"2yqfi47fogfu1ic4","time":1608952345,"event":{"mods":["AchievementEnabler","BaseMod","Colored Map","Colored Powertips","Highlight Path","Minty Spire (QoL Compilation)","Permanent Neow","Relic Stats","StSLib"],"gold_per_floor":[110,110,128,128,140,168,179,198,245,260,260,98,98,108,108,181,181,199,114,204,222,236,263,263,283,283,294,306,221,49,66,66,143,143,153,171,171,6,20,50,61,61,61,77,77,127,51,76,76,76,76,76,76,22,50,50,50],"floor_reached":56,"playtime":7395,"items_purged":["Strike_G"],"score":2041,"play_id":"10e23368-2c24-40c0-9166-ab9e94b1b23a","local_time":"20201226041225","is_ascension_mode":true,"campfire_choices":[{"floor":11,"key":"RECALL"},{"floor":15,"key":"REST"},{"floor":24,"key":"REST"},{"floor":32,"key":"REST"},{"floor":45,"key":"REST"},{"floor":49,"key":"REST"},{"floor":53,"key":"REST"}],"circlet_count":0,"master_deck":["AscendersBane","Defend_G","Defend_G","Defend_G","Defend_G","Defend_G","Survivor","Neutralize","Poisoned Stab","Dagger Spray","Quick Slash","Blur","Backflip","PiercingWail","Escape Plan+1","Noxious Fumes+1","PiercingWail","Footwork","Bane","Malaise","Leg Sweep","Deflect","Backflip","Noxious Fumes+1","Adrenaline","Acrobatics","Acrobatics","Choke+1","Bullet Time","Phantasmal Killer+1","Terror+1","Venomology+1","Cloak And Dagger+1","Acrobatics","Bullet Time","Acrobatics+1","PiercingWail+1","PiercingWail+1","Prepared+1","Cloak And Dagger+1","Footwork","Finisher","Calculated Gamble+1"],"relics":["Fusion Hammer","Dead Branch","SlaversCollar","Ninja Scroll","Bag of Preparation","Mango","Dream Catcher","ClockworkSouvenir","Astrolabe","Frozen Eye","Centennial Puzzle","InkBottle","War Paint","Eternal Feather"],"acts_visited":["Exordium","TheCity","TheBeyond","TheEnding"],"potions_floor_usage":[21,23,25,28,35,35,39,40,41,44,48,50,55,56,56,56],"damage_taken":[{"damage":0.0,"enemies":"2 Louse","floor":1.0,"turns":3.0},{"damage":0.0,"enemies":"Small Slimes","floor":3.0,"turns":5.0},{"damage":0.0,"enemies":"Cultist","floor":5.0,"turns":3.0},{"damage":9.0,"enemies":"3 Sentries","floor":6.0,"turns":7.0},{"damage":6.0,"enemies":"Exordium Wildlife","floor":7.0,"turns":3.0},{"damage":0.0,"enemies":"3 Louse","floor":8.0,"turns":4.0},{"damage":2.0,"enemies":"Exordium Thugs","floor":10.0,"turns":4.0},{"damage":0,"enemies":"Blue Slaver","floor":14,"turns":4},{"damage":18,"enemies":"Hexaghost","floor":16,"turns":11},{"damage":6,"enemies":"Shell Parasite","floor":18,"turns":9},{"damage":3,"enemies":"2 Thieves","floor":21,"turns":4},{"damage":6,"enemies":"Snake Plant","floor":22,"turns":7},{"damage":0,"enemies":"Gremlin Leader","floor":23,"turns":8},{"damage":5,"enemies":"Sentry and Sphere","floor":25,"turns":5},{"damage":18,"enemies":"Shelled Parasite and Fungi","floor":27,"turns":5},{"damage":0,"enemies":"Snecko","floor":28,"turns":4},{"damage":1,"enemies":"Snake Plant","floor":31,"turns":5},{"damage":23,"enemies":"Automaton","floor":33,"turns":11},{"damage":3,"enemies":"3 Darklings","floor":35,"turns":12},{"damage":0,"enemies":"Orb Walker","floor":36,"turns":3},{"damage":0,"enemies":"Transient","floor":39,"turns":6},{"damage":0,"enemies":"Nemesis","floor":40,"turns":5},{"damage":11,"enemies":"3 Darklings","floor":41,"turns":3},{"damage":0,"enemies":"Sphere and 2 Shapes","floor":44,"turns":9},{"damage":0,"enemies":"Giant Head","floor":48,"turns":4},{"damage":14,"enemies":"Time Eater","floor":50,"turns":12},{"damage":17,"enemies":"Donu and Deca","floor":51,"turns":7},{"damage":31,"enemies":"Shield and Spear","floor":55,"turns":6},{"damage":81,"enemies":"The Heart","floor":56,"turns":8}],"seed_played":"-7163718870019554333","potions_obtained":[{"floor":3.0,"key":"CultistPotion"},{"floor":7.0,"key":"FearPotion"},{"floor":16,"key":"Fire Potion"},{"floor":22,"key":"LiquidBronze"},{"floor":27,"key":"Regen Potion"},{"floor":31,"key":"AttackPotion"},{"floor":36,"key":"ColorlessPotion"},{"floor":41,"key":"Strength Potion"}],"is_trial":false,"path_per_floor":["M","?","M","?","M","E","M","M","T","M","R","$","?","M","R","B",null,"M","?","?","M","M","E","R","M","T","M","M","?","$","M","R","B",null,"M","M","?","$","M","E","M","?","T","M","R","?","$","E","R","B","B",null,"R","$","E","B"],"character_chosen":"THE_SILENT","items_purchased":["Footwork","ClockworkSouvenir","Frozen Eye","Footwork","FearPotion"],"campfire_rested":6,"item_purchase_floors":[12,30,38,47,54],"current_hp_per_floor":[59,52,52,52,52,43,37,37,37,35,35,35,35,35,54,36,59,53,53,41,38,32,32,51,46,60,42,56,56,56,55,79,56,74,71,71,71,71,71,71,60,60,60,60,80,80,80,80,80,66,49,72,80,80,49,0,0],"gold":50,"neow_bonus":"BOSS_RELIC","is_daily":false,"chose_seed":false,"campfire_upgraded":0,"win_rate":0.0,"timestamp":1608952345,"path_taken":["M","?","M","?","?","E","M","M","T","M","R","$","?","M","R","BOSS","M","?","?","M","?","E","R","M","T","M","M","?","$","M","R","BOSS","M","M","?","$","?","E","M","?","T","?","R","?","?","E","R","BOSS","BOSS","R","$","E","BOSS"],"items_purchased_type":["Card","Relic","Relic","Card","Potion"],"build_version":"2020-12-22","purchased_purges":1,"victory":false,"max_hp_per_floor":[66,66,66,66,66,66,66,66,66,66,66,66,66,66,66,66,66,66,66,66,66,66,66,66,66,80,80,80,80,80,80,80,80,80,80,80,80,80,80,80,80,80,80,80,80,80,80,80,80,80,80,80,80,80,80,80,80],"relic_stats":{"Dream Catcher":4,"Centennial Puzzle":[13],"counters":[29,177],"Dead Branch":[277],"Astrolabe":["Phantasmal Killer","Terror","Venomology"],"Eternal Feather":0,"Bag of Preparation":[32],"War Paint":["Escape Plan","PiercingWail"],"obtain_stats":[{"Dead Branch":6,"Astrolabe":34,"Mango":26,"Eternal Feather":55,"Bag of Preparation":23,"War Paint":48,"ClockworkSouvenir":30,"SlaversCollar":17,"Frozen Eye":38,"Dream Catcher":29,"Centennial Puzzle":40,"Ninja Scroll":19,"Fusion Hammer":0,"InkBottle":43,"Ring of the Snake":0},{"Dead Branch":4,"Astrolabe":18,"Mango":14,"Eternal Feather":28,"Bag of Preparation":13,"War Paint":25,"ClockworkSouvenir":16,"SlaversCollar":9,"Frozen Eye":20,"Dream Catcher":16,"Centennial Puzzle":22,"Ninja Scroll":10,"Fusion Hammer":0,"InkBottle":23,"Ring of the Snake":0},{"Dead Branch":18,"Astrolabe":102,"Mango":77,"Eternal Feather":169,"Bag of Preparation":72,"War Paint":144,"ClockworkSouvenir":86,"SlaversCollar":44,"Frozen Eye":117,"Dream Catcher":86,"Centennial Puzzle":128,"Ninja Scroll":53,"Fusion Hammer":0,"InkBottle":131,"Ring of the Snake":0}],"InkBottle":[29]},"card_choices":[{"not_picked":["Outmaneuver","Bane"],"picked":"Poisoned Stab","floor":1.0},{"not_picked":["Infinite Blades","Dodge and Roll"],"picked":"Dagger Spray","floor":3.0},{"not_picked":["Deflect","Dagger Spray"],"picked":"Backflip","floor":5.0},{"not_picked":["Poisoned Stab","Dodge and Roll"],"picked":"PiercingWail","floor":6.0},{"not_picked":["Cloak And Dagger","Deflect"],"picked":"Escape Plan","floor":7.0},{"not_picked":["Backstab","Bullet Time"],"picked":"Noxious Fumes","floor":8.0},{"not_picked":["Prepared","Crippling Poison"],"picked":"PiercingWail","floor":10.0},{"not_picked":["Poisoned Stab","Tactician"],"picked":"Bane","floor":14},{"not_picked":["A Thousand Cuts","Grand Finale"],"picked":"Malaise","floor":16},{"not_picked":["Prepared","Outmaneuver"],"picked":"Leg Sweep","floor":18},{"not_picked":["Quick Slash","Poisoned Stab"],"picked":"Deflect","floor":21},{"not_picked":["Slice","Blade Dance"],"picked":"Backflip","floor":22},{"not_picked":["Backflip+1","Infinite Blades+1"],"picked":"Noxious Fumes+1","floor":23},{"not_picked":["Underhanded Strike","Sucker Punch+1"],"picked":"Adrenaline","floor":25},{"not_picked":["Eviscerate+1","Expertise","Underhanded Strike"],"picked":"SKIP","floor":27},{"not_picked":["Slice","Bane"],"picked":"Acrobatics","floor":28},{"not_picked":["Flying Knee","Blade Dance"],"picked":"Acrobatics","floor":31},{"not_picked":["Quick Slash","Slice"],"picked":"Choke+1","floor":32},{"not_picked":["Venomology","Phantasmal Killer"],"picked":"Bullet Time","floor":33},{"not_picked":["Outmaneuver","Deadly Poison+1"],"picked":"Cloak And Dagger+1","floor":35},{"not_picked":["Underhanded Strike","Dagger Throw"],"picked":"Acrobatics","floor":36},{"not_picked":["Cloak And Dagger","Poisoned Stab"],"picked":"Acrobatics+1","floor":39},{"not_picked":["Flying Knee","Corpse Explosion"],"picked":"PiercingWail+1","floor":40},{"not_picked":["Dagger Spray","Deadly Poison"],"picked":"PiercingWail","floor":41},{"not_picked":["Backflip","Dagger Throw"],"picked":"Prepared+1","floor":44},{"not_picked":["Backflip","Flying Knee"],"picked":"Cloak And Dagger+1","floor":45},{"not_picked":["Deadly Poison","Expertise"],"picked":"Finisher","floor":48},{"not_picked":["Corpse Explosion","All Out Attack"],"picked":"Calculated Gamble+1","floor":55}],"player_experience":1833022,"relics_obtained":[{"floor":6.0,"key":"Dead Branch"},{"floor":23,"key":"Bag of Preparation"},{"floor":26,"key":"Mango"},{"floor":40,"key":"Centennial Puzzle"},{"floor":43,"key":"InkBottle"},{"floor":48,"key":"War Paint"},{"floor":55,"key":"Eternal Feather"}],"event_choices":[{"cards_removed":["Strike_G"],"damage_healed":0.0,"max_hp_gain":0.0,"max_hp_loss":0.0,"gold_gain":0.0,"event_name":"Golden Wing","player_choice":"Card Removal","floor":2.0,"gold_loss":0.0,"damage_taken":7.0},{"damage_healed":0.0,"max_hp_gain":0.0,"max_hp_loss":0.0,"gold_gain":0.0,"event_name":"Match and Keep!","player_choice":"2 cards matched","floor":4.0,"gold_loss":0.0,"damage_taken":0.0,"cards_obtained":["Quick Slash","Blur"]},{"damage_healed":0,"gold_gain":0,"player_choice":"Grow","damage_taken":0,"max_hp_gain":0,"max_hp_loss":0,"event_name":"Living Wall","floor":13,"gold_loss":0,"cards_upgraded":["Noxious Fumes"]},{"damage_healed":0,"gold_gain":0,"player_choice":"Obtained Relic","damage_taken":0,"relics_obtained":["Ninja Scroll"],"max_hp_gain":0,"max_hp_loss":0,"event_name":"Addict","floor":19,"gold_loss":85},{"damage_healed":0,"gold_gain":90,"player_choice":"GOLD ","damage_taken":12,"max_hp_gain":0,"max_hp_loss":0,"event_name":"Knowing Skull","floor":20,"potions_obtained":[],"gold_loss":0,"cards_obtained":[]},{"damage_healed":0,"gold_gain":0,"player_choice":"Paid Gold","damage_taken":0,"relics_obtained":["Dream Catcher"],"max_hp_gain":0,"max_hp_loss":0,"event_name":"WeMeetAgain","floor":29,"gold_loss":85},{"damage_healed":0,"gold_gain":0,"player_choice":"Copied","damage_taken":0,"max_hp_gain":0,"max_hp_loss":0,"event_name":"Duplicator","floor":37,"gold_loss":0,"cards_obtained":["Bullet Time"]},{"damage_healed":0,"gold_gain":0,"player_choice":"Got Potions","damage_taken":0,"max_hp_gain":0,"max_hp_loss":0,"event_name":"Lab","floor":42,"gold_loss":0},{"damage_healed":0,"gold_gain":50,"player_choice":"Pray","damage_taken":0,"max_hp_gain":0,"max_hp_loss":0,"event_name":"Golden Shrine","floor":46,"gold_loss":0}],"is_beta":false,"boss_relics":[{"not_picked":["Calling Bell","SacredBark"],"picked":"SlaversCollar"},{"not_picked":["Busted Crown","Philosopher\u0027s Stone"],"picked":"Astrolabe"}],"items_purged_floors":[12],"is_endless":false,"potions_floor_spawned":[3,7,16,18,22,27,31,36,41,44],"killed_by":"The Heart","ascension_level":20}}