{"host":"uwh382mre4waz4ff","time":1608950525,"event":{"mods":["AchievementEnabler","BaseMod","Better Note","Better Third Choice","BetterRewards","Minty Spire (QoL Compilation)","StSLib"],"gold_per_floor":[109,109,123,136,36,36,48,48,116,131,142,3,3,23,23,124,124,134,149,149,163,163,163],"floor_reached":22,"playtime":1717,"items_purged":["Disarm","Strike_R"],"score":280,"play_id":"c6422a84-252f-4ff9-b239-359ac5f378e4","local_time":"20201226104205","is_ascension_mode":false,"campfire_choices":[{"data":"Strike_R","floor":6,"key":"PURGE"},{"data":"Strike_R","floor":13,"key":"PURGE"},{"data":"Defend_R","floor":15,"key":"PURGE"}],"circlet_count":0,"master_deck":["Strike_R","Strike_R","Defend_R","Defend_R","Defend_R","Bash","Dropkick","Feed+1"],"relics":["Burning Blood","Peace Pipe","PreservedInsect","Medical Kit","Juzu Bracelet","Question Card","Coffee Dripper"],"acts_visited":["Exordium","TheCity"],"potions_floor_usage":[10,16,16],"damage_taken":[{"damage":0,"enemies":"Small Slimes","floor":1,"turns":3},{"damage":4,"enemies":"Jaw Worm","floor":3,"turns":4},{"damage":5,"enemies":"2 Louse","floor":4,"turns":4},{"damage":9,"enemies":"Blue Slaver","floor":7,"turns":5},{"damage":4,"enemies":"Gremlin Gang","floor":10,"turns":3},{"damage":13,"enemies":"3 Louse","floor":11,"turns":4},{"damage":3,"enemies":"2 Fungi Beasts","floor":14,"turns":4},{"damage":45,"enemies":"Hexaghost","floor":16,"turns":14},{"damage":6,"enemies":"Chosen","floor":18,"turns":6},{"damage":34,"enemies":"Shell Parasite","floor":19,"turns":5},{"damage":39,"enemies":"Snake Plant","floor":21,"turns":5},{"damage":32,"enemies":"Centurion and Healer","floor":22,"turns":6}],"seed_played":"4498678638647080276","potions_obtained":[{"floor":1,"key":"Explosive Potion"},{"floor":4,"key":"LiquidMemories"},{"floor":14,"key":"PowerPotion"}],"is_trial":false,"path_per_floor":["M","?","M","M","$","R","M","?","T","M","M","$","R","M","R","B",null,"M","M","?","M","M"],"character_chosen":"IRONCLAD","items_purchased":["PreservedInsect","Medical Kit","Dropkick","Feed"],"campfire_rested":0,"item_purchase_floors":[0,0,0,12],"current_hp_per_floor":[48,45,47,48,48,48,45,45,45,47,40,40,40,46,46,7,78,81,56,56,27,0,0],"gold":163,"neow_bonus":"","is_daily":false,"chose_seed":false,"campfire_upgraded":0,"win_rate":0.0,"timestamp":1608950525,"path_taken":["M","?","M","M","$","R","M","?","T","M","M","$","R","M","R","BOSS","M","M","?","M","M"],"items_purchased_type":["Relic","Relic","Card","Card"],"build_version":"2020-12-22","purchased_purges":2,"victory":false,"max_hp_per_floor":[75,75,75,75,75,75,75,75,75,75,75,75,75,78,78,78,78,81,84,84,88,92,92],"card_choices":[{"not_picked":["Heavy Blade","Wild Strike","Clash"],"picked":"SKIP","floor":1},{"not_picked":["Wild Strike","Thunderclap","Feel No Pain"],"picked":"SKIP","floor":3},{"not_picked":["Clash","Pommel Strike","Flex"],"picked":"SKIP","floor":4},{"not_picked":["Iron Wave","Disarm","Dual Wield"],"picked":"SKIP","floor":7},{"not_picked":["Sword Boomerang","True Grit","Sentinel","Inflame"],"picked":"SKIP","floor":10},{"not_picked":["Headbutt","Power Through","Combust","Flame Barrier"],"picked":"SKIP","floor":11},{"not_picked":["Sword Boomerang","Armaments","Infernal Blade","Wild Strike"],"picked":"SKIP","floor":14},{"not_picked":["Second Wind","Whirlwind","Anger+1","Dark Embrace"],"picked":"SKIP","floor":18},{"not_picked":["Shrug It Off","Clash","Intimidate","Havoc+1"],"picked":"SKIP","floor":19},{"not_picked":["Wild Strike","Warcry","Cleave","Armaments+1"],"picked":"SKIP","floor":21}],"player_experience":73672,"relics_obtained":[{"floor":9,"key":"Question Card"}],"event_choices":[{"damage_healed":0,"gold_gain":0,"player_choice":"Relic ","damage_taken":3,"max_hp_gain":0,"max_hp_loss":0,"event_name":"betterThird:BetterScrap","floor":2,"gold_loss":0,"cards_obtained":["Bullet Time"]},{"damage_healed":0,"gold_gain":0,"player_choice":"Ignored","damage_taken":48,"max_hp_gain":0,"max_hp_loss":0,"event_name":"betterThird:BetterSerpent","floor":8,"gold_loss":0},{"damage_healed":0,"gold_gain":0,"player_choice":"Forge","damage_taken":0,"max_hp_gain":0,"max_hp_loss":0,"event_name":"Accursed Blacksmith","floor":20,"gold_loss":0,"cards_upgraded":["Feed"]}],"is_beta":false,"boss_relics":[{"not_picked":["Runic Pyramid","Sozu"],"picked":"Coffee Dripper"}],"items_purged_floors":[0,5],"is_endless":false,"potions_floor_spawned":[1,4,14],"killed_by":"Centurion and Healer","ascension_level":0}}