{"host":"utqe55yv0jihe4d6","time":1608955512,"event":{"mods":["2.2 Compatiblity","AchievementEnabler","BaseMod","Block Reminder","Colored Map","Colored Powertips","Minty Spire (QoL Compilation)","Quick Restart","Rare Cards Sparkle","Relic Stats","SuperFastMode"],"gold_per_floor":[110,125,21,35,46,75,75,75,75],"floor_reached":8,"playtime":231,"items_purged":["Strike_P"],"score":116,"play_id":"068afdd0-c0de-4d2f-a8a2-6dafe9e7c333","local_time":"20201225230512","is_ascension_mode":true,"campfire_choices":[],"circlet_count":0,"master_deck":["AscendersBane","Strike_P","Strike_P","Defend_P","Defend_P","Defend_P","Defend_P","Eruption","Vigilance","ConjureBlade","PathToVictory","PathToVictory","PathToVictory","Protect","WindmillStrike","Consecrate"],"relics":["PureWater","Kunai"],"acts_visited":["Exordium"],"potions_floor_usage":[5],"damage_taken":[{"damage":0,"enemies":"Cultist","floor":1,"turns":2},{"damage":3,"enemies":"2 Louse","floor":2,"turns":3},{"damage":7,"enemies":"Small Slimes","floor":4,"turns":2},{"damage":4,"enemies":"Exordium Wildlife","floor":5,"turns":4},{"damage":22,"enemies":"Lagavulin","floor":6,"turns":6},{"damage":26,"enemies":"3 Sentries","floor":8,"turns":4}],"seed_played":"1506037999268842321","potions_obtained":[{"floor":1,"key":"Dexterity Potion"},{"floor":4,"key":"Dexterity Potion"}],"is_trial":false,"path_per_floor":["M","M","$","M","M","E","?","E"],"character_chosen":"WATCHER","items_purchased":["PathToVictory"],"campfire_rested":0,"item_purchase_floors":[3],"current_hp_per_floor":[61,58,58,51,47,25,18,0,0],"gold":75,"neow_bonus":"ONE_RANDOM_RARE_CARD","is_daily":false,"chose_seed":false,"campfire_upgraded":0,"win_rate":0.0,"timestamp":1608955512,"path_taken":["M","?","$","M","?","E","?","E"],"items_purchased_type":["Card"],"build_version":"2020-12-22","purchased_purges":1,"victory":false,"max_hp_per_floor":[68,68,68,68,68,68,68,68,68],"relic_stats":{"counters":[6,21],"Kunai":[1],"obtain_stats":[{"Kunai":6,"PureWater":0},{"Kunai":5,"PureWater":0},{"Kunai":17,"PureWater":0}]},"card_choices":[{"not_picked":["Fasting2","SashWhip"],"picked":"PathToVictory","floor":1},{"not_picked":["FlurryOfBlows","Evaluate"],"picked":"PathToVictory","floor":2},{"not_picked":["Consecrate","FlurryOfBlows"],"picked":"Protect","floor":4},{"not_picked":["CutThroughFate","ReachHeaven"],"picked":"WindmillStrike","floor":5},{"not_picked":["FollowUp","JustLucky"],"picked":"Consecrate","floor":6}],"player_experience":2864560,"relics_obtained":[{"floor":6,"key":"Kunai"}],"event_choices":[{"cards_removed":["Strike_P"],"damage_healed":0,"gold_gain":0,"player_choice":"Card Removal","damage_taken":7,"max_hp_gain":0,"max_hp_loss":0,"event_name":"Golden Wing","floor":7,"gold_loss":0}],"is_beta":false,"boss_relics":[],"items_purged_floors":[3],"is_endless":false,"potions_floor_spawned":[1,4],"killed_by":"3 Sentries","ascension_level":20}}