{"host":"mniz8q056kux99zk","time":1608992187,"event":{"mods":["BaseMod","CapriCore","Highlight Path","Hubris","Infinite Spire","Minty Spire (QoL Compilation)","StSLib"],"gold_per_floor":[111,111,186,206,206,231,231,231,231,250,261,261,272,299,299,398,448,465,465,515,532,548,548,548,548],"floor_reached":24,"playtime":1550,"items_purged":[],"score":243,"play_id":"625836e3-55b9-4e65-8d83-3e6b275b6e85","local_time":"20201226091627","is_ascension_mode":true,"campfire_choices":[{"floor":12,"key":"REST"},{"floor":15,"key":"REST"},{"floor":23,"key":"REST"}],"circlet_count":0,"master_deck":["Strike_B","Strike_B","Strike_B","Strike_B+1","Defend_B","Defend_B","Defend_B","Defend_B","Zap","Dualcast","Genetic Algorithm","Regret","Go for the Eyes","Tempest","infinitespire:Oblivion","Compile Driver","Sweeping Beam","Defragment","Defragment","hubris:DoWhile+1","Redo+1","Turbo+1","Defragment+1","Rip and Tear"],"relics":["PureWater","NeowsBlessing","Happy Flower","hubris:Icosahedron","hubris:SlimyHat","infinitespire:Cubic Diamond","Toxic Egg 2","Tiny House"],"acts_visited":["Exordium","TheCity"],"potions_floor_usage":[13,14,16,16,24,24,24],"damage_taken":[{"damage":0,"enemies":"2 Louse","floor":1,"turns":1},{"damage":0,"enemies":"Jaw Worm","floor":4,"turns":1},{"damage":0,"enemies":"Lagavulin","floor":6,"turns":1},{"damage":0,"enemies":"Small Slimes","floor":10,"turns":2},{"damage":23,"enemies":"Exordium Thugs","floor":11,"turns":3},{"damage":1,"enemies":"Large Slime","floor":13,"turns":3},{"damage":14,"enemies":"3 Sentries","floor":14,"turns":5},{"damage":23,"enemies":"Hexaghost","floor":16,"turns":8},{"damage":28,"enemies":"Spheric Guardian","floor":18,"turns":5},{"damage":28,"enemies":"3 Byrds","floor":21,"turns":5},{"damage":15,"enemies":"Snake Plant","floor":22,"turns":4},{"damage":39,"enemies":"Slavers","floor":24,"turns":2}],"seed_played":"-8561235235329256741","potions_obtained":[{"floor":1,"key":"FocusPotion"},{"floor":11,"key":"Regen Potion"},{"floor":13,"key":"SkillPotion"},{"floor":14,"key":"Weak Potion"},{"floor":17,"key":"PotionOfCapacity"},{"floor":21,"key":"SteroidPotion"},{"floor":22,"key":"BlessingOfTheForge"}],"is_trial":false,"path_per_floor":["M","?","?","M","?","E","?","?","T","M","M","R","M","E","R","B",null,"M","?","?","M","M","R","E"],"character_chosen":"DEFECT","items_purchased":[],"campfire_rested":3,"item_purchase_floors":[],"current_hp_per_floor":[75,75,64,64,64,64,46,46,46,46,23,45,53,39,61,38,80,52,52,52,24,9,33,0,0],"gold":548,"neow_bonus":"THREE_ENEMY_KILL","is_daily":false,"chose_seed":false,"campfire_upgraded":0,"win_rate":0.0,"timestamp":1608992187,"path_taken":["M","?","?","M","?","E","?","?","T","?","M","R","M","E","R","BOSS","M","?","?","?","M","R","E"],"items_purchased_type":[],"build_version":"2020-12-22","purchased_purges":0,"victory":false,"max_hp_per_floor":[75,75,75,75,75,75,75,75,75,75,75,75,75,75,75,75,80,80,80,80,80,80,80,80,80],"card_choices":[{"not_picked":["Beam Cell","Barrage"],"picked":"Genetic Algorithm","floor":1},{"not_picked":["Darkness","Conserve Battery"],"picked":"Go for the Eyes","floor":4},{"not_picked":["Rebound","Stack"],"picked":"Tempest","floor":6},{"not_picked":["infinitespire:SealOfDarkness+","infinitespire:TheBestDefense"],"picked":"infinitespire:Oblivion","floor":7},{"not_picked":["Hologram","Tempest"],"picked":"Compile Driver","floor":10},{"not_picked":["Beam Cell","Redo"],"picked":"Sweeping Beam","floor":11},{"not_picked":["Rip and Tear","Compile Driver"],"picked":"Defragment","floor":13},{"not_picked":["Tempest+1","Doom and Gloom"],"picked":"Defragment","floor":14},{"not_picked":["Rainbow+1","All For One"],"picked":"hubris:DoWhile+1","floor":16},{"not_picked":["Compile Driver","Streamline"],"picked":"Redo+1","floor":17},{"not_picked":["Beam Cell","Go for the Eyes"],"picked":"Turbo+1","floor":18},{"not_picked":["Scrape","Skim+1"],"picked":"Defragment+1","floor":21},{"not_picked":["Heatsinks","Glacier+1"],"picked":"Rip and Tear","floor":22}],"player_experience":95927,"relics_obtained":[{"floor":6,"key":"hubris:SlimyHat"},{"floor":14,"key":"Toxic Egg 2"}],"event_choices":[{"damage_healed":0,"gold_gain":0,"player_choice":"Box","damage_taken":0,"relics_obtained":["Happy Flower"],"max_hp_gain":0,"max_hp_loss":0,"event_name":"Big Fish","floor":2,"gold_loss":0,"cards_obtained":["Regret"]},{"damage_healed":0,"gold_gain":75,"player_choice":"Gather Gold","damage_taken":11,"max_hp_gain":0,"max_hp_loss":0,"event_name":"World of Goop","floor":3,"gold_loss":0},{"damage_healed":0,"gold_gain":0,"player_choice":"Ignored","damage_taken":0,"max_hp_gain":0,"max_hp_loss":0,"event_name":"Vampires","floor":19,"gold_loss":0},{"damage_healed":0,"gold_gain":100,"player_choice":"Bet on Murderer","damage_taken":0,"max_hp_gain":0,"max_hp_loss":0,"event_name":"The Joust","floor":20,"gold_loss":50}],"is_beta":false,"boss_relics":[{"not_picked":["Runic Dome","Cursed Key"],"picked":"Tiny House"}],"items_purged_floors":[],"is_endless":false,"potions_floor_spawned":[1,11,13,14,21,22],"killed_by":"Slavers","ascension_level":1}}