{"host":"rpu0b34yn88n8zeb","time":1608971021,"event":{"mods":["Act Like it!","BaseMod","CapriCore","Colored Powertips","Defuse TimeMaze Blight","Gensokyo","Marisa£®ÏF”Í°°ƒß¿Ì…≥£©","Minty Spire (QoL Compilation)","Quick Restart","Reimu£®≤©¿ˆ¡È√Œ£©","Shop Mod","Spicy Shops","StSLib","The Immortal","The Servant 0.9.4","Yakumo Yukari mod","Youmu£®ªÍ∆«—˝√Œ£©"],"gold_per_floor":[111,41,41,41,1,28,28,59,84,114,114,146,159,188,188,289,289,307,307,134,38,50,81,91,3,52,83,83,103,103,131,143,155,155],"floor_reached":33,"playtime":2009,"items_purged":[],"score":506,"play_id":"233d31c4-7846-49e6-be2d-f4f58c601686","local_time":"20201226012341","is_ascension_mode":true,"campfire_choices":[{"data":"WheelOfPainOfLivingAndDead","floor":7,"key":"SMITH"},{"data":"HumanKnowledgeSword","floor":11,"key":"SMITH"},{"data":"TurningAngelCut","floor":15,"key":"SMITH"},{"data":"Gensokyo:SevenSchoolMysteries","floor":28,"key":"SMITH"},{"floor":32,"key":"REST"}],"circlet_count":0,"master_deck":["Strike_YM","Strike_YM","Strike_YM","Strike_YM","Defend_YM","Defend_YM","Defend_YM","Defend_YM","SlashOfPresentWorld","WheelOfPainOfLivingAndDead+1","DoubleWheelOfPain","PhosphoricSlash","CrescentMoonSlash","Pain","LightFlashOfTheNetherworld","LowerRealmReflectionSlash","HumanKnowledgeSword+1","HumanGodSword","HellFireSword","TurningAngelCut+1","MatsuyoiReflectingSatelliteSlash","TwoHundredYojanaInOneSlash","Gensokyo:SevenSchoolMysteries+1","FiveSignsOfTheDyingDeva","Deep Breath","SwordExtraction","CherryBlossomFlashing","HellFireSword+1","SlashOfDepartureFromHesitation","SpiritMediumsBind+1","ThoughtCuttingSword","HeavenlyHaloSlash","HeavenGodSword"],"relics":["MiniYoumu","NeowsBlessing","Gensokyo:LunaticRedEyes","Darkstone Periapt","CaptainsWheel","Oddly Smooth Stone","Matryoshka","Toy Ornithopter","Pocketwatch","Hakurouken","RuthlessExorcism:ReiMu","Kunai","Bronze Scales","Gensokyo:ConquerorOfFear","MawBank","Ancient Tea Set","StrikeDummy"],"acts_visited":["Exordium","Gensokyo:Gensokyo"],"potions_floor_usage":[10],"damage_taken":[{"damage":0,"enemies":"Gensokyo:2_Kodama","floor":1,"turns":1},{"damage":0,"enemies":"Gensokyo:Mamizou","floor":6,"turns":2},{"damage":0,"enemies":"Gensokyo:Aya","floor":8,"turns":1},{"damage":0,"enemies":"Gensokyo:Mamizou","floor":10,"turns":9},{"damage":15,"enemies":"Gensokyo:Aya","floor":12,"turns":7},{"damage":0,"enemies":"Gensokyo:Python","floor":13,"turns":2},{"damage":12,"enemies":"Gensokyo:Mamizou","floor":14,"turns":7},{"damage":0,"enemies":"Gensokyo:Reimu","floor":16,"turns":9},{"damage":0,"enemies":"Gensokyo:2_Gloops","floor":18,"turns":4},{"damage":4,"enemies":"Gensokyo:AngelMirror","floor":22,"turns":3},{"damage":0,"enemies":"Gensokyo:Reisen","floor":23,"turns":6},{"damage":1,"enemies":"Gensokyo:Slime_Group","floor":24,"turns":4},{"damage":2,"enemies":"Gensokyo:Tenshi","floor":27,"turns":7},{"damage":8,"enemies":"Gensokyo:Swordslinger","floor":29,"turns":5},{"damage":34,"enemies":"Gensokyo:Koishi","floor":31,"turns":7},{"damage":39,"enemies":"Gensokyo:Eternal_Rivals","floor":33,"turns":6}],"seed_played":"-344705194808240377","potions_obtained":[{"floor":1,"key":"AttackPotion"},{"floor":10,"key":"Regen Potion"},{"floor":12,"key":"Fire Potion"},{"floor":14,"key":"SkillPotion"},{"floor":16,"key":"SteroidPotion"},{"floor":18,"key":"GrandPatriotsElixir:ReiMu"}],"is_trial":false,"path_per_floor":["M","$","$","?","COS","E","R","E","T","E","R","E","M","E","R","B",null,"M","?","$","$","M","E","M","COS","T","E","R","M","?","E","R","B"],"character_chosen":"YOUMU","items_purchased":["PhosphoricSlash","CrescentMoonSlash","FiveSignsOfTheDyingDeva","Deep Breath","SwordExtraction","CherryBlossomFlashing"],"campfire_rested":1,"item_purchase_floors":[2,2,20,20,21,21],"current_hp_per_floor":[75,75,75,75,75,75,75,75,75,75,75,60,60,48,48,48,75,75,68,68,68,64,64,63,63,63,61,61,53,53,19,39,0,0],"gold":155,"neow_bonus":"THREE_ENEMY_KILL","is_daily":false,"chose_seed":false,"campfire_upgraded":4,"win_rate":0.0,"timestamp":1608971021,"path_taken":["M","?","$","?","COS","E","R","E","T","E","R","E","M","E","R","BOSS","M","?","?","$","M","E","?","COS","T","E","R","M","?","E","R","BOSS"],"items_purchased_type":["Card","Card","Card","Card","Card","Card"],"build_version":"2020-12-22","purchased_purges":0,"victory":false,"max_hp_per_floor":[75,75,75,75,75,75,75,75,75,75,75,75,75,75,75,75,75,75,68,68,68,68,68,68,68,68,68,68,68,68,68,68,68,68],"card_choices":[{"not_picked":["SlashClearingTheSixSenses","HiganSword"],"picked":"DoubleWheelOfPain","floor":1},{"not_picked":["SuddenPhantomFormationSlashOfKarmicWind","ThreeKonsSevenHakus"],"picked":"LightFlashOfTheNetherworld","floor":6},{"not_picked":["ThreeKonsSevenHakus","PreachingAvici"],"picked":"LowerRealmReflectionSlash","floor":8},{"not_picked":["CherryBlossomFlashing","SlashOfDepartureFromHesitation"],"picked":"HumanKnowledgeSword","floor":10},{"not_picked":["DoubleWheelOfPain","CrescentMoonSlash"],"picked":"HumanGodSword","floor":12},{"not_picked":["LifeCuttingSword","HeartExcerptSlash"],"picked":"HellFireSword","floor":13},{"not_picked":["SpiritCuttingSword","HumanGodSword"],"picked":"TurningAngelCut","floor":14},{"not_picked":["SlashOfTheEternalFuture","CelestialStarSword"],"picked":"MatsuyoiReflectingSatelliteSlash","floor":16},{"not_picked":["EchoesOfTheInclemencyOfAllBeings+1","LifeCuttingSword"],"picked":"TwoHundredYojanaInOneSlash","floor":18},{"not_picked":["Gensokyo:Doppelganger","Gensokyo:MenInBlack"],"picked":"Gensokyo:SevenSchoolMysteries","floor":19},{"not_picked":["TwoHundredYojanaInOneSlash","CrescentMoonSlash"],"picked":"HellFireSword+1","floor":22},{"not_picked":["DispleasureOfTheSevenHakus+1","HiganSword"],"picked":"SlashOfDepartureFromHesitation","floor":23},{"not_picked":["ThreeKonsSevenHakus","HellGodSword"],"picked":"SpiritMediumsBind+1","floor":24},{"not_picked":["BizarrenessOfSixRealms","DispleasureOfTheSevenHakus"],"picked":"ThoughtCuttingSword","floor":27},{"not_picked":["AsuraSword","LightFlashOfTheNetherworld+1"],"picked":"HeavenlyHaloSlash","floor":29},{"not_picked":["DispleasureOfTheSevenHakus","CherryBlossomFlashing"],"picked":"HeavenGodSword","floor":31}],"player_experience":531047,"relics_obtained":[{"floor":6,"key":"Darkstone Periapt"},{"floor":8,"key":"CaptainsWheel"},{"floor":9,"key":"Oddly Smooth Stone"},{"floor":10,"key":"Matryoshka"},{"floor":12,"key":"Pocketwatch"},{"floor":14,"key":"Hakurouken"},{"floor":23,"key":"RuthlessExorcism:ReiMu"},{"floor":26,"key":"Kunai"},{"floor":27,"key":"Bronze Scales"},{"floor":31,"key":"Gensokyo:ConquerorOfFear"},{"floor":31,"key":"StrikeDummy"}],"event_choices":[],"is_beta":false,"boss_relics":[{"not_picked":["Pandora\u0027s Box","Busted Crown"],"picked":"MiniYoumu"}],"items_purged_floors":[],"is_endless":false,"potions_floor_spawned":[1,10,12,14,16,18,22,29],"killed_by":"Gensokyo:Eternal_Rivals","ascension_level":1}}