{"host":"rnys9sj607vajavv","time":1608975835,"event":{"mods":["BaseMod","Colored Map","Downfall","Minty Spire (QoL Compilation)","StSLib"],"gold_per_floor":[99,110,110,127,227,259,259,99,199,230,240,90,90,115,135,240,240,240,251,267,267,267,281,281,316,316,401,113,131,231,310,322,421,421,421,435,448,502,401,401,425,425,425,460,147,174,99,129,143,143],"floor_reached":51,"playtime":6594,"items_purged":["champ:Strike","champ:Defend","champ:Execute","champ:Defend","champ:TornadoPunch"],"score":1533,"play_id":"f59558a9-b9d7-4e90-93af-b72c2e729b33","local_time":"20201226014355","is_ascension_mode":true,"campfire_choices":[{"data":"champ:Taunt","floor":1.0,"key":"SMITH"},{"floor":13.0,"key":"REST"},{"data":"champ:ViciousMockery","floor":18.0,"key":"SMITH"},{"data":"champ:Balance","floor":35.0,"key":"SMITH"},{"data":"champ:ShieldWall","floor":40,"key":"SMITH"},{"floor":42,"key":"RECALL"},{"data":"champ:FocusedGladiator","floor":47,"key":"SMITH"}],"circlet_count":0,"master_deck":["champ:Strike+1","champ:Defend","champ:Taunt+1","champ:GladiatorsShout","champ:Balance+1","champ:Lariat+1","champ:FlashCut","champ:ViciousMockery+1","champ:Riposte","champ:RisingSlash+1","champ:DefensiveStyle","sneckomod:SoulDraw+1","Backflip+1","champ:ShieldWall+1","champ:Circumvent","champ:FocusedGladiator+1","Deflect"],"relics":["champ:ChampionCrown","champ:FightingForDummies","CloakClasp","Lantern","HornCleat","Orichalcum","Bronze Scales","Philosopher\u0027s Stone","champ:GladiatorsBookOfMartialProwess","Matryoshka","Tiny Chest","Singing Bowl","Bag of Preparation","PrismaticShard","Mercury Hourglass","champ:BlackKnightHelmet","Smiling Mask","Eternal Feather","Runic Dome","Calipers","PreservedInsect","StrikeDummy","Frozen Egg 2","Sling","Juzu Bracelet","Pear","champ:DefensiveTrainingManual","downfall:HeartBlessingRed","Whetstone"],"acts_visited":["Exordium","TheCity","TheBeyond"],"potions_floor_usage":[38],"damage_taken":[{"damage":8.0,"enemies":"Jaw Worm","floor":2.0,"turns":5.0},{"damage":5.0,"enemies":"2 Louse","floor":4.0,"turns":3.0},{"damage":22.0,"enemies":"2 Louse","floor":5.0,"turns":11.0},{"damage":34.0,"enemies":"Lagavulin","floor":6.0,"turns":8.0},{"damage":8.0,"enemies":"downfall:FleeingMerchant","floor":8.0,"turns":4.0},{"damage":26.0,"enemies":"downfall:Heads","floor":9.0,"turns":8.0},{"damage":3.0,"enemies":"Gremlin Nob","floor":10.0,"turns":4.0},{"damage":10.0,"enemies":"Small Slimes","floor":11.0,"turns":3.0},{"damage":6.0,"enemies":"downfall:FleeingMerchant","floor":12.0,"turns":4.0},{"damage":10.0,"enemies":"Lagavulin","floor":14.0,"turns":4.0},{"damage":0.0,"enemies":"3 Louse","floor":15.0,"turns":2.0},{"damage":3.0,"enemies":"downfall:Ironclad","floor":16.0,"turns":9.0},{"damage":0.0,"enemies":"Spheric Guardian","floor":19.0,"turns":2.0},{"damage":13.0,"enemies":"3 Byrds","floor":20.0,"turns":2.0},{"damage":0.0,"enemies":"Centurion and Healer","floor":23.0,"turns":4.0},{"damage":31.0,"enemies":"Slavers","floor":25.0,"turns":5.0},{"damage":0.0,"enemies":"downfall:FleeingMerchant","floor":28.0,"turns":4.0},{"damage":0.0,"enemies":"Snake Plant","floor":29.0,"turns":4.0},{"damage":0.0,"enemies":"Snake Plant","floor":30.0,"turns":8.0},{"damage":13.0,"enemies":"Shelled Parasite and Fungi","floor":32.0,"turns":3.0},{"damage":4.0,"enemies":"downfall:Watcher","floor":33.0,"turns":11.0},{"damage":3.0,"enemies":"3 Darklings","floor":36.0,"turns":2.0},{"damage":0,"enemies":"Orb Walker","floor":37,"turns":3},{"damage":12,"enemies":"2 Orb Walkers","floor":38,"turns":5},{"damage":0,"enemies":"downfall:FleeingMerchant","floor":39,"turns":4},{"damage":6,"enemies":"Nemesis","floor":44,"turns":5},{"damage":0,"enemies":"downfall:FleeingMerchant","floor":45,"turns":1},{"damage":13,"enemies":"Giant Head","floor":46,"turns":7},{"damage":11,"enemies":"Nemesis","floor":48,"turns":5},{"damage":0,"enemies":"3 Darklings","floor":49,"turns":3},{"damage":0,"enemies":"downfall:Defect","floor":50,"turns":9}],"seed_played":"2348429126267996332","potions_obtained":[{"floor":2.0,"key":"Block Potion"},{"floor":5.0,"key":"Fire Potion"},{"floor":11.0,"key":"Swift Potion"},{"floor":14.0,"key":"Block Potion"},{"floor":16.0,"key":"FearPotion"},{"floor":23.0,"key":"DistilledChaos"},{"floor":25.0,"key":"BlessingOfTheForge"},{"floor":32.0,"key":"Explosive Potion"},{"floor":33.0,"key":"champ:CounterPotion"},{"floor":37,"key":"sneckomod:MuddlingPotion"},{"floor":38,"key":"Fruit Juice"},{"floor":48,"key":"BlessingOfTheForge"}],"is_trial":false,"path_per_floor":["R","M","?","M","?","E","T","$","?","E","M","$","R","E","M","B",null,"R","M","M","?","T","M","T","E","?","?","$","M","?","T","M","B",null,"R","M","M","?","$","R","T","R","T","E","$","E","R","E","M","B",null],"character_chosen":"THE_CHAMP","items_purchased":["champ:ViciousMockery","champ:DefensiveStyle","PrismaticShard","champ:ShieldWall","champ:FocusedGladiator","Sling","Juzu Bracelet","Pear"],"campfire_rested":1,"item_purchase_floors":[8,12,28,39,45,45,45,45],"current_hp_per_floor":[90,87,69,69,52,36,36,36,15,12,7,7,34,24,24,24,90,90,90,77,77,77,77,77,48,48,30,32,34,36,36,25,23,102,102,104,104,97,99,108,108,111,111,105,117,119,125,116,116,116],"gold":143,"neow_bonus":"THREE_CARDS","is_daily":false,"chose_seed":false,"campfire_upgraded":5,"win_rate":0.0,"timestamp":1608975835,"path_taken":["R","M","?","M","?","E","T","$","?","E","M","$","R","E","M","BOSS","R","M","M","?","?","M","T","E","?","?","$","M","?","?","M","BOSS","R","M","M","?","$","R","T","R","?","E","?","E","R","E","M","BOSS"],"items_purchased_type":["Card","Card","Relic","Card","Card","Relic","Relic","Relic"],"build_version":"2020-12-22","purchased_purges":5,"victory":true,"max_hp_per_floor":[90,90,90,90,90,90,90,90,90,90,90,90,90,90,90,90,90,90,90,90,90,90,90,90,92,92,92,94,96,98,98,100,102,102,102,104,104,109,111,111,111,111,111,111,123,125,125,127,127,127],"card_choices":[{"not_picked":["champ:DefensiveShout","champ:FocusedGladiator"],"picked":"champ:GladiatorsShout","floor":0.0},{"not_picked":["champ:Backstep","champ:FocusedBerserking"],"picked":"champ:Balance","floor":2.0},{"not_picked":["champ:CrookedStrike","champ:Haymaker"],"picked":"champ:TornadoPunch","floor":4.0},{"not_picked":["champ:EndlessRage","champ:GladiatorsShout"],"picked":"champ:Lariat","floor":5.0},{"not_picked":["champ:FightOn","champ:BladeFlurry"],"picked":"champ:FlashCut","floor":6.0},{"not_picked":["champ:SwordSigil","champ:EndlessRage","champ:Haymaker"],"picked":"SKIP","floor":8.0},{"not_picked":["champ:EnGarde","champ:PreciseThrust","champ:AdrenalArmor"],"picked":"SKIP","floor":10.0},{"not_picked":["champ:ShieldSigil","champ:Encircle","champ:FocusedBerserking"],"picked":"SKIP","floor":11.0},{"not_picked":["champ:BladeFlurry","champ:GladiatorsShout"],"picked":"champ:RisingSlash","floor":12.0},{"not_picked":["champ:AdrenalArmor","champ:Duel","champ:RisingSlash"],"picked":"SKIP","floor":14.0},{"not_picked":["champ:AdrenalArmor","champ:Duel","champ:RisingSlash"],"picked":"SKIP","floor":14.0},{"not_picked":["champ:GutPunch","champ:PerfectedStrike","champ:FocusedBerserking"],"picked":"SKIP","floor":15.0},{"not_picked":["champ:PerfectedStrike","champ:FanOfKnives","champ:BerserkersShout"],"picked":"SKIP","floor":19.0},{"not_picked":["champ:CrookedStrike","champ:FocusedDefense","champ:StanceDance"],"picked":"SKIP","floor":20.0},{"not_picked":["champ:AdrenalArmor","champ:GutPunch","champ:IronFortress"],"picked":"SKIP","floor":23.0},{"not_picked":["champ:BringItOn","champ:DeathBlow","champ:EnragedBash+1"],"picked":"Singing Bowl","floor":25.0},{"not_picked":["champ:Backstep","champ:RisingSlash","champ:DeathBlow"],"picked":"Singing Bowl","floor":28.0},{"not_picked":["BowlingBash+1","Slimebound:PressTheAttack","Slimebound:SamplingLick"],"picked":"Singing Bowl","floor":29.0},{"not_picked":["Guardian:TemporalShield+1","Dagger Throw","Double Tap"],"picked":"Singing Bowl","floor":30.0},{"not_picked":["Slimebound:ItLooksTasty","Endless Agony","hexamod:RetreatToShadows"],"picked":"Singing Bowl","floor":32.0},{"not_picked":["Feed","hexamod:GhostflameInferno","sneckomod:Unknown3Cost"],"picked":"Singing Bowl","floor":33.0},{"not_picked":["Slimebound:SlimeBarrage","Flex+1","Gash+1"],"picked":"Singing Bowl","floor":36.0},{"not_picked":["True Grit+1","Cloak And Dagger+1"],"picked":"sneckomod:SoulDraw+1","floor":37},{"not_picked":["Blur+1","Slimebound:Schlurp+1"],"picked":"Backflip+1","floor":38},{"not_picked":["Slimebound:SplitBruiser+1","Slimebound:SamplingLick","Bloodletting"],"picked":"Singing Bowl","floor":39},{"not_picked":["champ:BerserkersShout","Echo Form+1"],"picked":"champ:Circumvent","floor":44},{"not_picked":["Clothesline+1","Streamline+1","Weave+1"],"picked":"Singing Bowl","floor":45},{"not_picked":["Slimebound:LeechingTouch","hexamod:HeatMetal+1","expansioncontent:Hexaburn"],"picked":"Singing Bowl","floor":46},{"not_picked":["Guardian:Gem_Purple","champ:HeartStrike","Slimebound:SplitSpecialist"],"picked":"Singing Bowl","floor":48},{"not_picked":["Poisoned Stab","Slimebound:SpikyOuterGoop+1"],"picked":"Deflect","floor":49}],"player_experience":618353,"relics_obtained":[{"floor":5.0,"key":"CloakClasp"},{"floor":6.0,"key":"Lantern"},{"floor":7.0,"key":"HornCleat"},{"floor":10.0,"key":"Orichalcum"},{"floor":14.0,"key":"Bronze Scales"},{"floor":22.0,"key":"Matryoshka"},{"floor":24.0,"key":"Tiny Chest"},{"floor":24.0,"key":"Singing Bowl"},{"floor":25.0,"key":"Bag of Preparation"},{"floor":30.0,"key":"Mercury Hourglass"},{"floor":30.0,"key":"champ:BlackKnightHelmet"},{"floor":31.0,"key":"Smiling Mask"},{"floor":31.0,"key":"Eternal Feather"},{"floor":38,"key":"Calipers"},{"floor":41,"key":"PreservedInsect"},{"floor":43,"key":"StrikeDummy"},{"floor":44,"key":"Frozen Egg 2"},{"floor":46,"key":"champ:DefensiveTrainingManual"},{"floor":48,"key":"Whetstone"}],"event_choices":[{"damage_healed":0.0,"max_hp_gain":0.0,"max_hp_loss":0.0,"gold_gain":0.0,"event_name":"Scrap Ooze","player_choice":"Success","floor":3.0,"gold_loss":0.0,"damage_taken":18.0,"relics_obtained":["champ:FightingForDummies"]},{"damage_healed":0,"gold_gain":0,"player_choice":"Fight","damage_taken":0,"max_hp_gain":0,"max_hp_loss":0,"event_name":"Mysterious Sphere","floor":38,"gold_loss":0}],"is_beta":false,"boss_relics":[{"not_picked":["Pandora\u0027s Box","downfall:Hecktoplasm"],"picked":"Philosopher\u0027s Stone"},{"not_picked":["Black Star","Calling Bell"],"picked":"Runic Dome"}],"items_purged_floors":[8,12,28,39,45],"is_endless":false,"potions_floor_spawned":[2,5,11,14,16,19,23,25,32,33,37,38,48,49],"ascension_level":2}}