{"host":"2461dio7vetlq1z3","time":1608990821,"event":{"mods":["2.2 Compatiblity","AchievementEnabler","Aspiration","BaseMod","Better Third Choice","Friendly Minions","Hermit","Minty Spire (QoL Compilation)","Relic Stats","Spicy Shops","StSLib","Waifu the Spire"],"gold_per_floor":[114,84,94,104,104,104,139,139,165,192,192,203,203,219,219,293,293,306,23,23,23,40,40,40,40],"floor_reached":24,"playtime":953,"items_purged":[],"score":470,"play_id":"a3c9611d-9453-4502-97f0-ca2c80b8eeed","local_time":"20201226145341","is_ascension_mode":true,"campfire_choices":[{"floor":6,"key":"REST"},{"data":"EmptyFist","floor":8,"key":"SMITH"},{"data":"TalkToTheHand","floor":11,"key":"SMITH"},{"data":"CarveReality","floor":13,"key":"SMITH"},{"floor":15,"key":"REST"},{"floor":23,"key":"REST"}],"circlet_count":0,"master_deck":["AscendersBane","Strike_P","Strike_P","Strike_P","Strike_P","Defend_P","Defend_P","Defend_P","Defend_P+1","Eruption+1","Vigilance","Indignation","EmptyFist+1","FollowUp","CarveReality+1","TalkToTheHand+1","EmptyBody","EmptyFist","MasterReality","FearNoEvil+1","Gash"],"relics":["PureWater","aspiration:FetidBarrel","Blood Vial","Gremlin Horn","aspiration:DefectSkillbook","Kunai","aspiration:Stabinomicon"],"acts_visited":["Exordium","TheCity"],"potions_floor_usage":[18],"damage_taken":[{"damage":4,"enemies":"Jaw Worm","floor":1,"turns":6},{"damage":2,"enemies":"Cultist","floor":3,"turns":3},{"damage":6,"enemies":"2 Louse","floor":4,"turns":2},{"damage":26,"enemies":"3 Sentries","floor":7,"turns":10},{"damage":16,"enemies":"Gremlin Nob","floor":10,"turns":3},{"damage":0,"enemies":"Exordium Thugs","floor":12,"turns":2},{"damage":11,"enemies":"3 Louse","floor":14,"turns":3},{"damage":0,"enemies":"Slime Boss","floor":16,"turns":5},{"damage":21,"enemies":"3 Byrds","floor":18,"turns":4},{"damage":6,"enemies":"Chosen","floor":22,"turns":5},{"damage":41,"enemies":"Gremlin Leader","floor":24,"turns":3}],"seed_played":"-6855268078069009998","potions_obtained":[{"floor":1,"key":"FearPotion"},{"floor":2,"key":"FairyPotion"},{"floor":7,"key":"BottledMiracle"},{"floor":22,"key":"BottledMiracle"}],"is_trial":false,"path_per_floor":["M","?","M","M","?","R","E","R","T","E","R","M","R","M","R","B",null,"M","$","?","?","M","R","E"],"character_chosen":"WATCHER","items_purchased":["Kunai"],"campfire_rested":3,"item_purchase_floors":[19],"current_hp_per_floor":[51,51,49,43,19,43,17,17,17,3,3,5,5,24,48,50,73,54,54,33,10,6,31,0,0],"gold":40,"neow_bonus":"TWENTY_PERCENT_HP_BONUS","is_daily":false,"chose_seed":false,"campfire_upgraded":3,"win_rate":0.0,"timestamp":1608990821,"path_taken":["M","?","M","?","?","R","E","R","T","E","R","M","R","M","R","BOSS","M","$","?","?","M","R","E"],"items_purchased_type":["Relic"],"build_version":"2020-12-22","purchased_purges":0,"victory":false,"max_hp_per_floor":[80,80,80,80,80,80,80,80,80,80,80,80,80,80,80,80,80,80,80,80,85,85,85,85,85],"relic_stats":{"Blood Vial":14,"Gremlin Horn":[8,8],"counters":[11,46],"Kunai":[4],"obtain_stats":[{"Blood Vial":9,"Gremlin Horn":10,"aspiration:DefectSkillbook":17,"aspiration:FetidBarrel":7,"aspiration:Stabinomicon":20,"Kunai":19,"PureWater":0},{"Blood Vial":4,"Gremlin Horn":5,"aspiration:DefectSkillbook":8,"aspiration:FetidBarrel":4,"aspiration:Stabinomicon":9,"Kunai":9,"PureWater":0},{"Blood Vial":21,"Gremlin Horn":24,"aspiration:DefectSkillbook":34,"aspiration:FetidBarrel":21,"aspiration:Stabinomicon":38,"Kunai":38,"PureWater":0}]},"card_choices":[{"not_picked":["Weave","Fasting2"],"picked":"Indignation","floor":1},{"not_picked":["Prostrate","Collect"],"picked":"EmptyFist","floor":3},{"not_picked":["EmptyFist","Evaluate"],"picked":"FollowUp","floor":4},{"not_picked":["CutThroughFate","ThirdEye"],"picked":"CarveReality","floor":7},{"not_picked":["Halt","EmptyBody"],"picked":"TalkToTheHand","floor":10},{"not_picked":["SashWhip","ClearTheMind"],"picked":"EmptyBody","floor":12},{"not_picked":["ThirdEye","PathToVictory"],"picked":"EmptyFist","floor":14},{"not_picked":["Brilliance","Establishment"],"picked":"MasterReality","floor":16},{"not_picked":["FlyingSleeves","Melter+1","Chaos"],"picked":"FearNoEvil+1","floor":18},{"not_picked":["Hologram","CrushJoints","Hello World+1"],"picked":"Gash","floor":22}],"player_experience":941375,"relics_obtained":[{"floor":7,"key":"aspiration:FetidBarrel"},{"floor":9,"key":"Blood Vial"},{"floor":10,"key":"Gremlin Horn"},{"floor":20,"key":"aspiration:Stabinomicon"}],"event_choices":[{"damage_healed":0,"gold_gain":0,"player_choice":"Bought 2 Potions","damage_taken":0,"max_hp_gain":0,"max_hp_loss":0,"event_name":"The Woman in Blue","floor":2,"gold_loss":0},{"damage_healed":43,"gold_gain":0,"player_choice":"Upgrade","damage_taken":24,"max_hp_gain":0,"max_hp_loss":80,"event_name":"betterThird:BetterShining","floor":5,"gold_loss":0,"cards_upgraded":["Eruption","Defend_P"]},{"damage_healed":0,"gold_gain":0,"player_choice":"Obtained Book","damage_taken":21,"max_hp_gain":0,"max_hp_loss":0,"event_name":"Cursed Tome","floor":20,"gold_loss":0},{"damage_healed":0,"gold_gain":0,"player_choice":"Shed Blood","damage_taken":28,"max_hp_gain":5,"max_hp_loss":0,"event_name":"Forgotten Altar","floor":21,"gold_loss":0}],"is_beta":false,"boss_relics":[{"not_picked":["VioletLotus","Sozu"],"picked":"aspiration:DefectSkillbook"}],"items_purged_floors":[],"is_endless":false,"potions_floor_spawned":[1,3,7,22],"killed_by":"Gremlin Leader","ascension_level":17}}