{"host":"cjhtzh7tp54jdfyv","time":1608943589,"event":{"mods":["AchievementEnabler","BaseMod","Colored Map","Colored Powertips","Curses Come First","DeckTracker","Filter the Spire","Minty Spire (QoL Compilation)","RNG Fix","Relic Sorter","Relic Stats","StSLib","The Cursed","The Marked","UnlockEverythingMod","Waifu the Spire","ojb\u0027s Better Paths Mod","ojb\u0027s Info Mod"],"gold_per_floor":[111,111,123,133,133,160,160,186,186,186,221,221,234,251,251,325,325,344,355,17,31,51,51,83,102,171,182,214,226,226,226],"floor_reached":30,"playtime":2373,"items_purged":["Pain"],"score":588,"play_id":"97cf2ca8-c73f-4133-8675-13f777bd69a2","local_time":"20201225194629","is_ascension_mode":true,"campfire_choices":[{"floor":7,"key":"REST"},{"floor":10,"key":"REST"},{"floor":12,"key":"REST"},{"floor":15,"key":"REST"},{"floor":23,"key":"RECALL"}],"circlet_count":0,"master_deck":["AscendersBane","theMarked:Strike","theMarked:Strike","theMarked:Strike+1","theMarked:Strike+1","theMarked:Strike","theMarked:Defend","theMarked:Defend","theMarked:Defend","theMarked:Defend","theMarked:SoldierOfQuellstein","theMarked:ResourceFulStrike","theMarked:SwordAndMagic","theMarked:ComboAttacks","theMarked:MuscleMemory","theMarked:ChainLightning","theMarked:HeightenedSenses","theMarked:SummonStrength","theMarked:SoldierForm","theMarked:TwofoldDefense+1","theMarked:ComboAttacks","theMarked:Improvise","theMarked:Overthink","theMarked:ReduceFriction","theMarked:HeightenedSenses+1"],"relics":["Fusion Hammer","WarpedTongs","Bird Faced Urn","Bag of Marbles","Eternal Feather","Mercury Hourglass","theMarked:Eyepatch","Mummified Hand","Bag of Preparation","White Beast Statue","Strawberry"],"acts_visited":["Exordium","TheCity"],"potions_floor_usage":[8,14,19,27,28,28,28,29,29,30],"damage_taken":[{"damage":1,"enemies":"2 Louse","floor":1,"turns":3},{"damage":0,"enemies":"Cultist","floor":3,"turns":3},{"damage":7,"enemies":"Jaw Worm","floor":4,"turns":2},{"damage":17,"enemies":"3 Sentries","floor":6,"turns":7},{"damage":13,"enemies":"Gremlin Nob","floor":8,"turns":3},{"damage":26,"enemies":"3 Sentries","floor":11,"turns":6},{"damage":4,"enemies":"Lots of Slimes","floor":13,"turns":2},{"damage":20,"enemies":"Exordium Thugs","floor":14,"turns":5},{"damage":51,"enemies":"The Guardian","floor":16,"turns":12},{"damage":0,"enemies":"Chosen","floor":18,"turns":2},{"damage":9,"enemies":"Spheric Guardian","floor":19,"turns":3},{"damage":4,"enemies":"Centurion and Healer","floor":21,"turns":4},{"damage":17,"enemies":"Snake Plant","floor":22,"turns":3},{"damage":36,"enemies":"Slavers","floor":24,"turns":6},{"damage":9,"enemies":"3 Cultists","floor":25,"turns":4},{"damage":0,"enemies":"Cultist and Chosen","floor":27,"turns":6},{"damage":10,"enemies":"Gremlin Leader","floor":28,"turns":5},{"damage":22,"enemies":"Snecko","floor":29,"turns":4},{"damage":28,"enemies":"Book of Stabbing","floor":30,"turns":3}],"seed_played":"-2742264293138198659","potions_obtained":[{"floor":1,"key":"Swift Potion"},{"floor":4,"key":"SpeedPotion"},{"floor":8,"key":"theMarked:ChargePotion"},{"floor":21,"key":"SkillPotion"},{"floor":24,"key":"Swift Potion"},{"floor":25,"key":"EntropicBrew"},{"floor":27,"key":"Dexterity Potion"},{"floor":28,"key":"Block Potion"},{"floor":29,"key":"ColorlessPotion"}],"is_trial":false,"path_per_floor":["M","?","M","M","?","E","R","E","T","R","E","R","M","M","R","B",null,"M","M","$","M","M","R","E","M","T","M","E","M","E"],"character_chosen":"THE_DEFAULT","items_purchased":["Mummified Hand"],"campfire_rested":4,"item_purchase_floors":[20],"current_hp_per_floor":[58,38,38,31,31,14,33,20,20,48,24,52,50,32,60,13,53,55,50,50,54,43,55,27,20,20,26,31,17,0,0],"gold":226,"neow_bonus":"BOSS_RELIC","is_daily":false,"chose_seed":false,"campfire_upgraded":0,"win_rate":0.0,"timestamp":1608943589,"path_taken":["M","?","M","M","?","E","R","E","T","R","E","R","M","?","R","BOSS","M","M","$","M","M","R","E","M","T","M","E","M","E"],"items_purchased_type":["Relic"],"build_version":"2020-12-22","purchased_purges":1,"victory":false,"max_hp_per_floor":[66,66,66,66,66,66,66,66,66,66,66,66,66,66,66,66,66,66,66,66,66,66,66,66,66,66,66,73,73,73,73],"relic_stats":{"counters":[19,82],"Mummified Hand":[37],"Bird Faced Urn":[68],"Eternal Feather":39,"Bag of Preparation":[10],"obtain_stats":[{"theMarked:ArtifactOfAir":0,"Mummified Hand":20,"Bird Faced Urn":6,"Strawberry":28,"Eternal Feather":9,"Fusion Hammer":0,"Bag of Marbles":8,"Bag of Preparation":24,"White Beast Statue":26,"WarpedTongs":5,"Mercury Hourglass":11,"theMarked:Eyepatch":17},{"theMarked:ArtifactOfAir":0,"Mummified Hand":11,"Bird Faced Urn":4,"Strawberry":17,"Eternal Feather":5,"Fusion Hammer":0,"Bag of Marbles":5,"Bag of Preparation":14,"White Beast Statue":15,"WarpedTongs":3,"Mercury Hourglass":6,"theMarked:Eyepatch":9},{"theMarked:ArtifactOfAir":0,"Mummified Hand":48,"Bird Faced Urn":15,"Strawberry":75,"Eternal Feather":18,"Fusion Hammer":0,"Bag of Marbles":18,"Bag of Preparation":61,"White Beast Statue":65,"WarpedTongs":8,"Mercury Hourglass":24,"theMarked:Eyepatch":43}],"WarpedTongs":[71],"Mercury Hourglass":[248]},"card_choices":[{"not_picked":["theMarked:Frustration","theMarked:ElectricStrings"],"picked":"theMarked:ResourceFulStrike","floor":1},{"not_picked":["theMarked:LightningStrikesTwice","theMarked:HeightenedSenses"],"picked":"theMarked:SwordAndMagic","floor":3},{"not_picked":["theMarked:ResourceFulStrike","theMarked:TwofoldDefense"],"picked":"theMarked:ComboAttacks","floor":4},{"not_picked":["theMarked:Polarize","theMarked:RepellingDischarge","theMarked:Aftermath"],"picked":"SKIP","floor":6},{"not_picked":["theMarked:ChainLightning","theMarked:Defy"],"picked":"theMarked:MuscleMemory","floor":8},{"not_picked":["theMarked:EmpowerWeapon","theMarked:Aftermath"],"picked":"theMarked:ChainLightning","floor":11},{"not_picked":["theMarked:ChainLightning","theMarked:Electrocute"],"picked":"theMarked:HeightenedSenses","floor":13},{"not_picked":["theMarked:EmpowerWeapon","theMarked:WardOff"],"picked":"theMarked:SummonStrength","floor":14},{"not_picked":["theMarked:TakeOffHeels","theMarked:FavorableWinds"],"picked":"theMarked:SoldierForm","floor":16},{"not_picked":["theMarked:KeepCalmAndFightOn","theMarked:WastefulAttack"],"picked":"theMarked:TwofoldDefense+1","floor":18},{"not_picked":["theMarked:ResourceFulStrike","theMarked:Static"],"picked":"theMarked:ComboAttacks","floor":19},{"not_picked":["theMarked:Frustration+1","theMarked:ResourceFulStrike"],"picked":"theMarked:Improvise","floor":21},{"not_picked":["theMarked:EmpowerWeapon","theMarked:BanishingWave","theMarked:BanishingStrike"],"picked":"SKIP","floor":22},{"not_picked":["theMarked:Reabsorb+1","theMarked:Panic"],"picked":"theMarked:Overthink","floor":24},{"not_picked":["theMarked:SuspiciousRaven","theMarked:ChainLightning"],"picked":"theMarked:ReduceFriction","floor":25},{"not_picked":["theMarked:Reabsorb+1","theMarked:Static","theMarked:Aftermath"],"picked":"SKIP","floor":27},{"not_picked":["theMarked:Aftermath","theMarked:WardOff","theMarked:Static+1"],"picked":"SKIP","floor":28},{"not_picked":["theMarked:EmpowerWeapon","theMarked:EnhanceMovement"],"picked":"theMarked:HeightenedSenses+1","floor":29}],"player_experience":4426335,"relics_obtained":[{"floor":6,"key":"Bird Faced Urn"},{"floor":8,"key":"Bag of Marbles"},{"floor":9,"key":"Eternal Feather"},{"floor":11,"key":"Mercury Hourglass"},{"floor":24,"key":"Bag of Preparation"},{"floor":26,"key":"White Beast Statue"},{"floor":28,"key":"Strawberry"}],"event_choices":[{"damage_healed":0,"gold_gain":0,"player_choice":"Entered Light","damage_taken":20,"max_hp_gain":0,"max_hp_loss":0,"event_name":"Shining Light","floor":2,"gold_loss":0,"cards_upgraded":["theMarked:Strike","theMarked:Strike"]},{"damage_healed":0,"gold_gain":0,"player_choice":"Rummage","damage_taken":0,"relics_obtained":["WarpedTongs"],"max_hp_gain":0,"max_hp_loss":0,"event_name":"Accursed Blacksmith","floor":5,"gold_loss":0,"cards_obtained":["Pain"]}],"is_beta":false,"boss_relics":[{"not_picked":["Philosopher\u0027s Stone","Calling Bell"],"picked":"theMarked:Eyepatch"}],"items_purged_floors":[20],"is_endless":false,"potions_floor_spawned":[1,4,8,11,13,21,24,25,27,28,29],"killed_by":"Book of Stabbing","ascension_level":20}}