{"host":"2461dio7vetlq1z3","time":1608981697,"event":{"mods":["2.2 Compatiblity","AchievementEnabler","Aspiration","BaseMod","Better Third Choice","Friendly Minions","Hermit","Minty Spire (QoL Compilation)","Relic Stats","Spicy Shops","StSLib","Waifu the Spire"],"gold_per_floor":[114,37,56,56,72,72,104,53,53,53,66,97,97,112,112,183,183,183,183,183,183,183,183,183,183,183,183,29,29,29,29,29,29,29,29,29,29,29,29,29],"floor_reached":39,"playtime":1801,"items_purged":["Defend_B"],"score":887,"play_id":"36ca7f8d-8daf-417c-9b47-17423320c7e7","local_time":"20201226122137","is_ascension_mode":true,"campfire_choices":[{"data":"Reprogram","floor":6,"key":"SMITH"},{"floor":10,"key":"REST"},{"floor":13,"key":"REST"},{"data":"Hologram","floor":15,"key":"SMITH"},{"floor":23,"key":"REST"},{"floor":25,"key":"REST"},{"data":"Reboot","floor":29,"key":"SMITH"},{"data":"Apotheosis","floor":32,"key":"SMITH"}],"circlet_count":0,"master_deck":["AscendersBane","Defend_B","Defend_B","Defend_B+1","Dualcast+1","Streamline","Reprogram+1","Gash","Melter","Hologram+1","Gash","Go for the Eyes","Reboot+1","Rebound","Sweeping Beam+1","Conserve Battery","Leap","Bite","Bite","Bite","Bite","Apotheosis+1","Fusion","Sunder"],"relics":["Cracked Core","War Paint","Matryoshka","aspiration:Lifesprig","Ectoplasm","aspiration:FaultyCoupler","MawBank","Ginger","aspiration:FrozenJewel","Snecko Eye"],"acts_visited":["Exordium","TheCity","TheBeyond"],"potions_floor_usage":[16,16,22,22,31,33],"damage_taken":[{"damage":4,"enemies":"Small Slimes","floor":1,"turns":4},{"damage":7,"enemies":"2 Louse","floor":3,"turns":3},{"damage":2,"enemies":"Jaw Worm","floor":5,"turns":6},{"damage":39,"enemies":"Gremlin Nob","floor":7,"turns":4},{"damage":7,"enemies":"2 Fungi Beasts","floor":11,"turns":2},{"damage":15,"enemies":"Lagavulin","floor":12,"turns":6},{"damage":19,"enemies":"3 Louse","floor":14,"turns":3},{"damage":5,"enemies":"The Guardian","floor":16,"turns":9},{"damage":4,"enemies":"Shell Parasite","floor":18,"turns":2},{"damage":14,"enemies":"Chosen","floor":20,"turns":4},{"damage":0,"enemies":"Sentry and Sphere","floor":21,"turns":2},{"damage":19,"enemies":"Cultist and Chosen","floor":22,"turns":5},{"damage":29,"enemies":"Gremlin Leader","floor":24,"turns":6},{"damage":28,"enemies":"Slavers","floor":31,"turns":4},{"damage":24,"enemies":"Automaton","floor":33,"turns":10},{"damage":21,"enemies":"Orb Walker","floor":35,"turns":5},{"damage":22,"enemies":"3 Darklings","floor":36,"turns":6},{"damage":14,"enemies":"Maw","floor":37,"turns":7},{"damage":32,"enemies":"4 Shapes","floor":38,"turns":7},{"damage":38,"enemies":"3 Darklings","floor":39,"turns":4}],"seed_played":"-8662308353730400101","potions_obtained":[{"floor":7,"key":"FocusPotion"},{"floor":12,"key":"PowerPotion"},{"floor":14,"key":"BlessingOfTheForge"},{"floor":16,"key":"SteroidPotion"},{"floor":20,"key":"DuplicationPotion"},{"floor":24,"key":"Weak Potion"},{"floor":33,"key":"Dexterity Potion"},{"floor":37,"key":"Strength Potion"}],"is_trial":false,"path_per_floor":["M","$","M","?","M","R","E","?","T","R","M","E","R","M","R","B",null,"M","?","M","M","M","R","E","R","T","?","$","R","?","E","R","B",null,"M","M","M","M","M"],"character_chosen":"DEFECT","items_purchased":["Reprogram","Block Potion"],"campfire_rested":4,"item_purchase_floors":[2,28],"current_hp_per_floor":[67,67,60,60,58,58,19,19,19,42,35,20,43,24,24,19,63,59,59,45,45,26,49,20,43,43,43,43,43,43,32,32,35,49,40,36,38,21,0,0],"gold":29,"neow_bonus":"TEN_PERCENT_HP_BONUS","is_daily":false,"chose_seed":false,"campfire_upgraded":4,"win_rate":0.0,"timestamp":1608981697,"path_taken":["M","$","M","?","M","R","E","?","T","R","M","E","R","?","R","BOSS","M","?","M","M","M","R","E","R","T","?","$","R","?","E","R","BOSS","M","M","M","?","M"],"items_purchased_type":["Card","Potion"],"build_version":"2020-12-22","purchased_purges":1,"victory":false,"max_hp_per_floor":[78,78,78,78,78,78,78,78,78,78,78,78,78,78,78,78,78,78,78,78,78,78,78,78,78,78,54,54,54,54,54,54,54,54,54,54,54,54,54,54],"relic_stats":{"counters":[20,99],"Snecko Eye":[54,55,50,58],"Ectoplasm":260,"Ginger":[7],"War Paint":["Dualcast","Defend_B"],"MawBank":0,"obtain_stats":[{"aspiration:Lifesprig":12,"Matryoshka":9,"Snecko Eye":34,"Ectoplasm":17,"Ginger":26,"War Paint":7,"Cracked Core":0,"MawBank":26,"aspiration:FrozenJewel":31,"aspiration:FaultyCoupler":24},{"aspiration:Lifesprig":6,"Matryoshka":4,"Snecko Eye":15,"Ectoplasm":8,"Ginger":13,"War Paint":4,"Cracked Core":0,"MawBank":13,"aspiration:FrozenJewel":14,"aspiration:FaultyCoupler":13},{"aspiration:Lifesprig":25,"Matryoshka":17,"Snecko Eye":70,"Ectoplasm":37,"Ginger":56,"War Paint":17,"Cracked Core":0,"MawBank":56,"aspiration:FrozenJewel":60,"aspiration:FaultyCoupler":56}]},"card_choices":[{"not_picked":["Reprogram","Tempest"],"picked":"Streamline","floor":1},{"not_picked":["Cold Snap","Sunder"],"picked":"Gash","floor":3},{"not_picked":["aspiration:Polymerization","Streamline"],"picked":"Melter","floor":5},{"not_picked":["Stack","Static Discharge","Barrage"],"picked":"SKIP","floor":7},{"not_picked":["Streamline","Creative AI"],"picked":"Hologram","floor":11},{"not_picked":["Sweeping Beam","Barrage"],"picked":"Gash","floor":12},{"not_picked":["Force Field","Double Energy"],"picked":"Go for the Eyes","floor":14},{"not_picked":["Core Surge","Thunder Strike"],"picked":"Reboot","floor":16},{"not_picked":["Conserve Battery","Compile Driver+1"],"picked":"Rebound","floor":18},{"not_picked":["Cold Snap","Rebound"],"picked":"Sweeping Beam+1","floor":20},{"not_picked":["Turbo","Steam"],"picked":"Conserve Battery","floor":21},{"not_picked":["Heatsinks","Doom and Gloom","Go for the Eyes"],"picked":"SKIP","floor":22},{"not_picked":["Doom and Gloom","Stack"],"picked":"Leap","floor":24},{"not_picked":["Chill","Steam Power","Auto Shields"],"picked":"SKIP","floor":31},{"not_picked":["Compile Driver","Streamline","Go for the Eyes+1"],"picked":"SKIP","floor":35},{"not_picked":["Aggregate+1","Streamline"],"picked":"Fusion","floor":36},{"not_picked":["Coolheaded+1","Blizzard"],"picked":"Sunder","floor":37},{"not_picked":["Streamline","Sweeping Beam","Auto Shields"],"picked":"SKIP","floor":38}],"player_experience":931802,"relics_obtained":[{"floor":7,"key":"War Paint"},{"floor":9,"key":"Matryoshka"},{"floor":12,"key":"aspiration:Lifesprig"},{"floor":24,"key":"aspiration:FaultyCoupler"},{"floor":26,"key":"MawBank"},{"floor":26,"key":"Ginger"},{"floor":31,"key":"aspiration:FrozenJewel"}],"event_choices":[{"cards_removed":["Zap"],"damage_healed":0,"gold_gain":0,"player_choice":"Forget","damage_taken":0,"max_hp_gain":0,"max_hp_loss":0,"event_name":"Living Wall","floor":4,"gold_loss":0},{"damage_healed":0,"gold_gain":0,"player_choice":"Left","damage_taken":0,"max_hp_gain":0,"max_hp_loss":0,"event_name":"betterThird:BetterGoop","floor":8,"gold_loss":51},{"damage_healed":0,"gold_gain":0,"player_choice":"Ignored","damage_taken":0,"max_hp_gain":0,"max_hp_loss":0,"event_name":"The Mausoleum","floor":19,"gold_loss":0},{"damage_healed":0,"gold_gain":0,"player_choice":"Became a vampire","damage_taken":0,"max_hp_gain":0,"max_hp_loss":24,"event_name":"Vampires","floor":27,"gold_loss":0,"cards_obtained":["Bite","Bite","Bite","Bite","Bite"]},{"damage_healed":0,"gold_gain":0,"cards_transformed":["Bite"],"player_choice":"Transformed","damage_taken":0,"max_hp_gain":0,"max_hp_loss":0,"event_name":"Transmorgrifier","floor":30,"gold_loss":0,"cards_obtained":["Apotheosis"]}],"is_beta":false,"boss_relics":[{"not_picked":["aspiration:BursterCore","Busted Crown"],"picked":"Ectoplasm"},{"not_picked":["aspiration:PoetsPen_weak","aspiration:SecretTechniqueScroll"],"picked":"Snecko Eye"}],"items_purged_floors":[28],"is_endless":false,"potions_floor_spawned":[7,12,14,16,20,24,33,37,38],"killed_by":"3 Darklings","ascension_level":20}}