{"host":"yd9r7zy2pq4z3cad","time":1608981020,"event":{"mods":["AchievementEnabler","Act Like it!","Astrologer","BaseMod","Beaked The Cultist","Better Third Choice","BetterRewards","Colored Map","Colored Powertips","Conspire","Curses Come First","Displayed Cursed Tome","Downfall","Elementarium","GifTheSpireLib","Halation","Hallownest","Hermit","Highlight Path","Hubris","Infinite Spire","Jorbs\u0027s Wanderer Trilogy","Menagerie","Minty Spire (QoL Compilation)","Pale of the Ancients","Permanent Neow","Rare Cards Sparkle","Relic Sorter","Relic Stats","Replay The Spire","Shade Mod","StSLib","Stuff the Spire","The Alterego","The Blackbeard","The Bladedancer","The Bug Knight","The Cursed","The Dragon Tamer","The Exalted","The Factory","The Forsaken","The Gatherer","The Hierophant","The Jungle","The Mystic","The Necromancer","The Problem Sleuth","The Runesmith","The Servant 0.9.4","The Spell Scribe","vexMod"],"gold_per_floor":[116,116,127,145,156,156,188,188,188,219,219,219,219,236,236,338,338,355,0,100,100,114,114,144,19,42,42,62,95,95,10,10,127,127,148,188,35,53,63,92,92,127,127,145,241,260,278,944,944,1049,1049,1060,990,996,593,593,599,599],"floor_reached":57,"playtime":3840,"items_purged":["Strike_S","Defend_S","Strike_S","Defend_S","Parasite","Defend_S"],"score":919,"play_id":"4f8f2c97-a4db-486f-bca4-7d8b04c38838","local_time":"20201226161020","is_ascension_mode":false,"campfire_choices":[{"floor":6,"key":"REST"},{"data":"GearUp","floor":8,"key":"SMITH"},{"data":"Strike_S","floor":15,"key":"PURGE"},{"data":"BestPractice","floor":23,"key":"SMITH"},{"floor":27,"key":"REST"},{"data":"SilverMatrix","floor":30,"key":"SMITH"},{"data":"Strike_S","floor":32,"key":"PURGE"},{"floor":49,"key":"REST"}],"circlet_count":0,"master_deck":["KidneyShot","Exchange","BottledTime+1","GearUp+1","Potential","InstantArmor+1","Spin","Ricochet","BestPractice+1","ShatteredReality","Solidify","SilverMatrix+1","MoonPhase","Moonlight","Sunlight","Luminosity","Rewind+1","DualDimension+1","TimeTheft+1","Luminosity+1","Madness","Madness","LightFlow","DoubleEdge","TimeWarp+1","Unruled+1","FastForward+1","FlawlessForm","Menagerie:Staggershock","Menagerie:Dismember","InstantArmor"],"relics":["Uniform","Omamori","TheAbacus","War Paint","Bromod:ArcanePulse","hubris:SlimyHat","Happy Flower","StuffTheSpire:RedRose","StuffTheSpire:RubySignet","vexMod:HeadHunter","conspire:BottledYoYo","Juzu Bracelet","Blood Vial","vexMod:ConsolationPrize","Bromod:ArcaneGrace","StuffTheSpire:GrapeVine","Prayer Wheel","Iron Hammer","conspire:Flyswatter","Mercury Hourglass","Letter Opener","vexMod:RockOfEvil","SlaversCollar","infinitespire:WardingShard"],"acts_visited":["Exordium","TheCity","TheBeyond","Menagerie:Menagerie"],"potions_floor_usage":[5,7,16,29,38,42,45,46,57],"damage_taken":[{"damage":0,"enemies":"Small Slimes","floor":1,"turns":4},{"damage":0,"enemies":"Cultist","floor":3,"turns":4},{"damage":0,"enemies":"2 Louse","floor":4,"turns":3},{"damage":0,"enemies":"Exordium Thugs","floor":5,"turns":3},{"damage":0,"enemies":"Gremlin Nob","floor":7,"turns":3},{"damage":0,"enemies":"Lagavulin","floor":10,"turns":6},{"damage":0,"enemies":"Large Slime","floor":14,"turns":4},{"damage":0,"enemies":"Fading Forest","floor":16,"turns":11},{"damage":13,"enemies":"2 Thieves","floor":18,"turns":3},{"damage":0,"enemies":"Spheric Guardian","floor":22,"turns":3},{"damage":7,"enemies":"Gremlin Leader","floor":24,"turns":5},{"damage":0,"enemies":"Centurion and Healer","floor":28,"turns":5},{"damage":10,"enemies":"Book of Stabbing","floor":29,"turns":5},{"damage":18,"enemies":"Automaton","floor":33,"turns":8},{"damage":10,"enemies":"Orb Walker","floor":35,"turns":3},{"damage":26,"enemies":"3 Shapes","floor":36,"turns":4},{"damage":7,"enemies":"Spire Growth","floor":38,"turns":5},{"damage":0,"enemies":"Transient","floor":39,"turns":5},{"damage":0,"enemies":"R_Hoarder","floor":40,"turns":10},{"damage":5,"enemies":"Nightmare","floor":42,"turns":7},{"damage":3,"enemies":"3 Darklings","floor":44,"turns":2},{"damage":61,"enemies":"Reptomancer","floor":45,"turns":6},{"damage":0,"enemies":"Writhing Mass","floor":46,"turns":5},{"damage":1,"enemies":"Spire Growth","floor":47,"turns":5},{"damage":0,"enemies":"hubris:GrandSnecko","floor":50,"turns":1},{"damage":0,"enemies":"Menagerie:MonstrousExperiment","floor":52,"turns":2},{"damage":0,"enemies":"Menagerie:2_RABBITS","floor":54,"turns":2},{"damage":100,"enemies":"Nightmare","floor":57,"turns":13}],"seed_played":"-5072202486239561201","potions_obtained":[{"floor":1,"key":"champ:CounterPotion"},{"floor":3,"key":"Toxic Potion"},{"floor":5,"key":"CultistPotion"},{"floor":18,"key":"Weak Potion"},{"floor":33,"key":"Milkshake"},{"floor":36,"key":"AttackPotion"},{"floor":39,"key":"Energy Potion"},{"floor":45,"key":"Swift Potion"},{"floor":46,"key":"Weak Potion"},{"floor":50,"key":"Reflective Coating"}],"is_trial":false,"path_per_floor":["M","?","M","M","M","R","E","R","T","E","?","?","?","M","R_BF","B",null,"M","$","?","AVR","M","R","E","$","T","R","M","E","R","?","R_BF","B",null,"M","M","$","M","M","E","?","NM","T","M","E","M","M","AVR","R","B",null,"M","?","M","$","?","NM"],"character_chosen":"THE_SERVANT","items_purchased":["Omamori","TheAbacus","BottledTime","GearUp","Adrenaline Potion","StuffTheSpire:RubySignet","StuffTheSpire:GrapeVine","infinitespire:WardingShard"],"campfire_rested":3,"item_purchase_floors":[0,0,0,0,0,19,37,55],"current_hp_per_floor":[45,45,45,45,45,64,64,64,64,64,64,57,57,57,57,65,65,52,52,52,52,58,58,57,57,57,65,65,55,55,55,55,50,65,56,47,47,48,59,65,57,65,65,65,9,32,44,44,62,62,62,62,62,62,62,65,0,0],"gold":599,"neow_bonus":"","is_daily":false,"chose_seed":false,"campfire_upgraded":3,"win_rate":0.0,"timestamp":1608981020,"path_taken":["M","?","M","?","M","R","E","R","T","E","?","?","?","M","R_BF","BOSS","M","$","?","AVR","M","R","E","?","T","R","M","E","R","?","R_BF","BOSS","M","M","$","M","M","E","?","NM","T","M","E","M","M","AVR","R","BOSS","M","?","M","$","?","NM"],"items_purchased_type":["Relic","Relic","Card","Card","Potion","Relic","Relic","Relic"],"build_version":"2020-12-22","purchased_purges":6,"victory":false,"max_hp_per_floor":[65,65,65,65,65,65,65,65,65,65,65,65,65,65,65,65,65,65,65,65,65,65,65,65,65,65,65,65,65,65,65,65,65,65,65,65,65,65,65,65,65,65,65,65,65,65,65,62,62,62,62,62,62,62,62,65,65,65],"relic_stats":{"Blood Vial":24,"TheAbacus":[240],"Happy Flower":[38],"counters":[73,387],"Prayer Wheel":5,"Juzu Bracelet":1,"Letter Opener":[25],"War Paint":["BottledTime","InstantArmor"],"obtain_stats":[{"Ice Cream":17,"Golden Egg":23,"Bromod:ArcanePulse":9,"StuffTheSpire:BlackoutCurse":22,"Uniform":0,"hubris:MysteriousPyramids":37,"vexMod:RockOfEvil":48,"Bromod:ArcaneAegis":20,"StuffTheSpire:SapphireSignet":24,"Blood Vial":29,"Prayer Wheel":40,"Iron Hammer":42,"halation:PromiseList":0,"HollowMod:PaleOreRelic":26,"Happy Flower":12,"Ring of Chaos":17,"Letter Opener":48,"War Paint":7,"infinitespire:EvilPickle":33,"SlaversCollar":51,"ReplayTheSpireMod:Shallot":9,"Hallownest:BankAccountRelic":8,"MutagenicStrength":20,"conspire:BottledYoYo":24,"infinitespire:PuzzleCube":46,"conspire:Flyswatter":43,"ReplayFunnel":8,"Blue Doll":29,"theForsaken:Lifeblossom":43,"Hallownest:DreamNailRelic":5,"hubris:SlimyHat":10,"Juzu Bracelet":26,"StuffTheSpire:GrapeVine":37,"Replay:Mystery Machine":9,"conspire:TopHat":17,"Pet Ghost":6,"Chameleon Ring":11,"hubris:Icosahedron":21,"TheAbacus":0,"downfall:HeartBlessingBlue":9,"Replay:Bottled Snecko":41,"StuffTheSpire:RedRose":13,"Bromod:ArcaneGrace":34,"downfall:HeartBlessingRed":6,"vexMod:ConsolationPrize":31,"infinitespire:FocusingShard":17,"PreservedInsect":4,"Omamori":0,"halation:SelfBoilingWater":7,"Mercury Hourglass":45,"Calling Bell":17,"Anchor":49,"vexMod:BarristanHead":19,"infinitespire:WardingShard":55,"vexMod:HeadHunter":21,"Ring of Fury":3,"StuffTheSpire:RubySignet":19,"ReplayTheSpireMod:Ring of Challenge":3,"Toy Ornithopter":26},{"Ice Cream":16,"Golden Egg":32,"Bromod:ArcanePulse":50,"StuffTheSpire:BlackoutCurse":19,"Uniform":0,"hubris:MysteriousPyramids":37,"vexMod:RockOfEvil":69,"Bromod:ArcaneAegis":18,"StuffTheSpire:SapphireSignet":20,"Blood Vial":58,"Prayer Wheel":64,"Iron Hammer":65,"halation:PromiseList":0,"HollowMod:PaleOreRelic":32,"Happy Flower":51,"Ring of Chaos":30,"Letter Opener":69,"War Paint":50,"infinitespire:EvilPickle":36,"SlaversCollar":70,"ReplayTheSpireMod:Shallot":13,"Hallownest:BankAccountRelic":26,"MutagenicStrength":31,"conspire:BottledYoYo":56,"infinitespire:PuzzleCube":42,"conspire:Flyswatter":65,"ReplayFunnel":4,"Blue Doll":34,"theForsaken:Lifeblossom":40,"Hallownest:DreamNailRelic":11,"hubris:SlimyHat":51,"Juzu Bracelet":56,"StuffTheSpire:GrapeVine":61,"Replay:Mystery Machine":26,"conspire:TopHat":16,"Pet Ghost":25,"Chameleon Ring":27,"hubris:Icosahedron":31,"TheAbacus":45,"downfall:HeartBlessingBlue":4,"Replay:Bottled Snecko":40,"StuffTheSpire:RedRose":51,"Bromod:ArcaneGrace":36,"downfall:HeartBlessingRed":3,"vexMod:ConsolationPrize":58,"infinitespire:FocusingShard":16,"PreservedInsect":24,"Omamori":45,"halation:SelfBoilingWater":12,"Mercury Hourglass":67,"Calling Bell":16,"Anchor":44,"vexMod:BarristanHead":31,"infinitespire:WardingShard":72,"vexMod:HeadHunter":54,"Ring of Fury":11,"StuffTheSpire:RubySignet":54,"ReplayTheSpireMod:Ring of Challenge":11,"Toy Ornithopter":20},{"Ice Cream":82,"Golden Egg":178,"Bromod:ArcanePulse":267,"StuffTheSpire:BlackoutCurse":94,"Uniform":0,"hubris:MysteriousPyramids":203,"vexMod:RockOfEvil":369,"Bromod:ArcaneAegis":86,"StuffTheSpire:SapphireSignet":98,"Blood Vial":309,"Prayer Wheel":344,"Iron Hammer":351,"halation:PromiseList":0,"HollowMod:PaleOreRelic":178,"Happy Flower":273,"Ring of Chaos":169,"Letter Opener":369,"War Paint":267,"infinitespire:EvilPickle":196,"SlaversCollar":370,"ReplayTheSpireMod:Shallot":73,"Hallownest:BankAccountRelic":151,"MutagenicStrength":174,"conspire:BottledYoYo":299,"infinitespire:PuzzleCube":232,"conspire:Flyswatter":351,"ReplayFunnel":24,"Blue Doll":187,"theForsaken:Lifeblossom":222,"Hallownest:DreamNailRelic":63,"hubris:SlimyHat":273,"Juzu Bracelet":299,"StuffTheSpire:GrapeVine":324,"Replay:Mystery Machine":151,"conspire:TopHat":82,"Pet Ghost":149,"Chameleon Ring":154,"hubris:Icosahedron":174,"TheAbacus":250,"downfall:HeartBlessingBlue":24,"Replay:Bottled Snecko":222,"StuffTheSpire:RedRose":273,"Bromod:ArcaneGrace":196,"downfall:HeartBlessingRed":15,"vexMod:ConsolationPrize":309,"infinitespire:FocusingShard":82,"PreservedInsect":142,"Omamori":250,"halation:SelfBoilingWater":69,"Mercury Hourglass":359,"Calling Bell":82,"Anchor":243,"vexMod:BarristanHead":174,"infinitespire:WardingShard":374,"vexMod:HeadHunter":291,"Ring of Fury":63,"StuffTheSpire:RubySignet":291,"ReplayTheSpireMod:Ring of Challenge":63,"Toy Ornithopter":98}],"Mercury Hourglass":[59]},"card_choices":[{"not_picked":["Unruled","FastForward"],"picked":"Potential","floor":1},{"not_picked":["Ricochet","Replace"],"picked":"InstantArmor","floor":3},{"not_picked":["Rewind","StarChef"],"picked":"Spin","floor":4},{"not_picked":["BottledTime","ShiftingGears","Rewind"],"picked":"SKIP","floor":5},{"not_picked":["Deadline","Alleviate"],"picked":"Ricochet","floor":7},{"not_picked":["TrueSight","Desolation"],"picked":"BestPractice","floor":10},{"not_picked":["Reset","Potential"],"picked":"ShatteredReality","floor":14},{"not_picked":["ForgedInTime","PendulumOfEternity"],"picked":"Solidify","floor":16},{"not_picked":["BottledTime","Ricochet","TimeTheft+1"],"picked":"SKIP","floor":18},{"not_picked":["Replace+1","ShiftingGears+1","WasteNot"],"picked":"SKIP","floor":22},{"not_picked":["Embodiment","KillingDoll"],"picked":"SilverMatrix","floor":24},{"not_picked":["TimeTheft","Misdirection"],"picked":"MoonPhase","floor":24},{"not_picked":["Ricochet","Potential","WasteNot"],"picked":"SKIP","floor":28},{"not_picked":["Potential","Rewind+1"],"picked":"Moonlight","floor":29},{"not_picked":["TheWorld","PendulumOfEternity","SilverMatrix"],"picked":"SKIP","floor":29},{"not_picked":["FloweringNight","TrueSight"],"picked":"Sunlight","floor":33},{"not_picked":["Replace","Alleviate+1"],"picked":"Luminosity","floor":35},{"not_picked":["Desolation+1","Revamp+1"],"picked":"Rewind+1","floor":36},{"not_picked":["Starlight+1","Alleviate+1"],"picked":"DualDimension+1","floor":38},{"not_picked":["ShatteredReality+1","Potential"],"picked":"TimeTheft+1","floor":39},{"not_picked":["FastForward","Collapse+1"],"picked":"Luminosity+1","floor":40},{"not_picked":["PendulumOfEternity","KillingDoll","TrueSight"],"picked":"SKIP","floor":40},{"not_picked":["Initiator","TheWorld"],"picked":"LightFlow","floor":42},{"not_picked":["ShatteredReality+1","Revamp+1","Rearm"],"picked":"SKIP","floor":42},{"not_picked":["BottledTime","KillingDoll","Revamp+1"],"picked":"SKIP","floor":44},{"not_picked":["Spin+1","Starlight","FastForward"],"picked":"SKIP","floor":44},{"not_picked":["Rewind","Replace"],"picked":"DoubleEdge","floor":45},{"not_picked":["TheWorld","TrueSight","SilverMatrix"],"picked":"SKIP","floor":45},{"not_picked":["FanOfKnives+1","TimeTheft+1"],"picked":"TimeWarp+1","floor":46},{"not_picked":["Replace","Spin","Rearm+1"],"picked":"SKIP","floor":46},{"not_picked":["Rearm","Gouge+1"],"picked":"Unruled+1","floor":47},{"not_picked":["Unruled","Starlight"],"picked":"FastForward+1","floor":47},{"not_picked":["Dilation","KillingDoll"],"picked":"FlawlessForm","floor":50},{"not_picked":["Revamp","MoonPhase","Hightail"],"picked":"SKIP","floor":52},{"not_picked":["Comet","Unruled","FastForward"],"picked":"SKIP","floor":52},{"not_picked":["Menagerie:Dismember","Menagerie:Skullclamp"],"picked":"Menagerie:Staggershock","floor":53},{"not_picked":["Menagerie:WallOfBlossoms","Menagerie:MirarisWake"],"picked":"Menagerie:Dismember","floor":53},{"not_picked":["Comet","Defy"],"picked":"InstantArmor","floor":54},{"not_picked":["ReturningBlade","TimeWarp","RealityMarble"],"picked":"SKIP","floor":54}],"player_experience":169529,"relics_obtained":[{"floor":7,"key":"War Paint"},{"floor":9,"key":"Bromod:ArcanePulse"},{"floor":10,"key":"hubris:SlimyHat"},{"floor":24,"key":"conspire:BottledYoYo"},{"floor":26,"key":"Juzu Bracelet"},{"floor":29,"key":"Blood Vial"},{"floor":40,"key":"Prayer Wheel"},{"floor":42,"key":"Iron Hammer"},{"floor":43,"key":"conspire:Flyswatter"},{"floor":45,"key":"Mercury Hourglass"}],"event_choices":[{"damage_healed":0,"gold_gain":0,"player_choice":"Ignored","damage_taken":0,"max_hp_gain":0,"max_hp_loss":0,"event_name":"NoteForYourself","floor":2,"gold_loss":0},{"damage_healed":0,"gold_gain":0,"player_choice":"Relic ","damage_taken":7,"max_hp_gain":0,"max_hp_loss":0,"event_name":"betterThird:BetterScrap","floor":12,"gold_loss":0,"cards_obtained":["Life Link"]},{"damage_healed":0,"gold_gain":100,"player_choice":"Pray","damage_taken":0,"max_hp_gain":0,"max_hp_loss":0,"event_name":"Golden Shrine","floor":20,"gold_loss":0},{"damage_healed":0,"gold_gain":0,"player_choice":"Obtained Relic","damage_taken":0,"relics_obtained":["vexMod:ConsolationPrize"],"max_hp_gain":0,"max_hp_loss":0,"event_name":"Addict","floor":31,"gold_loss":85},{"damage_healed":0,"gold_gain":0,"player_choice":"Embrace Madness","damage_taken":8,"max_hp_gain":0,"max_hp_loss":0,"event_name":"Winding Halls","floor":41,"gold_loss":0,"cards_obtained":["Madness","Madness"]},{"damage_healed":0,"gold_gain":0,"player_choice":"Spells","damage_taken":0,"max_hp_gain":0,"max_hp_loss":0,"event_name":"Menagerie:MagicPeddler","floor":53,"gold_loss":70}],"is_beta":false,"boss_relics":[{"not_picked":["Cursed Key","Ectoplasm","hubris:CrackedHourglass"]},{"not_picked":["conspire:SeveredTorchhead","theForsaken:PaleLantern"],"picked":"Bromod:ArcaneGrace"},{"not_picked":["infinitespire:Cupcake","Philosopher\u0027s Stone"],"picked":"SlaversCollar"}],"items_purged_floors":[0,19,21,25,48,55],"is_endless":true,"potions_floor_spawned":[1,3,5,18,33,36,39,40,45,46,50,52,54],"killed_by":"Nightmare","ascension_level":0}}