{"host":"7k2a2omxz3voj5ax","time":1608962212,"event":{"mods":["BaseMod","Marisa£¨ìFÓê¡¡Ä§ÀíÉ³£©","Minty Spire (QoL Compilation)","Quick Restart","Spicy Shops","StSLib","Starting Relic: Pandora\u0027s Box","óô»ðÖ¸ÄÏ"],"gold_per_floor":[115,115,40,57,70,99,119,132,132,132,132],"floor_reached":10,"playtime":358,"items_purged":["Flying Knee"],"score":140,"play_id":"b3b3890b-8686-42ab-92d4-890e8fba85e2","local_time":"20201226145652","is_ascension_mode":true,"campfire_choices":[],"circlet_count":0,"master_deck":["AscendersBane","Survivor","Neutralize","Underhanded Strike","Underhanded Strike","PiercingWail","Endless Agony","Concentrate","Dagger Spray","Quick Slash","Prepared","Backflip","CurseOfTheBell","Blade Dance","Footwork","Acrobatics"],"relics":["Calling Bell","Blood Vial","Molten Egg 2","Shovel","Nunchaku","Bronze Scales"],"acts_visited":["Exordium"],"potions_floor_usage":[7,10,10],"damage_taken":[{"damage":0.0,"enemies":"Cultist","floor":1.0,"turns":2.0},{"damage":0.0,"enemies":"2 Louse","floor":4.0,"turns":2.0},{"damage":7,"enemies":"Small Slimes","floor":5,"turns":3},{"damage":41,"enemies":"Lagavulin","floor":6,"turns":7},{"damage":0,"enemies":"Blue Slaver","floor":7,"turns":1},{"damage":2,"enemies":"Exordium Wildlife","floor":8,"turns":2},{"damage":14,"enemies":"Gremlin Nob","floor":10,"turns":2}],"seed_played":"-4751760581090030416","potions_obtained":[{"floor":4.0,"key":"Explosive Potion"},{"floor":7,"key":"Poison Potion"},{"floor":8,"key":"Poison Potion"}],"is_trial":false,"path_per_floor":["M","?","$","M","M","E","M","M","T","E"],"character_chosen":"THE_SILENT","items_purchased":[],"campfire_rested":0,"item_purchase_floors":[],"current_hp_per_floor":[61,50,50,52,47,8,10,10,10,0,0],"gold":132,"neow_bonus":"BOSS_RELIC","is_daily":false,"chose_seed":false,"campfire_upgraded":0,"win_rate":0.0,"timestamp":1608962212,"path_taken":["M","?","$","M","M","E","M","M","T","E"],"items_purchased_type":[],"build_version":"2020-12-22","purchased_purges":1,"victory":false,"max_hp_per_floor":[66,66,66,66,66,66,66,66,66,66,66],"card_choices":[{"not_picked":["Catalyst","Skewer+1","Finisher+1"],"picked":"SKIP","floor":1.0},{"not_picked":["Deadly Poison","Expertise","Bouncing Flask"],"picked":"SKIP","floor":4.0},{"not_picked":["Dagger Spray+1","Outmaneuver"],"picked":"Blade Dance","floor":5},{"not_picked":["Quick Slash+1","Deadly Poison","Escape Plan"],"picked":"SKIP","floor":6},{"not_picked":["Underhanded Strike+1","Wraith Form v2"],"picked":"Footwork","floor":7},{"not_picked":["Underhanded Strike+1","Expertise"],"picked":"Acrobatics","floor":8}],"player_experience":343257,"relics_obtained":[{"floor":0.0,"key":"Blood Vial"},{"floor":0.0,"key":"Molten Egg 2"},{"floor":0.0,"key":"Shovel"},{"floor":6,"key":"Bronze Scales"}],"event_choices":[{"damage_healed":0.0,"max_hp_gain":0.0,"max_hp_loss":0.0,"gold_gain":0.0,"event_name":"Scrap Ooze","player_choice":"Success","floor":2.0,"gold_loss":0.0,"damage_taken":11.0,"relics_obtained":["Nunchaku"]}],"is_beta":false,"boss_relics":[],"items_purged_floors":[3],"is_endless":false,"potions_floor_spawned":[4,7,8],"killed_by":"Gremlin Nob","ascension_level":20}}