{"host":"ue7jlgf7uv134an9","time":1608977940,"event":{"mods":["BaseMod","Better Third Choice","Defuse TimeMaze Blight","Minty Spire (QoL Compilation)","Quick Restart","Rare Cards Sparkle","Relic Stats","StSLib","UnlockEverythingMod"],"gold_per_floor":[167,177,177,177,187,213,213,228,255,271,300,166,166,180,180,251,251,269,284,0,0,13,13,13,13,13,13,26,56,72,72,72,143,143,161,176,176,188,205,205,230,230,230,230,230,130,158,174,174,174,174],"floor_reached":50,"playtime":1823,"items_purged":["Strike_G","Strike_G"],"score":1004,"play_id":"deeac92f-eb24-4a0a-9379-5cf8744dbfcc","local_time":"20201226051900","is_ascension_mode":true,"campfire_choices":[{"data":"Accuracy","floor":7.0,"key":"SMITH"},{"floor":13,"key":"REST"},{"data":"Cloak And Dagger","floor":15,"key":"SMITH"},{"floor":23,"key":"REST"},{"floor":25,"key":"REST"},{"floor":27,"key":"REST"},{"data":"Blade Dance","floor":32,"key":"SMITH"},{"floor":40,"key":"REST"},{"floor":42,"key":"REST"},{"floor":49,"key":"REST"}],"circlet_count":0,"master_deck":["AscendersBane","Strike_G","Defend_G","Defend_G+1","Defend_G","Defend_G","Defend_G","Survivor","Neutralize","Cloak And Dagger+1","Accuracy+1","Flying Knee","Blade Dance+1","Deflect","Adrenaline","Backflip","Dash","Wraith Form v2","Footwork","PiercingWail","Crippling Poison","Phantasmal Killer","Blur","Panache"],"relics":["Tiny House","HornCleat","The Specimen","Bag of Marbles","Cursed Key","Shuriken","Nilry\u0027s Codex","Akabeko","WristBlade","CaptainsWheel","Pen Nib"],"acts_visited":["Exordium","TheCity","TheBeyond"],"potions_floor_usage":[11,11,28,29,33,39,47,50],"damage_taken":[{"damage":10.0,"enemies":"Small Slimes","floor":1.0,"turns":6.0},{"damage":6.0,"enemies":"Jaw Worm","floor":2.0,"turns":6.0},{"damage":0.0,"enemies":"2 Louse","floor":5.0,"turns":2.0},{"damage":10.0,"enemies":"Lagavulin","floor":6.0,"turns":4.0},{"damage":0.0,"enemies":"Looter","floor":8.0,"turns":4.0},{"damage":3.0,"enemies":"Large Slime","floor":10.0,"turns":5.0},{"damage":24,"enemies":"Gremlin Nob","floor":11,"turns":4},{"damage":0,"enemies":"2 Fungi Beasts","floor":14,"turns":3},{"damage":15,"enemies":"The Guardian","floor":16,"turns":14},{"damage":0,"enemies":"Chosen","floor":18,"turns":5},{"damage":24,"enemies":"Shell Parasite","floor":19,"turns":4},{"damage":12,"enemies":"Sentry and Sphere","floor":22,"turns":7},{"damage":0,"enemies":"Centurion and Healer","floor":28,"turns":5},{"damage":4,"enemies":"Gremlin Leader","floor":29,"turns":8},{"damage":5,"enemies":"Chosen and Byrds","floor":30,"turns":6},{"damage":18,"enemies":"Champ","floor":33,"turns":12},{"damage":3,"enemies":"3 Shapes","floor":35,"turns":2},{"damage":11,"enemies":"Orb Walker","floor":36,"turns":4},{"damage":15,"enemies":"Spire Growth","floor":38,"turns":6},{"damage":22,"enemies":"Sphere and 2 Shapes","floor":39,"turns":5},{"damage":6,"enemies":"Mind Bloom Boss Battle","floor":41,"turns":6},{"damage":31,"enemies":"Giant Head","floor":47,"turns":7},{"damage":1,"enemies":"Transient","floor":48,"turns":6},{"damage":41,"enemies":"Time Eater","floor":50,"turns":8}],"seed_played":"-2176261561507797809","potions_obtained":[{"floor":0.0,"key":"BlessingOfTheForge"},{"floor":2.0,"key":"FearPotion"},{"floor":6.0,"key":"Weak Potion"},{"floor":8.0,"key":"LiquidMemories"},{"floor":10.0,"key":"PowerPotion"},{"floor":18,"key":"Explosive Potion"},{"floor":22,"key":"Block Potion"},{"floor":29,"key":"AttackPotion"},{"floor":36,"key":"Energy Potion"},{"floor":38,"key":"Strength Potion"},{"floor":39,"key":"FearPotion"},{"floor":47,"key":"Explosive Potion"}],"is_trial":false,"path_per_floor":["M","M","?","T","M","E","R","M","T","M","E","$","R","M","R","B",null,"M","M","$","?","M","R","?","R","T","R","M","E","M","$","R","B",null,"M","M","?","M","M","R","?","R","T","?","?","$","E","M","R","B"],"character_chosen":"THE_SILENT","items_purchased":["Backflip","Shuriken"],"campfire_rested":7,"item_purchase_floors":[12,20],"current_hp_per_floor":[54,48,41,41,41,31,31,31,31,28,4,4,25,25,25,10,56,56,32,32,32,20,41,20,41,41,62,62,58,53,53,53,35,62,59,48,48,33,11,32,26,47,47,47,47,47,16,15,36,0,0],"gold":174,"neow_bonus":"BOSS_RELIC","is_daily":false,"chose_seed":false,"campfire_upgraded":3,"win_rate":0.0,"timestamp":1608977940,"path_taken":["M","M","?","?","M","E","R","M","T","M","E","$","R","M","R","BOSS","M","M","$","?","M","R","?","R","T","R","M","E","M","$","R","BOSS","M","M","?","M","M","R","?","R","T","?","?","?","E","M","R","BOSS"],"items_purchased_type":["Card","Relic"],"build_version":"2020-12-22","purchased_purges":2,"victory":false,"max_hp_per_floor":[71,71,71,71,71,71,71,71,71,71,71,71,71,71,71,71,71,71,71,71,71,71,71,71,71,71,71,71,71,71,71,71,71,71,71,71,71,71,71,71,71,71,71,71,71,71,71,71,71,71,71],"relic_stats":{"counters":[24,139],"Shuriken":[43],"Pen Nib":[1],"Cursed Key":0,"obtain_stats":[{"CaptainsWheel":41,"Tiny House":0,"HornCleat":4,"The Specimen":6,"WristBlade":34,"Shuriken":20,"Nilry\u0027s Codex":24,"Pen Nib":47,"Bag of Marbles":11,"Cursed Key":17,"Akabeko":29,"Ring of the Snake":0},{"CaptainsWheel":21,"Tiny House":0,"HornCleat":2,"The Specimen":4,"WristBlade":16,"Shuriken":11,"Nilry\u0027s Codex":12,"Pen Nib":22,"Bag of Marbles":7,"Cursed Key":9,"Akabeko":14,"Ring of the Snake":0},{"CaptainsWheel":118,"Tiny House":0,"HornCleat":12,"The Specimen":18,"WristBlade":95,"Shuriken":57,"Nilry\u0027s Codex":64,"Pen Nib":125,"Bag of Marbles":31,"Cursed Key":48,"Akabeko":77,"Ring of the Snake":0}]},"card_choices":[{"not_picked":["Slice","Outmaneuver"],"picked":"Cloak And Dagger","floor":0.0},{"not_picked":["Flechettes","Terror"],"picked":"Accuracy","floor":1.0},{"not_picked":["Terror","Distraction"],"picked":"Flying Knee","floor":2.0},{"not_picked":["Caltrops","Deadly Poison"],"picked":"Blade Dance","floor":5.0},{"not_picked":["Reflex","Dagger Throw","Tools of the Trade"],"picked":"SKIP","floor":6.0},{"not_picked":["Acrobatics","Underhanded Strike","Catalyst"],"picked":"SKIP","floor":8.0},{"not_picked":["Heel Hook","Acrobatics"],"picked":"Deflect","floor":10.0},{"not_picked":["Distraction","Reflex"],"picked":"Adrenaline","floor":11},{"not_picked":["Underhanded Strike","Masterful Stab"],"picked":"Dash","floor":14},{"not_picked":["Adrenaline","Storm of Steel"],"picked":"Wraith Form v2","floor":16},{"not_picked":["Deadly Poison","Endless Agony"],"picked":"Footwork","floor":18},{"not_picked":["Dodge and Roll","Dagger Throw","Quick Slash"],"picked":"SKIP","floor":19},{"not_picked":["Poisoned Stab","Flying Knee"],"picked":"PiercingWail","floor":22},{"not_picked":["Expertise","Dodge and Roll+1","Deadly Poison"],"picked":"SKIP","floor":28},{"not_picked":["Dagger Throw","Bane"],"picked":"Crippling Poison","floor":29},{"not_picked":["Flechettes","Acrobatics+1","Riddle With Holes+1"],"picked":"SKIP","floor":30},{"not_picked":["Malaise","Die Die Die"],"picked":"Phantasmal Killer","floor":33},{"not_picked":["Poisoned Stab","Infinite Blades","Tactician+1"],"picked":"SKIP","floor":35},{"not_picked":["Acrobatics","PiercingWail+1","Catalyst"],"picked":"SKIP","floor":36},{"not_picked":["Dagger Spray","Expertise"],"picked":"Blur","floor":38},{"not_picked":["Heel Hook","Setup","Poisoned Stab+1"],"picked":"SKIP","floor":39},{"not_picked":["Dramatic Entrance","The Bomb"],"picked":"Panache","floor":45},{"not_picked":["Underhanded Strike+1","Catalyst","Flechettes"],"picked":"SKIP","floor":47},{"not_picked":["Endless Agony","Catalyst","Riddle With Holes"],"picked":"SKIP","floor":48}],"player_experience":49233,"relics_obtained":[{"floor":4.0,"key":"HornCleat"},{"floor":6.0,"key":"The Specimen"},{"floor":11,"key":"Bag of Marbles"},{"floor":24,"key":"Nilry\u0027s Codex"},{"floor":29,"key":"Akabeko"},{"floor":41,"key":"CaptainsWheel"},{"floor":47,"key":"Pen Nib"}],"event_choices":[{"cards_removed":["Strike_G"],"damage_healed":0.0,"max_hp_gain":0.0,"max_hp_loss":0.0,"gold_gain":0.0,"event_name":"Golden Wing","player_choice":"Card Removal","floor":3.0,"gold_loss":0.0,"damage_taken":7.0},{"damage_healed":0,"gold_gain":0,"player_choice":"Obtained Book","damage_taken":21,"max_hp_gain":0,"max_hp_loss":0,"event_name":"Cursed Tome","floor":24,"gold_loss":0},{"damage_healed":0,"gold_gain":0,"player_choice":"Ignored","damage_taken":0,"max_hp_gain":0,"max_hp_loss":0,"event_name":"Tomb of Lord Red Mask","floor":37,"gold_loss":0},{"damage_healed":0,"gold_gain":0,"player_choice":"Fight","damage_taken":0,"max_hp_gain":0,"max_hp_loss":0,"event_name":"MindBloom","floor":41,"gold_loss":0},{"cards_removed":["Strike_G"],"damage_healed":0,"gold_gain":0,"player_choice":"Removed Attack","damage_taken":0,"max_hp_gain":0,"max_hp_loss":0,"event_name":"Falling","floor":44,"gold_loss":0},{"damage_healed":0,"gold_gain":0,"player_choice":"Memory 1","damage_taken":0,"max_hp_gain":0,"max_hp_loss":0,"event_name":"SensoryStone","floor":45,"gold_loss":0}],"is_beta":false,"boss_relics":[{"not_picked":["Runic Pyramid","Busted Crown"],"picked":"Cursed Key"},{"not_picked":["Pandora\u0027s Box","Coffee Dripper"],"picked":"WristBlade"}],"items_purged_floors":[12,46],"is_endless":false,"potions_floor_spawned":[2,6,8,10,18,22,29,36,38,39,47],"killed_by":"Time Eater","ascension_level":20}}