{"host":"rl3s470f8onwqc1s","time":1608976528,"event":{"mods":["BaseMod","Dota2Spire","Gold Saver","HumanHunterMod(π÷ŒÔ…±»Àmod)","Minty Spire (QoL Compilation)","MostiFishMod","Shop Mod","Spicy Shops","StSLib","TestMod"],"gold_per_floor":[662,681,692,617,617,630,656,156,236,236,288,307,343,627,627,713,722,746,775,791,805,730,755,755,789,814,861,870,940,53,75,75,188,188,201,228,65,0,19,19,102,102,102,119,119],"floor_reached":44,"playtime":2200,"items_purged":["Strike_P","Strike_P"],"score":1518,"play_id":"fbe80e31-0cc2-425d-b7e6-bcd3ff235292","local_time":"20201226175528","is_ascension_mode":true,"campfire_choices":[{"data":"christmas-Famine","floor":15.0,"key":"SMITH"},{"data":"MostiFishMod:NightSea","floor":24.0,"key":"SMITH"},{"data":"Eruption","floor":32,"key":"SMITH"},{"floor":40,"key":"RECALL"},{"data":"MentalFortress","floor":42,"key":"SMITH"}],"circlet_count":0,"master_deck":["AscendersBane","Strike_P","Defend_P","Defend_P","Defend_P","Eruption+1","Vigilance","MostiFishMod:Neptune","MostiFishMod:TheEndOfMoonlight","MostiFishMod:SparklingWater","MostiFishMod:FantasySummer","MostiFishMod:NightSea+1","BowlingBash+1","Tantrum+1","MasterReality+1","DevaForm","christmas-Famine+1","Adaptation","MostiFishMod:Pointsdynamics+1","DeusExMachina+1","christmas-Death","FearNoEvil","Regret","Scrawl+1","Eruption+1","MostiFishMod:Speedup","christmas-Plague","DevaForm+1","christmas-Famine+1","Decay","MostiFishMod:FlowState+1","MentalFortress+1","MostiFishMod:Minus+1","MostiFishMod:Adaptation+1","MostiFishMod:ScryFuture+1"],"relics":["testmod-TestBox","DaveBox","MoonlightInvasionPlan","testmod-GiftOfSatan","NightmareShop","SynthV:TestCard","DianPoetry","Bag of Marbles","BrkXgEgg","StrikeDummy","CeramicFish","Whetstone","Jackal-EndForJourney","Tiny Chest","Dota2Spire:Dagon","Bag of Preparation","Dota2Spire:HandOfMidas","SynthV:C4","MetatronsCube","TimeKeys","testmod-Acrobat","testmod-BlackFramedGlasses","Red Mask","Strawberry","Turnip"],"acts_visited":["Exordium","TheCity","TheBeyond"],"potions_floor_usage":[],"damage_taken":[{"damage":2.0,"enemies":"Small Slimes","floor":1.0,"turns":3.0},{"damage":16.0,"enemies":"Jaw Worm","floor":2.0,"turns":3.0},{"damage":0.0,"enemies":"Cultist","floor":3.0,"turns":1.0},{"damage":13.0,"enemies":"3 Louse","floor":6.0,"turns":3.0},{"damage":0.0,"enemies":"Gremlin Nob","floor":7.0,"turns":2.0},{"damage":0.0,"enemies":"Lagavulin","floor":11.0,"turns":2.0},{"damage":0.0,"enemies":"Large Slime","floor":12.0,"turns":1.0},{"damage":0.0,"enemies":"3 Sentries","floor":13.0,"turns":1.0},{"damage":45.0,"enemies":"Hexaghost","floor":16.0,"turns":6.0},{"damage":53.0,"enemies":"Spheric Guardian","floor":18.0,"turns":4.0},{"damage":0.0,"enemies":"3 Byrds","floor":19.0,"turns":1.0},{"damage":0.0,"enemies":"Shelled Parasite and Fungi","floor":20.0,"turns":1.0},{"damage":7.0,"enemies":"3 Cultists","floor":21.0,"turns":4.0},{"damage":6.0,"enemies":"Slavers","floor":23.0,"turns":4.0},{"damage":3.0,"enemies":"Book of Stabbing","floor":25.0,"turns":1.0},{"damage":22.0,"enemies":"Slavers","floor":27.0,"turns":2.0},{"damage":0.0,"enemies":"Gremlin Leader","floor":29.0,"turns":1.0},{"damage":0,"enemies":"Snake Plant","floor":31,"turns":1},{"damage":21,"enemies":"Collector","floor":33,"turns":4},{"damage":6,"enemies":"3 Darklings","floor":35,"turns":2},{"damage":0,"enemies":"Orb Walker","floor":39,"turns":1},{"damage":10,"enemies":"Giant Head","floor":41,"turns":4},{"damage":137,"enemies":"Reptomancer","floor":44,"turns":3}],"seed_played":"-8259346015033633761","potions_obtained":[{"floor":1.0,"key":"DuplicationPotion"},{"floor":6.0,"key":"Explosive Potion"},{"floor":7.0,"key":"FearPotion"},{"floor":27.0,"key":"DuplicationPotion"}],"is_trial":false,"path_per_floor":["M","M","M","?","?","M","E","$","T","T","E","M","E","?","R","B",null,"M","M","M","M","?","E","R","E","T","E","?","E","$","M","R","B",null,"M","T","$","?","M","R","E","R","T","E"],"character_chosen":"WATCHER","items_purchased":["Bag of Marbles","BrkXgEgg","MostiFishMod:Pointsdynamics+1","MetatronsCube","testmod-BlackFramedGlasses"],"campfire_rested":0,"item_purchase_floors":[8,8,8,30,37],"current_hp_per_floor":[65,52,52,52,32,37,37,37,37,37,80,80,80,80,80,86,87,44,44,44,37,37,47,47,44,44,22,22,22,22,52,52,76,100,102,102,102,102,103,103,122,122,122,0,0],"gold":119,"neow_bonus":"BOSS_RELIC","is_daily":false,"chose_seed":false,"campfire_upgraded":4,"win_rate":0.0,"timestamp":1608976528,"path_taken":["M","M","M","?","?","M","E","?","T","?","E","?","E","?","R","BOSS","M","M","?","M","?","E","R","E","T","E","?","E","?","?","R","BOSS","M","?","$","?","M","R","E","R","T","E"],"items_purchased_type":["Relic","Relic","Card","Relic","Relic"],"build_version":"2020-12-22","purchased_purges":2,"victory":false,"max_hp_per_floor":[68,68,68,68,68,73,73,73,73,73,80,80,80,80,80,87,87,94,94,94,94,94,101,101,101,101,101,101,101,101,108,108,108,108,108,108,108,108,108,108,122,122,122,122,122],"card_choices":[{"not_picked":["ClearTheMind","Evaluate"],"picked":"BowlingBash","floor":1.0},{"not_picked":["CutThroughFate","Evaluate","WheelKick","SandsOfTime"],"picked":"Tantrum","floor":2.0},{"not_picked":["BowlingBash","CutThroughFate","ThirdEye","Halt"],"picked":"MasterReality","floor":3.0},{"not_picked":["Pray","Crescendo","BattleHymn","Study"],"picked":"DevaForm","floor":6.0},{"not_picked":["christmas-Plague","christmas-War","christmas-Death","christmas-Famine"],"picked":"christmas-Famine","floor":6.0},{"not_picked":["Indignation","EmptyFist","Tantrum","CutThroughFate"],"picked":"Adaptation","floor":7.0},{"not_picked":["CrushJoints","WheelKick","PathToVictory","Protect"],"picked":"DeusExMachina+1","floor":11.0},{"not_picked":["christmas-War","christmas-Famine","christmas-Plague","christmas-Death"],"picked":"christmas-Death","floor":11.0},{"not_picked":["WreathOfFlame","Nirvana","PathToVictory","Protect","SandsOfTime"],"picked":"SKIP","floor":12.0},{"not_picked":["ThirdEye","BowlingBash","FollowUp","Prostrate"],"picked":"FearNoEvil","floor":13.0},{"not_picked":["MostiFishMod:Pointsdynamics+1","Judgement+1","MostiFishMod:Dust+1","MostiFishMod:StarOceanP+1"],"picked":"Scrawl+1","floor":16.0},{"not_picked":["MostiFishMod:LegendTransform","FlyingSleeves","Crescendo","MostiFishMod:Clarity"],"picked":"MostiFishMod:Speedup","floor":18.0},{"not_picked":["christmas-Famine","christmas-Death","christmas-War","christmas-Famine"],"picked":"christmas-Plague","floor":19.0},{"not_picked":["SignatureMove","SashWhip","ForeignInfluence","CutThroughFate","ThirdEye"],"picked":"SKIP","floor":19.0},{"not_picked":["MostiFishMod:Speedup","Weave","Conclude","ForeignInfluence","ClearTheMind"],"picked":"SKIP","floor":20.0},{"not_picked":["Indignation","CutThroughFate","JustLucky","FollowUp","ClearTheMind"],"picked":"SKIP","floor":21.0},{"not_picked":["Indignation","CutThroughFate","JustLucky","FollowUp","ClearTheMind"],"picked":"SKIP","floor":21.0},{"not_picked":["MostiFishMod:Speedup","WindmillStrike+1","Sanctity","Perseverance","PathToVictory"],"picked":"SKIP","floor":23.0},{"not_picked":["Crescendo","FlyingSleeves","CrushJoints","WaveOfTheHand","Consecrate"],"picked":"SKIP","floor":25.0},{"not_picked":["Halt","FlyingSleeves","Evaluate","Consecrate"],"picked":"DevaForm+1","floor":27.0},{"not_picked":["christmas-Plague","christmas-Death","christmas-War","christmas-War"],"picked":"christmas-Famine+1","floor":27.0},{"not_picked":["MentalFortress","JustLucky","Tantrum","PathToVictory"],"picked":"MostiFishMod:FlowState+1","floor":29.0},{"not_picked":["SignatureMove","JustLucky","Wireheading","Consecrate+1"],"picked":"MentalFortress","floor":31},{"not_picked":["Alpha+1","MostiFishMod:Pointsdynamics+1","LessonLearned+1","ConjureBlade+1"],"picked":"MostiFishMod:Minus+1","floor":33},{"not_picked":["BattleHymn+1","WreathOfFlame+1","Conclude","Meditate","MostiFishMod:LegendTransform"],"picked":"SKIP","floor":35},{"not_picked":["Halt","EmptyBody","CrushJoints+1","FlyingSleeves"],"picked":"MostiFishMod:Adaptation+1","floor":39},{"not_picked":["Prostrate","MostiFishMod:StarHerder+1","Swivel","JustLucky"],"picked":"MostiFishMod:ScryFuture+1","floor":41}],"player_experience":1296416,"relics_obtained":[{"floor":1.0,"key":"SynthV:TestCard"},{"floor":7.0,"key":"DianPoetry"},{"floor":10.0,"key":"StrikeDummy"},{"floor":11.0,"key":"CeramicFish"},{"floor":13.0,"key":"Whetstone"},{"floor":23.0,"key":"Tiny Chest"},{"floor":25.0,"key":"Dota2Spire:Dagon"},{"floor":26.0,"key":"Bag of Preparation"},{"floor":27.0,"key":"Dota2Spire:HandOfMidas"},{"floor":29.0,"key":"SynthV:C4"},{"floor":36,"key":"testmod-Acrobat"},{"floor":41,"key":"Strawberry"},{"floor":43,"key":"Turnip"}],"event_choices":[{"cards_removed":["Strike_P"],"damage_healed":0.0,"max_hp_gain":0.0,"max_hp_loss":0.0,"gold_gain":0.0,"event_name":"The Cleric","player_choice":"Card Removal","floor":4.0,"gold_loss":75.0,"damage_taken":0.0},{"damage_healed":0.0,"max_hp_gain":0.0,"max_hp_loss":0.0,"gold_gain":0.0,"event_name":"Shining Light","player_choice":"Entered Light","floor":5.0,"gold_loss":0.0,"damage_taken":20.0,"cards_upgraded":["Tantrum","MasterReality"]},{"damage_healed":0.0,"max_hp_gain":0.0,"max_hp_loss":0.0,"gold_gain":275.0,"event_name":"Golden Shrine","player_choice":"Desecrate","floor":14.0,"gold_loss":0.0,"damage_taken":0.0,"cards_obtained":["Regret"]},{"cards_removed":["Defend_P"],"damage_healed":0.0,"max_hp_gain":0.0,"max_hp_loss":0.0,"gold_gain":0.0,"event_name":"Beggar","player_choice":"Gave Gold","floor":22.0,"gold_loss":75.0,"damage_taken":0.0},{"damage_healed":0.0,"max_hp_gain":0.0,"max_hp_loss":0.0,"gold_gain":0.0,"event_name":"Forgotten Altar","player_choice":"Smashed Altar","floor":28.0,"gold_loss":0.0,"damage_taken":0.0,"cards_obtained":["Decay"]},{"damage_healed":0,"gold_gain":0,"player_choice":"Paid","damage_taken":0,"relics_obtained":["Red Mask"],"max_hp_gain":0,"max_hp_loss":0,"event_name":"Tomb of Lord Red Mask","floor":38,"gold_loss":65}],"is_beta":false,"boss_relics":[{"not_picked":["testmod-CardMagician","Ectoplasm"],"picked":"Jackal-EndForJourney"},{"not_picked":["EE1DDrone","Tiny House"],"picked":"TimeKeys"}],"items_purged_floors":[8,8],"is_endless":false,"potions_floor_spawned":[1,6,7,19,27,29,31],"killed_by":"Reptomancer","ascension_level":20}}