{"host":"x039aayur7qovk2d","time":1608965303,"event":{"mods":["AchievementEnabler","BaseMod","Block Reminder","Colored Map","Colored Powertips","DeckTracker","Googly Eyes","Highlight Path","Minty Spire (QoL Compilation)","Permanent Neow","Quick Restart","Rare Cards Sparkle","Relic Sorter","Relic Stats"],"gold_per_floor":[117,117,8,28,128,156,156,185,185,196,208,267,267,285,285,390,390,405,181,181,181,201,232,232,232,232,232,259,275,290,290,290,390,390,400,450,463,478,478,510,510,521,821,835,614,614,614,33,33,33,33],"floor_reached":50,"playtime":3362,"items_purged":["Strike_G","Shame","Writhe"],"score":693,"play_id":"e17d2952-fc62-42e3-8645-187c6a8b82ec","local_time":"20201225224823","is_ascension_mode":false,"campfire_choices":[{"floor":7.0,"key":"RECALL"},{"floor":15.0,"key":"REST"},{"data":"Neutralize","floor":24,"key":"SMITH"},{"data":"Choke","floor":32,"key":"SMITH"},{"data":"Infinite Blades","floor":41,"key":"SMITH"},{"data":"A Thousand Cuts","floor":46,"key":"SMITH"},{"data":"Blade Dance","floor":49,"key":"SMITH"}],"circlet_count":0,"master_deck":["Strike_G","Strike_G","Strike_G","Strike_G","Defend_G","Defend_G","Defend_G","Defend_G","Defend_G","Survivor","Neutralize+1","Deadly Poison","Poisoned Stab","All Out Attack","Choke+1","Dodge and Roll","Slice","Dash","Endless Agony","Adrenaline","Blade Dance+1","Blade Dance","Blade Dance+1","Accuracy+1","A Thousand Cuts+1","Night Terror","Infinite Blades+1","Swift Strike"],"relics":["Ring of the Snake","NeowsBlessing","Pear","Ice Cream","Bottled Flame","Bag of Marbles","PreservedInsect","Coffee Dripper","ClockworkSouvenir","Ninja Scroll","Calipers","Shuriken","Blood Vial","Pocketwatch","Cursed Key","FossilizedHelix","Dream Catcher","Old Coin","Orichalcum","Happy Flower","Lee\u0027s Waffle"],"acts_visited":["Exordium","TheCity","TheBeyond"],"potions_floor_usage":[23,28,28,38,38,40,50,50,50],"damage_taken":[{"damage":0.0,"enemies":"Cultist","floor":1.0,"turns":1.0},{"damage":0.0,"enemies":"2 Louse","floor":4.0,"turns":1.0},{"damage":0.0,"enemies":"Gremlin Nob","floor":6.0,"turns":1.0},{"damage":23.0,"enemies":"3 Sentries","floor":8.0,"turns":10.0},{"damage":2.0,"enemies":"Small Slimes","floor":10.0,"turns":2.0},{"damage":37.0,"enemies":"Gremlin Gang","floor":11.0,"turns":6.0},{"damage":5.0,"enemies":"3 Sentries","floor":12.0,"turns":5.0},{"damage":3.0,"enemies":"2 Fungi Beasts","floor":14.0,"turns":3.0},{"damage":31.0,"enemies":"The Guardian","floor":16.0,"turns":12.0},{"damage":0,"enemies":"3 Byrds","floor":18,"turns":4},{"damage":1,"enemies":"Chosen","floor":22,"turns":2},{"damage":0,"enemies":"Gremlin Leader","floor":23,"turns":1},{"damage":0,"enemies":"Slavers","floor":28,"turns":3},{"damage":7,"enemies":"Centurion and Healer","floor":29,"turns":3},{"damage":0,"enemies":"3 Cultists","floor":30,"turns":3},{"damage":40,"enemies":"Champ","floor":33,"turns":7},{"damage":2,"enemies":"3 Darklings","floor":35,"turns":4},{"damage":0,"enemies":"Mind Bloom Boss Battle","floor":36,"turns":3},{"damage":0,"enemies":"Orb Walker","floor":37,"turns":1},{"damage":0,"enemies":"Writhing Mass","floor":38,"turns":3},{"damage":0,"enemies":"Nemesis","floor":40,"turns":2},{"damage":0,"enemies":"Spire Growth","floor":42,"turns":3},{"damage":0,"enemies":"Jaw Worm Horde","floor":44,"turns":2},{"damage":99,"enemies":"Time Eater","floor":50,"turns":8}],"seed_played":"-3532416415893646155","potions_obtained":[{"floor":6.0,"key":"DuplicationPotion"},{"floor":8.0,"key":"PowerPotion"},{"floor":11.0,"key":"DistilledChaos"},{"floor":12.0,"key":"SpeedPotion"},{"floor":16.0,"key":"SteroidPotion"},{"floor":22,"key":"GamblersBrew"},{"floor":23,"key":"Dexterity Potion"},{"floor":30,"key":"Swift Potion"},{"floor":36,"key":"Fire Potion"},{"floor":38,"key":"Block Potion"},{"floor":42,"key":"SpeedPotion"},{"floor":44,"key":"Dexterity Potion"}],"is_trial":false,"path_per_floor":["M","$","?","M","?","E","R","E","T","M","M","?","T","M","R","B",null,"M","$","?","?","M","E","R","?","T","?","E","M","M","?","R","B",null,"M","?","M","M","?","E","R","M","T","M","$","R","?","$","R","B"],"character_chosen":"THE_SILENT","items_purchased":["ClockworkSouvenir","LiquidBronze","Fire Potion","Orichalcum","Happy Flower","Lee\u0027s Waffle"],"campfire_rested":1,"item_purchase_floors":[19,45,45,48,48,48],"current_hp_per_floor":[70,70,80,80,80,80,80,57,57,55,18,13,13,10,34,3,80,80,80,80,80,79,79,79,79,79,79,80,73,75,60,60,22,85,83,85,85,85,85,85,85,85,85,85,85,85,85,92,92,0,0],"gold":33,"neow_bonus":"THREE_ENEMY_KILL","is_daily":false,"chose_seed":false,"campfire_upgraded":5,"win_rate":0.0,"timestamp":1608965303,"path_taken":["M","?","?","?","?","E","R","E","T","?","M","?","?","M","R","BOSS","M","$","?","?","M","E","R","?","T","?","E","M","M","?","R","BOSS","M","?","M","M","?","E","R","M","T","?","$","R","?","$","R","BOSS"],"items_purchased_type":["Relic","Potion","Potion","Relic","Relic","Relic"],"build_version":"2020-12-22","purchased_purges":3,"victory":false,"max_hp_per_floor":[70,70,80,80,80,80,80,80,80,80,80,80,80,80,80,80,80,80,80,80,80,80,80,80,80,80,80,80,80,80,85,85,85,85,85,85,85,85,85,85,85,85,85,85,85,85,85,92,92,92,92],"relic_stats":{"Blood Vial":7,"Dream Catcher":0,"Lee\u0027s Waffle":7,"Happy Flower":[2],"counters":[24,90],"Shuriken":[60],"PreservedInsect":136,"Orichalcum":[24],"Cursed Key":1,"obtain_stats":[{"Ice Cream":6,"Lee\u0027s Waffle":48,"Pear":3,"Calipers":23,"NeowsBlessing":0,"Happy Flower":48,"PreservedInsect":13,"Orichalcum":48,"Cursed Key":34,"ClockworkSouvenir":19,"Old Coin":43,"Blood Vial":27,"Bottled Flame":8,"Dream Catcher":40,"Ninja Scroll":20,"Shuriken":26,"Bag of Marbles":12,"Coffee Dripper":17,"FossilizedHelix":36,"Ring of the Snake":0,"Pocketwatch":28},{"Ice Cream":3,"Lee\u0027s Waffle":23,"Pear":1,"Calipers":12,"NeowsBlessing":0,"Happy Flower":23,"PreservedInsect":7,"Orichalcum":23,"Cursed Key":16,"ClockworkSouvenir":10,"Old Coin":22,"Blood Vial":12,"Bottled Flame":4,"Dream Catcher":21,"Ninja Scroll":10,"Shuriken":12,"Bag of Marbles":7,"Coffee Dripper":9,"FossilizedHelix":18,"Ring of the Snake":0,"Pocketwatch":13},{"Ice Cream":3,"Lee\u0027s Waffle":82,"Pear":1,"Calipers":48,"NeowsBlessing":0,"Happy Flower":82,"PreservedInsect":26,"Orichalcum":82,"Cursed Key":64,"ClockworkSouvenir":45,"Old Coin":80,"Blood Vial":48,"Bottled Flame":13,"Dream Catcher":77,"Ninja Scroll":45,"Shuriken":48,"Bag of Marbles":26,"Coffee Dripper":41,"FossilizedHelix":71,"Ring of the Snake":0,"Pocketwatch":51}],"Ring of the Snake":[45],"Pocketwatch":[6]},"card_choices":[{"not_picked":["Well Laid Plans","Masterful Stab"],"picked":"Deadly Poison","floor":1.0},{"not_picked":["PiercingWail","Sucker Punch"],"picked":"Poisoned Stab","floor":4.0},{"not_picked":["Slice","Caltrops"],"picked":"All Out Attack","floor":6.0},{"not_picked":["Concentrate","Heel Hook"],"picked":"Choke","floor":8.0},{"not_picked":["Poisoned Stab","Deflect"],"picked":"Dodge and Roll","floor":10.0},{"not_picked":["Flying Knee","Distraction"],"picked":"Slice","floor":11.0},{"not_picked":["Dagger Throw","Outmaneuver"],"picked":"Dash","floor":12.0},{"not_picked":["Slice","Deadly Poison"],"picked":"Endless Agony","floor":14.0},{"not_picked":["Unload","Grand Finale"],"picked":"Adrenaline","floor":16.0},{"not_picked":["Sucker Punch","Dagger Spray","Blur+1"],"picked":"SKIP","floor":18},{"not_picked":["Catalyst","Cloak And Dagger"],"picked":"Blade Dance","floor":22},{"not_picked":["Finisher+1","Concentrate+1","Calculated Gamble"],"picked":"SKIP","floor":23},{"not_picked":["Quick Slash+1","Sucker Punch+1"],"picked":"Blade Dance","floor":28},{"not_picked":["Dash","Acrobatics+1"],"picked":"Accuracy+1","floor":29},{"not_picked":["Footwork","Heel Hook","Sucker Punch"],"picked":"SKIP","floor":30},{"not_picked":["Doppelganger","Corpse Explosion"],"picked":"A Thousand Cuts","floor":33},{"not_picked":["Slice","Cloak And Dagger","Dash+1"],"picked":"SKIP","floor":35},{"not_picked":["Leg Sweep+1","PiercingWail+1","Deflect+1"],"picked":"SKIP","floor":37},{"not_picked":["Bane","Dodge and Roll"],"picked":"Night Terror","floor":38},{"not_picked":["Deflect","Tactician+1"],"picked":"Infinite Blades","floor":40},{"not_picked":["Acrobatics","Footwork+1","Blur"],"picked":"SKIP","floor":42},{"not_picked":["Sucker Punch","Dodge and Roll","Flying Knee"],"picked":"SKIP","floor":44},{"not_picked":["Purity","Madness"],"picked":"Swift Strike","floor":47}],"player_experience":85392,"relics_obtained":[{"floor":6.0,"key":"Ice Cream"},{"floor":8.0,"key":"Bottled Flame"},{"floor":12.0,"key":"Bag of Marbles"},{"floor":13.0,"key":"PreservedInsect"},{"floor":23,"key":"Calipers"},{"floor":26,"key":"Shuriken"},{"floor":28,"key":"Pocketwatch"},{"floor":36,"key":"FossilizedHelix"},{"floor":40,"key":"Dream Catcher"},{"floor":43,"key":"Old Coin"}],"event_choices":[{"damage_healed":0.0,"max_hp_gain":0.0,"max_hp_loss":0.0,"gold_gain":0.0,"event_name":"WeMeetAgain","player_choice":"Paid Gold","floor":3.0,"gold_loss":109.0,"damage_taken":0.0,"relics_obtained":["Pear"]},{"damage_healed":0.0,"max_hp_gain":0.0,"max_hp_loss":0.0,"gold_gain":100.0,"event_name":"Wheel of Change","player_choice":"Gold","floor":5.0,"gold_loss":0.0,"damage_taken":0.0},{"damage_healed":0.0,"max_hp_gain":0.0,"max_hp_loss":0.0,"gold_gain":30.0,"event_name":"Dead Adventurer","player_choice":"Searched \u00273\u0027 times","floor":12.0,"gold_loss":0.0,"damage_taken":0.0},{"damage_healed":0,"gold_gain":0,"player_choice":"Stole Relic","damage_taken":0,"relics_obtained":["Ninja Scroll"],"max_hp_gain":0,"max_hp_loss":0,"event_name":"Addict","floor":20,"gold_loss":0,"cards_obtained":["Shame"]},{"damage_healed":0,"gold_gain":0,"player_choice":"Read","damage_taken":0,"max_hp_gain":0,"max_hp_loss":0,"event_name":"The Library","floor":21,"gold_loss":0,"cards_obtained":["Blade Dance"]},{"damage_healed":0,"gold_gain":0,"player_choice":"Ignored","damage_taken":0,"max_hp_gain":0,"max_hp_loss":0,"event_name":"Ghosts","floor":25,"gold_loss":0},{"damage_healed":0,"gold_gain":0,"player_choice":"Opened","damage_taken":0,"relics_obtained":["Blood Vial"],"max_hp_gain":0,"max_hp_loss":0,"event_name":"The Mausoleum","floor":27,"gold_loss":0},{"damage_healed":0,"gold_gain":0,"player_choice":"Shed Blood","damage_taken":20,"max_hp_gain":5,"max_hp_loss":0,"event_name":"Forgotten Altar","floor":31,"gold_loss":0},{"damage_healed":0,"gold_gain":0,"player_choice":"Fight","damage_taken":0,"max_hp_gain":0,"max_hp_loss":0,"event_name":"MindBloom","floor":36,"gold_loss":0},{"damage_healed":0,"gold_gain":0,"player_choice":"Upgraded","damage_taken":0,"max_hp_gain":0,"max_hp_loss":0,"event_name":"Upgrade Shrine","floor":39,"gold_loss":0,"cards_upgraded":["Blade Dance"]},{"damage_healed":0,"gold_gain":0,"player_choice":"Memory 1","damage_taken":0,"max_hp_gain":0,"max_hp_loss":0,"event_name":"SensoryStone","floor":47,"gold_loss":0}],"is_beta":false,"boss_relics":[{"not_picked":["Tiny House","Black Star"],"picked":"Coffee Dripper"},{"not_picked":["SacredBark","Pandora\u0027s Box"],"picked":"Cursed Key"}],"items_purged_floors":[19,45,48],"is_endless":false,"potions_floor_spawned":[6,8,11,12,16,22,23,30,36,38,42,44],"killed_by":"Time Eater","ascension_level":0}}