{"host":"kw4o7b3ro2ktmmbe","time":1608956722,"event":{"mods":["BaseMod","Downfall","Evolution","Minty Spire (QoL Compilation)","StSLib","Treasure Hunter"],"gold_per_floor":[99,374,393,406,417,16,85,85,185,185,197,197,107,136,147,249,249,249,265,265,265,265],"floor_reached":20,"playtime":1899,"items_purged":["Regret"],"score":181,"play_id":"fdc6af5e-e523-4f4b-8b12-98ae16b8cfc2","local_time":"20201226172522","is_ascension_mode":true,"campfire_choices":[{"data":"hexamod:Sear","floor":1.0,"key":"SMITH"},{"data":"hexamod:FlamesFromBeyond","floor":10.0,"key":"SMITH"},{"floor":12.0,"key":"REST"},{"data":"TH:ArmorSpikes","floor":18,"key":"SMITH"}],"circlet_count":0,"master_deck":["hexamod:Strike","hexamod:Strike","hexamod:Strike","hexamod:Defend","hexamod:Defend","hexamod:Defend","hexamod:Defend","hexamod:Sear+1","hexamod:Float","hexamod:FlamesFromBeyond+1","hexamod:EtherealExpedition","hexamod:PhantomCloak","TH:DeckOfManyThings","hexamod:EmpoweredFlame+1","hexamod:FourthSeal","TH:ArmorSpikes+1","hexamod:ExtraCrispy+1","TH:CopperCoins","hexamod:GiftsFromTheDead+1","hexamod:PowerFromBeyond"],"relics":["EVO:Axolotl","Velvet Choker","HandDrill","HornCleat","Frozen Egg 2","downfall:CloakOfManyFaces","CultistMask","FaceOfCleric","NlothsMask","GremlinMask","SsserpentHead","Blood Vial","Philosopher\u0027s Stone"],"acts_visited":["Exordium","TheCity"],"potions_floor_usage":[15,16,20],"damage_taken":[{"damage":5.0,"enemies":"2 Louse","floor":3.0,"turns":3.0},{"damage":1.0,"enemies":"Cultist","floor":4.0,"turns":3.0},{"damage":6.0,"enemies":"Small Slimes","floor":5.0,"turns":4.0},{"damage":5.0,"enemies":"downfall:FleeingMerchant","floor":6.0,"turns":4.0},{"damage":15.0,"enemies":"downfall:FaceTrader","floor":9.0,"turns":6.0},{"damage":17.0,"enemies":"Red Slaver","floor":11.0,"turns":4.0},{"damage":3.0,"enemies":"downfall:FleeingMerchant","floor":13.0,"turns":4.0},{"damage":8.0,"enemies":"Gremlin Nob","floor":14.0,"turns":5.0},{"damage":0,"enemies":"Lots of Slimes","floor":15,"turns":3},{"damage":23,"enemies":"downfall:Ironclad","floor":16,"turns":9},{"damage":34,"enemies":"Chosen","floor":19,"turns":6},{"damage":44,"enemies":"3 Byrds","floor":20,"turns":3}],"seed_played":"5183629570263931169","potions_obtained":[{"floor":4.0,"key":"Explosive Potion"},{"floor":5.0,"key":"Dexterity Potion"},{"floor":14.0,"key":"CultistPotion"},{"floor":15,"key":"Energy Potion"},{"floor":16,"key":"BlessingOfTheForge"}],"is_trial":false,"path_per_floor":["R","?","M","M","M","$","T","?","?","R","M","R","$","E","M","B",null,"R","M","M"],"character_chosen":"THE_SPIRIT","items_purchased":["HandDrill","HornCleat"],"campfire_rested":1,"item_purchase_floors":[6,6],"current_hp_per_floor":[70,70,65,64,58,53,53,53,38,38,22,43,41,34,37,17,75,75,42,0,0,0],"gold":265,"neow_bonus":"BOSS_RELIC","is_daily":false,"chose_seed":false,"campfire_upgraded":3,"win_rate":0.0,"timestamp":1608956722,"path_taken":["R","?","?","M","M","$","T","?","?","R","M","R","$","E","M","BOSS","R","M","M"],"items_purchased_type":["Relic","Relic"],"build_version":"2020-12-22","purchased_purges":1,"victory":false,"max_hp_per_floor":[70,70,70,70,70,70,70,70,70,70,71,71,72,73,74,75,75,75,76,76,76,76],"card_choices":[{"not_picked":["hexamod:BacktrackSmack","hexamod:NightmareStrike"],"picked":"hexamod:FlamesFromBeyond","floor":3.0},{"not_picked":["hexamod:RainOfEmbers","hexamod:BurningTouch","hexamod:GhostLash"],"picked":"SKIP","floor":4.0},{"not_picked":["hexamod:HauntingEcho","hexamod:ShieldOfDarkness"],"picked":"hexamod:EtherealExpedition","floor":5.0},{"not_picked":["hexamod:BacktrackSmack","hexamod:TurnItUp"],"picked":"hexamod:PhantomCloak","floor":6.0},{"not_picked":["TH:CopperCoins"],"picked":"TH:DeckOfManyThings","floor":7.0},{"not_picked":["hexamod:FastForward","hexamod:PhantomCloak+1"],"picked":"hexamod:EmpoweredFlame+1","floor":9.0},{"not_picked":["hexamod:HauntingEcho","hexamod:GhostShield","hexamod:NightmareGuise"],"picked":"SKIP","floor":11.0},{"not_picked":["hexamod:Firestarter","hexamod:PhantomFireball"],"picked":"hexamod:FourthSeal","floor":13.0},{"not_picked":["TH:CopperCoins"],"picked":"TH:ArmorSpikes","floor":14.0},{"not_picked":["hexamod:HauntingEcho","hexamod:RetreatToShadows","hexamod:ShieldOfDarkness"],"picked":"SKIP","floor":14.0},{"not_picked":["hexamod:HeatShield","hexamod:InspiringFlames"],"picked":"hexamod:ExtraCrispy+1","floor":15},{"not_picked":["TH:PixieDust"],"picked":"TH:CopperCoins","floor":16},{"not_picked":["hexamod:SixthSeal","hexamod:FifthSeal"],"picked":"hexamod:GiftsFromTheDead+1","floor":16},{"not_picked":["hexamod:GhostflameBarrier","hexamod:Hexaguard"],"picked":"hexamod:PowerFromBeyond","floor":19}],"player_experience":1855804,"relics_obtained":[{"floor":7.0,"key":"Frozen Egg 2"},{"floor":9.0,"key":"downfall:CloakOfManyFaces"},{"floor":14.0,"key":"Blood Vial"}],"event_choices":[],"is_beta":false,"boss_relics":[{"not_picked":["SlaversCollar","Sozu"],"picked":"Philosopher\u0027s Stone"}],"items_purged_floors":[13],"is_endless":false,"potions_floor_spawned":[4,5,15,16,19],"killed_by":"3 Byrds","ascension_level":1}}