{"host":"sa0ri6nf6888r52r","time":1608964834,"event":{"mods":["AchievementEnabler","BaseMod","Colored Powertips","DeckTracker","Minty Spire (QoL Compilation)","Random Character Button","StSLib"],"gold_per_floor":[114,129,144,159,159,189,204,219,219,234,234,84,99,174,174,274,274,289,289,64,44,59,89,89,119,144,159,159,174,189,204,204,304,304,319,334,334,84,99,99,99,99,124,124,124,0,50,50,50,50,50],"floor_reached":50,"playtime":2377,"items_purged":["Deadly Poison","Pain"],"score":509,"play_id":"a48c7a3d-0a2e-4719-af76-8841ef2c2902","local_time":"20201225234034","daily_mods":["SealedDeck","Diverse","Binary"],"is_ascension_mode":false,"campfire_choices":[{"data":"PathToVictory","floor":11,"key":"SMITH"},{"data":"Dropkick","floor":15,"key":"SMITH"},{"data":"Sunder","floor":24,"key":"SMITH"},{"data":"Bite","floor":28,"key":"SMITH"},{"data":"Bite","floor":32,"key":"SMITH"},{"data":"Judgement","floor":40,"key":"SMITH"},{"data":"Bite","floor":42,"key":"SMITH"},{"floor":49,"key":"REST"}],"circlet_count":0,"master_deck":["Streamline","Turbo","Quick Slash","Sanctity","Ball Lightning","Beam Cell","Thunderclap","Dropkick+1","Iron Wave","Riddle With Holes","CarveReality","TalkToTheHand","PathToVictory+1","Sunder+1","Turbo","Inflame","DevaForm","Bite+1","Bite+1","Bite","Bite+1","Bite","Regret","Judgement+1","Escape Plan","Bash","Hyperbeam","Shame","Decay"],"relics":["Burning Blood","PreservedInsect","Sundial","Sling","Cursed Key","Lee\u0027s Waffle","Champion Belt","Incense Burner","Bronze Scales","SlaversCollar","HandDrill","Nunchaku","Mercury Hourglass","Red Mask","Unceasing Top"],"acts_visited":["Exordium","TheCity","TheBeyond"],"potions_floor_usage":[16,16,16,30,31,33,33,35,47,50],"damage_taken":[{"damage":1,"enemies":"Cultist","floor":1,"turns":3},{"damage":0,"enemies":"Small Slimes","floor":2,"turns":2},{"damage":0,"enemies":"2 Louse","floor":3,"turns":1},{"damage":0,"enemies":"Large Slime","floor":4,"turns":3},{"damage":19,"enemies":"Lagavulin","floor":6,"turns":4},{"damage":4,"enemies":"Gremlin Gang","floor":7,"turns":3},{"damage":0,"enemies":"2 Fungi Beasts","floor":8,"turns":1},{"damage":4,"enemies":"Exordium Thugs","floor":10,"turns":2},{"damage":6,"enemies":"Exordium Wildlife","floor":13,"turns":2},{"damage":13,"enemies":"Slime Boss","floor":16,"turns":5},{"damage":10,"enemies":"Chosen","floor":18,"turns":3},{"damage":20,"enemies":"Shell Parasite","floor":22,"turns":3},{"damage":21,"enemies":"Book of Stabbing","floor":23,"turns":3},{"damage":7,"enemies":"Slavers","floor":25,"turns":2},{"damage":6,"enemies":"Chosen and Byrds","floor":27,"turns":3},{"damage":15,"enemies":"Centurion and Healer","floor":29,"turns":4},{"damage":13,"enemies":"Shelled Parasite and Fungi","floor":30,"turns":2},{"damage":5,"enemies":"Snake Plant","floor":31,"turns":3},{"damage":23,"enemies":"Collector","floor":33,"turns":8},{"damage":49,"enemies":"3 Darklings","floor":35,"turns":5},{"damage":16,"enemies":"Orb Walker","floor":36,"turns":3},{"damage":25,"enemies":"Maw","floor":39,"turns":7},{"damage":25,"enemies":"Mind Bloom Boss Battle","floor":47,"turns":4},{"damage":72,"enemies":"Time Eater","floor":50,"turns":4}],"seed_played":"5451747836825439005","potions_obtained":[{"floor":3,"key":"Energy Potion"},{"floor":4,"key":"ElixirPotion"},{"floor":6,"key":"Fire Potion"},{"floor":7,"key":"AttackPotion"},{"floor":21,"key":"Weak Potion"},{"floor":27,"key":"HeartOfIron"},{"floor":30,"key":"Explosive Potion"},{"floor":31,"key":"LiquidMemories"},{"floor":33,"key":"Dexterity Potion"},{"floor":35,"key":"SteroidPotion"},{"floor":36,"key":"ColorlessPotion"}],"is_trial":false,"path_per_floor":["M","M","M","M","?","E","M","M","T","M","R","$","M","?","R","B",null,"M","?","$","?","M","E","R","E","T","M","R","M","M","M","R","B",null,"M","M","?","$","M","R","$","R","T","$","T","?","?","$","R","B"],"character_chosen":"IRONCLAD","items_purchased":["Sling","Lee\u0027s Waffle","HandDrill"],"campfire_rested":1,"item_purchase_floors":[12,20,38],"current_hp_per_floor":[80,80,80,80,80,67,71,79,79,80,80,80,80,69,69,64,80,76,76,87,87,81,70,70,73,73,77,77,74,72,75,75,80,87,54,49,49,49,47,47,47,47,47,47,47,47,40,40,66,0,0],"gold":50,"neow_bonus":"","is_daily":true,"chose_seed":false,"campfire_upgraded":7,"win_rate":0.0,"timestamp":1608964834,"path_taken":["M","?","M","M","?","E","M","M","T","M","R","?","M","?","R","BOSS","M","?","$","?","M","E","R","E","T","M","R","M","?","M","R","BOSS","M","M","?","?","M","R","$","R","T","$","?","?","?","$","R","BOSS"],"items_purchased_type":["Relic","Relic","Relic"],"build_version":"2020-12-22","purchased_purges":2,"victory":false,"max_hp_per_floor":[80,80,80,80,80,80,80,80,80,80,80,80,80,80,80,80,80,80,80,87,87,87,87,87,87,87,87,87,87,87,87,87,87,87,87,87,87,87,87,87,87,87,87,87,87,87,87,87,87,87,87],"card_choices":[{"not_picked":["Turbo"],"picked":"Riddle With Holes","floor":1},{"not_picked":["Streamline"],"picked":"CarveReality","floor":2},{"not_picked":["Pommel Strike"],"picked":"TalkToTheHand","floor":3},{"not_picked":["Dagger Throw"],"picked":"PathToVictory","floor":4},{"not_picked":["Outmaneuver"],"picked":"Sunder","floor":6},{"not_picked":["Cleave"],"picked":"Turbo","floor":7},{"not_picked":["Pray"],"picked":"Inflame","floor":8},{"not_picked":["Acrobatics","CarveReality"],"picked":"SKIP","floor":10},{"not_picked":["Redo","Deflect"],"picked":"SKIP","floor":13},{"not_picked":["Rainbow"],"picked":"DevaForm","floor":16},{"not_picked":["Coolheaded","Concentrate+1"],"picked":"SKIP","floor":18},{"not_picked":["Outmaneuver","Dropkick"],"picked":"SKIP","floor":22},{"not_picked":["SandsOfTime","ForeignInfluence"],"picked":"SKIP","floor":23},{"not_picked":["Turbo","Meditate"],"picked":"SKIP","floor":25},{"not_picked":["FlyingSleeves","Perseverance+1"],"picked":"SKIP","floor":27},{"not_picked":["Second Wind","Tactician"],"picked":"SKIP","floor":29},{"not_picked":["Streamline","LikeWater"],"picked":"SKIP","floor":30},{"not_picked":["Bane","Iron Wave"],"picked":"SKIP","floor":31},{"not_picked":["Glass Knife"],"picked":"Judgement","floor":33},{"not_picked":["Shrug It Off","Flex"],"picked":"SKIP","floor":35},{"not_picked":["Outmaneuver"],"picked":"Escape Plan","floor":36},{"not_picked":["Sword Boomerang+1","Double Energy+1"],"picked":"SKIP","floor":39}],"player_experience":156006,"relics_obtained":[{"floor":6,"key":"PreservedInsect"},{"floor":9,"key":"Sundial"},{"floor":23,"key":"Champion Belt"},{"floor":25,"key":"Incense Burner"},{"floor":26,"key":"Bronze Scales"},{"floor":43,"key":"Nunchaku"},{"floor":45,"key":"Mercury Hourglass"},{"floor":47,"key":"Unceasing Top"}],"event_choices":[{"damage_healed":0,"gold_gain":0,"player_choice":"Gave Potion","damage_taken":0,"relics_obtained":["Blood Vial"],"max_hp_gain":0,"max_hp_loss":0,"event_name":"WeMeetAgain","floor":5,"gold_loss":0},{"damage_healed":0,"gold_gain":75,"player_choice":"Gather Gold","damage_taken":11,"max_hp_gain":0,"max_hp_loss":0,"event_name":"World of Goop","floor":14,"gold_loss":0},{"damage_healed":0,"gold_gain":0,"player_choice":"Became a vampire (Vial)","damage_taken":0,"max_hp_gain":0,"max_hp_loss":0,"event_name":"Vampires","floor":19,"relics_lost":["Blood Vial"],"gold_loss":0,"cards_obtained":["Bite","Bite","Bite","Bite","Bite"]},{"damage_healed":0,"gold_gain":0,"player_choice":"Bought 1 Potion","damage_taken":0,"max_hp_gain":0,"max_hp_loss":0,"event_name":"The Woman in Blue","floor":21,"gold_loss":0},{"damage_healed":0,"gold_gain":0,"player_choice":"3 cards matched","damage_taken":0,"max_hp_gain":0,"max_hp_loss":0,"event_name":"Match and Keep!","floor":37,"gold_loss":0,"cards_obtained":["Pain","Bash","Hyperbeam"]},{"damage_healed":0,"gold_gain":0,"player_choice":"Paid","damage_taken":0,"relics_obtained":["Red Mask"],"max_hp_gain":0,"max_hp_loss":0,"event_name":"Tomb of Lord Red Mask","floor":46,"gold_loss":124},{"damage_healed":0,"gold_gain":0,"player_choice":"Fight","damage_taken":0,"max_hp_gain":0,"max_hp_loss":0,"event_name":"MindBloom","floor":47,"gold_loss":0}],"is_beta":false,"boss_relics":[{"not_picked":["Runic Cube","Velvet Choker"],"picked":"Cursed Key"},{"not_picked":["Fusion Hammer","Coffee Dripper"],"picked":"SlaversCollar"}],"items_purged_floors":[20,38],"is_endless":false,"potions_floor_spawned":[3,4,6,7,10,27,30,31,33,35,36],"killed_by":"Time Eater","ascension_level":0}}