{"host":"6hzrz31j95f2y1pa","time":1608945882,"event":{"mods":["BaseMod","Colored Map","Downfall","Minty Spire (QoL Compilation)","StSLib"],"gold_per_floor":[99,116,116,216,232,261,261,186,203,203,221,221,235,264,280,280,280,280],"floor_reached":16,"playtime":464,"items_purged":[],"score":187,"play_id":"df16a258-cb8d-4b00-b7ff-19539f6f024c","local_time":"20201225202442","is_ascension_mode":true,"campfire_choices":[{"data":"champ:Taunt","floor":1,"key":"SMITH"},{"floor":8,"key":"REST"},{"data":"champ:Defend","floor":10,"key":"PURGE"},{"data":"champ:Strike","floor":12,"key":"PURGE"}],"circlet_count":0,"master_deck":["champ:Strike","champ:Strike","champ:Strike","champ:Defend","champ:Defend","champ:Defend","champ:Execute","champ:Taunt+1","champ:AdrenalArmor","champ:AdrenalArmor","champ:VampiricStrike","champ:DeathBlow","champ:CalledShot","champ:GutPunch","champ:Duel","champ:BringItOn"],"relics":["champ:ChampionCrown","downfall:ShatteredFragment","Peace Pipe","downfall:HeartBlessingBlue","Oddly Smooth Stone"],"acts_visited":["Exordium"],"potions_floor_usage":[11,14,16,16,16,16],"damage_taken":[{"damage":18,"enemies":"Jaw Worm","floor":2,"turns":5},{"damage":10,"enemies":"Small Slimes","floor":5,"turns":4},{"damage":53,"enemies":"Gremlin Nob","floor":6,"turns":5},{"damage":16,"enemies":"Cultist","floor":9,"turns":5},{"damage":4,"enemies":"Lots of Slimes","floor":11,"turns":2},{"damage":24,"enemies":"3 Louse","floor":13,"turns":3},{"damage":38,"enemies":"3 Sentries","floor":14,"turns":4},{"damage":25,"enemies":"Exordium Thugs","floor":15,"turns":3},{"damage":72,"enemies":"downfall:Defect","floor":16,"turns":6}],"seed_played":"-1296633271701806910","potions_obtained":[{"floor":2,"key":"Explosive Potion"},{"floor":11,"key":"Fire Potion"},{"floor":13,"key":"FearPotion"},{"floor":14,"key":"EntropicBrew"}],"is_trial":false,"path_per_floor":["R","M","?","?","M","E","T","R","M","R","M","R","M","E","M","B"],"character_chosen":"THE_CHAMP","items_purchased":[],"campfire_rested":1,"item_purchase_floors":[],"current_hp_per_floor":[90,82,55,55,51,15,15,57,59,59,59,59,59,50,39,0,0,0],"gold":280,"neow_bonus":"TEN_PERCENT_HP_BONUS","is_daily":false,"chose_seed":false,"campfire_upgraded":1,"win_rate":0.0,"timestamp":1608945882,"path_taken":["R","M","?","?","M","E","T","R","M","R","M","R","M","E","M","BOSS"],"items_purchased_type":[],"build_version":"2020-12-22","purchased_purges":0,"victory":false,"max_hp_per_floor":[99,99,99,99,99,99,99,109,109,109,109,109,109,109,109,109,109,109],"card_choices":[{"not_picked":["champ:Backstep","champ:GutPunch"],"picked":"champ:AdrenalArmor","floor":2},{"not_picked":["champ:Haymaker","champ:ShieldSigil"],"picked":"champ:AdrenalArmor","floor":5},{"not_picked":["champ:StanceDance","champ:EnragedBash"],"picked":"champ:VampiricStrike","floor":6},{"not_picked":["champ:FanOfKnives","champ:CrookedStrike"],"picked":"champ:DeathBlow","floor":9},{"not_picked":["champ:IronFortress","champ:Balance"],"picked":"champ:CalledShot","floor":11},{"not_picked":["champ:AdrenalArmor","champ:Haymaker"],"picked":"champ:GutPunch","floor":13},{"not_picked":["champ:EnchantSword","champ:CalledShot"],"picked":"champ:Duel","floor":14},{"not_picked":["champ:FlashCut","champ:Backstep"],"picked":"champ:BringItOn","floor":15}],"player_experience":1247281,"relics_obtained":[{"floor":6,"key":"Peace Pipe"},{"floor":14,"key":"Oddly Smooth Stone"}],"event_choices":[],"is_beta":false,"boss_relics":[],"items_purged_floors":[],"is_endless":false,"potions_floor_spawned":[2,11,13,14],"killed_by":"downfall:Defect","ascension_level":9}}