{"host":"l84l8xigz5v5foa2","time":1608970376,"event":{"mods":["2.2 Compatiblity","AchievementEnabler","BaseMod","Better Note","Better Vampires","Card Filter","Colored Map","DeckTracker","Downfall","Gremlin Skip","Highlight Path","Keyboard Shortcuts","Minty Spire (QoL Compilation)","Permanent Neow","Quick Restart","Relic Filter","Relic Stats","StSLib","SuperFastMode","Transform Curses","Unknown Chances"],"gold_per_floor":[99,114,128,142,142,142,142,142,160,195,180,180,190,27,37,139,139,139,139,151,166,166,91,170,69,99,99,110,110,110,126,136,240,240,240,257,267,283,334,334,402,402,443,462,497,347,376,376,392,392,392,418,54,54,54],"floor_reached":56,"playtime":5973,"items_purged":["champ:Strike","champ:Strike"],"score":1535,"play_id":"e2b92eab-8827-4356-8979-252c6580c6c4","local_time":"20201226171256","is_ascension_mode":true,"campfire_choices":[{"data":"champ:Taunt","floor":1.0,"key":"SMITH"},{"data":"champ:Backstep","floor":6.0,"key":"SMITH"},{"data":"champ:StanceDance","floor":12.0,"key":"SMITH"},{"data":"champ:FanOfKnives","floor":18.0,"key":"SMITH"},{"data":"champ:DancingMaster","floor":23.0,"key":"SMITH"},{"data":"expansioncontent:DefensiveStance","floor":27.0,"key":"SMITH"},{"floor":29.0,"key":"REST"},{"data":"champ:GutPunch","floor":30.0,"key":"SMITH"},{"data":"champ:HoldFirm","floor":35.0,"key":"SMITH"},{"floor":42.0,"key":"RECALL"},{"data":"champ:EnchantCrown","floor":46.0,"key":"SMITH"},{"data":"champ:Lariat","floor":54.0,"key":"SMITH"}],"circlet_count":0,"master_deck":["champ:Strike","champ:Defend","champ:Defend","champ:Execute","champ:Taunt+1","champ:StanceDance+1","champ:Backstep+1","champ:GladiatorStyle","champ:EnchantCrown+1","champ:LastStand","champ:AdrenalArmor","champ:FanOfKnives+1","champ:BerserkerStyle","champ:BringItOn","champ:DancingMaster+1","champ:GutPunch+1","champ:GladiatorStyle+1","expansioncontent:DefensiveStance+1","champ:HoldFirm+1","champ:GladiatorStyle","champ:GladiatorStyle","champ:FlashCut","champ:StanceDance+1","champ:Lariat+1"],"relics":["champ:ChampionCrown","hexamod:BolsterEngine","sneckomod:SneckoTalon","downfall:HeartBlessingBlue","Letter Opener","WingedGreaves","expansioncontent:StudyCardRelic","Lizard Tail","InkBottle","ClockworkSouvenir","sneckomod:BlankCard","Oddly Smooth Stone","downfall:HeartBlessingRed","downfall:HeartBlessingGreen","Guardian:PocketSentry","Blood Vial","Frozen Eye"],"acts_visited":["Exordium","TheCity","TheBeyond","TheEnding"],"potions_floor_usage":[55,55,55],"damage_taken":[{"damage":10.0,"enemies":"Cultist","floor":2.0,"turns":4.0},{"damage":5.0,"enemies":"2 Louse","floor":3.0,"turns":3.0},{"damage":13.0,"enemies":"Jaw Worm","floor":4.0,"turns":3.0},{"damage":26.0,"enemies":"Exordium Thugs","floor":9.0,"turns":6.0},{"damage":36.0,"enemies":"3 Sentries","floor":10.0,"turns":8.0},{"damage":10.0,"enemies":"downfall:FleeingMerchant","floor":11.0,"turns":4.0},{"damage":10.0,"enemies":"Lots of Slimes","floor":13.0,"turns":4.0},{"damage":17.0,"enemies":"downfall:FleeingMerchant","floor":14.0,"turns":4.0},{"damage":17.0,"enemies":"Exordium Wildlife","floor":15.0,"turns":4.0},{"damage":27.0,"enemies":"downfall:Silent","floor":16.0,"turns":8.0},{"damage":60.0,"enemies":"Chosen","floor":20.0,"turns":8.0},{"damage":39.0,"enemies":"Snecko","floor":21.0,"turns":7.0},{"damage":37.0,"enemies":"downfall:FleeingMerchant","floor":25.0,"turns":4.0},{"damage":23.0,"enemies":"Gremlin Leader","floor":26.0,"turns":6.0},{"damage":16.0,"enemies":"Snake Plant","floor":28.0,"turns":5.0},{"damage":42.0,"enemies":"Cultist and Chosen","floor":31.0,"turns":6.0},{"damage":12.0,"enemies":"Snecko","floor":32.0,"turns":4.0},{"damage":70.0,"enemies":"downfall:Ironclad","floor":33.0,"turns":6.0},{"damage":17.0,"enemies":"3 Shapes","floor":36.0,"turns":6.0},{"damage":7.0,"enemies":"3 Darklings","floor":37.0,"turns":7.0},{"damage":37.0,"enemies":"Jaw Worm Horde","floor":38.0,"turns":5.0},{"damage":39.0,"enemies":"2 Orb Walkers","floor":39.0,"turns":5.0},{"damage":16.0,"enemies":"downfall:FleeingMerchant","floor":43.0,"turns":3.0},{"damage":10.0,"enemies":"Sphere and 2 Shapes","floor":44.0,"turns":3.0},{"damage":53.0,"enemies":"Giant Head","floor":45.0,"turns":6.0},{"damage":48.0,"enemies":"Nemesis","floor":47.0,"turns":7.0},{"damage":5.0,"enemies":"3 Darklings","floor":49.0,"turns":3.0},{"damage":31.0,"enemies":"downfall:Defect","floor":50.0,"turns":7.0},{"damage":54.0,"enemies":"downfall:CharBossMerchant","floor":52.0,"turns":7.0},{"damage":208,"enemies":"downfall:NeowBoss","floor":55,"turns":17}],"seed_played":"6506291861749977942","potions_obtained":[{"floor":2.0,"key":"AttackPotion"},{"floor":10.0,"key":"SpeedPotion"},{"floor":13.0,"key":"Slimebound:ThreeZeroPotion"},{"floor":15.0,"key":"SpeedPotion"},{"floor":20.0,"key":"champ:UltimateStancePotion"},{"floor":26.0,"key":"Swift Potion"},{"floor":38.0,"key":"champ:TechniquePotion"},{"floor":39.0,"key":"FearPotion"},{"floor":45.0,"key":"PowerPotion"},{"floor":49.0,"key":"Guardian:BlockOnCardUsePotion"},{"floor":52.0,"key":"Ancient Potion"}],"is_trial":false,"path_per_floor":["R","M","M","M","?","R","T","?","M","E","$","R","M","$","M","B",null,"R","?","M","M","?","R","T","$","E","R","M","R","R","M","M","B",null,"R","M","M","M","?","?","T","R","$","M","E","R","E","?","M","B",null,"E","$","R","B",null],"character_chosen":"THE_CHAMP","items_purchased":["champ:BerserkerStyle","expansioncontent:DefensiveStance","ClockworkSouvenir","sneckomod:BlankCard","Frozen Eye","champ:Lariat","ColorlessPotion"],"campfire_rested":1,"item_purchase_floors":[14,25,43,43,53,53,53],"current_hp_per_floor":[63,63,63,63,63,63,63,73,73,56,56,56,56,56,55,47,100,100,100,61,42,27,37,37,23,23,23,23,56,56,54,54,38,110,110,110,110,103,89,89,89,89,83,83,88,88,88,88,88,88,115,101,101,101,89],"gold":54,"neow_bonus":"REMOVE_TWO","is_daily":false,"chose_seed":false,"campfire_upgraded":10,"win_rate":0.0,"timestamp":1608970376,"path_taken":["R","M","M","?","?","R","T","?","?","E","?","R","?","$","M","BOSS","R","?","M","M","?","R","T","$","E","R","M","R","R","M","M","BOSS","R","?","M","M","?","?","T","R","$","M","E","R","E","?","M","BOSS","E","$","R","BOSS"],"items_purchased_type":["Card","Card","Relic","Relic","Relic","Card","Potion"],"build_version":"2020-12-22","purchased_purges":2,"victory":true,"max_hp_per_floor":[90,90,90,90,90,90,90,100,100,100,100,100,100,100,100,100,100,100,100,100,100,100,110,110,110,110,110,110,110,110,110,110,110,110,110,110,110,110,110,110,110,110,110,110,115,115,115,115,115,115,115,115,115,115,115],"relic_stats":{"Blood Vial":2,"Lizard Tail":0,"counters":[30,170],"Letter Opener":[356],"obtain_stats":[{"downfall:HeartBlessingRed":46,"sneckomod:BlankCard":43,"Oddly Smooth Stone":45,"champ:ChampionCrown":0,"downfall:HeartBlessingGreen":46,"expansioncontent:StudyCardRelic":34,"Guardian:PocketSentry":47,"Letter Opener":24,"sneckomod:SneckoTalon":17,"ClockworkSouvenir":43,"Blood Vial":52,"Frozen Eye":53,"Lizard Tail":39,"downfall:HeartBlessingBlue":23,"WingedGreaves":26,"hexamod:BolsterEngine":10,"InkBottle":41},{"downfall:HeartBlessingRed":25,"sneckomod:BlankCard":23,"Oddly Smooth Stone":25,"champ:ChampionCrown":0,"downfall:HeartBlessingGreen":25,"expansioncontent:StudyCardRelic":18,"Guardian:PocketSentry":26,"Letter Opener":12,"sneckomod:SneckoTalon":10,"ClockworkSouvenir":23,"Blood Vial":29,"Frozen Eye":29,"Lizard Tail":22,"downfall:HeartBlessingBlue":12,"WingedGreaves":14,"hexamod:BolsterEngine":5,"InkBottle":22},{"downfall:HeartBlessingRed":129,"sneckomod:BlankCard":120,"Oddly Smooth Stone":129,"champ:ChampionCrown":0,"downfall:HeartBlessingGreen":129,"expansioncontent:StudyCardRelic":94,"Guardian:PocketSentry":136,"Letter Opener":63,"sneckomod:SneckoTalon":48,"ClockworkSouvenir":120,"Blood Vial":153,"Frozen Eye":153,"Lizard Tail":117,"downfall:HeartBlessingBlue":63,"WingedGreaves":73,"hexamod:BolsterEngine":24,"InkBottle":117}],"InkBottle":[31]},"card_choices":[{"not_picked":["champ:RageSigil","champ:FlashCut"],"picked":"champ:StanceDance","floor":2.0},{"not_picked":["champ:CalledShot","champ:TornadoPunch"],"picked":"champ:Backstep","floor":3.0},{"not_picked":["champ:SwordSigil","champ:ShieldWall","champ:DefensiveShout"],"picked":"SKIP","floor":4.0},{"not_picked":["champ:BerserkersShout","champ:Haymaker"],"picked":"champ:GladiatorStyle","floor":9.0},{"not_picked":["champ:Haymaker","champ:BringItOn"],"picked":"champ:EnchantCrown","floor":10.0},{"not_picked":["champ:ArenaPreparation","champ:EnGarde"],"picked":"champ:LastStand","floor":11.0},{"not_picked":["champ:DeathBlow","champ:StanceDance"],"picked":"champ:AdrenalArmor","floor":13.0},{"not_picked":["champ:ShieldSigil","champ:RageSigil"],"picked":"champ:FanOfKnives","floor":14.0},{"not_picked":["champ:GutPunch","champ:CrookedStrike"],"picked":"champ:BringItOn","floor":15.0},{"not_picked":["champ:LastStand","champ:HoldFirm"],"picked":"champ:DancingMaster","floor":16.0},{"not_picked":["champ:Encircle","champ:Backstep"],"picked":"champ:GutPunch","floor":20.0},{"not_picked":["champ:FanOfKnives","champ:ShieldWall","champ:EnragedBash"],"picked":"SKIP","floor":21.0},{"not_picked":["champ:GladiatorsShout","champ:FanOfKnives"],"picked":"champ:GladiatorStyle+1","floor":25.0},{"not_picked":["champ:CrookedStrike","champ:Haymaker","champ:BringItOn+1"],"picked":"SKIP","floor":26.0},{"not_picked":["champ:PreciseThrust","champ:DefensiveShout+1","champ:EnGarde"],"picked":"SKIP","floor":28.0},{"not_picked":["champ:Control","champ:ShieldSigil+1","champ:HeartStrike+1"],"picked":"SKIP","floor":31.0},{"not_picked":["champ:TornadoPunch","champ:DefensiveStyle","champ:GutPunch"],"picked":"SKIP","floor":32.0},{"not_picked":["champ:CheapShot","champ:Improvising"],"picked":"champ:HoldFirm","floor":33.0},{"not_picked":["champ:EndlessRage+1","champ:FocusedBerserking"],"picked":"champ:GladiatorStyle","floor":36.0},{"not_picked":["champ:Haymaker","champ:ShieldSigil+1","champ:ArenaPreparation"],"picked":"SKIP","floor":37.0},{"not_picked":["champ:RecklessLeap","champ:DefensiveStyle+1"],"picked":"champ:FightOn","floor":38.0},{"not_picked":["champ:EnGarde","champ:BerserkerStyle+1","champ:ShieldSigil"],"picked":"SKIP","floor":43.0},{"not_picked":["champ:DefensiveStyle+1","champ:ShieldWall+1","champ:EndlessRage"],"picked":"SKIP","floor":44.0},{"not_picked":["champ:Haymaker","champ:HeavySlash"],"picked":"champ:GladiatorStyle","floor":45.0},{"not_picked":["champ:FanOfKnives+1","champ:SwordThrow","champ:PreciseThrust+1"],"picked":"SKIP","floor":47.0},{"not_picked":["champ:PerfectedStrike","champ:RageSigil+1"],"picked":"champ:FlashCut","floor":49.0},{"not_picked":["champ:BerserkerStyle+1","champ:ShieldSigil"],"picked":"champ:StanceDance+1","floor":52.0}],"player_experience":2727147,"relics_obtained":[{"floor":10.0,"key":"hexamod:BolsterEngine"},{"floor":24.0,"key":"Letter Opener"},{"floor":26.0,"key":"WingedGreaves"},{"floor":39.0,"key":"Lizard Tail"},{"floor":41.0,"key":"InkBottle"},{"floor":45.0,"key":"Oddly Smooth Stone"},{"floor":47.0,"key":"Guardian:PocketSentry"},{"floor":52.0,"key":"Blood Vial"}],"event_choices":[{"cards_removed":["champ:Defend"],"damage_healed":0.0,"max_hp_gain":0.0,"max_hp_loss":0.0,"gold_gain":0.0,"event_name":"The Cleric","player_choice":"Card Removal","floor":5.0,"gold_loss":0.0,"damage_taken":0.0},{"damage_healed":0.0,"max_hp_gain":0.0,"max_hp_loss":0.0,"gold_gain":0.0,"event_name":"Mysterious Sphere","player_choice":"Fight","floor":39.0,"gold_loss":0.0,"damage_taken":0.0}],"is_beta":false,"boss_relics":[{"not_picked":["champ:PowerArmor","Runic Pyramid"],"picked":"sneckomod:SneckoTalon"},{"not_picked":["SlaversCollar","champ:ChampionCrownUpgraded"],"picked":"expansioncontent:StudyCardRelic"}],"items_purged_floors":[14,53],"is_endless":false,"potions_floor_spawned":[2,10,13,15,20,26,38,39,45,49,52],"ascension_level":3}}