{"host":"cyh4fejqtcjbfr7k","time":1608960316,"event":{"mods":["2.2 Compatiblity","AchievementEnabler","BaseMod","Colored Map","Colored Powertips","DeckTracker","Downfall","Googly Eyes","Hubris","Infinite Spire","Minty Spire (QoL Compilation)","Replay The Spire","Shop Mod","StSLib","SuperFastMode","Unceasing Turn Reminder"],"gold_per_floor":[118,118,118,132,152,185,185,200,226,226,75,104,104,31,31,31,31],"floor_reached":16,"playtime":447,"items_purged":[],"score":133,"play_id":"9e62681c-abc3-4260-b708-bafa587f6954","local_time":"20201225222516","is_ascension_mode":false,"campfire_choices":[{"floor":7,"key":"REST"},{"floor":13,"key":"REST"}],"circlet_count":0,"master_deck":["Strike_P","Strike_P+1","Strike_P+1","Defend_P","Defend_P","Defend_P","Defend_P","Eruption+1","Vigilance","EmptyMind","Iron Wave","Crescendo","Worship","CarveReality","Indignation","EmptyBody"],"relics":["PureWater","Blood Vial","ReplayTheSpireMod:Lightbulb","Membership Card","Smiling Mask","Tiny Chest"],"acts_visited":["Exordium"],"potions_floor_usage":[12],"damage_taken":[{"damage":0,"enemies":"2 Louse","floor":1,"turns":2},{"damage":0,"enemies":"Jaw Worm","floor":4,"turns":4},{"damage":0,"enemies":"Cultist","floor":5,"turns":2},{"damage":23,"enemies":"Replay:BlueRogue","floor":6,"turns":6},{"damage":4,"enemies":"2 Fungi Beasts","floor":8,"turns":3},{"damage":0,"enemies":"Gremlin Nob","floor":12,"turns":2},{"damage":75,"enemies":"Hexaghost","floor":16,"turns":12}],"seed_played":"-8383528910227690588","potions_obtained":[{"floor":8,"key":"AttackPotion"},{"floor":12,"key":"LiquidMemories"}],"is_trial":false,"path_per_floor":["M","?","?","M","M","E","R","M","T","?","$","E","R","$","R_BF","B"],"character_chosen":"WATCHER","items_purchased":["Membership Card","Tiny Chest"],"campfire_rested":2,"item_purchase_floors":[11,14],"current_hp_per_floor":[72,72,72,72,72,49,70,68,68,54,54,56,72,72,72,0,0],"gold":31,"neow_bonus":"UPGRADE_CARD","is_daily":false,"chose_seed":false,"campfire_upgraded":0,"win_rate":0.0,"timestamp":1608960316,"path_taken":["M","?","?","M","?","E","R","M","T","?","$","E","R","?","R_BF","BOSS"],"items_purchased_type":["Relic","Relic"],"build_version":"2020-12-22","purchased_purges":0,"victory":false,"max_hp_per_floor":[72,72,72,72,72,72,72,72,72,72,72,72,72,72,72,72,72],"card_choices":[{"not_picked":["ThirdEye","SashWhip"],"picked":"EmptyMind","floor":1},{"not_picked":["Replay:AtTheReady","TalkToTheHand"],"picked":"Crescendo","floor":4},{"not_picked":["Weave","EmptyBody"],"picked":"Worship","floor":5},{"not_picked":["EmptyMind","Consecrate"],"picked":"CarveReality","floor":6},{"not_picked":["Prostrate","Replay:AtTheReady"],"picked":"Indignation","floor":8},{"not_picked":["Protect","EmptyMind"],"picked":"EmptyBody","floor":12}],"player_experience":615815,"relics_obtained":[{"floor":6,"key":"Blood Vial"},{"floor":9,"key":"ReplayTheSpireMod:Lightbulb"},{"floor":12,"key":"Smiling Mask"}],"event_choices":[{"cards_removed":["Strike_P"],"damage_healed":0,"gold_gain":0,"player_choice":"Took Card","damage_taken":0,"max_hp_gain":0,"max_hp_loss":0,"event_name":"NoteForYourself","floor":3,"gold_loss":0,"cards_obtained":["Iron Wave"]},{"damage_healed":0,"gold_gain":0,"player_choice":"Entered Light","damage_taken":14,"max_hp_gain":0,"max_hp_loss":0,"event_name":"Shining Light","floor":10,"gold_loss":0,"cards_upgraded":["Strike_P","Strike_P"]},{"damage_healed":0,"gold_gain":0,"player_choice":"Leave","damage_taken":0,"max_hp_gain":0,"max_hp_loss":0,"event_name":"The Cleric","floor":15,"gold_loss":0}],"is_beta":false,"boss_relics":[],"items_purged_floors":[],"is_endless":false,"potions_floor_spawned":[8,12],"killed_by":"Hexaghost","ascension_level":0}}