{"host":"hgkb2zpbo2dcws21","time":1608964058,"event":{"mods":["AchievementEnabler","BaseMod","Colored Map","Colored Powertips","Custom Start","DeckTracker","KOR Keyword Fix","Minty Spire (QoL Compilation)","Relic Stats","StSLib","SuperFastMode"],"gold_per_floor":[17,17,41,55,71,71,109,109,109,109,127,127,166,185,185,278,278,296,316,163,163,177,177,193,193,193,51,92,92,126,139,139,229,229,247,247,278,178,199,199,232,565,590,619,45,78,0,20,20,20],"floor_reached":51,"playtime":1617,"items_purged":["Strike_P","Defend_P","Strike_P+1"],"score":1577,"play_id":"26d1253e-166b-495b-92c1-ced3c38cec61","local_time":"20201226152738","is_ascension_mode":true,"campfire_choices":[{"data":"Eruption","floor":6.0,"key":"SMITH"},{"floor":10.0,"key":"REST"},{"data":"Establishment","floor":15.0,"key":"SMITH"},{"floor":23.0,"key":"REST"},{"floor":29.0,"key":"REST"},{"floor":32.0,"key":"RECALL"},{"floor":40.0,"key":"REST"},{"floor":49.0,"key":"REST"}],"circlet_count":0,"master_deck":["AscendersBane","Strike_P+1","Defend_P+1","Defend_P+1","Eruption+1","Vigilance+1","LessonLearned+1","SandsOfTime+1","BattleHymn+1","Swivel+1","Worship+1","FollowUp+1","Establishment+1","Pray+1","Scrawl+1","Sanctity","Meditate+1","MentalFortress+1","TalkToTheHand+1","Vault+1","Prostrate+1","TalkToTheHand+1","InnerPeace","Wallop+1"],"relics":["PureWater","Anchor","The Courier","Damaru","CaptainsWheel","Fusion Hammer","Question Card","Mango","Letter Opener","Runic Dome","GoldenEye","Regal Pillow","Strawberry","Dream Catcher","OrangePellets","TeardropLocket","Thread and Needle","Blood Vial","Red Mask"],"acts_visited":["Exordium","TheCity","TheBeyond"],"potions_floor_usage":[50],"damage_taken":[{"damage":0.0,"enemies":"2 Louse","floor":1.0,"turns":2.0},{"damage":4.0,"enemies":"Jaw Worm","floor":3.0,"turns":3.0},{"damage":6.0,"enemies":"Cultist","floor":4.0,"turns":4.0},{"damage":2.0,"enemies":"Large Slime","floor":5.0,"turns":5.0},{"damage":16.0,"enemies":"Gremlin Nob","floor":7.0,"turns":3.0},{"damage":25.0,"enemies":"2 Fungi Beasts","floor":11.0,"turns":3.0},{"damage":12.0,"enemies":"Lagavulin","floor":13.0,"turns":5.0},{"damage":0.0,"enemies":"Gremlin Gang","floor":14.0,"turns":3.0},{"damage":13.0,"enemies":"The Guardian","floor":16.0,"turns":10.0},{"damage":0.0,"enemies":"Chosen","floor":18.0,"turns":2.0},{"damage":17.0,"enemies":"Spheric Guardian","floor":19.0,"turns":5.0},{"damage":0.0,"enemies":"Snake Plant","floor":22.0,"turns":2.0},{"damage":0.0,"enemies":"Sentry and Sphere","floor":24.0,"turns":5.0},{"damage":13.0,"enemies":"Gremlin Leader","floor":28.0,"turns":3.0},{"damage":0.0,"enemies":"Book of Stabbing","floor":30.0,"turns":3.0},{"damage":0.0,"enemies":"3 Cultists","floor":31.0,"turns":5.0},{"damage":12.0,"enemies":"Champ","floor":33.0,"turns":7.0},{"damage":10.0,"enemies":"3 Darklings","floor":35.0,"turns":5.0},{"damage":0.0,"enemies":"Mind Bloom Boss Battle","floor":37.0,"turns":4.0},{"damage":0.0,"enemies":"3 Shapes","floor":39.0,"turns":3.0},{"damage":0.0,"enemies":"Nemesis","floor":41.0,"turns":3.0},{"damage":0.0,"enemies":"Giant Head","floor":44.0,"turns":6.0},{"damage":0.0,"enemies":"Reptomancer","floor":46.0,"turns":4.0},{"damage":13.0,"enemies":"Jaw Worm Horde","floor":48.0,"turns":3.0},{"damage":26,"enemies":"Donu and Deca","floor":50,"turns":5}],"seed_played":"-1413724909118787635","potions_obtained":[{"floor":1.0,"key":"Swift Potion"},{"floor":7.0,"key":"SpeedPotion"},{"floor":11.0,"key":"Ambrosia"},{"floor":16.0,"key":"Weak Potion"},{"floor":21.0,"key":"Energy Potion"},{"floor":28.0,"key":"FairyPotion"},{"floor":44.0,"key":"Dexterity Potion"},{"floor":48.0,"key":"SteroidPotion"}],"is_trial":false,"path_per_floor":["M","?","M","M","M","R","E","?","T","R","M","?","E","M","R","B",null,"M","M","$","?","M","R","M","?","T","$","E","R","E","M","R","B",null,"M","?","?","$","M","R","E","?","T","E","$","E","?","M","R","B",null],"character_chosen":"WATCHER","items_purchased":["Meditate","MentalFortress","TalkToTheHand","OrangePellets","TeardropLocket","Thread and Needle"],"campfire_rested":5,"item_purchase_floors":[20,20,27,45,45,45],"current_hp_per_floor":[61,61,57,51,49,49,33,33,33,51,26,46,34,34,34,21,52,52,35,35,35,35,53,53,53,53,53,54,76,76,76,76,64,73,63,63,63,63,63,72,72,72,79,79,79,79,79,66,79,53],"gold":20,"neow_bonus":"TRANSFORM_TWO_CARDS","is_daily":false,"chose_seed":false,"campfire_upgraded":2,"win_rate":0.0,"timestamp":1608964058,"path_taken":["M","?","M","M","M","R","E","?","T","R","?","?","E","M","R","BOSS","M","M","$","?","M","R","?","?","T","$","E","R","E","M","R","BOSS","M","?","?","$","M","R","E","?","T","E","$","E","?","M","R","BOSS"],"items_purchased_type":["Card","Card","Card","Relic","Relic","Relic"],"build_version":"2020-12-22","purchased_purges":3,"victory":true,"max_hp_per_floor":[68,62,62,62,62,62,62,62,62,62,62,62,62,62,62,62,62,62,62,62,62,62,62,62,62,62,62,76,76,76,76,76,76,76,76,72,72,72,72,72,72,72,79,79,79,79,79,79,79,79],"relic_stats":{"Blood Vial":0,"OrangePellets":[1],"Regal Pillow":0,"Dream Catcher":1,"counters":[25,103],"Letter Opener":[218],"Question Card":12,"GoldenEye":[0],"obtain_stats":[{"Regal Pillow":41,"Golden Idol":2,"Damaru":9,"Mango":28,"Thread and Needle":45,"The Courier":8,"Letter Opener":30,"TeardropLocket":45,"Question Card":26,"GoldenEye":37,"Blood Vial":46,"Runic Dome":34,"OrangePellets":45,"Anchor":7,"CaptainsWheel":13,"Dream Catcher":44,"Strawberry":43,"Fusion Hammer":17,"Red Mask":47,"PureWater":0},{"Regal Pillow":21,"Golden Idol":1,"Damaru":5,"Mango":14,"Thread and Needle":22,"The Courier":5,"Letter Opener":15,"TeardropLocket":22,"Question Card":13,"GoldenEye":19,"Blood Vial":23,"Runic Dome":17,"OrangePellets":22,"Anchor":5,"CaptainsWheel":7,"Dream Catcher":22,"Strawberry":21,"Fusion Hammer":9,"Red Mask":23,"PureWater":0},{"Regal Pillow":85,"Golden Idol":2,"Damaru":17,"Mango":55,"Thread and Needle":91,"The Courier":17,"Letter Opener":58,"TeardropLocket":91,"Question Card":52,"GoldenEye":79,"Blood Vial":95,"Runic Dome":70,"OrangePellets":91,"Anchor":17,"CaptainsWheel":25,"Dream Catcher":91,"Strawberry":85,"Fusion Hammer":38,"Red Mask":95,"PureWater":0}]},"card_choices":[{"not_picked":["Conclude","Prostrate"],"picked":"BattleHymn","floor":1.0},{"not_picked":["Halt","CutThroughFate"],"picked":"Swivel","floor":3.0},{"not_picked":["JustLucky","CrushJoints"],"picked":"Worship","floor":4.0},{"not_picked":["FlyingSleeves","Consecrate"],"picked":"FollowUp","floor":5.0},{"not_picked":["MentalFortress","Pray"],"picked":"Establishment","floor":7.0},{"not_picked":["ThirdEye","Worship","JustLucky"],"picked":"SKIP","floor":11.0},{"not_picked":["FlyingSleeves","ThirdEye"],"picked":"Pray","floor":13.0},{"not_picked":["Protect","FlurryOfBlows","BowlingBash"],"picked":"SKIP","floor":14.0},{"not_picked":["Establishment","LessonLearned"],"picked":"Scrawl","floor":16.0},{"not_picked":["Indignation","Collect"],"picked":"Sanctity","floor":18.0},{"not_picked":["FlurryOfBlows","JustLucky","FlyingSleeves"],"picked":"SKIP","floor":19.0},{"not_picked":["Nirvana","FlurryOfBlows","Protect"],"picked":"SKIP","floor":22.0},{"not_picked":["FlyingSleeves","Evaluate","CrushJoints"],"picked":"SKIP","floor":24.0},{"not_picked":["FlyingSleeves","Evaluate","CrushJoints"],"picked":"SKIP","floor":24.0},{"not_picked":["Tantrum","CarveReality","Protect"],"picked":"Vault","floor":28.0},{"not_picked":["Swivel","EmptyBody","Ragnarok"],"picked":"Prostrate","floor":30.0},{"not_picked":["Collect","PathToVictory","Consecrate"],"picked":"TalkToTheHand","floor":31.0},{"not_picked":["Consecrate","Perseverance+1","Crescendo","BattleHymn+1"],"picked":"SKIP","floor":35.0},{"not_picked":["CarveReality","Pray","WindmillStrike"],"picked":"InnerPeace","floor":39.0},{"not_picked":["Evaluate+1","SashWhip","DeceiveReality","CrushJoints"],"picked":"SKIP","floor":41.0},{"not_picked":["Prostrate","JustLucky","FlyingSleeves","ClearTheMind"],"picked":"SKIP","floor":44.0},{"not_picked":["FearNoEvil","Conclude","Blasphemy"],"picked":"Wallop","floor":46.0},{"not_picked":["ForeignInfluence+1","ClearTheMind","Study+1","Crescendo"],"picked":"SKIP","floor":48.0}],"player_experience":1105603,"relics_obtained":[{"floor":7.0,"key":"Anchor"},{"floor":9.0,"key":"Damaru"},{"floor":13.0,"key":"CaptainsWheel"},{"floor":26.0,"key":"Question Card"},{"floor":28.0,"key":"Mango"},{"floor":30.0,"key":"Letter Opener"},{"floor":37.0,"key":"GoldenEye"},{"floor":41.0,"key":"Regal Pillow"},{"floor":43.0,"key":"Strawberry"},{"floor":44.0,"key":"Dream Catcher"},{"floor":46.0,"key":"Blood Vial"}],"event_choices":[{"damage_healed":0.0,"max_hp_gain":0.0,"max_hp_loss":6.0,"gold_gain":0.0,"event_name":"Golden Idol","player_choice":"Lose Max HP","floor":2.0,"gold_loss":0.0,"damage_taken":0.0,"relics_obtained":["Golden Idol"]},{"damage_healed":0.0,"max_hp_gain":0.0,"max_hp_loss":0.0,"gold_gain":0.0,"event_name":"WeMeetAgain","player_choice":"Gave Potion","floor":8.0,"gold_loss":0.0,"damage_taken":0.0,"relics_obtained":["The Courier"]},{"damage_healed":20.0,"max_hp_gain":0.0,"max_hp_loss":0.0,"gold_gain":0.0,"event_name":"Big Fish","player_choice":"Banana","floor":12.0,"gold_loss":0.0,"damage_taken":0.0},{"damage_healed":0.0,"max_hp_gain":0.0,"max_hp_loss":0.0,"gold_gain":0.0,"event_name":"Lab","player_choice":"Got Potions","floor":21.0,"gold_loss":0.0,"damage_taken":0.0},{"damage_healed":0.0,"max_hp_gain":0.0,"max_hp_loss":0.0,"gold_gain":0.0,"event_name":"Ghosts","player_choice":"Ignored","floor":25.0,"gold_loss":0.0,"damage_taken":0.0},{"damage_healed":0.0,"max_hp_gain":0.0,"max_hp_loss":4.0,"gold_gain":0.0,"event_name":"Winding Halls","player_choice":"Max HP","floor":36.0,"gold_loss":0.0,"damage_taken":0.0},{"damage_healed":0.0,"max_hp_gain":0.0,"max_hp_loss":0.0,"gold_gain":0.0,"event_name":"MindBloom","player_choice":"Fight","floor":37.0,"gold_loss":0.0,"damage_taken":0.0},{"damage_healed":0.0,"max_hp_gain":0.0,"max_hp_loss":0.0,"gold_gain":333.0,"event_name":"The Moai Head","player_choice":"Gave Idol","floor":42.0,"relics_lost":["Golden Idol"],"gold_loss":0.0,"damage_taken":0.0},{"damage_healed":0.0,"max_hp_gain":0.0,"max_hp_loss":0.0,"gold_gain":0.0,"event_name":"Tomb of Lord Red Mask","player_choice":"Paid","floor":47.0,"gold_loss":78.0,"damage_taken":0.0,"relics_obtained":["Red Mask"]}],"is_beta":false,"boss_relics":[{"not_picked":["Runic Pyramid","Philosopher\u0027s Stone"],"picked":"Fusion Hammer"},{"not_picked":["Calling Bell","Coffee Dripper"],"picked":"Runic Dome"}],"items_purged_floors":[20,27,38],"is_endless":false,"potions_floor_spawned":[1,7,11,16,18,22,28,31,35,44,48],"ascension_level":15}}