{"host":"nmyw38vkdf8owddb","time":1608973988,"event":{"mods":["BaseMod","Bestiary","Colored Map","Colored Powertips","DeckTracker","Minty Spire (QoL Compilation)","Shade Mod","StSLib","The Caster","The Marked","Waifu the Spire","Žc—¯”V•¨"],"gold_per_floor":[364,380,101,116,116,116,135,135,135,135,155,175,208,133,133,233,233,253,266,266,35,35,35],"floor_reached":22,"playtime":1626,"items_purged":["caster:strike","Pain"],"score":186,"play_id":"f48f1f2d-bd43-4731-ab94-626977eea612","local_time":"20201226181308","is_ascension_mode":false,"campfire_choices":[{"data":"caster:Charge","floor":6,"key":"SMITH"},{"floor":10,"key":"REST"},{"data":"caster:Focusyn","floor":15,"key":"SMITH"}],"circlet_count":0,"master_deck":["caster:Meteor","caster:DivertFocus","caster:strike","caster:strike","caster:strike","caster:defend","caster:defend","caster:defend","caster:defend","caster:defend","caster:Charge+1","caster:Incinerate","caster:Grimoire","caster:StormGust","caster:Grimoire","caster:Focusyn+1","caster:MegaloSpark","caster:Thundara+1","caster:Charge","caster:JupitelThunder","caster:Elementalize+1","caster:Susanoo","caster:FrostDriver","caster:QuickCast+1","caster:FlashSpeed","caster:StaticField"],"relics":["caster:MagicBook","DollysMirror","Toxic Egg 2","Velvet Choker","WarpedTongs"],"acts_visited":["Exordium","TheCity"],"potions_floor_usage":[16,16,16,16,18,22],"damage_taken":[{"damage":0,"enemies":"Jaw Worm","floor":1,"turns":5},{"damage":4,"enemies":"Cultist","floor":2,"turns":4},{"damage":0,"enemies":"2 Louse","floor":4,"turns":4},{"damage":41,"enemies":"Exordium Thugs","floor":7,"turns":7},{"damage":8,"enemies":"Lots of Slimes","floor":11,"turns":4},{"damage":0,"enemies":"2 Fungi Beasts","floor":12,"turns":3},{"damage":3,"enemies":"Lagavulin","floor":13,"turns":5},{"damage":6,"enemies":"Hexaghost","floor":16,"turns":8},{"damage":18,"enemies":"3 Byrds","floor":18,"turns":5},{"damage":10,"enemies":"Chosen","floor":19,"turns":4},{"damage":32,"enemies":"3 Cultists","floor":22,"turns":3}],"seed_played":"-6993263318737612113","potions_obtained":[{"floor":1,"key":"EntropicBrew"},{"floor":4,"key":"GamblersBrew"},{"floor":11,"key":"AttackPotion"},{"floor":12,"key":"EntropicBrew"}],"is_trial":false,"path_per_floor":["M","M","$","M","?","R","M","?","T","R","M","M","E","$","R","B",null,"M","M","?","$","M"],"character_chosen":"THE_CASTER","items_purchased":["caster:Grimoire","caster:StormGust","DollysMirror","caster:FlashSpeed","caster:StaticField"],"campfire_rested":1,"item_purchase_floors":[3,3,3,21,21],"current_hp_per_floor":[58,54,54,54,54,54,13,13,13,30,22,22,19,19,19,13,58,40,30,30,30,0,0],"gold":35,"neow_bonus":"TWO_FIFTY_GOLD","is_daily":false,"chose_seed":false,"campfire_upgraded":2,"win_rate":0.0,"timestamp":1608973988,"path_taken":["M","M","$","M","?","R","?","?","T","R","?","?","E","$","R","BOSS","M","?","?","?","M"],"items_purchased_type":["Card","Card","Relic","Card","Card"],"build_version":"2020-12-22","purchased_purges":2,"victory":false,"max_hp_per_floor":[58,58,58,58,58,58,58,58,58,58,58,58,58,58,58,58,58,58,58,58,58,58,58],"card_choices":[{"not_picked":["caster:Illusion","caster:Enfeeble"],"picked":"caster:Charge","floor":1},{"not_picked":["caster:FlashSpeed","caster:Sandstorm"],"picked":"caster:Incinerate","floor":2},{"not_picked":["caster:FlashFrost","caster:LightningBolt"],"picked":"caster:Focusyn","floor":4},{"not_picked":["caster:Accumulation","caster:Sandstorm"],"picked":"caster:MegaloSpark","floor":7},{"not_picked":["caster:WallOfThorns","caster:MagicWeapon"],"picked":"caster:Charge","floor":11},{"not_picked":["caster:Sleet","caster:Enfeeble"],"picked":"caster:JupitelThunder","floor":12},{"not_picked":["caster:MagicBarrier+1","caster:Sandstorm+1"],"picked":"caster:Elementalize+1","floor":13},{"not_picked":["caster:StormGust","caster:GateOfBabylon"],"picked":"caster:Susanoo","floor":16},{"not_picked":["caster:BurnItDown","caster:FrigidBeam"],"picked":"caster:FrostDriver","floor":18},{"not_picked":["caster:Elementalize+1","caster:Fireball"],"picked":"caster:QuickCast+1","floor":19}],"player_experience":321686,"relics_obtained":[{"floor":13,"key":"Toxic Egg 2"}],"event_choices":[{"damage_healed":0,"gold_gain":0,"player_choice":"Bought 0 Potions","damage_taken":0,"max_hp_gain":0,"max_hp_loss":0,"event_name":"The Woman in Blue","floor":5,"gold_loss":0},{"damage_healed":0,"gold_gain":0,"player_choice":"Rummage","damage_taken":0,"relics_obtained":["WarpedTongs"],"max_hp_gain":0,"max_hp_loss":0,"event_name":"Accursed Blacksmith","floor":20,"gold_loss":0,"cards_obtained":["Pain"]}],"is_beta":false,"boss_relics":[{"not_picked":["SacredBark","Pandora\u0027s Box"],"picked":"Velvet Choker"}],"items_purged_floors":[14,21],"is_endless":false,"potions_floor_spawned":[1,4,11,12,18],"killed_by":"3 Cultists","ascension_level":0}}