{"host":"7khtwbkyze7y134w","time":1608987052,"event":{"mods":["AchievementEnabler","BaseMod","Bestiary","Colored Map","Colored Powertips","Highlight Path","Minty Spire (QoL Compilation)","Quick Restart","Relic Stats","Slay-I","StSLib","SuperFastMode"],"gold_per_floor":[209,209,228,228,1,30,43,43,91,122,139,139,166,176,176,277,277,277,277,277,23,23,23,23,23,23,23,0,0,0,0,0,0,0,0,0,0,0,0,0,0],"floor_reached":40,"playtime":1152,"items_purged":["Strike_G","Strike_G"],"score":538,"play_id":"dec0f6a7-f363-45a0-8014-6716d8576526","local_time":"20201226125052","is_ascension_mode":true,"campfire_choices":[{"data":"Catalyst","floor":8,"key":"SMITH"},{"floor":12,"key":"REST"},{"floor":15,"key":"REST"},{"floor":24,"key":"REST"},{"data":"Noxious Fumes","floor":27,"key":"SMITH"},{"floor":30,"key":"REST"},{"floor":32,"key":"REST"}],"circlet_count":0,"master_deck":["Strike_G","Strike_G","Defend_G","Defend_G","Defend_G","Defend_G","Defend_G","Survivor","Neutralize","Bouncing Flask","Bouncing Flask","Catalyst+1","Backstab","Deadly Poison","Poisoned Stab","Deadly Poison","Noxious Fumes+1","Writhe","Poisoned Stab","Poisoned Stab","Deadly Poison","Poisoned Stab+1"],"relics":["Ring of the Snake","Tiny Chest","Membership Card","Mango","Regal Pillow","FossilizedHelix","Juzu Bracelet","Ectoplasm","Pen Nib","Anchor","Akabeko","StoneCalendar","Lantern","Letter Opener","Busted Crown","Red Mask","Toy Ornithopter"],"acts_visited":["Exordium","TheCity","TheBeyond"],"potions_floor_usage":[6,14,16,16,23,33,40,40],"damage_taken":[{"damage":2.0,"enemies":"Small Slimes","floor":1.0,"turns":4.0},{"damage":0.0,"enemies":"2 Louse","floor":3.0,"turns":2.0},{"damage":22,"enemies":"3 Sentries","floor":6,"turns":10},{"damage":3,"enemies":"Jaw Worm","floor":7,"turns":3},{"damage":23,"enemies":"Lagavulin","floor":10,"turns":5},{"damage":14,"enemies":"3 Louse","floor":11,"turns":3},{"damage":45,"enemies":"3 Sentries","floor":13,"turns":10},{"damage":0,"enemies":"Exordium Thugs","floor":14,"turns":3},{"damage":10,"enemies":"Hexaghost","floor":16,"turns":6},{"damage":0,"enemies":"Chosen","floor":18,"turns":3},{"damage":14,"enemies":"3 Byrds","floor":19,"turns":4},{"damage":5,"enemies":"Cultist and Chosen","floor":20,"turns":4},{"damage":18,"enemies":"Gremlin Leader","floor":23,"turns":4},{"damage":22,"enemies":"Book of Stabbing","floor":25,"turns":4},{"damage":33,"enemies":"Gremlin Leader","floor":29,"turns":5},{"damage":0,"enemies":"Chosen and Byrds","floor":31,"turns":4},{"damage":60,"enemies":"Champ","floor":33,"turns":6},{"damage":0,"enemies":"3 Shapes","floor":35,"turns":3},{"damage":23,"enemies":"3 Darklings","floor":37,"turns":5},{"damage":10,"enemies":"Jaw Worm Horde","floor":38,"turns":5},{"damage":68,"enemies":"Reptomancer","floor":40,"turns":5}],"seed_played":"-3107161386818431441","potions_obtained":[{"floor":1.0,"key":"Dexterity Potion"},{"floor":3.0,"key":"DistilledChaos"},{"floor":13,"key":"Fire Potion"},{"floor":14,"key":"EssenceOfSteel"},{"floor":19,"key":"AttackPotion"},{"floor":23,"key":"Swift Potion"},{"floor":33,"key":"SpeedPotion"},{"floor":37,"key":"FearPotion"},{"floor":38,"key":"ColorlessPotion"}],"is_trial":false,"path_per_floor":["M","?","M","?","$","E","M","R","T","E","M","R","E","M","R","B",null,"M","M","M","$","?","E","R","E","T","R","$","E","R","M","R","B",null,"M","?","M","M","T","E"],"character_chosen":"THE_SILENT","items_purchased":["Membership Card","Catalyst","Deadly Poison","Noxious Fumes","Pen Nib","Anchor","Deadly Poison"],"campfire_rested":5,"item_purchase_floors":[5,5,21,21,21,21,28],"current_hp_per_floor":[68,65,65,58,58,50,47,47,47,24,10,50,5,5,45,35,84,84,70,65,65,65,47,84,62,62,62,62,29,69,69,84,24,84,84,84,61,51,51,0,0],"gold":0,"neow_bonus":"HUNDRED_GOLD","is_daily":false,"chose_seed":false,"campfire_upgraded":2,"win_rate":0.0,"timestamp":1608987052,"path_taken":["M","?","M","?","$","E","M","R","T","E","M","R","E","M","R","BOSS","M","M","M","$","?","E","R","E","T","R","$","E","R","M","R","BOSS","M","?","M","M","?","E"],"items_purchased_type":["Relic","Card","Card","Card","Relic","Relic","Card"],"build_version":"2020-12-22","purchased_purges":2,"victory":false,"max_hp_per_floor":[70,70,70,70,70,84,84,84,84,84,84,84,84,84,84,84,84,84,84,84,84,84,84,84,84,84,84,84,84,84,84,84,84,84,84,84,84,84,84,84,84],"relic_stats":{"Regal Pillow":57,"Busted Crown":6,"counters":[21,98],"Tiny Chest":1,"StoneCalendar":[0],"Ectoplasm":365,"Pen Nib":[6],"Juzu Bracelet":0,"Letter Opener":[99],"obtain_stats":[{"Regal Pillow":9,"Lantern":25,"Mango":6,"StoneCalendar":23,"Pen Nib":21,"Juzu Bracelet":13,"Letter Opener":29,"Akabeko":22,"Anchor":21,"Busted Crown":34,"Tiny Chest":2,"Ectoplasm":17,"Red Mask":36,"Membership Card":5,"FossilizedHelix":10,"Toy Ornithopter":39,"Ring of the Snake":0},{"Regal Pillow":4,"Lantern":14,"Mango":3,"StoneCalendar":13,"Pen Nib":12,"Juzu Bracelet":7,"Letter Opener":15,"Akabeko":12,"Anchor":12,"Busted Crown":17,"Tiny Chest":1,"Ectoplasm":9,"Red Mask":18,"Membership Card":2,"FossilizedHelix":5,"Toy Ornithopter":20,"Ring of the Snake":0},{"Regal Pillow":19,"Lantern":65,"Mango":16,"StoneCalendar":61,"Pen Nib":57,"Juzu Bracelet":37,"Letter Opener":70,"Akabeko":57,"Anchor":57,"Busted Crown":80,"Tiny Chest":4,"Ectoplasm":46,"Red Mask":83,"Membership Card":6,"FossilizedHelix":24,"Toy Ornithopter":93,"Ring of the Snake":0}],"Toy Ornithopter":10,"Ring of the Snake":[42]},"card_choices":[{"not_picked":["Expertise","Slice"],"picked":"Bouncing Flask","floor":1.0},{"not_picked":["Flechettes","Tactician"],"picked":"Bouncing Flask","floor":3.0},{"not_picked":["Deflect","Escape Plan","Sucker Punch"],"picked":"SKIP","floor":6},{"not_picked":["Outmaneuver","Prepared","Riddle With Holes"],"picked":"SKIP","floor":7},{"not_picked":["Distraction","Blade Dance","Night Terror"],"picked":"SKIP","floor":10},{"not_picked":["Footwork","Flying Knee"],"picked":"Backstab","floor":11},{"not_picked":["Flying Knee","Underhanded Strike"],"picked":"Deadly Poison","floor":13},{"not_picked":["Quick Slash","Acrobatics","Doppelganger"],"picked":"SKIP","floor":14},{"not_picked":["Dodge and Roll+1","Slice","Prepared+1"],"picked":"SKIP","floor":18},{"not_picked":["Tactician","Underhanded Strike","Sucker Punch+1"],"picked":"SKIP","floor":19},{"not_picked":["Quick Slash+1","Flying Knee"],"picked":"Poisoned Stab","floor":20},{"not_picked":["Backflip+1","Underhanded Strike"],"picked":"Poisoned Stab","floor":23},{"not_picked":["Predator","A Thousand Cuts"],"picked":"Poisoned Stab","floor":25},{"not_picked":["Well Laid Plans","Phantasmal Killer","Caltrops"],"picked":"SKIP","floor":29},{"not_picked":["Outmaneuver","Quick Slash+1","Escape Plan+1"],"picked":"SKIP","floor":31},{"not_picked":["Dagger Throw"],"picked":"SKIP","floor":35},{"not_picked":["Escape Plan"],"picked":"SKIP","floor":37},{"not_picked":[],"picked":"Poisoned Stab+1","floor":38}],"player_experience":14295,"relics_obtained":[{"floor":6,"key":"Mango"},{"floor":9,"key":"Regal Pillow"},{"floor":10,"key":"FossilizedHelix"},{"floor":13,"key":"Juzu Bracelet"},{"floor":23,"key":"StoneCalendar"},{"floor":25,"key":"Lantern"},{"floor":29,"key":"Letter Opener"},{"floor":39,"key":"Toy Ornithopter"}],"event_choices":[{"damage_healed":0.0,"max_hp_gain":0.0,"max_hp_loss":0.0,"gold_gain":0.0,"event_name":"Scrap Ooze","player_choice":"Success","floor":2.0,"gold_loss":0.0,"damage_taken":3.0,"relics_obtained":["Tiny Chest"]},{"cards_removed":["Strike_G"],"damage_healed":0.0,"max_hp_gain":0.0,"max_hp_loss":0.0,"gold_gain":0.0,"event_name":"Golden Wing","player_choice":"Card Removal","floor":4.0,"gold_loss":0.0,"damage_taken":7.0},{"damage_healed":0,"gold_gain":0,"player_choice":"Opened","damage_taken":0,"relics_obtained":["Akabeko"],"max_hp_gain":0,"max_hp_loss":0,"event_name":"The Mausoleum","floor":22,"gold_loss":0,"cards_obtained":["Writhe"]},{"damage_healed":0,"gold_gain":0,"player_choice":"Paid","damage_taken":0,"relics_obtained":["Red Mask"],"max_hp_gain":0,"max_hp_loss":0,"event_name":"Tomb of Lord Red Mask","floor":36,"gold_loss":0}],"is_beta":false,"boss_relics":[{"not_picked":["WristBlade","Astrolabe"],"picked":"Ectoplasm"},{"not_picked":["SacredBark","Philosopher\u0027s Stone"],"picked":"Busted Crown"}],"items_purged_floors":[5,21],"is_endless":false,"potions_floor_spawned":[1,3,13,14,19,23,33,37,38],"killed_by":"Reptomancer","ascension_level":1}}