{"host":"9kjfrj3pewitpdem","time":1608947338,"event":{"mods":["AchievementEnabler","BaseMod","Better Altar","Better Match","Better Note","Better Sensory Stone","Better Skull","Better Third Choice","BetterRewards","Colored Map","Colored Powertips","GifTheSpireLib","Hermit","Hero for Fun","Hubris","Jorbs\u0027s Wanderer Trilogy","Minty Spire (QoL Compilation)","Replay The Spire","StSLib","The Bladedancer","The Cursed","The Hierophant","The Runesmith","The Servant 0.9.4"],"gold_per_floor":[12,12,12,12,12,62,12,12,41,41,41,41,59,59,86,99,99,198,198,212,122,122,93,18,18,34,45,126,126,126],"floor_reached":29,"playtime":875,"items_purged":["Strike_S"],"score":227,"play_id":"b6373261-8a30-42bb-bdef-2d97a82213a0","local_time":"20201226124858","is_ascension_mode":false,"campfire_choices":[{"data":"KidneyShot","floor":8,"key":"SMITH"},{"data":"Rearm","floor":8,"key":"SMITH"},{"floor":14,"key":"DIG"},{"floor":17,"key":"DIG"},{"data":"1","floor":25,"key":"LIFT"}],"circlet_count":0,"master_deck":["Strike_S+1","Strike_S","Defend_S+1","Defend_S","Defend_S","Defend_S","KidneyShot+1","Exchange","Rearm+1","Hallucinations","Moonlight+1","Dilation","BestPractice+1","BottledTime","SilverBlades","Rearm","Doubt"],"relics":["Uniform","Replay:Arrowhead","Ring of Searing","Ring of Greed","MealTicket","Blue Doll","ReplayTheSpireMod:TigerMarble","Shovel","Toy Ornithopter","Girya","Bronze Scales","hubris:Stopwatch","Bottled Tornado"],"acts_visited":["Exordium","TheCity"],"potions_floor_usage":[15,18],"damage_taken":[{"damage":7,"enemies":"Jaw Worm","floor":1,"turns":5},{"damage":18,"enemies":"Lagavulin","floor":9,"turns":3},{"damage":5,"enemies":"Small Slimes","floor":13,"turns":2},{"damage":23,"enemies":"Replay:BlueRogue","floor":15,"turns":3},{"damage":0,"enemies":"2 Louse","floor":16,"turns":2},{"damage":15,"enemies":"The Guardian","floor":18,"turns":8},{"damage":20,"enemies":"Shell Parasite","floor":20,"turns":5},{"damage":10,"enemies":"Spheric Guardian","floor":26,"turns":4},{"damage":15,"enemies":"Centurion and Healer","floor":27,"turns":3},{"damage":48,"enemies":"Masked Bandits","floor":29,"turns":3}],"seed_played":"-8209116735677753385","potions_obtained":[{"floor":13,"key":"DistilledChaos"},{"floor":15,"key":"DuplicationPotion"},{"floor":20,"key":"SpeedPotion"}],"is_trial":false,"path_per_floor":["M","?","PTL","PTL","$","?","$","R","E","$","T","?","M","R","E","M","R_BF","B",null,"M","?","?","$","$","R","M","M","T","?"],"character_chosen":"THE_SERVANT","items_purchased":["Moonlight+1","SilverBlades"],"campfire_rested":0,"item_purchase_floors":[7,23],"current_hp_per_floor":[58,51,51,51,51,51,65,65,47,62,62,62,57,57,39,39,39,29,65,45,45,45,60,65,65,55,40,40,0,0],"gold":126,"neow_bonus":"ONE_RARE_RELIC","is_daily":false,"chose_seed":false,"campfire_upgraded":2,"win_rate":0.0,"timestamp":1608947338,"path_taken":["M","?","PTL","PTL","$","?","$","R","E","?","T","?","M","R","E","M","R_BF","BOSS","M","?","?","?","$","R","M","M","T","?"],"items_purchased_type":["Card","Card"],"build_version":"2020-12-22","purchased_purges":1,"victory":false,"max_hp_per_floor":[65,65,65,65,65,65,65,65,65,65,65,65,65,65,65,65,65,65,65,65,65,65,65,65,65,65,65,65,65,65],"card_choices":[{"not_picked":["ShatteredReality","TimeWarp"],"picked":"Rearm","floor":1},{"not_picked":["Misdirection","RealityMarble","DoubleEdge"],"picked":"SKIP","floor":9},{"not_picked":["SurpressingFire","Alleviate","Defy"],"picked":"SKIP","floor":13},{"not_picked":["Revamp","Replace","Initiator"],"picked":"SKIP","floor":15},{"not_picked":["Replace","Revamp","Luminosity"],"picked":"SKIP","floor":16},{"not_picked":["PendulumOfEternity","Duplication"],"picked":"Dilation","floor":18},{"not_picked":["Potential","Starlight+1"],"picked":"BestPractice+1","floor":20},{"not_picked":["ShatteredReality","Ricochet","Rewind"],"picked":"SKIP","floor":26},{"not_picked":["Luminosity+1","Replace"],"picked":"Rearm","floor":27}],"player_experience":113812,"relics_obtained":[{"floor":6,"key":"Ring of Searing"},{"floor":6,"key":"Ring of Greed"},{"floor":6,"key":"MealTicket"},{"floor":6,"key":"Blue Doll"},{"floor":9,"key":"ReplayTheSpireMod:TigerMarble"},{"floor":11,"key":"Shovel"},{"floor":14,"key":"Toy Ornithopter"},{"floor":15,"key":"Girya"},{"floor":17,"key":"Bronze Scales"},{"floor":28,"key":"Bottled Tornado"}],"event_choices":[{"cards_removed":["Strike_S"],"damage_healed":0,"gold_gain":0,"player_choice":"Card Removal","damage_taken":7,"max_hp_gain":0,"max_hp_loss":0,"event_name":"Golden Wing","floor":2,"gold_loss":0},{"cards_removed":["ReplayTheSpireMod:Restless Dread"],"damage_healed":0,"gold_gain":0,"player_choice":"Upgrade and Remove","damage_taken":0,"max_hp_gain":0,"max_hp_loss":0,"event_name":"Designer","floor":21,"gold_loss":90,"cards_upgraded":["Strike_S"]},{"cards_removed":["Hallucinations"],"damage_healed":0,"gold_gain":0,"player_choice":"Take \u0026 Give","damage_taken":0,"max_hp_gain":0,"max_hp_loss":0,"event_name":"betterNote:BetterNote","floor":22,"gold_loss":0,"cards_obtained":["BottledTime"]},{"damage_healed":0,"gold_gain":0,"player_choice":"Fought Bandits","damage_taken":0,"max_hp_gain":0,"max_hp_loss":0,"event_name":"Masked Bandits","floor":29,"gold_loss":0}],"is_beta":false,"boss_relics":[{"not_picked":["Fusion Hammer","Replay:Ancient Bell"],"picked":"hubris:Stopwatch"}],"items_purged_floors":[24],"is_endless":false,"potions_floor_spawned":[13,15,20],"killed_by":"Masked Bandits","ascension_level":0}}