{"host":"qfskrnw3pl1q86j0","time":1608984961,"event":{"mods":["BaseMod","Block Reminder","Hermit","Marisa????????","Minty Spire (QoL Compilation)","Quick Restart","Random Character Button","StSLib","The Poker Player","slay the spire mod where everything is the same but ironclad has a cowboy hat"],"gold_per_floor":[115,65,65,132,132,132,58,58,58,74,100,182,182,219,219,341,341,360,396,396,430,455,455,523,523,523,535,547,559,581,112,112,264,264,373,91,158,230,230,263,263,163,163,237,288,288,342,342,342,486],"floor_reached":51,"playtime":2254,"items_purged":["Strike_MRS","Strike_MRS"],"score":777,"play_id":"eeae056e-6787-42c6-9833-3f75fbf5d72c","local_time":"20201226131601","is_ascension_mode":false,"campfire_choices":[{"data":"MasterSpark","floor":6.0,"key":"SMITH"},{"data":"Robbery","floor":8.0,"key":"SMITH"},{"data":"GravityBeat","floor":13.0,"key":"SMITH"},{"data":"GrandCross","floor":15.0,"key":"SMITH"},{"data":"SporeBomb","floor":23.0,"key":"SMITH"},{"data":"MilkyWay","floor":25.0,"key":"SMITH"},{"data":"BlazeAway","floor":28.0,"key":"SMITH"},{"data":"UpSweep","floor":32.0,"key":"SMITH"},{"data":"MilkyWay","floor":41.0,"key":"SMITH"},{"data":"Singularity","floor":46,"key":"SMITH"},{"data":"StarBarrage","floor":49,"key":"SMITH"}],"circlet_count":0,"master_deck":["Defend_MRS","Defend_MRS","Defend_MRS","Defend_MRS","MasterSpark+1","UpSweep+1","GravityBeat+1","PowerUp","GrandCross+1","Robbery+1","MagicAbsorber","MilkyWay+1","Orbital","DC+1","NonDirectionalLaser","BlazeAway+1","SporeBomb+1","EnergyRecoil+1","MachineGunSpark","DoubleSpark+1","MilkyWay+1","Robbery","Singularity+1","Robbery+1","GrandCross","GravityBeat+1","DoubleSpark+1","MagicAbsorber+1","StarBarrage+1"],"relics":["MiniHakkero","Anchor","AmplifyWand","Bottled Flame","Sozu","FaceOfCleric","MawBank","HornCleat","Coffee Dripper","BreadOfAWashokuLover","Gremlin Horn","Strawberry"],"acts_visited":["Exordium","TheCity","TheBeyond"],"potions_floor_usage":[50],"damage_taken":[{"damage":0.0,"enemies":"2 Louse","floor":1.0,"turns":3.0},{"damage":0.0,"enemies":"Jaw Worm","floor":10.0,"turns":2.0},{"damage":1.0,"enemies":"Cultist","floor":11.0,"turns":4.0},{"damage":28.0,"enemies":"Lagavulin","floor":12.0,"turns":8.0},{"damage":0.0,"enemies":"Large Slime","floor":14.0,"turns":4.0},{"damage":11.0,"enemies":"Slime Boss","floor":16.0,"turns":7.0},{"damage":9.0,"enemies":"Shell Parasite","floor":18.0,"turns":4.0},{"damage":20.0,"enemies":"3 Byrds","floor":19.0,"turns":5.0},{"damage":6.0,"enemies":"Snake Plant","floor":21.0,"turns":3.0},{"damage":10.0,"enemies":"Centurion and Healer","floor":22.0,"turns":4.0},{"damage":11.0,"enemies":"Cultist and Chosen","floor":24.0,"turns":6.0},{"damage":5.0,"enemies":"Colosseum Slavers","floor":27.0,"turns":2.0},{"damage":0.0,"enemies":"Snecko","floor":30.0,"turns":3.0},{"damage":10.0,"enemies":"Champ","floor":33.0,"turns":7.0},{"damage":7.0,"enemies":"3 Darklings","floor":35.0,"turns":3.0},{"damage":0.0,"enemies":"Orb Walker","floor":37.0,"turns":3.0},{"damage":2.0,"enemies":"Maw","floor":38.0,"turns":6.0},{"damage":0.0,"enemies":"Sphere and 2 Shapes","floor":40.0,"turns":3.0},{"damage":0,"enemies":"Spire Growth","floor":44,"turns":3},{"damage":5,"enemies":"Nemesis","floor":45,"turns":5},{"damage":0,"enemies":"4 Shapes","floor":47,"turns":3},{"damage":68,"enemies":"Awakened One","floor":50,"turns":11}],"seed_played":"339680914766252739","potions_obtained":[{"floor":1.0,"key":"Dexterity Potion"},{"floor":12.0,"key":"PowerPotion"}],"is_trial":false,"path_per_floor":["M","$","?","?","?","R","$","R","T","M","M","E","R","M","R","B",null,"M","M","?","M","M","R","M","R","T","?","R","?","M","$","R","B",null,"M","$","M","M","?","M","R","$","T","M","E","R","M","?","R","B",null],"character_chosen":"MARISA","items_purchased":["GrandCross","Robbery","HornCleat","MilkyWay","Robbery","Singularity","BreadOfAWashokuLover","GrandCross"],"campfire_rested":0,"item_purchase_floors":[2,7,31,31,31,31,36,36],"current_hp_per_floor":[75,75,68,68,73,73,73,73,73,73,72,44,44,44,44,33,80,71,51,51,46,37,37,27,27,27,23,23,23,24,24,24,15,86,80,80,81,80,80,81,81,81,81,82,85,85,86,86,86,20],"gold":486,"neow_bonus":"TRANSFORM_CARD","is_daily":false,"chose_seed":false,"campfire_upgraded":11,"win_rate":0.0,"timestamp":1608984961,"path_taken":["M","$","?","?","?","R","?","R","T","?","M","E","R","M","R","BOSS","M","M","?","?","M","R","M","R","T","?","R","?","M","$","R","BOSS","M","$","?","M","?","M","R","$","T","?","E","R","M","?","R","BOSS"],"items_purchased_type":["Card","Card","Relic","Card","Card","Card","Relic","Card"],"build_version":"2020-12-22","purchased_purges":2,"victory":true,"max_hp_per_floor":[75,75,75,75,80,80,80,80,80,80,80,80,80,80,80,80,80,80,80,80,81,82,82,83,83,83,84,84,84,85,85,85,86,86,87,87,88,89,89,90,90,90,90,91,99,99,100,100,100,101],"card_choices":[{"not_picked":["DragonMeteor","UnstableBomb"],"picked":"PowerUp","floor":1.0},{"not_picked":["DoubleSpark","MysteriousBeam"],"picked":"MagicAbsorber","floor":10.0},{"not_picked":["ShootingEcho","DoubleSpark"],"picked":"MilkyWay","floor":11.0},{"not_picked":["OneTimeOff","ChargeUpSpray","MeteoricShower"],"picked":"SKIP","floor":12.0},{"not_picked":["OneTimeOff","ChargeUpSpray","MeteoricShower"],"picked":"SKIP","floor":12.0},{"not_picked":["SprinkleStarSeal","NonDirectionalLaser"],"picked":"Orbital","floor":14.0},{"not_picked":["PropBag","LuminesStrike+1"],"picked":"DC+1","floor":18.0},{"not_picked":["MeteoricShower","PowerUp"],"picked":"NonDirectionalLaser","floor":19.0},{"not_picked":["DC","DoubleSpark"],"picked":"BlazeAway","floor":21.0},{"not_picked":["ShootingEcho+1","NonDirectionalLaser"],"picked":"SporeBomb","floor":22.0},{"not_picked":["AsteroidBelt","OneTimeOff"],"picked":"EnergyRecoil+1","floor":24.0},{"not_picked":["PowerUp","WitchLeyline"],"picked":"DoubleSpark+1","floor":30.0},{"not_picked":["EnergyFlow","GravityBeat"],"picked":"Robbery+1","floor":35.0},{"not_picked":["EarthLightRay","Acceleration","DC"],"picked":"SKIP","floor":37.0},{"not_picked":["DoubleSpark+1","DeepEcoloBomb+1"],"picked":"GravityBeat+1","floor":38.0},{"not_picked":["DC+1","DoubleSpark+1","StarlightTyphoon+1"],"picked":"SKIP","floor":40.0},{"not_picked":["DC+1","StarlightTyphoon+1"],"picked":"DoubleSpark+1","floor":40.0},{"not_picked":["DoubleSpark","DarkMatter","DeepEcoloBomb"],"picked":"SKIP","floor":44},{"not_picked":["Acceleration+1","JA"],"picked":"MagicAbsorber+1","floor":45},{"not_picked":["NonDirectionalLaser+1","Singularity+1"],"picked":"StarBarrage","floor":47}],"player_experience":868250,"relics_obtained":[{"floor":9.0,"key":"AmplifyWand"},{"floor":12.0,"key":"Bottled Flame"},{"floor":26.0,"key":"MawBank"},{"floor":43.0,"key":"Gremlin Horn"},{"floor":45,"key":"Strawberry"}],"event_choices":[{"damage_healed":0.0,"max_hp_gain":0.0,"max_hp_loss":0.0,"gold_gain":0.0,"event_name":"Scrap Ooze","player_choice":"Success","floor":3.0,"gold_loss":0.0,"damage_taken":7.0,"relics_obtained":["Anchor"]},{"damage_healed":0.0,"max_hp_gain":0.0,"max_hp_loss":0.0,"gold_gain":67.0,"event_name":"Golden Wing","player_choice":"Gained Gold","floor":4.0,"gold_loss":0.0,"damage_taken":0.0},{"damage_healed":0.0,"max_hp_gain":5.0,"max_hp_loss":0.0,"gold_gain":0.0,"event_name":"Big Fish","player_choice":"Donut","floor":5.0,"gold_loss":0.0,"damage_taken":0.0},{"damage_healed":0.0,"max_hp_gain":0.0,"max_hp_loss":0.0,"gold_gain":0.0,"event_name":"FaceTrader","player_choice":"Trade","floor":20.0,"gold_loss":0.0,"damage_taken":0.0,"relics_obtained":["FaceOfCleric"]},{"damage_healed":0.0,"max_hp_gain":0.0,"max_hp_loss":0.0,"gold_gain":0.0,"event_name":"Colosseum","player_choice":"Fight","floor":27.0,"gold_loss":0.0,"damage_taken":0.0},{"damage_healed":0.0,"max_hp_gain":0.0,"max_hp_loss":0.0,"gold_gain":0.0,"event_name":"Colosseum","player_choice":"Fled From Nobs","floor":27.0,"gold_loss":0.0,"damage_taken":0.0},{"damage_healed":0.0,"max_hp_gain":0.0,"max_hp_loss":0.0,"gold_gain":0.0,"cards_transformed":["Strike_MRS"],"event_name":"Transmorgrifier","player_choice":"Transformed","floor":29.0,"gold_loss":0.0,"damage_taken":0.0,"cards_obtained":["MachineGunSpark"]},{"damage_healed":0.0,"max_hp_gain":0.0,"max_hp_loss":0.0,"gold_gain":0.0,"event_name":"Lab","player_choice":"Got Potions","floor":39.0,"gold_loss":0.0,"damage_taken":0.0},{"damage_healed":0,"gold_gain":0,"player_choice":"0 cards matched","damage_taken":0,"max_hp_gain":0,"max_hp_loss":0,"event_name":"Match and Keep!","floor":48,"gold_loss":0,"cards_obtained":[]}],"is_beta":false,"boss_relics":[{"not_picked":["Cursed Key","Runic Dome"],"picked":"Sozu"},{"not_picked":["BewitchedHakkero","Runic Pyramid"],"picked":"Coffee Dripper"}],"items_purged_floors":[31,42],"is_endless":false,"potions_floor_spawned":[1,12,18,24,37,38,44,47],"ascension_level":0}}