{"host":"3ek78t4i81ecmdy1","time":1608942738,"event":{"mods":["2.2 Compatiblity","AchievementEnabler","BaseMod","Colored Map","DeckTracker","Filter the Spire","Keyboard Shortcuts","Minty Spire (QoL Compilation)","Permanent Neow","Quick Restart","SuperFastMode","everything is the same but u backflip on backflip"],"gold_per_floor":[111,124,141,154,154,154,194,194,219,219,394,415,454,475,475,595,595,613,613,196,219,169,169,208,478,524,543,566,91,6,6,6,132,132,145,95,113,137,137,178,178,194,194,233,258,272,272,335,335,335,335],"floor_reached":50,"playtime":1808,"items_purged":["Doubt","Pain","Spot Weakness","Headbutt"],"score":563,"play_id":"11814f6b-aa35-4e30-aee4-62a12067ddec","local_time":"20201226093218","is_ascension_mode":true,"campfire_choices":[{"data":"Armaments","floor":6.0,"key":"SMITH"},{"data":"Spot Weakness","floor":8,"key":"SMITH"},{"data":"Immolate","floor":10,"key":"SMITH"},{"data":"Uppercut","floor":15,"key":"SMITH"},{"data":"True Grit","floor":23,"key":"SMITH"},{"data":"Body Slam","floor":32,"key":"SMITH"},{"floor":41,"key":"RECALL"},{"data":"Madness","floor":49,"key":"SMITH"}],"circlet_count":0,"master_deck":["Bash","Immolate+1","Spot Weakness+1","Shockwave","Armaments+1","Anger","Uppercut+1","Brutality","Entrench","Power Through","Inflame","Wild Strike","Body Slam+1","True Grit+1","Impervious","Dropkick","Rupture","Body Slam+1","Bloodletting","Fire Breathing","Ghostly Armor","Reaper","Bandage Up","Thunderclap","Rupture+1","Iron Wave+1","Flex+1","Feel No Pain+1","Madness+1","Madness"],"relics":["Burning Blood","Golden Idol","MealTicket","Smiling Mask","Pandora\u0027s Box","WarpedTongs","Bag of Marbles","Omamori","Red Mask","Strawberry","Vajra","Art of War","Darkstone Periapt","Sozu","Happy Flower","Ancient Tea Set","Centennial Puzzle","Juzu Bracelet","Torii"],"acts_visited":["Exordium","TheCity","TheBeyond"],"potions_floor_usage":[14,16,18,33],"damage_taken":[{"damage":11.0,"enemies":"Jaw Worm","floor":1.0,"turns":2.0},{"damage":10.0,"enemies":"Small Slimes","floor":2.0,"turns":3.0},{"damage":1.0,"enemies":"Cultist","floor":3.0,"turns":3.0},{"damage":5.0,"enemies":"Looter","floor":4.0,"turns":2.0},{"damage":17,"enemies":"Gremlin Nob","floor":7,"turns":4},{"damage":0,"enemies":"3 Louse","floor":12,"turns":1},{"damage":26,"enemies":"Lagavulin","floor":13,"turns":6},{"damage":7,"enemies":"Lots of Slimes","floor":14,"turns":3},{"damage":20,"enemies":"Hexaghost","floor":16,"turns":8},{"damage":22,"enemies":"Shell Parasite","floor":18,"turns":4},{"damage":29,"enemies":"Chosen","floor":21,"turns":6},{"damage":22,"enemies":"Masked Bandits","floor":24,"turns":4},{"damage":18,"enemies":"Centurion and Healer","floor":27,"turns":4},{"damage":0,"enemies":"Snecko","floor":28,"turns":5},{"damage":38,"enemies":"Champ","floor":33,"turns":9},{"damage":19,"enemies":"Orb Walker","floor":35,"turns":4},{"damage":0,"enemies":"3 Darklings","floor":37,"turns":2},{"damage":3,"enemies":"4 Shapes","floor":38,"turns":1},{"damage":30,"enemies":"Nemesis","floor":40,"turns":7},{"damage":38,"enemies":"Maw","floor":42,"turns":8},{"damage":15,"enemies":"Giant Head","floor":44,"turns":7},{"damage":32,"enemies":"Sphere and 2 Shapes","floor":45,"turns":6},{"damage":9,"enemies":"Writhing Mass","floor":46,"turns":6},{"damage":4,"enemies":"Mind Bloom Boss Battle","floor":48,"turns":5},{"damage":70,"enemies":"Donu and Deca","floor":50,"turns":6}],"seed_played":"-1074599487945866956","potions_obtained":[{"floor":1.0,"key":"EssenceOfSteel"},{"floor":2.0,"key":"Fire Potion"},{"floor":3.0,"key":"Swift Potion"},{"floor":13,"key":"FearPotion"},{"floor":14,"key":"PowerPotion"},{"floor":16,"key":"SpeedPotion"},{"floor":21,"key":"FearPotion"}],"is_trial":false,"path_per_floor":["M","M","M","M","?","R","E","R","T","R","?","M","E","M","R","B",null,"M","?","$","M","$","R","?","?","T","M","M","$","?","T","R","B",null,"M","$","M","M","?","E","R","M","T","E","M","M","?","?","R","B"],"character_chosen":"IRONCLAD","items_purchased":["Rupture","Bag of Marbles","Omamori","Vajra","Ghostly Armor","Reaper","Bandage Up","Thunderclap"],"campfire_rested":0,"item_purchase_floors":[20,20,20,29,29,29,29,29],"current_hp_per_floor":[67,63,68,69,51,51,40,40,40,40,40,46,26,25,25,11,72,56,56,71,48,63,63,47,20,27,15,21,36,36,36,36,25,79,70,79,79,79,79,63,63,58,58,53,45,52,42,50,50,0,0],"gold":335,"neow_bonus":"THREE_RARE_CARDS","is_daily":false,"chose_seed":false,"campfire_upgraded":7,"win_rate":0.0,"timestamp":1608942738,"path_taken":["M","M","M","M","?","R","E","R","T","R","?","M","E","M","R","BOSS","M","?","?","M","$","R","?","?","T","M","?","$","?","?","R","BOSS","M","?","?","M","?","E","R","M","T","E","M","M","?","?","R","BOSS"],"items_purchased_type":["Card","Relic","Relic","Relic","Card","Card","Card","Card"],"build_version":"2020-12-22","purchased_purges":4,"victory":false,"max_hp_per_floor":[72,72,72,72,72,72,72,72,72,72,72,72,72,72,72,72,72,72,72,72,72,72,72,72,72,79,79,79,79,79,79,79,79,79,79,79,79,79,79,79,79,79,79,79,79,79,79,79,79,79,79],"card_choices":[{"not_picked":["Berserk","Juggernaut"],"picked":"Immolate","floor":0.0},{"not_picked":["Body Slam","Cleave"],"picked":"Spot Weakness","floor":1.0},{"not_picked":["Whirlwind","Clothesline"],"picked":"Shockwave","floor":2.0},{"not_picked":["Perfected Strike","Clash"],"picked":"Armaments","floor":3.0},{"not_picked":["Clash","Juggernaut"],"picked":"Anger","floor":4.0},{"not_picked":["Anger","Hemokinesis","Carnage"],"picked":"SKIP","floor":7},{"not_picked":["Perfected Strike","Clash"],"picked":"Uppercut","floor":12},{"not_picked":["Clothesline","Dual Wield","Havoc"],"picked":"SKIP","floor":13},{"not_picked":["Battle Trance","Wild Strike","Headbutt"],"picked":"SKIP","floor":14},{"not_picked":["Feed","Demon Form"],"picked":"Brutality","floor":16},{"not_picked":["Havoc","Blood for Blood"],"picked":"Dropkick","floor":18},{"not_picked":["Rage","Dark Embrace"],"picked":"Body Slam+1","floor":21},{"not_picked":["Rupture","Warcry"],"picked":"Bloodletting","floor":24},{"not_picked":["Seeing Red+1","Power Through"],"picked":"Fire Breathing","floor":27},{"not_picked":["Searing Blow","Clothesline","Twin Strike"],"picked":"SKIP","floor":28},{"not_picked":["Perfected Strike","Second Wind+1","Shrug It Off"],"picked":"SKIP","floor":35},{"not_picked":["True Grit+1","Sword Boomerang+1"],"picked":"Rupture+1","floor":37},{"not_picked":["Evolve","Sentinel"],"picked":"Iron Wave+1","floor":38},{"not_picked":["Offering","Armaments+1","Seeing Red"],"picked":"SKIP","floor":40},{"not_picked":["Iron Wave+1","Seeing Red"],"picked":"Flex+1","floor":42},{"not_picked":["Pommel Strike","Reaper","Berserk"],"picked":"SKIP","floor":44},{"not_picked":["Clash","Thunderclap+1","Cleave"],"picked":"SKIP","floor":45},{"not_picked":["Anger+1","Flex"],"picked":"Feel No Pain+1","floor":46}],"player_experience":35348,"relics_obtained":[{"floor":7,"key":"MealTicket"},{"floor":13,"key":"Smiling Mask"},{"floor":24,"key":"Red Mask"},{"floor":26,"key":"Strawberry"},{"floor":31,"key":"Darkstone Periapt"},{"floor":40,"key":"Ancient Tea Set"},{"floor":43,"key":"Centennial Puzzle"},{"floor":44,"key":"Juzu Bracelet"},{"floor":48,"key":"Torii"}],"event_choices":[{"damage_healed":0.0,"max_hp_gain":0.0,"max_hp_loss":0.0,"gold_gain":0.0,"event_name":"Golden Idol","player_choice":"Take Damage","floor":5.0,"gold_loss":0.0,"damage_taken":18.0,"relics_obtained":["Golden Idol"]},{"damage_healed":0,"gold_gain":175,"player_choice":"AGREE","damage_taken":0,"max_hp_gain":0,"max_hp_loss":0,"event_name":"Liars Game","floor":11,"gold_loss":0,"cards_obtained":["Doubt"]},{"damage_healed":0,"gold_gain":0,"player_choice":"Rummage","damage_taken":0,"relics_obtained":["WarpedTongs"],"max_hp_gain":0,"max_hp_loss":0,"event_name":"Accursed Blacksmith","floor":19,"gold_loss":0,"cards_obtained":["Pain"]},{"damage_healed":0,"gold_gain":0,"player_choice":"Fought Bandits","damage_taken":0,"max_hp_gain":0,"max_hp_loss":0,"event_name":"Masked Bandits","floor":24,"gold_loss":0},{"damage_healed":0,"gold_gain":270,"player_choice":"GOLD GOLD GOLD ","damage_taken":27,"max_hp_gain":0,"max_hp_loss":0,"event_name":"Knowing Skull","floor":25,"potions_obtained":[],"gold_loss":0,"cards_obtained":[]},{"damage_healed":0,"gold_gain":0,"player_choice":"Obtained Relic","damage_taken":0,"relics_obtained":["Art of War"],"max_hp_gain":0,"max_hp_loss":0,"event_name":"Addict","floor":30,"gold_loss":85},{"damage_healed":0,"gold_gain":0,"player_choice":"Gave Potion","damage_taken":0,"relics_obtained":["Happy Flower"],"max_hp_gain":0,"max_hp_loss":0,"event_name":"WeMeetAgain","floor":39,"gold_loss":0},{"damage_healed":0,"gold_gain":0,"player_choice":"Embrace Madness","damage_taken":10,"max_hp_gain":0,"max_hp_loss":0,"event_name":"Winding Halls","floor":47,"gold_loss":0,"cards_obtained":["Madness","Madness"]},{"damage_healed":0,"gold_gain":0,"player_choice":"Fight","damage_taken":0,"max_hp_gain":0,"max_hp_loss":0,"event_name":"MindBloom","floor":48,"gold_loss":0}],"is_beta":false,"boss_relics":[{"not_picked":["Empty Cage","Snecko Eye"],"picked":"Pandora\u0027s Box"},{"not_picked":["Black Blood","Astrolabe"],"picked":"Sozu"}],"items_purged_floors":[20,22,29,36],"is_endless":false,"potions_floor_spawned":[1,2,3,13,14,16,21,24,35,45,48],"killed_by":"Donu and Deca","ascension_level":1}}