{"host":"htqwg582tjjtn9p7","time":1608993238,"event":{"mods":["2.2 Compatiblity","AchievementEnabler","Act Like it!","Aspiration","BaseMod","Better Third Choice","Colored Map","Conspire","Curses Come First","Displayed Cursed Tome","Energized Spire","Force Act Four","GifTheSpireLib","Hermit","Highlight Path","JesterMod","Mad Scientist","Minty Spire (QoL Compilation)","Pale of the Ancients","Permanent Neow","Random Character Button","Relic Stats","Replay The Spire","Robot Space Explorer","Somnambulant","Spicy Shops","Spikes Relics","StSLib","Stuff the Spire","The Blue Laboratory","The Disciple","The Dragon Tamer","The Forsaken","The Gatherer","The Judge","The Jungle","The Marked","The Runesmith","The Servant 0.9.4"],"gold_per_floor":[109,109,184,32,52,52,78,92,92,111,111,123,37,37,37,141,141,124,89,89,89,143,169,169,169,169],"floor_reached":25,"playtime":794,"items_purged":["theMarked:Strike"],"score":307,"play_id":"addfb4a3-5f29-4926-982f-f34e5261f20f","local_time":"20201226153358","is_ascension_mode":true,"campfire_choices":[{"data":"theMarked:SoldierOfQuellstein","floor":6,"key":"SMITH"},{"data":"theMarked:WardOff","floor":11,"key":"SMITH"},{"data":"Blur","floor":15,"key":"SMITH"},{"floor":24,"key":"REST"}],"circlet_count":0,"master_deck":["theMarked:Defend","theMarked:Defend","theMarked:Defend+1","theMarked:SoldierOfQuellstein+1","theMarked:Seal","Backstab","Blur+1","theMarked:SelfDefenseTraining","theMarked:EmpowerWeapon","theMarked:WardOff+1","theMarked:BindingBlade","theMarked:MysticalArsenal","CommonCold"],"relics":["theMarked:ArtifactOfAir","Mango","ReplayTheSpireMod:Shallot","RoseTintedShades","Calipers","Replay:Drink Me","betterThird:NestCultRelic","theForsaken:ScaryMask","Bag of Preparation","Akabeko"],"acts_visited":["Exordium","TheCity"],"potions_floor_usage":[23],"damage_taken":[{"damage":0,"enemies":"Small Slimes","floor":1,"turns":3},{"damage":1,"enemies":"conspire:RoseBush","floor":5,"turns":2},{"damage":20,"enemies":"Lagavulin","floor":7,"turns":6},{"damage":1,"enemies":"Jaw Worm","floor":8,"turns":2},{"damage":0,"enemies":"Exordium Wildlife","floor":10,"turns":4},{"damage":0,"enemies":"Large Slime","floor":12,"turns":4},{"damage":0,"enemies":"The Guardian","floor":16,"turns":10},{"damage":0,"enemies":"2 Thieves","floor":18,"turns":4},{"damage":55,"enemies":"Gremlin Leader","floor":23,"turns":7},{"damage":9,"enemies":"Chosen","floor":25,"turns":4}],"seed_played":"3443336197552120942","potions_obtained":[{"floor":1,"key":"Adrenaline Potion"},{"floor":8,"key":"blueLaboratory:Moonshine"},{"floor":10,"key":"Toxic Potion"},{"floor":23,"key":"Swift Potion"}],"is_trial":false,"path_per_floor":["M","?","?","$","M","R","E","M","T","M","R","M","$","?","R","B",null,"M","$","?","?","T","E","R","M"],"character_chosen":"THE_DEFAULT","items_purchased":["theMarked:SelfDefenseTraining","Calipers","theMarked:MysticalArsenal"],"campfire_rested":1,"item_purchase_floors":[4,13,19],"current_hp_per_floor":[77,77,70,70,69,69,49,48,48,48,48,48,48,48,48,48,58,58,58,58,58,58,3,20,11,11],"gold":169,"neow_bonus":"ONE_RARE_RELIC","is_daily":false,"chose_seed":false,"campfire_upgraded":3,"win_rate":0.0,"timestamp":1608993238,"path_taken":["M","?","?","$","?","R","E","M","T","M","R","M","$","?","R","BOSS","M","$","?","?","?","E","R","M"],"items_purchased_type":["Card","Relic","Card"],"build_version":"2020-12-22","purchased_purges":1,"victory":false,"max_hp_per_floor":[77,77,77,77,77,77,77,77,77,77,77,77,77,77,77,77,58,58,58,58,58,58,58,58,58,58],"relic_stats":{"counters":[10,46],"Bag of Preparation":[0],"obtain_stats":[{"theMarked:ArtifactOfAir":0,"theForsaken:ScaryMask":21,"Calipers":13,"ReplayTheSpireMod:Shallot":7,"Mango":0,"RoseTintedShades":9,"betterThird:NestCultRelic":20,"Bag of Preparation":22,"Replay:Drink Me":17,"Akabeko":23},{"theMarked:ArtifactOfAir":0,"theForsaken:ScaryMask":8,"Calipers":6,"ReplayTheSpireMod:Shallot":3,"Mango":0,"RoseTintedShades":4,"betterThird:NestCultRelic":8,"Bag of Preparation":8,"Replay:Drink Me":7,"Akabeko":9},{"theMarked:ArtifactOfAir":0,"theForsaken:ScaryMask":35,"Calipers":21,"ReplayTheSpireMod:Shallot":11,"Mango":0,"RoseTintedShades":13,"betterThird:NestCultRelic":35,"Bag of Preparation":35,"Replay:Drink Me":31,"Akabeko":42}]},"card_choices":[{"not_picked":["theMarked:EmpowerWeapon","theMarked:WastefulAttack"],"picked":"theMarked:Seal","floor":1},{"not_picked":["theMarked:WastefulAttack","theMarked:CreepingChasm","theMarked:ResourceFulStrike"],"picked":"SKIP","floor":5},{"not_picked":["theMarked:ResourceFulStrike","theMarked:ParalyzingBlade"],"picked":"theMarked:EmpowerWeapon","floor":7},{"not_picked":["theMarked:BanishingStrike","theMarked:EnhancedHearing"],"picked":"theMarked:WardOff","floor":8},{"not_picked":["theMarked:Parkour","theMarked:Reabsorb","theMarked:HeightenedSenses"],"picked":"SKIP","floor":10},{"not_picked":["theMarked:Frustration","theMarked:Parkour","theMarked:MaelstromOfLightning"],"picked":"SKIP","floor":12},{"not_picked":["theMarked:Snap","theMarked:TakeOffHeels"],"picked":"theMarked:BindingBlade","floor":16},{"not_picked":["theMarked:SwordAndMagic+1","theMarked:Improvise","theMarked:Static+1"],"picked":"SKIP","floor":18},{"not_picked":["theMarked:SwordAndMagic+1","theMarked:Improvise","theMarked:Static+1"],"picked":"SKIP","floor":18},{"not_picked":["theMarked:ParalyzingBlade","theMarked:StartUp","theMarked:SwordAndMagic"],"picked":"SKIP","floor":23}],"player_experience":1793756,"relics_obtained":[{"floor":7,"key":"ReplayTheSpireMod:Shallot"},{"floor":9,"key":"RoseTintedShades"},{"floor":22,"key":"Bag of Preparation"},{"floor":23,"key":"Akabeko"}],"event_choices":[{"damage_healed":0,"gold_gain":75,"player_choice":"Touch","damage_taken":7,"max_hp_gain":0,"max_hp_loss":0,"event_name":"FaceTrader","floor":3,"gold_loss":0},{"damage_healed":0,"gold_gain":0,"player_choice":"Madness","damage_taken":0,"relics_obtained":["betterThird:NestCultRelic"],"max_hp_gain":0,"max_hp_loss":0,"event_name":"betterThird:BetterNest","floor":20,"gold_loss":0}],"is_beta":false,"boss_relics":[{"not_picked":["CosmicIsotope","Replay:Wanted Poster"],"picked":"Replay:Drink Me"}],"items_purged_floors":[4],"is_endless":false,"potions_floor_spawned":[1,8,10,18,23],"killed_by":"Chosen","ascension_level":3}}