{"host":"2461dio7vetlq1z3","time":1608968948,"event":{"mods":["2.2 Compatiblity","AchievementEnabler","Aspiration","BaseMod","Better Skull","Better Third Choice","Friendly Minions","Hermit","Minty Spire (QoL Compilation)","Relic Stats","Spicy Shops","StSLib","Waifu the Spire"],"gold_per_floor":[119,119,130,145,164,164,197,197,197,214,248,277,296,326,326,428,428,447,447,76,76,16,16,44,107,107,107,49,79,79,141,141,320,320,330,46,1045,1320,1349,1349,1368,1433,1433,1433,1448,1448,1478,1539,1539,1539,1539,1539,72,136,136],"floor_reached":56,"playtime":2640,"items_purged":["hermit:Strike_Hermit","hermit:Defend_Hermit","hermit:Defend_Hermit","hermit:ItchyTrigger"],"score":1997,"play_id":"2be530df-784e-4b4f-8da9-2b705f2b6bd6","local_time":"20201226084908","is_ascension_mode":true,"campfire_choices":[{"data":"hermit:BodyArmor","floor":6,"key":"SMITH"},{"data":"hermit:WideOpen","floor":8,"key":"SMITH"},{"data":"hermit:CursedWeapon","floor":15,"key":"SMITH"},{"data":"hermit:HeroicBravado","floor":23,"key":"SMITH"},{"data":"hermit:DeadOrAlive","floor":30,"key":"SMITH"},{"data":"hermit:Purgatory","floor":32,"key":"SMITH"},{"data":"Blade Dance","floor":40,"key":"SMITH"},{"floor":44,"key":"RECALL"},{"data":"Finisher","floor":46,"key":"SMITH"},{"data":"hermit:OverwhelmingPower","floor":49,"key":"SMITH"},{"data":"hermit:Covet","floor":52,"key":"SMITH"}],"circlet_count":0,"master_deck":["AscendersBane","hermit:Defend_Hermit","hermit:Snapshot","hermit:Covet+1","Pain","hermit:ItchyTrigger","hermit:BodyArmor+1","hermit:PistolWhip","hermit:WideOpen+1","hermit:Roulette","hermit:DeadOrAlive+1","hermit:Glare","hermit:CursedWeapon+1","hermit:HeroicBravado+1","Finisher+1","Underhanded Strike","Blade Dance+1","hermit:Feint","hermit:Purgatory+1","Writhe","Writhe","hermit:HeroicBravado+1","hermit:Vantage+1","hermit:Reprieve","Shame","Normality","Normality","Regret","hermit:OverwhelmingPower+1","Panacea"],"relics":["Coffee Dripper","WarpedTongs","Dream Catcher","aspiration:FrozenJewel","Blue Candle","hermit:BartenderGlass","Du-Vu Doll","Eternal Feather","hermit:Horseshoe","Torii","DollysMirror","Thread and Needle","Turnip","Runic Pyramid","Strange Spoon","aspiration:SeaSaltIceCream","aspiration:HummingbirdHeart","Strawberry","aspiration:HatOfInfinitePower","FossilizedHelix","Lantern","Mummified Hand","hermit:PetGhost","Anchor"],"acts_visited":["Exordium","TheCity","TheBeyond","TheEnding"],"potions_floor_usage":[7,11,18,18,24,24,25,25,29,29,31,31,33,33,35,39,39,41,47,47,48,48,48],"damage_taken":[{"damage":3,"enemies":"Small Slimes","floor":1,"turns":3},{"damage":1,"enemies":"Cultist","floor":3,"turns":3},{"damage":11,"enemies":"Jaw Worm","floor":4,"turns":2},{"damage":3,"enemies":"3 Louse","floor":5,"turns":4},{"damage":10,"enemies":"Lagavulin","floor":7,"turns":5},{"damage":1,"enemies":"Large Slime","floor":10,"turns":4},{"damage":11,"enemies":"Gremlin Nob","floor":11,"turns":3},{"damage":1,"enemies":"Lots of Slimes","floor":12,"turns":3},{"damage":1,"enemies":"2 Fungi Beasts","floor":13,"turns":3},{"damage":15,"enemies":"The Guardian","floor":16,"turns":9},{"damage":4,"enemies":"Chosen","floor":18,"turns":6},{"damage":7,"enemies":"Spheric Guardian","floor":24,"turns":3},{"damage":3,"enemies":"Slavers","floor":25,"turns":6},{"damage":15,"enemies":"Book of Stabbing","floor":29,"turns":6},{"damage":6,"enemies":"Slavers","floor":31,"turns":2},{"damage":27,"enemies":"Automaton","floor":33,"turns":8},{"damage":26,"enemies":"3 Shapes","floor":35,"turns":4},{"damage":19,"enemies":"3 Darklings","floor":39,"turns":3},{"damage":38,"enemies":"4 Shapes","floor":41,"turns":3},{"damage":6,"enemies":"Giant Head","floor":42,"turns":5},{"damage":7,"enemies":"Spire Growth","floor":45,"turns":2},{"damage":14,"enemies":"Maw","floor":47,"turns":6},{"damage":10,"enemies":"Nemesis","floor":48,"turns":5},{"damage":40,"enemies":"Time Eater","floor":50,"turns":5},{"damage":13,"enemies":"Shield and Spear","floor":54,"turns":5},{"damage":81,"enemies":"The Heart","floor":55,"turns":8}],"seed_played":"4734065942464533855","potions_obtained":[{"floor":1,"key":"Strength Potion"},{"floor":7,"key":"AttackPotion"},{"floor":11,"key":"Ancient Potion"},{"floor":13,"key":"Block Potion"},{"floor":31,"key":"LiquidBronze"},{"floor":35,"key":"DuplicationPotion"},{"floor":47,"key":"hermit:Tonic"}],"is_trial":false,"path_per_floor":["M","?","M","M","M","R","E","R","T","M","E","M","M","?","R","B",null,"M","?","$","?","?","R","M","E","T","?","$","E","R","E","R","B",null,"M","$","?","?","M","R","M","E","T","R","M","R","M","E","R","B",null,"R","$","E","B",null],"character_chosen":"HERMIT","items_purchased":["Du-Vu Doll","DollysMirror","Strange Spoon","aspiration:HatOfInfinitePower","FossilizedHelix","Lantern","Mummified Hand","hermit:PetGhost","FairyPotion","Panacea"],"campfire_rested":0,"item_purchase_floors":[20,28,36,53,53,53,53,53,53,53],"current_hp_per_floor":[65,65,64,53,50,50,40,40,40,39,28,27,26,26,26,11,59,69,69,69,69,69,69,62,59,59,59,59,44,59,53,68,41,67,49,49,49,49,46,61,23,41,41,56,49,64,50,67,82,56,76,82,82,73,1],"gold":136,"neow_bonus":"BOSS_RELIC","is_daily":false,"chose_seed":false,"campfire_upgraded":10,"win_rate":0.0,"timestamp":1608968948,"path_taken":["M","?","?","M","?","R","E","R","T","M","E","M","M","?","R","BOSS","M","?","$","?","?","R","?","E","T","?","?","E","R","E","R","BOSS","M","$","?","?","M","R","?","E","T","R","M","R","M","E","R","BOSS","R","$","E","BOSS"],"items_purchased_type":["Relic","Relic","Relic","Relic","Relic","Relic","Relic","Relic","Potion","Card"],"build_version":"2020-12-22","purchased_purges":4,"victory":true,"max_hp_per_floor":[75,75,75,75,75,75,75,75,75,75,75,75,75,75,75,75,75,75,75,75,75,75,75,75,75,75,75,75,75,75,75,75,75,75,75,75,75,75,75,75,75,75,75,75,75,75,75,82,82,82,82,82,82,82,82],"relic_stats":{"Strange Spoon":[45],"Dream Catcher":0,"Torii":79,"counters":[26,116],"Mummified Hand":[3],"Blue Candle":[49],"Eternal Feather":96,"Turnip":[6],"obtain_stats":[{"Lantern":53,"Torii":27,"Dream Catcher":7,"DollysMirror":28,"Mummified Hand":53,"Strawberry":48,"Runic Pyramid":34,"Blue Candle":11,"Eternal Feather":25,"Thread and Needle":29,"aspiration:HummingbirdHeart":42,"aspiration:SeaSaltIceCream":42,"aspiration:FrozenJewel":9,"WarpedTongs":2,"Du-Vu Doll":20,"Strange Spoon":36,"Anchor":54,"hermit:PetGhost":53,"hermit:BartenderGlass":17,"Turnip":31,"Coffee Dripper":0,"hermit:Horseshoe":26,"aspiration:HatOfInfinitePower":53,"hermit:Momento":0,"FossilizedHelix":53},{"Lantern":24,"Torii":13,"Dream Catcher":5,"DollysMirror":13,"Mummified Hand":24,"Strawberry":23,"Runic Pyramid":16,"Blue Candle":7,"Eternal Feather":13,"Thread and Needle":14,"aspiration:HummingbirdHeart":20,"aspiration:SeaSaltIceCream":20,"aspiration:FrozenJewel":5,"WarpedTongs":1,"Du-Vu Doll":11,"Strange Spoon":17,"Anchor":25,"hermit:PetGhost":24,"hermit:BartenderGlass":10,"Turnip":15,"Coffee Dripper":0,"hermit:Horseshoe":13,"aspiration:HatOfInfinitePower":24,"hermit:Momento":0,"FossilizedHelix":24},{"Lantern":103,"Torii":54,"Dream Catcher":17,"DollysMirror":54,"Mummified Hand":103,"Strawberry":98,"Runic Pyramid":70,"Blue Candle":24,"Eternal Feather":54,"Thread and Needle":60,"aspiration:HummingbirdHeart":85,"aspiration:SeaSaltIceCream":85,"aspiration:FrozenJewel":17,"WarpedTongs":3,"Du-Vu Doll":45,"Strange Spoon":74,"Anchor":108,"hermit:PetGhost":103,"hermit:BartenderGlass":39,"Turnip":62,"Coffee Dripper":0,"hermit:Horseshoe":54,"aspiration:HatOfInfinitePower":103,"hermit:Momento":0,"FossilizedHelix":103}],"WarpedTongs":[109]},"card_choices":[{"not_picked":["hermit:Roulette","hermit:Vantage"],"picked":"hermit:ItchyTrigger","floor":1},{"not_picked":["hermit:Coalescence","hermit:Dive"],"picked":"hermit:ItchyTrigger","floor":3},{"not_picked":["hermit:Quickdraw","hermit:CalledShot"],"picked":"hermit:BodyArmor","floor":4},{"not_picked":["hermit:Enervate","hermit:SprayPray"],"picked":"hermit:PistolWhip","floor":5},{"not_picked":["hermit:Dive","hermit:Coalescence"],"picked":"hermit:WideOpen","floor":7},{"not_picked":["hermit:Headshot","hermit:WideOpen"],"picked":"hermit:Roulette","floor":10},{"not_picked":["hermit:TrackingShot","hermit:Ricochet"],"picked":"hermit:DeadOrAlive","floor":11},{"not_picked":["hermit:DeadMansHand","hermit:Malice"],"picked":"hermit:Glare","floor":12},{"not_picked":["hermit:Maintenance","hermit:EyeOfTheStorm"],"picked":"hermit:CursedWeapon","floor":13},{"not_picked":["hermit:OverwhelmingPower","hermit:Gambit"],"picked":"hermit:HeroicBravado","floor":16},{"not_picked":["hermit:SprayPray+1","hermit:HighCaliber","hermit:ItchyTrigger"],"picked":"SKIP","floor":18},{"not_picked":["hermit:LowProfile","hermit:HoleUp"],"picked":"hermit:Feint","floor":24},{"not_picked":["hermit:TakeCover","hermit:Scavenge"],"picked":"hermit:Purgatory","floor":25},{"not_picked":["hermit:Deadeye","hermit:Dive"],"picked":"hermit:Vantage+1","floor":29},{"not_picked":["hermit:Vantage","hermit:Desperado","hermit:Cheat+1"],"picked":"SKIP","floor":31},{"not_picked":["hermit:FinalCanter","hermit:HighNoon"],"picked":"hermit:Reprieve","floor":33},{"not_picked":["hermit:Desperado","hermit:Virtue+1","hermit:WideOpen"],"picked":"SKIP","floor":35},{"not_picked":["hermit:Ricochet","hermit:Feint+1","hermit:DeadMansHand"],"picked":"SKIP","floor":39},{"not_picked":["hermit:GoldenBullet","hermit:TrackingShot+1","hermit:Quickdraw+1"],"picked":"SKIP","floor":41},{"not_picked":["hermit:Shortfuse+1","hermit:Deadeye","hermit:CalledShot"],"picked":"SKIP","floor":42},{"not_picked":["hermit:Vantage","hermit:Cheat","hermit:PistolWhip+1"],"picked":"SKIP","floor":45},{"not_picked":["hermit:SprayPray+1","hermit:ItchyTrigger+1","hermit:CalledShot"],"picked":"SKIP","floor":47},{"not_picked":["hermit:Snipe","hermit:Headshot"],"picked":"hermit:OverwhelmingPower","floor":48},{"not_picked":["hermit:Headshot+1","hermit:RoundhouseKick","hermit:Misfire"],"picked":"SKIP","floor":54}],"player_experience":924903,"relics_obtained":[{"floor":7,"key":"Dream Catcher"},{"floor":9,"key":"aspiration:FrozenJewel"},{"floor":11,"key":"Blue Candle"},{"floor":25,"key":"Eternal Feather"},{"floor":26,"key":"hermit:Horseshoe"},{"floor":29,"key":"Thread and Needle"},{"floor":31,"key":"Turnip"},{"floor":42,"key":"aspiration:SeaSaltIceCream"},{"floor":48,"key":"Strawberry"},{"floor":54,"key":"Anchor"}],"event_choices":[{"damage_healed":0,"gold_gain":0,"player_choice":"Rummage","damage_taken":0,"relics_obtained":["WarpedTongs"],"max_hp_gain":0,"max_hp_loss":0,"event_name":"Accursed Blacksmith","floor":2,"gold_loss":0,"cards_obtained":["Pain"]},{"damage_healed":0,"gold_gain":30,"player_choice":"Searched \u00272\u0027 times","damage_taken":0,"max_hp_gain":0,"max_hp_loss":0,"event_name":"Dead Adventurer","floor":14,"gold_loss":0},{"damage_healed":0,"gold_gain":0,"player_choice":"Ignored","damage_taken":0,"max_hp_gain":0,"max_hp_loss":0,"event_name":"Vampires","floor":21,"gold_loss":0},{"cards_removed":["hermit:Strike_Hermit"],"damage_healed":0,"gold_gain":0,"player_choice":"Single Remove","damage_taken":0,"max_hp_gain":0,"max_hp_loss":0,"event_name":"Designer","floor":22,"gold_loss":60},{"damage_healed":0,"gold_gain":0,"player_choice":"Opened","damage_taken":0,"relics_obtained":["Torii"],"max_hp_gain":0,"max_hp_loss":0,"event_name":"The Mausoleum","floor":27,"gold_loss":0,"cards_obtained":["Writhe"]},{"damage_healed":0,"gold_gain":999,"player_choice":"Gold","damage_taken":0,"max_hp_gain":0,"max_hp_loss":0,"event_name":"MindBloom","floor":37,"gold_loss":0,"cards_obtained":["Normality","Normality"]},{"damage_healed":0,"gold_gain":275,"player_choice":"Desecrate","damage_taken":0,"max_hp_gain":0,"max_hp_loss":0,"event_name":"Golden Shrine","floor":38,"gold_loss":0,"cards_obtained":["Regret"]}],"is_beta":false,"boss_relics":[{"not_picked":["aspiration:PoetsPen_weak","Runic Dome"],"picked":"hermit:BartenderGlass"},{"not_picked":["SacredBark","aspiration:SecretTechniqueScroll"],"picked":"Runic Pyramid"}],"items_purged_floors":[20,36,36,53],"is_endless":false,"potions_floor_spawned":[1,7,11,13,18,31,33,35,47],"ascension_level":11}}