{"host":"6pgtslebjnyv5xmi","time":1608970279,"event":{"mods":["AchievementEnabler","BaseMod","Colored Map","Minty Spire (QoL Compilation)","Rare Cards Sparkle","StSLib","SuperFastMode","Td1madao Mod","everything is the same but u backflip on backflip"],"gold_per_floor":[118,68,68,84,101,101,136,153,153,153,169,187,362,374,374,470,470,484,484,394,412,47,77,77,77,77,77,95,108,108,108],"floor_reached":30,"playtime":924,"items_purged":["Strike_R"],"score":252,"play_id":"cc3d40d7-9f7d-4e0e-8b22-6ba0a635d33b","local_time":"20201226171119","is_ascension_mode":false,"campfire_choices":[{"data":"Apotheosis","floor":6.0,"key":"SMITH"},{"floor":15.0,"key":"REST"},{"floor":24,"key":"REST"},{"floor":27,"key":"REST"}],"circlet_count":0,"master_deck":["Strike_R","Strike_R","Strike_R+1","Defend_R","Defend_R","Defend_R","Bash","Apotheosis+1","Shrug It Off","Heavy Blade","Sword Boomerang+1","Sword Boomerang","Shrug It Off+1","Intimidate","Inflame","Bludgeon","Flex","Spot Weakness","Double Tap"],"relics":["Burning Blood","HandDrill","Torii","Tiny Chest"],"acts_visited":["Exordium","TheCity"],"potions_floor_usage":[29,29],"damage_taken":[{"damage":0.0,"enemies":"Small Slimes","floor":1.0,"turns":4.0},{"damage":0.0,"enemies":"Jaw Worm","floor":4.0,"turns":4.0},{"damage":2.0,"enemies":"Cultist","floor":5.0,"turns":5.0},{"damage":29.0,"enemies":"Lagavulin","floor":7.0,"turns":11.0},{"damage":0.0,"enemies":"3 Louse","floor":8.0,"turns":4.0},{"damage":1.0,"enemies":"2 Fungi Beasts","floor":11.0,"turns":2.0},{"damage":6.0,"enemies":"Exordium Wildlife","floor":12.0,"turns":4.0},{"damage":2.0,"enemies":"3 Louse","floor":14.0,"turns":3.0},{"damage":5.0,"enemies":"Slime Boss","floor":16.0,"turns":7.0},{"damage":24.0,"enemies":"2 Thieves","floor":18.0,"turns":4.0},{"damage":10.0,"enemies":"Shell Parasite","floor":21.0,"turns":4.0},{"damage":60,"enemies":"Book of Stabbing","floor":23,"turns":6},{"damage":22,"enemies":"Cultist and Chosen","floor":28,"turns":6},{"damage":13,"enemies":"Centurion and Healer","floor":29,"turns":4},{"damage":38,"enemies":"Shelled Parasite and Fungi","floor":30,"turns":3}],"seed_played":"-1938103744310227996","potions_obtained":[{"floor":1.0,"key":"Fire Potion"},{"floor":7.0,"key":"LiquidMemories"},{"floor":8.0,"key":"Energy Potion"},{"floor":11.0,"key":"GamblersBrew"},{"floor":12.0,"key":"Dexterity Potion"},{"floor":16.0,"key":"Dexterity Potion"},{"floor":23,"key":"Energy Potion"},{"floor":28,"key":"Strength Potion"}],"is_trial":false,"path_per_floor":["M","?","?","M","M","R","E","M","T","?","M","M","?","M","R","B",null,"M","?","?","M","$","E","R","$","T","R","M","M","M"],"character_chosen":"IRONCLAD","items_purchased":["HandDrill","Double Tap"],"campfire_rested":3,"item_purchase_floors":[22,22],"current_hp_per_floor":[72,72,65,71,72,72,49,55,55,41,46,46,46,50,71,72,72,54,72,72,68,68,14,35,35,35,56,40,33,0,0],"gold":108,"neow_bonus":"RANDOM_COLORLESS_2","is_daily":false,"chose_seed":false,"campfire_upgraded":1,"win_rate":0.0,"timestamp":1608970279,"path_taken":["M","?","?","M","?","R","E","?","T","?","M","M","?","M","R","BOSS","M","?","?","M","$","E","R","$","T","R","M","?","?"],"items_purchased_type":["Relic","Card"],"build_version":"2020-12-22","purchased_purges":1,"victory":false,"max_hp_per_floor":[72,72,72,72,72,72,72,72,72,72,72,72,72,72,72,72,72,72,72,72,72,72,72,72,72,72,72,72,72,72,72],"card_choices":[{"not_picked":["HandOfGreed","Secret Weapon"],"picked":"Apotheosis","floor":0.0},{"not_picked":["Clash","Armaments"],"picked":"Shrug It Off","floor":1.0},{"not_picked":["Blood for Blood","True Grit"],"picked":"Heavy Blade","floor":4.0},{"not_picked":["Bloodletting","Burning Pact"],"picked":"Sword Boomerang","floor":5.0},{"not_picked":["Berserk","Perfected Strike"],"picked":"Sword Boomerang","floor":7.0},{"not_picked":["Entrench","Cleave"],"picked":"Shrug It Off","floor":8.0},{"not_picked":["Sword Boomerang","Twin Strike"],"picked":"Intimidate","floor":11.0},{"not_picked":["Thunderclap","Feel No Pain"],"picked":"Inflame","floor":12.0},{"not_picked":["Shrug It Off","Shockwave","Armaments"],"picked":"SKIP","floor":14.0},{"not_picked":["Corruption","Barricade"],"picked":"Bludgeon","floor":16.0},{"not_picked":["Sever Soul","Warcry"],"picked":"Flex","floor":18.0},{"not_picked":["Thunderclap","Body Slam"],"picked":"Spot Weakness","floor":21.0},{"not_picked":["Warcry+1","Clothesline","Combust"],"picked":"SKIP","floor":23},{"not_picked":["Shrug It Off","True Grit","Pommel Strike"],"picked":"SKIP","floor":28},{"not_picked":["Headbutt","Thunderclap","Havoc"],"picked":"SKIP","floor":29}],"player_experience":473768,"relics_obtained":[{"floor":23,"key":"Torii"},{"floor":26,"key":"Tiny Chest"}],"event_choices":[{"cards_removed":["Strike_R"],"damage_healed":0.0,"max_hp_gain":0.0,"max_hp_loss":0.0,"gold_gain":0.0,"event_name":"The Cleric","player_choice":"Card Removal","floor":2.0,"gold_loss":50.0,"damage_taken":0.0},{"cards_removed":["Defend_R"],"damage_healed":0.0,"max_hp_gain":0.0,"max_hp_loss":0.0,"gold_gain":0.0,"event_name":"Golden Wing","player_choice":"Card Removal","floor":3.0,"gold_loss":0.0,"damage_taken":7.0},{"damage_healed":0.0,"max_hp_gain":0.0,"max_hp_loss":0.0,"gold_gain":0.0,"event_name":"Shining Light","player_choice":"Entered Light","floor":10.0,"gold_loss":0.0,"damage_taken":14.0,"cards_upgraded":["Shrug It Off","Strike_R"]},{"damage_healed":0.0,"max_hp_gain":0.0,"max_hp_loss":0.0,"gold_gain":175.0,"event_name":"Liars Game","player_choice":"AGREE","floor":13.0,"gold_loss":0.0,"damage_taken":0.0,"cards_obtained":["Doubt"]},{"damage_healed":24.0,"max_hp_gain":0.0,"max_hp_loss":0.0,"gold_gain":0.0,"event_name":"The Library","player_choice":"Heal","floor":19.0,"gold_loss":0.0,"damage_taken":0.0},{"cards_removed":["Doubt"],"damage_healed":0.0,"max_hp_gain":0.0,"max_hp_loss":0.0,"gold_gain":0.0,"event_name":"Designer","player_choice":"Upgrade and Remove","floor":20.0,"gold_loss":90.0,"damage_taken":0.0,"cards_upgraded":["Sword Boomerang"]}],"is_beta":false,"boss_relics":[{"not_picked":[]}],"items_purged_floors":[22],"is_endless":false,"potions_floor_spawned":[1,7,8,11,12,16,23,28],"killed_by":"Shelled Parasite and Fungi","ascension_level":0}}