{"host":"hgkb2zpbo2dcws21","time":1608983313,"event":{"mods":["AchievementEnabler","BaseMod","Colored Map","Colored Powertips","Custom Start","DeckTracker","KOR Keyword Fix","Minty Spire (QoL Compilation)","Relic Stats","StSLib","SuperFastMode"],"gold_per_floor":[215,215,233,158,158,158,174,217,262,287,287,303,203,246,246,345,345,370,370,91,106,119,150,150,150,150],"floor_reached":25,"playtime":488,"items_purged":["Strike_P","Strike_P","Defend_P"],"score":461,"play_id":"220234d5-93d0-4394-a0e9-a6badcab86de","local_time":"20201226204833","is_ascension_mode":true,"campfire_choices":[{"data":"Eruption","floor":6.0,"key":"SMITH"},{"floor":15,"key":"REST"},{"data":"Establishment","floor":24,"key":"SMITH"}],"circlet_count":0,"master_deck":["AscendersBane","Defend_P","Defend_P","Eruption+1","Vigilance","CarveReality","Consecrate","WheelKick","Establishment+1","MasterReality","Evaluate+1","Protect","Meditate","BattleHymn","Protect+1"],"relics":["PureWater","Golden Idol","Centennial Puzzle","Akabeko","Turnip","Coffee Dripper","Membership Card","Tiny Chest"],"acts_visited":["Exordium","TheCity"],"potions_floor_usage":[16,22,25],"damage_taken":[{"damage":0.0,"enemies":"Jaw Worm","floor":1.0,"turns":2.0},{"damage":1.0,"enemies":"2 Louse","floor":3.0,"turns":3.0},{"damage":0.0,"enemies":"Cultist","floor":7.0,"turns":4.0},{"damage":42.0,"enemies":"Lagavulin","floor":8.0,"turns":5.0},{"damage":4.0,"enemies":"2 Fungi Beasts","floor":10.0,"turns":2.0},{"damage":9.0,"enemies":"Lots of Slimes","floor":12.0,"turns":3.0},{"damage":0,"enemies":"Gremlin Nob","floor":14,"turns":2},{"damage":8,"enemies":"Slime Boss","floor":16,"turns":5},{"damage":12,"enemies":"Shell Parasite","floor":18,"turns":3},{"damage":3,"enemies":"Spheric Guardian","floor":21,"turns":3},{"damage":10,"enemies":"Shelled Parasite and Fungi","floor":22,"turns":3},{"damage":22,"enemies":"Book of Stabbing","floor":23,"turns":4},{"damage":13,"enemies":"Centurion and Healer","floor":25,"turns":2}],"seed_played":"-6459460464277781070","potions_obtained":[{"floor":1.0,"key":"PowerPotion"},{"floor":7.0,"key":"Fruit Juice"},{"floor":12.0,"key":"DistilledChaos"},{"floor":21,"key":"Weak Potion"},{"floor":22,"key":"AttackPotion"}],"is_trial":false,"path_per_floor":["M","?","M","$","?","R","M","E","T","M","?","M","$","E","R","B",null,"M","?","$","M","M","E","R","M"],"character_chosen":"WATCHER","items_purchased":["Membership Card","Meditate"],"campfire_rested":1,"item_purchase_floors":[20,20],"current_hp_per_floor":[61,61,60,60,60,60,60,18,18,14,14,10,10,10,30,22,56,44,44,44,41,31,9,9,0,0],"gold":150,"neow_bonus":"HUNDRED_GOLD","is_daily":false,"chose_seed":false,"campfire_upgraded":2,"win_rate":0.0,"timestamp":1608983313,"path_taken":["M","?","M","$","?","R","M","E","T","?","?","?","$","E","R","BOSS","M","?","$","?","M","E","R","M"],"items_purchased_type":["Relic","Card"],"build_version":"2020-12-22","purchased_purges":3,"victory":false,"max_hp_per_floor":[68,62,62,62,62,62,62,62,62,62,62,67,67,67,67,67,67,67,67,67,67,67,67,67,67,67],"relic_stats":{"Centennial Puzzle":[24],"counters":[13,41],"Golden Idol":70,"Tiny Chest":0,"Turnip":[11],"obtain_stats":[{"Centennial Puzzle":8,"Golden Idol":2,"Tiny Chest":23,"Turnip":14,"Coffee Dripper":17,"Membership Card":20,"PureWater":0,"Akabeko":9},{"Centennial Puzzle":4,"Golden Idol":1,"Tiny Chest":12,"Turnip":7,"Coffee Dripper":8,"Membership Card":9,"PureWater":0,"Akabeko":4},{"Centennial Puzzle":14,"Golden Idol":2,"Tiny Chest":39,"Turnip":21,"Coffee Dripper":26,"Membership Card":29,"PureWater":0,"Akabeko":14}]},"card_choices":[{"not_picked":["Collect","Protect","ClearTheMind"],"picked":"SKIP","floor":1.0},{"not_picked":["Prostrate","SashWhip"],"picked":"CarveReality","floor":3.0},{"not_picked":["Nirvana","BowlingBash"],"picked":"WheelKick","floor":7.0},{"not_picked":["BowlingBash","CarveReality","SignatureMove"],"picked":"SKIP","floor":8.0},{"not_picked":["Prostrate","SashWhip","PathToVictory"],"picked":"SKIP","floor":10.0},{"not_picked":["Prostrate","FlyingSleeves","FollowUp"],"picked":"SKIP","floor":12.0},{"not_picked":["Protect","Fasting2"],"picked":"Establishment","floor":14},{"not_picked":["Wish","Omniscience"],"picked":"MasterReality","floor":16},{"not_picked":["BowlingBash","CutThroughFate"],"picked":"Evaluate+1","floor":18},{"not_picked":["FlyingSleeves","EmptyMind"],"picked":"BattleHymn","floor":21},{"not_picked":["Swivel","SashWhip"],"picked":"Protect+1","floor":22},{"not_picked":["EmptyMind","FlyingSleeves+1","CutThroughFate"],"picked":"SKIP","floor":23}],"player_experience":1108092,"relics_obtained":[{"floor":8.0,"key":"Centennial Puzzle"},{"floor":9.0,"key":"Akabeko"},{"floor":14,"key":"Turnip"},{"floor":23,"key":"Tiny Chest"}],"event_choices":[{"damage_healed":0.0,"max_hp_gain":0.0,"max_hp_loss":6.0,"gold_gain":0.0,"event_name":"Golden Idol","player_choice":"Lose Max HP","floor":2.0,"gold_loss":0.0,"damage_taken":0.0,"relics_obtained":["Golden Idol"]},{"damage_healed":0.0,"max_hp_gain":0.0,"max_hp_loss":0.0,"gold_gain":0.0,"cards_transformed":["Defend_P"],"event_name":"Transmorgrifier","player_choice":"Transformed","floor":5.0,"gold_loss":0.0,"damage_taken":0.0,"cards_obtained":["Consecrate"]},{"cards_removed":["Strike_P"],"damage_healed":0.0,"max_hp_gain":0.0,"max_hp_loss":0.0,"gold_gain":0.0,"event_name":"Purifier","player_choice":"Purged","floor":11.0,"gold_loss":0.0,"damage_taken":0.0},{"damage_healed":0,"gold_gain":0,"cards_transformed":["Strike_P"],"player_choice":"Transformed","damage_taken":0,"max_hp_gain":0,"max_hp_loss":0,"event_name":"Transmorgrifier","floor":19,"gold_loss":0,"cards_obtained":["Protect"]}],"is_beta":false,"boss_relics":[{"not_picked":["Tiny House","Astrolabe"],"picked":"Coffee Dripper"}],"items_purged_floors":[4,13,20],"is_endless":false,"potions_floor_spawned":[1,7,12,14,21,22],"killed_by":"Centurion and Healer","ascension_level":16}}