{"host":"daa8jqyg4gqfaysm","time":1608996594,"event":{"mods":["BaseMod","Colored Powertips","Minty Spire (QoL Compilation)","StSLib"],"gold_per_floor":[368,443,457,81,92,92,104,104,129,129,149,167,167,185,185,262,262,279,279,314,314,314],"floor_reached":21,"playtime":661,"items_purged":["Strike_G"],"score":342,"play_id":"e4db3dfe-2bbe-420b-9c67-2f445d558530","local_time":"20201226232954","is_ascension_mode":true,"campfire_choices":[{"floor":6,"key":"REST"},{"data":"Noxious Fumes","floor":8,"key":"SMITH"},{"data":"Bane","floor":10,"key":"SMITH"},{"data":"Glass Knife","floor":13,"key":"SMITH"},{"data":"Panacea","floor":15,"key":"SMITH"}],"circlet_count":0,"master_deck":["AscendersBane","Strike_G+1","Strike_G+1","Strike_G+1","Strike_G+1","Defend_G+1","Defend_G+1","Defend_G+1","Defend_G+1","Defend_G+1","Survivor","Neutralize","Bane+1","Noxious Fumes+1","Flying Knee","Panacea+1","Quick Slash","Dodge and Roll","Leg Sweep","Glass Knife+1","Die Die Die","PiercingWail"],"relics":["Ring of the Snake","Nunchaku","Sozu","Red Mask"],"acts_visited":["Exordium","TheCity"],"potions_floor_usage":[7,14,18],"damage_taken":[{"damage":1,"enemies":"Jaw Worm","floor":1,"turns":6},{"damage":1,"enemies":"Small Slimes","floor":3,"turns":5},{"damage":0,"enemies":"Cultist","floor":5,"turns":3},{"damage":9,"enemies":"3 Louse","floor":7,"turns":4},{"damage":2,"enemies":"Looter","floor":11,"turns":4},{"damage":4,"enemies":"Exordium Wildlife","floor":12,"turns":6},{"damage":0,"enemies":"Gremlin Gang","floor":14,"turns":3},{"damage":25,"enemies":"The Guardian","floor":16,"turns":13},{"damage":17,"enemies":"3 Byrds","floor":18,"turns":5},{"damage":32,"enemies":"Masked Bandits","floor":20,"turns":5},{"damage":1,"enemies":"Shell Parasite","floor":21,"turns":4}],"seed_played":"4062105033656197847","potions_obtained":[{"floor":12,"key":"AttackPotion"},{"floor":16,"key":"ColorlessPotion"}],"is_trial":false,"path_per_floor":["M","?","M","$","M","R","M","R","T","R","M","M","R","M","R","B",null,"M","?","?","M"],"character_chosen":"THE_SILENT","items_purchased":["Flying Knee","Panacea","Quick Slash","SkillPotion","Strength Potion"],"campfire_rested":1,"item_purchase_floors":[4,4,4,4,4],"current_hp_per_floor":[43,32,31,31,31,50,41,41,41,41,39,35,35,35,35,10,52,35,35,3,2,2],"gold":314,"neow_bonus":"TWO_FIFTY_GOLD","is_daily":false,"chose_seed":false,"campfire_upgraded":4,"win_rate":0.0,"timestamp":1608996594,"path_taken":["M","?","M","$","M","R","M","R","T","R","M","M","R","M","R","BOSS","M","?","?","M"],"items_purchased_type":["Card","Card","Card","Potion","Potion"],"build_version":"2020-12-22","purchased_purges":1,"victory":false,"max_hp_per_floor":[66,66,66,66,66,66,66,66,66,66,66,66,66,66,66,66,66,66,66,66,66,66],"card_choices":[{"not_picked":["Escape Plan","Expertise"],"picked":"Bane","floor":1},{"not_picked":["Quick Slash","Bane"],"picked":"Noxious Fumes","floor":3},{"not_picked":["Underhanded Strike","Blade Dance"],"picked":"Dodge and Roll","floor":5},{"not_picked":["Blade Dance","Setup","Dodge and Roll"],"picked":"SKIP","floor":7},{"not_picked":["PiercingWail","Dagger Throw"],"picked":"Leg Sweep","floor":11},{"not_picked":["Outmaneuver","Calculated Gamble"],"picked":"Glass Knife","floor":12},{"not_picked":["Underhanded Strike","Heel Hook","Acrobatics"],"picked":"SKIP","floor":14},{"not_picked":["A Thousand Cuts","Burst"],"picked":"Die Die Die","floor":16},{"not_picked":["Dagger Throw","Dagger Spray+1"],"picked":"PiercingWail","floor":18}],"player_experience":737365,"relics_obtained":[{"floor":9,"key":"Nunchaku"},{"floor":20,"key":"Red Mask"}],"event_choices":[{"damage_healed":0,"gold_gain":75,"player_choice":"Gather Gold","damage_taken":11,"max_hp_gain":0,"max_hp_loss":0,"event_name":"World of Goop","floor":2,"gold_loss":0},{"damage_healed":0,"gold_gain":0,"player_choice":"Simplicity","damage_taken":0,"max_hp_gain":0,"max_hp_loss":0,"event_name":"Back to Basics","floor":19,"gold_loss":0,"cards_upgraded":["Strike_G","Strike_G","Strike_G","Strike_G","Defend_G","Defend_G","Defend_G","Defend_G","Defend_G"]},{"damage_healed":0,"gold_gain":0,"player_choice":"Fought Bandits","damage_taken":0,"max_hp_gain":0,"max_hp_loss":0,"event_name":"Masked Bandits","floor":20,"gold_loss":0}],"is_beta":false,"boss_relics":[{"not_picked":["Busted Crown","HoveringKite"],"picked":"Sozu"}],"items_purged_floors":[4],"is_endless":false,"potions_floor_spawned":[5,12,16],"killed_by":"Shell Parasite","ascension_level":20}}