{"host":"m9i7qe3hvz6jihjh","time":1608993209,"event":{"mods":["BaseMod","Colored Powertips","Infinite Spire","Minty Spire (QoL Compilation)","Quick Restart","StSLib","The Animator","Waifu the Spire"],"gold_per_floor":[116,116,116,139,163,163,194,194,194,209,232,256,256,275,275,398,398,411,411,411,411,431,431,431,446,469,469,479,498,513,545,545,647,647,658,159,175,175,175],"floor_reached":38,"playtime":1282,"items_purged":["Strike_P"],"score":475,"play_id":"d30722db-360e-4599-9c9a-b4e44150e966","local_time":"20201226153329","is_ascension_mode":false,"campfire_choices":[{"data":"Consecrate","floor":6,"key":"SMITH"},{"floor":8,"key":"REST"},{"floor":15,"key":"REST"},{"data":"WreathOfFlame","floor":15,"key":"SMITH"},{"floor":23,"key":"REST"},{"data":"infinitespire:Collect","floor":23,"key":"SMITH"},{"floor":32,"key":"REST"},{"data":"Swivel","floor":32,"key":"SMITH"}],"circlet_count":0,"master_deck":["Strike_P","Strike_P","Strike_P+1","Defend_P","Defend_P","Defend_P","Eruption+1","Vigilance+1","Consecrate+1","WreathOfFlame+1","FlyingSleeves","FollowUp","FollowUp","ThirdEye","FollowUp","Evaluate","Alpha+1","ReachHeaven+1","infinitespire:Collect+1","PathToVictory+1","ReachHeaven+1","Consecrate+1","FollowUp+1","Swivel+1","LessonLearned","Scrawl","EmptyBody","ThirdEye","Madness","Evaluate","Protect+1"],"relics":["PureWater","Bloody Idol","infinitespire:FocusingShard","infinitespire:Magic Flask","SlaversCollar","HolyWater","Nloth\u0027s Gift","Blood Vial","Prayer Wheel","VioletLotus","Whetstone","infinitespire:Lucky Rock"],"acts_visited":["Exordium","TheCity","TheBeyond"],"potions_floor_usage":[11,11,18,28,29,31,33,33,37],"damage_taken":[{"damage":4,"enemies":"Jaw Worm","floor":1,"turns":2},{"damage":0,"enemies":"2 Louse","floor":4,"turns":2},{"damage":0,"enemies":"Cultist","floor":5,"turns":2},{"damage":45,"enemies":"3 Sentries","floor":7,"turns":5},{"damage":0,"enemies":"Blue Slaver","floor":10,"turns":1},{"damage":2,"enemies":"Gremlin Gang","floor":11,"turns":2},{"damage":0,"enemies":"Looter","floor":12,"turns":2},{"damage":0,"enemies":"Large Slime","floor":14,"turns":3},{"damage":0,"enemies":"Slime Boss","floor":16,"turns":6},{"damage":18,"enemies":"3 Byrds","floor":18,"turns":5},{"damage":12,"enemies":"2 Thieves","floor":22,"turns":2},{"damage":14,"enemies":"Chosen and Byrds","floor":25,"turns":6},{"damage":22,"enemies":"Snecko","floor":28,"turns":5},{"damage":0,"enemies":"Sentry and Sphere","floor":29,"turns":2},{"damage":13,"enemies":"3 Cultists","floor":30,"turns":4},{"damage":22,"enemies":"Nightmare","floor":31,"turns":6},{"damage":34,"enemies":"Automaton","floor":33,"turns":8},{"damage":28,"enemies":"Orb Walker","floor":35,"turns":4},{"damage":29,"enemies":"3 Darklings","floor":37,"turns":8},{"damage":29,"enemies":"Sphere and 2 Shapes","floor":38,"turns":6}],"seed_played":"-3253843926767372746","potions_obtained":[{"floor":1,"key":"Strength Potion"},{"floor":10,"key":"AttackPotion"},{"floor":12,"key":"infinitespire:BlackPotion"},{"floor":14,"key":"Swift Potion"},{"floor":25,"key":"SteroidPotion"},{"floor":28,"key":"SneckoOil"},{"floor":29,"key":"Dexterity Potion"},{"floor":30,"key":"AttackPotion"},{"floor":31,"key":"Block Potion"}],"is_trial":false,"path_per_floor":["M","?","?","M","M","R","E","R","T","M","M","M","?","M","R","B",null,"M","?","AVR","?","M","R","?","M","T","?","M","M","M","NM","R","B",null,"M","$","M","M"],"character_chosen":"WATCHER","items_purchased":["Whetstone","infinitespire:Lucky Rock","Madness","Evaluate"],"campfire_rested":4,"item_purchase_floors":[36,36,36,36],"current_hp_per_floor":[68,50,50,50,50,50,5,26,26,26,24,24,24,24,45,45,72,54,54,54,54,42,63,63,49,49,49,34,41,35,20,41,14,72,49,49,27,0,0],"gold":175,"neow_bonus":"UPGRADE_CARD","is_daily":false,"chose_seed":false,"campfire_upgraded":4,"win_rate":0.0,"timestamp":1608993209,"path_taken":["M","?","?","M","?","R","E","R","T","M","M","M","?","?","R","BOSS","M","?","AVR","?","?","R","?","?","T","?","M","M","M","NM","R","BOSS","M","$","M","M"],"items_purchased_type":["Relic","Relic","Card","Card"],"build_version":"2020-12-22","purchased_purges":1,"victory":false,"max_hp_per_floor":[72,72,72,72,72,72,72,72,72,72,72,72,72,72,72,72,72,72,72,72,72,72,72,72,72,72,72,72,72,72,72,72,72,72,72,72,72,72,72],"card_choices":[{"not_picked":["WaveOfTheHand","ClearTheMind"],"picked":"Consecrate","floor":1},{"not_picked":["FlyingSleeves","Pray"],"picked":"WreathOfFlame","floor":4},{"not_picked":["Conclude","JustLucky"],"picked":"FlyingSleeves","floor":5},{"not_picked":["FearNoEvil","PathToVictory"],"picked":"FollowUp","floor":7},{"not_picked":["Evaluate","EmptyBody"],"picked":"FollowUp","floor":10},{"not_picked":["Vengeance","Blasphemy"],"picked":"ThirdEye","floor":11},{"not_picked":["Study","Nirvana"],"picked":"FollowUp","floor":12},{"not_picked":["FlyingSleeves","Crescendo"],"picked":"Evaluate","floor":14},{"not_picked":["Establishment","SpiritShield"],"picked":"Alpha","floor":16},{"not_picked":["FlyingSleeves","CrushJoints"],"picked":"ReachHeaven+1","floor":18},{"not_picked":["EmptyFist","FlyingSleeves"],"picked":"PathToVictory+1","floor":22},{"not_picked":["JustLucky+1","Wireheading+1"],"picked":"ReachHeaven+1","floor":25},{"not_picked":["Conclude","Blasphemy"],"picked":"Consecrate","floor":28},{"not_picked":["PathToVictory","ThirdEye"],"picked":"FollowUp","floor":29},{"not_picked":["FlyingSleeves","ReachHeaven"],"picked":"Swivel","floor":30},{"not_picked":["BattleHymn","PathToVictory"],"picked":"LessonLearned","floor":31},{"not_picked":["Brilliance","ConjureBlade"],"picked":"Scrawl","floor":33},{"not_picked":["Tantrum+1","JustLucky+1"],"picked":"EmptyBody","floor":35},{"not_picked":["Weave+1","Consecrate"],"picked":"ThirdEye","floor":35},{"not_picked":["Fasting2","FlyingSleeves+1"],"picked":"Protect+1","floor":37},{"not_picked":["Crescendo","ConjureBlade","CrushJoints"],"picked":"SKIP","floor":37}],"player_experience":881632,"relics_obtained":[{"floor":7,"key":"infinitespire:FocusingShard"},{"floor":9,"key":"infinitespire:Magic Flask"},{"floor":26,"key":"Blood Vial"},{"floor":31,"key":"Prayer Wheel"}],"event_choices":[{"damage_healed":0,"gold_gain":0,"player_choice":"Take Damage","damage_taken":18,"relics_obtained":["Golden Idol"],"max_hp_gain":0,"max_hp_loss":0,"event_name":"Golden Idol","floor":2,"gold_loss":0},{"damage_healed":0,"gold_gain":0,"player_choice":"Trade","damage_taken":0,"relics_obtained":["CultistMask"],"max_hp_gain":0,"max_hp_loss":0,"event_name":"FaceTrader","floor":3,"gold_loss":0},{"cards_removed":["Defend_P"],"damage_healed":0,"gold_gain":0,"player_choice":"Purged","damage_taken":0,"max_hp_gain":0,"max_hp_loss":0,"event_name":"Purifier","floor":13,"gold_loss":0},{"damage_healed":0,"gold_gain":0,"player_choice":"Traded Relic","damage_taken":0,"relics_obtained":["Nloth\u0027s Gift"],"max_hp_gain":0,"max_hp_loss":0,"event_name":"N\u0027loth","floor":21,"relics_lost":["CultistMask"],"gold_loss":0},{"damage_healed":0,"gold_gain":0,"player_choice":"Forge","damage_taken":0,"max_hp_gain":0,"max_hp_loss":0,"event_name":"Accursed Blacksmith","floor":24,"gold_loss":0,"cards_upgraded":["Alpha"]},{"damage_healed":0,"gold_gain":0,"player_choice":"Gave Idol","damage_taken":0,"relics_obtained":["Bloody Idol"],"max_hp_gain":0,"max_hp_loss":0,"event_name":"Forgotten Altar","floor":27,"relics_lost":["Golden Idol"],"gold_loss":0}],"is_beta":false,"boss_relics":[{"not_picked":["Philosopher\u0027s Stone","Runic Dome"],"picked":"SlaversCollar"},{"not_picked":["infinitespire:Cupcake","Sozu"],"picked":"VioletLotus"}],"items_purged_floors":[36],"is_endless":true,"potions_floor_spawned":[1,10,12,14,25,28,29,30,31],"killed_by":"Sphere and 2 Shapes","ascension_level":0}}