{"host":"9kjfrj3pewitpdem","time":1608945348,"event":{"mods":["AchievementEnabler","BaseMod","Better Altar","Better Match","Better Note","Better Sensory Stone","Better Skull","Better Third Choice","BetterRewards","Colored Map","Colored Powertips","GifTheSpireLib","Hermit","Hero for Fun","Hubris","Jorbs\u0027s Wanderer Trilogy","Minty Spire (QoL Compilation)","Replay The Spire","StSLib","The Bladedancer","The Cursed","The Hierophant","The Runesmith","The Servant 0.9.4"],"gold_per_floor":[114,289,289,307,257,257,290,290,316,316,332,368,411,411,411,552,552,581,581,581,581,581,581,81,81,81,81],"floor_reached":26,"playtime":700,"items_purged":["Pain"],"score":235,"play_id":"f2a71862-b286-4aa1-a349-3470b1210cf0","local_time":"20201226121548","is_ascension_mode":false,"campfire_choices":[{"floor":6,"key":"REST"},{"data":"KidneyShot","floor":8,"key":"SMITH"},{"data":"ShatteredReality","floor":10,"key":"SMITH"},{"floor":15,"key":"REST"},{"data":"Rearm","floor":25,"key":"SMITH"}],"circlet_count":0,"master_deck":["Strike_S","Strike_S","Strike_S","Strike_S","Defend_S","Defend_S+1","Defend_S","Defend_S","KidneyShot+1","ShatteredReality+1","ShatteredReality","Rearm+1","hubris:DuctTapeCard","hubris:DuctTapeCard","Potential"],"relics":["Uniform","NeowsBlessing","Golden Idol","Boot","Smiling Mask","Replay:Bandana","hubris:ToyBattleship","hubris:ScarierMask","WarpedTongs","hubris:BottledHeart","hubris:DuctTape","DollysMirror"],"acts_visited":["Exordium","TheCity"],"potions_floor_usage":[12,12,16],"damage_taken":[{"damage":0,"enemies":"Small Slimes","floor":1,"turns":2},{"damage":0,"enemies":"2 Louse","floor":4,"turns":1},{"damage":0,"enemies":"Lagavulin","floor":7,"turns":1},{"damage":0,"enemies":"Jaw Worm","floor":11,"turns":4},{"damage":5,"enemies":"3 Sentries","floor":12,"turns":5},{"damage":2,"enemies":"3 Louse","floor":13,"turns":4},{"damage":27,"enemies":"Slime Boss","floor":16,"turns":10},{"damage":2,"enemies":"2 Thieves","floor":18,"turns":2}],"seed_played":"5405103369027659663","potions_obtained":[{"floor":1,"key":"Milkshake"},{"floor":4,"key":"Swift Potion"},{"floor":11,"key":"AttackPotion"},{"floor":16,"key":"Regen Potion"}],"is_trial":false,"path_per_floor":["M","?","?","M","?","R","E","R","T","R","M","E","M","?","R","B",null,"M","?","?","?","PTL","PTL","$","R","?"],"character_chosen":"THE_SERVANT","items_purchased":["hubris:DuctTape","DollysMirror","Potential"],"campfire_rested":2,"item_purchase_floors":[24,24,24],"current_hp_per_floor":[65,65,49,49,49,65,65,65,65,65,65,60,58,35,54,27,65,63,63,63,1,1,1,1,1,0,0],"gold":81,"neow_bonus":"THREE_ENEMY_KILL","is_daily":false,"chose_seed":false,"campfire_upgraded":3,"win_rate":0.0,"timestamp":1608945348,"path_taken":["M","?","?","M","?","R","E","R","T","R","M","E","?","?","R","BOSS","M","?","?","?","PTL","PTL","$","R","?"],"items_purchased_type":["Relic","Relic","Card"],"build_version":"2020-12-22","purchased_purges":1,"victory":false,"max_hp_per_floor":[65,65,65,65,65,65,65,65,65,65,65,65,65,65,65,65,65,65,65,65,1,1,1,1,1,1,1],"card_choices":[{"not_picked":["Manipulate","Revamp","Alleviate"],"picked":"SKIP","floor":1},{"not_picked":["DoubleEdge","Alleviate"],"picked":"ShatteredReality","floor":4},{"not_picked":["Misdirection","Defy"],"picked":"ShatteredReality","floor":7},{"not_picked":["ShatteredReality","Spin","Sabotage"],"picked":"SKIP","floor":11},{"not_picked":["Solidify","Defy","Revamp"],"picked":"SKIP","floor":12},{"not_picked":["Replace","Potential"],"picked":"Rearm","floor":13},{"not_picked":["ReturningBlade+1","Starlight","Luminosity+1"],"picked":"SKIP","floor":18}],"player_experience":112168,"relics_obtained":[{"floor":7,"key":"Boot"},{"floor":9,"key":"Smiling Mask"},{"floor":12,"key":"Replay:Bandana"}],"event_choices":[{"damage_healed":0,"gold_gain":175,"player_choice":"AGREE","damage_taken":114,"max_hp_gain":0,"max_hp_loss":0,"event_name":"betterThird:BetterSerpent","floor":2,"gold_loss":0},{"damage_healed":0,"gold_gain":0,"player_choice":"Take Damage","damage_taken":16,"relics_obtained":["Golden Idol"],"max_hp_gain":0,"max_hp_loss":0,"event_name":"Golden Idol","floor":3,"gold_loss":0},{"cards_removed":["Doubt"],"damage_healed":0,"gold_gain":0,"player_choice":"Card Removal","damage_taken":0,"max_hp_gain":0,"max_hp_loss":0,"event_name":"The Cleric","floor":5,"gold_loss":50},{"damage_healed":0,"gold_gain":0,"player_choice":"RE UP ","damage_taken":27,"relics_obtained":["hubris:ToyBattleship"],"max_hp_gain":0,"max_hp_loss":0,"event_name":"betterSkull:BetterSkull","floor":14,"gold_loss":0,"cards_upgraded":["Defend_S"]},{"damage_healed":0,"gold_gain":0,"player_choice":"Rummage","damage_taken":0,"relics_obtained":["WarpedTongs"],"max_hp_gain":0,"max_hp_loss":0,"event_name":"Accursed Blacksmith","floor":19,"gold_loss":0,"cards_obtained":["Pain"]},{"cards_removed":["ShatteredReality"],"damage_healed":0,"gold_gain":0,"player_choice":"Take \u0026 Give","damage_taken":0,"max_hp_gain":0,"max_hp_loss":0,"event_name":"betterNote:BetterNote","floor":20,"gold_loss":0,"cards_obtained":["Dilation"]}],"is_beta":false,"boss_relics":[{"not_picked":["Runesmith:UraniumAnvil","Pandora\u0027s Box"],"picked":"hubris:ScarierMask"}],"items_purged_floors":[24],"is_endless":false,"potions_floor_spawned":[1,4,11,16],"ascension_level":0}}