{"host":"qwttrqaysb380yri","time":1608983067,"event":{"mods":["BaseMod","Custom Start","Minty Spire (QoL Compilation)","Permanent Neow","Puzzle Mod","Relic Stats","StSLib","The Cursed","The Hierophant"],"gold_per_floor":[115,128,202,202,221,265,288,313,313,328,328,328,342,380,392,384,384],"floor_reached":16,"playtime":350,"items_purged":[],"score":200,"play_id":"6473a107-db74-4362-a852-3aff053b7975","local_time":"20201226124427","is_ascension_mode":true,"campfire_choices":[{"floor":12,"key":"REST"},{"floor":15,"key":"REST"}],"circlet_count":0,"master_deck":["AscendersBane","hierophant:Strike_Hierophant","hierophant:Strike_Hierophant","hierophant:Strike_Hierophant","hierophant:Strike_Hierophant","hierophant:Punish","hierophant:Defend_Hierophant","hierophant:Defend_Hierophant","hierophant:Defend_Hierophant","hierophant:Defend_Hierophant","hierophant:ChurchCoffers","hierophant:HammerAndAnvil","hierophant:Smite","hierophant:FlamingChariot","hierophant:MirrorShield","hierophant:ThreeLashes","hierophant:Exaltation","hierophant:Exaltation"],"relics":["hierophant:PropheticMaskRelic","Golden Idol","Lantern","Omamori","HornCleat","MawBank"],"acts_visited":["Exordium"],"potions_floor_usage":[11,14,16],"damage_taken":[{"damage":16.0,"enemies":"Cultist","floor":1.0,"turns":4.0},{"damage":0.0,"enemies":"2 Louse","floor":2.0,"turns":1.0},{"damage":2,"enemies":"Jaw Worm","floor":5,"turns":2},{"damage":10,"enemies":"3 Sentries","floor":6,"turns":5},{"damage":21,"enemies":"Exordium Thugs","floor":7,"turns":3},{"damage":6,"enemies":"3 Louse","floor":10,"turns":3},{"damage":0,"enemies":"Gremlin Gang","floor":11,"turns":1},{"damage":8,"enemies":"Blue Slaver","floor":13,"turns":2},{"damage":12,"enemies":"Gremlin Nob","floor":14,"turns":4},{"damage":0,"enemies":"Slime Boss","floor":16,"turns":4}],"seed_played":"-3676177022452242841","potions_obtained":[{"floor":5,"key":"Dexterity Potion"},{"floor":6,"key":"SmokeBomb"},{"floor":10,"key":"FearPotion"},{"floor":14,"key":"FearPotion"}],"is_trial":false,"path_per_floor":["M","M","?","?","M","E","M","T","T","M","M","R","M","E","R","B"],"character_chosen":"HIEROPHANT","items_purchased":[],"campfire_rested":2,"item_purchase_floors":[],"current_hp_per_floor":[52,52,52,52,50,40,19,19,19,13,13,33,25,13,33,33,33],"gold":384,"neow_bonus":"THREE_CARDS","is_daily":false,"chose_seed":false,"campfire_upgraded":0,"win_rate":0.0,"timestamp":1608983067,"path_taken":["M","?","?","?","M","E","M","?","T","M","?","R","M","E","R","BOSS"],"items_purchased_type":[],"build_version":"2020-12-22","purchased_purges":0,"victory":false,"max_hp_per_floor":[75,75,75,68,68,68,68,68,68,68,68,68,68,68,68,68,68],"relic_stats":{"counters":[10,29],"Golden Idol":35,"MawBank":24,"obtain_stats":[{"Lantern":6,"HornCleat":9,"Golden Idol":4,"hierophant:PropheticMaskRelic":0,"Omamori":8,"MawBank":14},{"Lantern":4,"HornCleat":5,"Golden Idol":2,"hierophant:PropheticMaskRelic":0,"Omamori":5,"MawBank":9},{"Lantern":12,"HornCleat":15,"Golden Idol":5,"hierophant:PropheticMaskRelic":0,"Omamori":15,"MawBank":25}]},"card_choices":[{"not_picked":["hierophant:Sermon","hierophant:Doubloon"],"picked":"hierophant:HammerAndAnvil","floor":0.0},{"not_picked":["hierophant:DisplayOfPower","hierophant:OrnateBuckler"],"picked":"hierophant:Smite","floor":1.0},{"not_picked":["hierophant:Bribe","hierophant:AuricBeam"],"picked":"hierophant:FlamingChariot","floor":2.0},{"not_picked":["hierophant:Dazzle","hierophant:FlamingChariot"],"picked":"hierophant:MirrorShield","floor":5},{"not_picked":["hierophant:DisplayOfPower","hierophant:RepressedViolence"],"picked":"hierophant:ThreeLashes","floor":6},{"not_picked":["hierophant:HammerAndAnvil","hierophant:RustyCrate"],"picked":"hierophant:Exaltation","floor":7},{"not_picked":["hierophant:Patience","hierophant:ArchangelShield","hierophant:AuricBeam"],"picked":"SKIP","floor":10},{"not_picked":["hierophant:Encroach","hierophant:Cornucopia","hierophant:HolyVerse"],"picked":"SKIP","floor":13},{"not_picked":["hierophant:DisplayOfPower","hierophant:SealAway"],"picked":"hierophant:Exaltation","floor":14}],"player_experience":1949919,"relics_obtained":[{"floor":6,"key":"Lantern"},{"floor":8,"key":"Omamori"},{"floor":9,"key":"HornCleat"},{"floor":14,"key":"MawBank"}],"event_choices":[{"damage_healed":0.0,"max_hp_gain":0.0,"max_hp_loss":0.0,"gold_gain":74.0,"event_name":"Golden Wing","player_choice":"Gained Gold","floor":3.0,"gold_loss":0.0,"damage_taken":0.0},{"damage_healed":0,"gold_gain":0,"player_choice":"Lose Max HP","damage_taken":0,"relics_obtained":["Golden Idol"],"max_hp_gain":0,"max_hp_loss":7,"event_name":"Golden Idol","floor":4,"gold_loss":0}],"is_beta":false,"boss_relics":[],"items_purged_floors":[],"is_endless":false,"potions_floor_spawned":[5,6,7,10,14],"killed_by":"Slime Boss","ascension_level":15}}