{"host":"rpu0b34yn88n8zeb","time":1608973730,"event":{"mods":["Act Like it!","BaseMod","CapriCore","Colored Powertips","Defuse TimeMaze Blight","Gensokyo","Marisa£®ÏF”Í°°ƒß¿Ì…≥£©","Minty Spire (QoL Compilation)","Quick Restart","Reimu£®≤©¿ˆ¡È√Œ£©","Shop Mod","Spicy Shops","StSLib","The Immortal","The Servant 0.9.4","Yakumo Yukari mod","Youmu£®ªÍ∆«—˝√Œ£©"],"gold_per_floor":[114,114,114,5,5,32,51,51,51,71,103,120,130,149,149,249,549,571,533,310,322,334,373,404,445,457,469,500,532,576,588,600,710,722,751,782,794,716,70,103,114,114,114,114,114,148,148,148,148,148,148,148,5,39,39,39],"floor_reached":55,"playtime":2605,"items_purged":[],"score":975,"play_id":"5f903c66-8487-4b9f-835e-9134687cb80f","local_time":"20201226020850","is_ascension_mode":true,"campfire_choices":[{"data":"HellFireSword","floor":8.0,"key":"SMITH"},{"data":"FiveSignsOfTheDyingDeva","floor":15.0,"key":"SMITH"},{"floor":27.0,"key":"REST"},{"floor":32.0,"key":"REST"},{"floor":42.0,"key":"DIG"},{"data":"Gensokyo:HAARP","floor":45.0,"key":"SMITH"},{"floor":47.0,"key":"DIG"},{"floor":49.0,"key":"RECALL"},{"floor":52.0,"key":"DIG"}],"circlet_count":0,"master_deck":["Strike_YM","Strike_YM","Strike_YM","Defend_YM","Defend_YM","Defend_YM","Defend_YM","SlashOfPresentWorld","WheelOfPainOfLivingAndDead","PhosphoricSlash","HellFireSword+1","HumanKnowledgeSword","Clumsy","LightFlashOfTheNetherworld","TwoHundredYojanaInOneSlash+1","CrescentMoonSlash","FlashingScatteredFlowers","FiveSignsOfTheDyingDeva+1","SlashOfDepartureFromHesitation","SuddenDivineSeveringOfKarmicWind","CurseOfTheBell","Gensokyo:HAARP+1","RapidSlash+1","DoubleWheelOfPain+1","SlashClearingTheSixSenses","SanzenSekai+1","Gensokyo:AllTheWorldsEvil","HeavenSword","EchoesOfTheInclemencyOfAllBeings+1","HellGodSword+1","Gensokyo:CustomPotion","LotusPostureSlash+1","DispleasureOfTheSevenHakus+1","LowerRealmReflectionSlash+1","ThoughtCuttingSword+1","TransmigrationSlash+1","TwoHundredYojanaInOneSlash+1","SpiderLilyBurial+1","TenKingsRetributionOnThePreta+1","HellRealmSword+1","LifeCuttingSword+1","HeavenlyHaloSlash+1"],"relics":["HalfPhantom","NeowsBlessing","Gensokyo:NagashiBinaDoll","Nunchaku","Gremlin Horn","CaptainsWheel","Calling Bell","MawBank","Matryoshka","Old Coin","Sling","Art of War","Anchor","Regal Pillow","Kunai","Shovel","Pear","SacredBark","Pocketwatch","Molten Egg 2","Orrery","Hakurouken","Orichalcum","Omamori","White Beast Statue","Bottled Flame","Mercury Hourglass","Tea:ReiMu","Centennial Puzzle"],"acts_visited":["Exordium","Gensokyo:Gensokyo","Gensokyo:Gensokyoer","TheEnding"],"potions_floor_usage":[55,55,55],"damage_taken":[{"damage":0.0,"enemies":"Gensokyo:Python","floor":1.0,"turns":1.0},{"damage":0.0,"enemies":"Gensokyo:Mamizou","floor":6.0,"turns":1.0},{"damage":0.0,"enemies":"Gensokyo:2_Kodama","floor":7.0,"turns":1.0},{"damage":0.0,"enemies":"Gensokyo:3_Fairies","floor":10.0,"turns":2.0},{"damage":0.0,"enemies":"Gensokyo:Cirno","floor":11.0,"turns":4.0},{"damage":0.0,"enemies":"Gensokyo:3_Kodama","floor":12.0,"turns":2.0},{"damage":3.0,"enemies":"Gensokyo:VengefulSpirit","floor":13.0,"turns":3.0},{"damage":0.0,"enemies":"Gensokyo:5_Fairies","floor":14.0,"turns":2.0},{"damage":17.0,"enemies":"Gensokyo:Yukari","floor":16.0,"turns":7.0},{"damage":0.0,"enemies":"Gensokyo:Chomper","floor":18.0,"turns":4.0},{"damage":30.0,"enemies":"Gensokyo:Tenshi","floor":23.0,"turns":4.0},{"damage":13.0,"enemies":"Gensokyo:3_Dogs","floor":24.0,"turns":2.0},{"damage":0.0,"enemies":"Gensokyo:Reisen","floor":25.0,"turns":4.0},{"damage":14.0,"enemies":"Gensokyo:Slime_Group","floor":28.0,"turns":5.0},{"damage":13.0,"enemies":"Gensokyo:Wraith","floor":29.0,"turns":4.0},{"damage":16.0,"enemies":"Gensokyo:Tenshi","floor":30.0,"turns":2.0},{"damage":64.0,"enemies":"Gensokyo:Eiki","floor":33.0,"turns":9.0},{"damage":0.0,"enemies":"Gensokyo:3_Bats","floor":35.0,"turns":3.0},{"damage":14.0,"enemies":"Gensokyo:3_Boulders","floor":36.0,"turns":6.0},{"damage":6.0,"enemies":"Gensokyo:Kasen","floor":40.0,"turns":3.0},{"damage":6.0,"enemies":"Gensokyo:4_Bats","floor":41.0,"turns":2.0},{"damage":24.0,"enemies":"Gensokyo:Marisa","floor":46.0,"turns":4.0},{"damage":5.0,"enemies":"Gensokyo:Yuyuko","floor":50.0,"turns":5.0},{"damage":54.0,"enemies":"Shield and Spear","floor":54.0,"turns":4.0},{"damage":69,"enemies":"The Heart","floor":55,"turns":3}],"seed_played":"7334788682036235487","potions_obtained":[{"floor":6.0,"key":"Weak Potion"},{"floor":12.0,"key":"EssenceOfSteel"},{"floor":13.0,"key":"Strength Potion"},{"floor":16.0,"key":"CausticAgent"},{"floor":29.0,"key":"Weak Potion"},{"floor":33.0,"key":"GrandPatriotsElixir:ReiMu"},{"floor":54.0,"key":"AttackPotion"}],"is_trial":false,"path_per_floor":["M","?","?","$","?","E","M","R","T","M","E","M","M","M","R","B",null,"M","?","COS","?","?","E","M","E","T","R","M","M","E","?","R","B",null,"M","M","?","?","$","E","M","R","T","?","R","E","R","?","R","B",null,"R","$","E","B"],"character_chosen":"YOUMU","items_purchased":["HellFireSword","HumanKnowledgeSword","Pocketwatch","Molten Egg 2","LotusPostureSlash+1","Orrery","Tea:ReiMu","LifeCuttingSword+1"],"campfire_rested":2,"item_purchase_floors":[4,4,39,39,39,39,53,53],"current_hp_per_floor":[75,75,82,82,82,82,82,82,82,82,82,82,79,79,79,62,82,82,89,89,81,81,51,38,38,38,77,63,50,44,44,86,22,91,91,77,77,77,77,71,91,91,91,91,91,67,67,67,67,67,91,91,91,37,0,0],"gold":39,"neow_bonus":"THREE_ENEMY_KILL","is_daily":false,"chose_seed":false,"campfire_upgraded":3,"win_rate":0.0,"timestamp":1608973730,"path_taken":["M","?","?","$","?","E","M","R","T","?","E","M","M","M","R","BOSS","M","?","COS","?","?","E","M","E","T","R","?","M","E","?","R","BOSS","M","M","?","?","$","E","?","R","T","?","R","E","R","?","R","BOSS","R","$","E","BOSS"],"items_purchased_type":["Card","Card","Relic","Relic","Card","Relic","Relic","Card"],"build_version":"2020-12-22","purchased_purges":0,"victory":false,"max_hp_per_floor":[75,75,82,82,82,82,82,82,82,82,82,82,82,82,82,82,82,82,89,89,81,81,81,81,81,81,81,81,81,91,91,91,91,91,91,91,91,91,91,91,91,91,91,91,91,91,91,91,91,91,91,91,91,91,91,91],"card_choices":[{"not_picked":["ThreeKonsSevenHakus","SpiritCuttingSword"],"picked":"PhosphoricSlash","floor":1.0},{"not_picked":["SpiritCuttingSword","SlashOfDelusionalInnerEye"],"picked":"LightFlashOfTheNetherworld","floor":6.0},{"not_picked":["PhosphoricSlash","SwordOfBindingDesires"],"picked":"TwoHundredYojanaInOneSlash","floor":7.0},{"not_picked":["SwordOfBindingDesires","PhosphoricSlash"],"picked":"CrescentMoonSlash","floor":10.0},{"not_picked":["DeadlyForm","CrescentMoonSlash"],"picked":"FlashingScatteredFlowers","floor":11.0},{"not_picked":["HumanGodSword","PhosphoricSlash"],"picked":"FiveSignsOfTheDyingDeva","floor":12.0},{"not_picked":["SuddenPhantomFormationSlashOfKarmicWind","ConstancyOfTheConventionalTruth"],"picked":"SlashOfDepartureFromHesitation","floor":13.0},{"not_picked":["ThreeKonsSevenHakus","CrescentMoonSlash","TwoHundredYojanaInOneSlash"],"picked":"SKIP","floor":14.0},{"not_picked":["HeavenGodSword","ReincarnationSword"],"picked":"SuddenDivineSeveringOfKarmicWind","floor":16.0},{"not_picked":["HumanKnowledgeSword","TwoHundredYojanaInOneSlash","TransmigrationSlash"],"picked":"SKIP","floor":18.0},{"not_picked":["Gensokyo:TekeTeke","Gensokyo:SlitMouthedWoman"],"picked":"Gensokyo:HAARP","floor":21.0},{"not_picked":["HumanKnowledgeSword","HellFireSword"],"picked":"RapidSlash+1","floor":23.0},{"not_picked":["TurningAngelCut+1","CrescentMoonSlash"],"picked":"DoubleWheelOfPain+1","floor":24.0},{"not_picked":["HeavenGodSword","PreachingAvici"],"picked":"SlashClearingTheSixSenses","floor":25.0},{"not_picked":["ThreeKonsSevenHakus","HumanKnowledgeSword"],"picked":"SanzenSekai+1","floor":28.0},{"not_picked":["BizarrenessOfSixRealms","HeartExcerptSlash","DispleasureOfTheSevenHakus"],"picked":"SKIP","floor":29.0},{"not_picked":["LightFlashOfTheNetherworld","LowerRealmReflectionSlash","HeartExcerptSlash"],"picked":"SKIP","floor":30.0},{"not_picked":["CherryBlossomSword","ReincarnationSword"],"picked":"HeavenSword","floor":33.0},{"not_picked":["FlashingScatteredFlowers+1","CrescentMoonSlash"],"picked":"EchoesOfTheInclemencyOfAllBeings+1","floor":35.0},{"not_picked":["LowerRealmReflectionSlash","SpiritCuttingSword+1"],"picked":"HellGodSword+1","floor":36.0},{"not_picked":["CherryBlossomSword","FourBirthsSword"],"picked":"DispleasureOfTheSevenHakus+1","floor":39.0},{"not_picked":["GhostSword","SlashOfDepartureFromHesitation+1"],"picked":"LowerRealmReflectionSlash+1","floor":39.0},{"not_picked":["DoubleWheelOfPain","ObsessionWithThePresentWorld+1"],"picked":"ThoughtCuttingSword+1","floor":39.0},{"not_picked":["StrangeHalfBody","PhosphoricSlash+1"],"picked":"TransmigrationSlash+1","floor":39.0},{"not_picked":["HeartExcerptSlash+1","HellGodSword+1"],"picked":"TwoHundredYojanaInOneSlash+1","floor":39.0},{"not_picked":["CrescentMoonSlash+1","BizarrenessOfSixRealms+1"],"picked":"SpiderLilyBurial+1","floor":40.0},{"not_picked":["PretaSword+1","SanzenSekai+1"],"picked":"TenKingsRetributionOnThePreta+1","floor":41.0},{"not_picked":["SwordOfBindingDesires+1","LowerRealmReflectionSlash+1"],"picked":"HellRealmSword+1","floor":46.0},{"not_picked":["ThreeKonsSevenHakus","SanzenSekai+1"],"picked":"HeavenlyHaloSlash+1","floor":54.0}],"player_experience":533056,"relics_obtained":[{"floor":6.0,"key":"Nunchaku"},{"floor":9.0,"key":"Gremlin Horn"},{"floor":11.0,"key":"CaptainsWheel"},{"floor":17.0,"key":"MawBank"},{"floor":17.0,"key":"Matryoshka"},{"floor":17.0,"key":"Old Coin"},{"floor":23.0,"key":"Art of War"},{"floor":25.0,"key":"Anchor"},{"floor":26.0,"key":"Regal Pillow"},{"floor":26.0,"key":"Kunai"},{"floor":30.0,"key":"Pear"},{"floor":40.0,"key":"Hakurouken"},{"floor":42.0,"key":"Orichalcum"},{"floor":43.0,"key":"Omamori"},{"floor":46.0,"key":"White Beast Statue"},{"floor":47.0,"key":"Bottled Flame"},{"floor":52.0,"key":"Mercury Hourglass"},{"floor":54.0,"key":"Centennial Puzzle"}],"event_choices":[],"is_beta":false,"boss_relics":[{"not_picked":["Tiny House","Fusion Hammer"],"picked":"Calling Bell"},{"not_picked":["Coffee Dripper","Velvet Choker"],"picked":"SacredBark"}],"items_purged_floors":[],"is_endless":false,"potions_floor_spawned":[6,12,13,16,23,24,25,29,33,54],"killed_by":"The Heart","ascension_level":1}}