{"host":"ysfsqg56rsjwjc5s","time":1608954457,"event":{"mods":["AchievementEnabler","Ascension Reborn","BaseMod","Better Third Choice","BetterRewards","Colored Map","Colored Powertips","Curses Come First","Energized Spire","Gold Saver","Hubris","Minty Spire (QoL Compilation)","Permanent Neow","Quick Restart","Replay The Spire","Spicy Shops","StSLib","??????REMEMod"],"gold_per_floor":[653,671,671,684,65,65,90,102,176,206,217,65,65,65,169,169,181,181,197,197,197,197,197,197,43,43,43,70,70,166,166,179,179,179],"floor_reached":36,"playtime":1491,"items_purged":["Normality"],"score":563,"play_id":"c371e069-dc23-4428-92a0-1713469e2166","local_time":"20201225214737","is_ascension_mode":true,"campfire_choices":[{"data":"Dramatic Entrance","floor":6,"key":"SMITH"},{"floor":15,"key":"REST"},{"data":"Strike_G+1","floor":23,"key":"SMITH"},{"data":"Defend_G+1","floor":25,"key":"SMITH"},{"data":"Strike_G+2","floor":27,"key":"SMITH"},{"floor":32,"key":"REST"}],"circlet_count":0,"master_deck":["Strike_G","Strike_G+3","Strike_G","Strike_G","Defend_G","Defend_G","Defend_G","Defend_G","Defend_G+2","Survivor","Neutralize","Melter","ReplayTheSpireMod:From All Sides","Outmaneuver+1","Deadly Poison","Dramatic Entrance+1","Deflect","Backstab","Slice","Endless Agony","Outmaneuver+1","Eviscerate","Dagger Spray+1","REME_CopyPotion","Underhanded Strike"],"relics":["Ring of the Snake","REME_ComplimentaryCards","Juzu Bracelet","Replay:Bottled Steam","Medical Kit","hubris:Teleporter","Iron Hammer","Regal Pillow","Simple Rune","REME_HandOfSuture","Runic Pyramid","Calipers","hubris:FunFungus","Nilry\u0027s Codex","White Beast Statue","Philosopher\u0027s Stone"],"acts_visited":["Exordium","TheCity","TheBeyond"],"potions_floor_usage":[],"damage_taken":[{"damage":0,"enemies":"Cultist","floor":1,"turns":4},{"damage":8,"enemies":"Jaw Worm","floor":2,"turns":3},{"damage":0,"enemies":"2 Louse","floor":4,"turns":2},{"damage":19,"enemies":"3 Sentries","floor":7,"turns":7},{"damage":6,"enemies":"Gremlin Gang","floor":8,"turns":2},{"damage":10,"enemies":"Replay:BlueRogue","floor":10,"turns":4},{"damage":6,"enemies":"Exordium Thugs","floor":11,"turns":3},{"damage":16,"enemies":"Slime Boss","floor":16,"turns":5},{"damage":0,"enemies":"3 Byrds","floor":18,"turns":3},{"damage":0,"enemies":"Spheric Guardian","floor":20,"turns":1},{"damage":25,"enemies":"REME_1_Revenger","floor":31,"turns":4},{"damage":51,"enemies":"Pondfish","floor":33,"turns":10},{"damage":12,"enemies":"3 Shapes","floor":35,"turns":2},{"damage":60,"enemies":"3 Darklings","floor":36,"turns":2}],"seed_played":"-638091657166670487","potions_obtained":[{"floor":2,"key":"Fire Potion"},{"floor":4,"key":"Flashbang"},{"floor":7,"key":"Poison Potion"},{"floor":10,"key":"Dexterity Potion"},{"floor":18,"key":"Energy Potion"}],"is_trial":false,"path_per_floor":["M","M","?","M","$","R","E","M","T","E","M","$","?","R","B",null,"M","?","M","?","R","T","R","R","$","?","$","E","R","B",null,"M","M"],"character_chosen":"THE_SILENT","items_purchased":["Juzu Bracelet","Dramatic Entrance","Replay:Bottled Steam","Medical Kit","Simple Rune","Eviscerate","hubris:FunFungus"],"campfire_rested":2,"item_purchase_floors":[5,5,5,5,12,28,28],"current_hp_per_floor":[70,62,62,62,62,62,43,37,37,27,21,21,9,45,29,70,70,70,70,70,70,70,70,70,70,54,54,29,65,14,70,58,0,0],"gold":179,"neow_bonus":"ONE_RANDOM_RARE_CARD","is_daily":false,"chose_seed":false,"campfire_upgraded":4,"win_rate":0.0,"timestamp":1608954457,"path_taken":["M","M","?","?","$","R","E","M","T","E","M","$","?","R","BOSS","M","?","M","?","R","?","R","R","$","?","?","E","R","BOSS","M","M"],"items_purchased_type":["Relic","Card","Relic","Relic","Relic","Card","Relic"],"build_version":"2020-12-22","purchased_purges":1,"victory":false,"max_hp_per_floor":[70,70,70,70,70,70,70,70,70,70,70,70,70,70,70,70,70,70,70,70,70,70,70,70,70,70,70,70,70,70,70,70,70,70],"card_choices":[{"not_picked":["Underhanded Strike","Quick Slash","REME_ShadowStrike"],"picked":"SKIP","floor":1},{"not_picked":["Catalyst","Expertise"],"picked":"Outmaneuver","floor":2},{"not_picked":["Choke","Dodge and Roll"],"picked":"Deadly Poison","floor":4},{"not_picked":["ReplayTheSpireMod:Exploit Weakness","Blade Dance"],"picked":"Deflect","floor":7},{"not_picked":["Well Laid Plans","ReplayTheSpireMod:Exploit Weakness"],"picked":"Backstab","floor":8},{"not_picked":["Terror","Cloak And Dagger","Underhanded Strike"],"picked":"SKIP","floor":10},{"not_picked":["Dodge and Roll","Blade Dance"],"picked":"Slice","floor":11},{"not_picked":["Outmaneuver","Terror"],"picked":"Endless Agony","floor":18},{"not_picked":["Deadly Poison","Cloak And Dagger"],"picked":"Outmaneuver+1","floor":20},{"not_picked":["Finisher+1","hubris:SlightOfHand+1"],"picked":"Dagger Spray+1","floor":31},{"not_picked":["A Thousand Cuts","ReplayTheSpireMod:From All Sides"],"picked":"REME_CopyPotion","floor":33},{"not_picked":["Prepared+1","Blade Dance"],"picked":"Underhanded Strike","floor":35}],"player_experience":74798,"relics_obtained":[{"floor":7,"key":"hubris:Teleporter"},{"floor":9,"key":"Iron Hammer"},{"floor":10,"key":"Regal Pillow"},{"floor":24,"key":"Calipers"},{"floor":29,"key":"Nilry\u0027s Codex"},{"floor":31,"key":"White Beast Statue"}],"event_choices":[{"damage_healed":0,"gold_gain":0,"player_choice":"Forge","damage_taken":0,"max_hp_gain":0,"max_hp_loss":0,"event_name":"Accursed Blacksmith","floor":3,"gold_loss":0,"cards_upgraded":["Outmaneuver"]},{"damage_healed":0,"gold_gain":0,"player_choice":"Relic ","damage_taken":12,"max_hp_gain":0,"max_hp_loss":0,"event_name":"betterThird:BetterScrap","floor":13,"gold_loss":0,"cards_obtained":["Scrawl"]},{"cards_removed":["Strike_G"],"damage_healed":0,"gold_gain":0,"player_choice":"Purged","damage_taken":0,"max_hp_gain":0,"max_hp_loss":0,"event_name":"Purifier","floor":19,"gold_loss":0},{"damage_healed":0,"gold_gain":0,"player_choice":"Bought 0 Potions","damage_taken":0,"max_hp_gain":0,"max_hp_loss":0,"event_name":"The Woman in Blue","floor":21,"gold_loss":0},{"damage_healed":0,"gold_gain":0,"player_choice":"Obtained Book","damage_taken":16,"max_hp_gain":0,"max_hp_loss":0,"event_name":"Cursed Tome","floor":29,"gold_loss":0}],"is_beta":false,"boss_relics":[{"not_picked":["hubris:TerracottaHorce","ChewingGum"],"picked":"Runic Pyramid"},{"not_picked":["Honey Jar","REME_DemonsWealth"],"picked":"Philosopher\u0027s Stone"}],"items_purged_floors":[5],"is_endless":false,"potions_floor_spawned":[2,4,7,10,11,18,31,33,35],"killed_by":"3 Darklings","ascension_level":1}}