{"host":"08sn1703g14rasc1","time":1608972180,"event":{"mods":["AchievementEnabler","BaseMod","Colored Map","Colored Powertips","Hermit","Minty Spire (QoL Compilation)","StSLib"],"gold_per_floor":[17,17,36,11,11,11,11,11,11,49,93,113,138,154,154,283,283,301,301,319,319,335,335,356,356,356,356,379,379,379,379,379],"floor_reached":31,"playtime":1086,"items_purged":[],"score":317,"play_id":"efd4220f-7f74-45e4-b8a3-567db2247e6b","local_time":"20201226004300","is_ascension_mode":true,"campfire_choices":[{"floor":6.0,"key":"REST"},{"data":"hermit:Dive","floor":8.0,"key":"SMITH"},{"floor":15.0,"key":"REST"},{"floor":23,"key":"REST"},{"floor":27,"key":"REST"},{"data":"hermit:HeroicBravado","floor":29,"key":"SMITH"}],"circlet_count":0,"master_deck":["hermit:Strike_Hermit","hermit:Strike_Hermit","hermit:Defend_Hermit","hermit:Snapshot","hermit:Covet","hermit:FinalCanter+1","hermit:BodyArmor+1","Injury","hermit:Glare","hermit:Dive+1","hermit:Combo","hermit:Midnight","hermit:HeroicBravado","hermit:Dive","hermit:Roulette","hermit:HeroicBravado+1","hermit:Misfire+1","hermit:CursedWeapon+1","hermit:Showdown+1","hermit:Snipe+1","Writhe","hermit:EyeOfTheStorm+1","hermit:EyeOfTheStorm+1","hermit:BodyArmor","hermit:ItchyTrigger","hermit:EternalForm","hermit:Ricochet","hermit:TakeAim+1"],"relics":["hermit:Momento","Golden Idol","Blue Candle","Strawberry","Odd Mushroom","Blood Vial","Astrolabe","Nunchaku","Sundial"],"acts_visited":["Exordium","TheCity"],"potions_floor_usage":[16,16,22],"damage_taken":[{"damage":4.0,"enemies":"2 Louse","floor":1.0,"turns":3.0},{"damage":2.0,"enemies":"Jaw Worm","floor":3.0,"turns":4.0},{"damage":14.0,"enemies":"The Mushroom Lair","floor":10.0,"turns":6.0},{"damage":19.0,"enemies":"Gremlin Nob","floor":11.0,"turns":5.0},{"damage":1.0,"enemies":"Small Slimes","floor":12.0,"turns":3.0},{"damage":0.0,"enemies":"Red Slaver","floor":13.0,"turns":3.0},{"damage":12.0,"enemies":"Exordium Wildlife","floor":14.0,"turns":7.0},{"damage":37,"enemies":"Slime Boss","floor":16,"turns":16},{"damage":15,"enemies":"Spheric Guardian","floor":18,"turns":5},{"damage":19,"enemies":"Shell Parasite","floor":20,"turns":7},{"damage":5,"enemies":"Centurion and Healer","floor":22,"turns":6},{"damage":17,"enemies":"Sentry and Sphere","floor":24,"turns":4},{"damage":4,"enemies":"Cultist and Chosen","floor":28,"turns":6},{"damage":56,"enemies":"Colosseum Slavers","floor":30,"turns":5},{"damage":11,"enemies":"Centurion and Healer","floor":31,"turns":2}],"seed_played":"-1529542968055857556","potions_obtained":[{"floor":1.0,"key":"hermit:Eclipse"},{"floor":10.0,"key":"Dexterity Potion"},{"floor":12.0,"key":"Fire Potion"},{"floor":18,"key":"EntropicBrew"},{"floor":20,"key":"AttackPotion"},{"floor":24,"key":"Strength Potion"}],"is_trial":false,"path_per_floor":["M","?","M","$","?","R","?","R","T","?","E","M","M","M","R","B",null,"M","?","M","?","M","R","M","?","T","R","M","R","?","M"],"character_chosen":"HERMIT","items_purchased":["hermit:Dive"],"campfire_rested":4,"item_purchase_floors":[4],"current_hp_per_floor":[64,64,62,62,50,72,57,57,64,50,31,32,34,24,48,13,65,52,52,35,35,32,56,41,41,41,65,63,63,9,0,0],"gold":379,"neow_bonus":"THREE_RARE_CARDS","is_daily":false,"chose_seed":false,"campfire_upgraded":2,"win_rate":0.0,"timestamp":1608972180,"path_taken":["M","?","M","$","?","R","?","R","T","?","E","M","M","M","R","BOSS","M","?","M","?","?","R","M","?","T","R","M","R","?","M"],"items_purchased_type":["Card"],"build_version":"2020-12-22","purchased_purges":0,"victory":false,"max_hp_per_floor":[75,75,75,75,75,75,75,75,82,82,82,82,82,82,82,82,82,82,82,82,82,82,82,82,82,82,82,82,82,82,82,82],"card_choices":[{"not_picked":["hermit:OverwhelmingPower","hermit:Gambit"],"picked":"hermit:FinalCanter","floor":0.0},{"not_picked":["hermit:Quickdraw","hermit:Dive"],"picked":"hermit:BodyArmor","floor":1.0},{"not_picked":["hermit:Coalescence","hermit:LowProfile"],"picked":"hermit:Glare","floor":3.0},{"not_picked":["hermit:Ricochet","hermit:LoneWolf"],"picked":"hermit:Combo","floor":10.0},{"not_picked":["hermit:Dive","hermit:SprayPray"],"picked":"hermit:Midnight","floor":11.0},{"not_picked":["hermit:BodyArmor","hermit:HoleUp"],"picked":"hermit:HeroicBravado","floor":12.0},{"not_picked":["hermit:BodyArmor","hermit:SprayPray"],"picked":"hermit:Dive","floor":13.0},{"not_picked":["hermit:Misfire","hermit:BodyArmor"],"picked":"hermit:Roulette","floor":14.0},{"not_picked":["hermit:Purgatory","hermit:Magnum"],"picked":"hermit:HeroicBravado","floor":16},{"not_picked":["hermit:Combo","hermit:Glare"],"picked":"hermit:Snipe+1","floor":18},{"not_picked":["hermit:Scavenge","hermit:SprayPray"],"picked":"hermit:EyeOfTheStorm+1","floor":20},{"not_picked":["hermit:CalledShot","hermit:BodyArmor","hermit:Vantage"],"picked":"SKIP","floor":22},{"not_picked":["hermit:CalledShot","hermit:Vantage"],"picked":"hermit:BodyArmor","floor":22},{"not_picked":["hermit:Headshot+1","hermit:Combo"],"picked":"hermit:ItchyTrigger","floor":24},{"not_picked":["hermit:Adapt","hermit:Headshot+1"],"picked":"hermit:TakeAim+1","floor":28}],"player_experience":438458,"relics_obtained":[{"floor":9.0,"key":"Strawberry"},{"floor":10.0,"key":"Odd Mushroom"},{"floor":11.0,"key":"Blood Vial"},{"floor":26,"key":"Sundial"}],"event_choices":[{"damage_healed":0.0,"max_hp_gain":0.0,"max_hp_loss":0.0,"gold_gain":0.0,"event_name":"Golden Idol","player_choice":"Take Wound","floor":2.0,"gold_loss":0.0,"damage_taken":0.0,"relics_obtained":["Golden Idol"],"cards_obtained":["Injury"]},{"damage_healed":0.0,"max_hp_gain":0.0,"max_hp_loss":0.0,"gold_gain":0.0,"event_name":"Scrap Ooze","player_choice":"Success","floor":5.0,"gold_loss":0.0,"damage_taken":12.0,"relics_obtained":["Blue Candle"]},{"damage_healed":0.0,"max_hp_gain":0.0,"max_hp_loss":0.0,"gold_gain":0.0,"event_name":"Shining Light","player_choice":"Entered Light","floor":7.0,"gold_loss":0.0,"damage_taken":15.0,"cards_upgraded":["hermit:FinalCanter","hermit:BodyArmor"]},{"damage_healed":0.0,"max_hp_gain":0.0,"max_hp_loss":0.0,"gold_gain":0.0,"event_name":"Mushrooms","player_choice":"Fought Mushrooms","floor":10.0,"gold_loss":0.0,"damage_taken":0.0},{"damage_healed":0,"gold_gain":0,"player_choice":"Opened","damage_taken":0,"relics_obtained":["Nunchaku"],"max_hp_gain":0,"max_hp_loss":0,"event_name":"The Mausoleum","floor":19,"gold_loss":0,"cards_obtained":["Writhe"]},{"damage_healed":0,"gold_gain":0,"player_choice":"Copied","damage_taken":0,"max_hp_gain":0,"max_hp_loss":0,"event_name":"Duplicator","floor":21,"gold_loss":0,"cards_obtained":["hermit:EyeOfTheStorm"]},{"damage_healed":0,"gold_gain":0,"cards_transformed":["hermit:Strike_Hermit","hermit:Defend_Hermit"],"player_choice":"Became Test Subject","damage_taken":0,"max_hp_gain":0,"max_hp_loss":0,"event_name":"Drug Dealer","floor":25,"gold_loss":0,"cards_obtained":["hermit:EternalForm","hermit:Ricochet"]},{"damage_healed":0,"gold_gain":0,"player_choice":"Fight","damage_taken":0,"max_hp_gain":0,"max_hp_loss":0,"event_name":"Colosseum","floor":30,"gold_loss":0},{"damage_healed":0,"gold_gain":0,"player_choice":"Fled From Nobs","damage_taken":0,"max_hp_gain":0,"max_hp_loss":0,"event_name":"Colosseum","floor":30,"gold_loss":0}],"is_beta":false,"boss_relics":[{"not_picked":["Coffee Dripper","Snecko Eye"],"picked":"Astrolabe"}],"items_purged_floors":[],"is_endless":false,"potions_floor_spawned":[1,10,12,18,20,24],"killed_by":"Centurion and Healer","ascension_level":7}}