{"host":"nak33n7iw6yqkk3u","time":1608997546,"event":{"mods":["AchievementEnabler","Act Like it!","BaseMod","BetterRewards","Colored Map","Colored Powertips","DeckTracker","Downfall","Friendly Minions","Gensokyo","Hubris","Kiyohime£®«Âºß£©","Koishi","Marisa£®ÏF”Í°°ƒß¿Ì…≥£©","Minty Spire (QoL Compilation)","Quick Restart","Rare Cards Sparkle","Reimu£®≤©¿ˆ¡È√Œ£©","Remilia£®¿Ÿ√◊¿Ú—«£©","RumiaBox-¬∂√◊Ê´µƒ…Ò√ÿ∫–◊”","Shop Mod","StSLib","The Bug Knight","Waifu the Spire","Youmu£®ªÍ∆«—˝√Œ£©","Yuyuko","[IsaacMod]“‘»ˆº‚À˛","everything is the same but u backflip on backflip"],"gold_per_floor":[99,99,99,163,338,349,376,36,36,62,74,101,20,470,482,567,567,417,435,435,435,435,462,462,489,511,523,553,595,532,581,617,728,740,752,776,455,494,506,553,565,577,623,635,0,0,20,20,20,20],"floor_reached":48,"playtime":2227,"items_purged":["Doubt"],"score":952,"play_id":"4842b180-9b39-406e-983c-9238615c496c","local_time":"20201226234546","is_ascension_mode":true,"campfire_choices":[{"floor":1,"key":"RECALL"},{"data":"hexamod:GhostflameInferno","floor":9,"key":"SMITH"},{"data":"BloodyBrimstone","floor":18,"key":"SMITH"},{"data":"Slimebound:CheckThePlaybook","floor":30,"key":"SMITH"},{"data":"hexamod:TimeWarp","floor":35,"key":"SMITH"},{"data":"hexamod:TimeOfNeed","floor":42,"key":"SMITH"}],"circlet_count":0,"master_deck":["hexamod:Strike","hexamod:Strike","hexamod:Strike","hexamod:Strike","hexamod:Defend","hexamod:Defend","hexamod:Defend","hexamod:Defend","hexamod:Sear","hexamod:Float","BloodyBrimstone+1","hexamod:GhostLash","hexamod:GhostflameInferno+1","hexamod:FastForward","hexamod:EmpoweredFlame","hexamod:UnleashSpirits","hexamod:ThirdSeal","hexamod:InspiringFlames","hexamod:DynamicBlow","hexamod:GhostLash","hexamod:HauntingEcho","hexamod:Rewind","hexamod:Haunt","hexamod:TimeOfNeed+1","Slimebound:Icky","Slimebound:Icky","Slimebound:Icky","hexamod:HauntingEcho","hexamod:SkipABeat","hexamod:CrushingStance","hexamod:AdvancingGuard+1","hexamod:SkipABeat","Writhe","Slimebound:CheckThePlaybook+1","Slimebound:Icky","hexamod:CrushingStance","hexamod:AdvancingGuard","hexamod:FastForward","hexamod:PhantomCloak","hexamod:SecondSeal","hexamod:TimeOfNeed","hexamod:FastForward+1","hexamod:GhostShield","hexamod:VolcanoVisage+1","hexamod:TimeWarp+1","hexamod:GhostShield+1","hexamod:FirstSeal","hexamod:WildfireWeapon","hexamod:Haunt+1","hexamod:GhostOfSpirePast","hexamod:HauntingEcho+1","hexamod:GhostLash+1"],"relics":["hexamod:SpiritBrand","HushsDoor","YumHeart","downfall:HeartsMalice","Anchor","BelialBook","AntiCross","GodSword1","MagicMushroom","downfall:HeartBlessingBlue","downfall:HeartBlessingRed","Art of War","GodSword6","Damocles","MawBank","hexamod:MatchstickCase","SSSystem","hubris:Reverence","Gremlin Horn","downfall:HeartBlessingGreen","Sundial","Lantern","Bottled Lightning","Coffee Dripper","Bottled Tornado","Omamori","CeramicFish","DoctorsRemote","ZombieArmy","Shuriken","TheBible","Sling","Dead Branch","MagicDraw4"],"acts_visited":["Exordium","TheCity","TheBeyond"],"potions_floor_usage":[33,33,33],"damage_taken":[{"damage":0,"enemies":"Jaw Worm","floor":2,"turns":1},{"damage":0,"enemies":"2 Louse","floor":3,"turns":1},{"damage":0,"enemies":"Lagavulin Event","floor":4,"turns":1},{"damage":4,"enemies":"Small Slimes","floor":6,"turns":3},{"damage":0,"enemies":"downfall:FleeingMerchant","floor":8,"turns":4},{"damage":0,"enemies":"3 Sentries","floor":10,"turns":4},{"damage":8,"enemies":"Exordium Wildlife","floor":11,"turns":4},{"damage":3,"enemies":"Lagavulin","floor":12,"turns":5},{"damage":15,"enemies":"downfall:FleeingMerchant","floor":13,"turns":4},{"damage":0,"enemies":"Large Slime","floor":15,"turns":2},{"damage":20,"enemies":"downfall:Silent","floor":16,"turns":6},{"damage":0,"enemies":"Chosen","floor":19,"turns":2},{"damage":0,"enemies":"Slavers","floor":23,"turns":3},{"damage":0,"enemies":"Spheric Guardian","floor":26,"turns":1},{"damage":0,"enemies":"Shelled Parasite and Fungi","floor":28,"turns":4},{"damage":0,"enemies":"Book of Stabbing","floor":29,"turns":3},{"damage":0,"enemies":"Gremlin Leader","floor":31,"turns":3},{"damage":0,"enemies":"Chosen and Byrds","floor":32,"turns":3},{"damage":0,"enemies":"downfall:Watcher","floor":33,"turns":3},{"damage":0,"enemies":"3 Darklings","floor":36,"turns":3},{"damage":0,"enemies":"3 Shapes","floor":38,"turns":2},{"damage":0,"enemies":"Transient","floor":40,"turns":5},{"damage":0,"enemies":"Jaw Worm Horde","floor":43,"turns":4},{"damage":0,"enemies":"Sphere and 2 Shapes","floor":47,"turns":3},{"damage":1,"enemies":"Nemesis","floor":48,"turns":1}],"seed_played":"369018183256341912","potions_obtained":[{"floor":4,"key":"SmokeBomb"},{"floor":10,"key":"Fire Potion"},{"floor":12,"key":"Explosive Potion"},{"floor":16,"key":"champ:CounterPotion"},{"floor":33,"key":"Fire Potion"},{"floor":36,"key":"SpeedPotion"},{"floor":47,"key":"SpeedPotion"}],"is_trial":false,"path_per_floor":["R","M","M","?","?","M","T","$","R","E","M","E","$","?","M","B",null,"R","M","?","?","?","E","T","T","M","$","M","E","R","E","M","B",null,"R","M","?","M","?","M","T","R","M","?","$","T","M","E"],"character_chosen":"THE_SPIRIT","items_purchased":["hexamod:UnleashSpirits","hexamod:ThirdSeal","hexamod:InspiringFlames","GodSword1","hexamod:TimeOfNeed","hexamod:TimeWarp","Shuriken","TheBible","Sling"],"campfire_rested":0,"item_purchase_floors":[8,8,8,13,13,34,45,45,45],"current_hp_per_floor":[70,70,70,70,70,66,66,66,66,64,56,53,61,61,58,38,62,72,72,57,57,57,58,58,58,59,59,60,61,61,62,63,64,68,68,68,77,77,77,77,77,77,77,77,77,77,77,0,0,0],"gold":20,"neow_bonus":"THREE_ENEMY_KILL","is_daily":false,"chose_seed":false,"campfire_upgraded":5,"win_rate":0.0,"timestamp":1608997546,"path_taken":["R","M","M","?","?","M","T","$","R","E","M","E","?","?","M","BOSS","R","M","?","?","?","E","T","?","M","$","M","E","R","E","M","BOSS","R","M","?","?","?","?","T","R","M","?","$","?","M","E"],"items_purchased_type":["Card","Card","Card","Relic","Card","Card","Relic","Relic","Relic"],"build_version":"2020-12-22","purchased_purges":1,"victory":false,"max_hp_per_floor":[70,70,70,70,70,70,70,67,67,64,64,64,61,61,58,55,62,72,72,72,72,72,72,72,72,72,72,72,72,72,72,72,72,68,68,68,77,77,77,77,77,77,77,77,77,77,77,77,77,77],"card_choices":[{"not_picked":[],"picked":"BloodyBrimstone","floor":0},{"not_picked":["hexamod:Incineration","hexamod:SpectralSpark"],"picked":"hexamod:GhostLash","floor":2},{"not_picked":["hexamod:ShieldOfDarkness","hexamod:NecessarySacrifice"],"picked":"Bomb","floor":3},{"not_picked":["hexamod:RainOfEmbers","Bomb"],"picked":"hexamod:GhostflameInferno","floor":4},{"not_picked":["hexamod:GhostflameBarrier","hexamod:InspiringFlames"],"picked":"hexamod:FastForward","floor":6},{"not_picked":["hexamod:Haunt","hexamod:FastForward"],"picked":"hexamod:EmpoweredFlame","floor":8},{"not_picked":["hexamod:NightmareStrike","hexamod:SpectralSpark"],"picked":"hexamod:DynamicBlow","floor":10},{"not_picked":["hexamod:PhantomFireball","hexamod:Firestarter"],"picked":"hexamod:GhostLash","floor":10},{"not_picked":["hexamod:HauntingEcho","hexamod:NightmareGuise"],"picked":"Bomb","floor":11},{"not_picked":["hexamod:TimeWarp","hexamod:RetreatToShadows"],"picked":"hexamod:HauntingEcho","floor":12},{"not_picked":["hexamod:SpectralAdrenaline","hexamod:FastForward"],"picked":"Bomb","floor":12},{"not_picked":["hexamod:SoulSteal","hexamod:SpectralSpark"],"picked":"hexamod:Rewind","floor":13},{"not_picked":["hexamod:HauntingEcho","hexamod:SwordOfDarkness"],"picked":"hexamod:Haunt","floor":13},{"not_picked":["hexamod:BurningTouch","hexamod:ShieldOfDarkness"],"picked":"hexamod:HauntingEcho","floor":15},{"not_picked":["hexamod:NightmareStrike","hexamod:HeatCrush"],"picked":"hexamod:SkipABeat","floor":15},{"not_picked":["hexamod:VolcanoVisage","hexamod:SearingWound"],"picked":"hexamod:CrushingStance","floor":16},{"not_picked":["hexamod:NightmareGuise","hexamod:RecurringNightmare"],"picked":"hexamod:AdvancingGuard+1","floor":19},{"not_picked":["hexamod:SoulSteal","hexamod:SwordOfDarkness"],"picked":"hexamod:SkipABeat","floor":19},{"not_picked":["hexamod:HeatShield","hexamod:BurningTouch"],"picked":"hexamod:CrushingStance","floor":23},{"not_picked":["hexamod:Hexaguard","hexamod:NightmareGuise"],"picked":"hexamod:AdvancingGuard","floor":26},{"not_picked":["hexamod:ExtraCrispy","hexamod:AdvancingGuard"],"picked":"hexamod:FastForward","floor":28},{"not_picked":["hexamod:FastForward","hexamod:SwordOfDarkness"],"picked":"hexamod:PhantomCloak","floor":29},{"not_picked":["hexamod:BurningTouch","hexamod:InspiringFlames"],"picked":"hexamod:SecondSeal","floor":29},{"not_picked":["hexamod:EmpoweredFlame","hexamod:GhostflameBarrier"],"picked":"hexamod:TimeOfNeed","floor":31},{"not_picked":["hexamod:Again","hexamod:SpectersWail"],"picked":"hexamod:FastForward+1","floor":31},{"not_picked":["hexamod:AdvancingGuard","hexamod:FastForward"],"picked":"hexamod:GhostShield","floor":32},{"not_picked":["hexamod:UnleashSpirits","hexamod:TurnItUp"],"picked":"hexamod:VolcanoVisage","floor":33},{"not_picked":["hexamod:ShieldOfDarkness+1","hexamod:NightmareStrike+1"],"picked":"hexamod:GhostShield+1","floor":36},{"not_picked":["hexamod:NightmareGuise","hexamod:BacktrackSmack+1","hexamod:BurningTouch+1"],"picked":"SKIP","floor":36},{"not_picked":["hexamod:SpectralAdrenaline","hexamod:BacktrackSmack"],"picked":"hexamod:FirstSeal","floor":38},{"not_picked":["hexamod:Incineration","hexamod:GhostOfSpireFuture"],"picked":"hexamod:WildfireWeapon","floor":38},{"not_picked":["hexamod:BurningTouch","hexamod:SwordOfDarkness"],"picked":"hexamod:Haunt+1","floor":40},{"not_picked":["hexamod:NightmareStrike+1","hexamod:Toasty"],"picked":"hexamod:GhostOfSpirePast","floor":40},{"not_picked":["hexamod:GhostShield+1","hexamod:ShieldOfDarkness+1"],"picked":"hexamod:HauntingEcho+1","floor":43},{"not_picked":["hexamod:ShieldOfDarkness+1","hexamod:NightmareGuise","hexamod:Firestarter"],"picked":"SKIP","floor":43},{"not_picked":["hexamod:HeatShield+1","hexamod:SkipABeat"],"picked":"hexamod:GhostLash+1","floor":47}],"player_experience":410457,"relics_obtained":[{"floor":10,"key":"BelialBook"},{"floor":12,"key":"AntiCross"},{"floor":23,"key":"GodSword6"},{"floor":24,"key":"Damocles"},{"floor":25,"key":"MawBank"},{"floor":26,"key":"hexamod:MatchstickCase"},{"floor":28,"key":"SSSystem"},{"floor":29,"key":"hubris:Reverence"},{"floor":29,"key":"Gremlin Horn"},{"floor":31,"key":"Sundial"},{"floor":31,"key":"Lantern"},{"floor":32,"key":"Bottled Lightning"},{"floor":36,"key":"Bottled Tornado"},{"floor":38,"key":"Omamori"},{"floor":40,"key":"CeramicFish"},{"floor":41,"key":"DoctorsRemote"},{"floor":43,"key":"ZombieArmy"},{"floor":46,"key":"Dead Branch"},{"floor":47,"key":"MagicDraw4"}],"event_choices":[],"is_beta":false,"boss_relics":[{"not_picked":["SacredBark","Calling Bell"],"picked":"MagicMushroom"},{"not_picked":[]},{"not_picked":["ChampionBelt","Runic Pyramid"],"picked":"Coffee Dripper"},{"not_picked":[]}],"items_purged_floors":[8],"is_endless":false,"potions_floor_spawned":[4,10,12,16,28,33,36,47],"killed_by":"Nemesis","ascension_level":1}}