{"host":"zjc1tzo4ovig5lll","time":1608999400,"event":{"mods":["AchievementEnabler","Aspiration","BaseMod","Beaked The Cultist","Better Altar","Better Match","Better Note","Better Sensory Stone","Colored Map","Colored Powertips","Conspire","Energized Spire","Friendly Minions","GifTheSpireLib","Halation","Hermit","Hubris","Minty Spire (QoL Compilation)","Rare Cards Sparkle","Replay The Spire","StSLib","The Blue Laboratory","The Bug Knight","The Construct","The Jungle","The Servant 0.9.4","everything is the same but u backflip on backflip","vexMod"],"gold_per_floor":[116,36,36,51,51,78,78,90,90,90,108,108,108,33,33,131,131,141,231,247,51,71,71,83,83,83,83,116,116,128,128,128,228,278,296,249,269,279,279,279,279,202,202,13,28,44,44,44],"floor_reached":47,"playtime":2387,"items_purged":["Regret"],"score":542,"play_id":"5235a23d-ee14-4b83-839e-860f0d79b535","local_time":"20201226181640","is_ascension_mode":true,"campfire_choices":[{"data":"Noxious Fumes","floor":7,"key":"SMITH"},{"data":"Neutralize","floor":12,"key":"SMITH"},{"floor":15,"key":"REST"},{"floor":23,"key":"REST"},{"data":"hubris:EnhanceAbility","floor":25,"key":"SMITH"},{"floor":27,"key":"RECALL"},{"data":"Escape Plan","floor":29,"key":"SMITH"},{"data":"After Image","floor":32,"key":"SMITH"},{"data":"After Image","floor":40,"key":"SMITH"}],"circlet_count":0,"master_deck":["Strike_G","Strike_G+1","Strike_G","Strike_G","Strike_G+1","Defend_G+1","Defend_G","Defend_G","Defend_G","Defend_G","Survivor","Neutralize+1","ReplayTheSpireMod:Speed Training","Noxious Fumes+1","Escape Plan+1","Toxin Wave+1","Flying Knee","Deadly Poison+1","Poison Darts+1","conspire:Banana+1","hubris:EnhanceAbility+1","Acrobatics+1","Prepared+1","After Image+1","After Image+1","Acrobatics+1","Outmaneuver+1","Prepared+1","Noxious Fumes","Transmutation+1","Backflip+1","Blade Dance+1","Doppelganger+1"],"relics":["Ring of the Snake","NeowsBlessing","hubris:Icosahedron","Toxic Egg 2","Blood Vial","halation:OrihimeAndHikoboshiSamaAndTears","conspire:RoyalGoblet","Eternal Feather","hubris:Reverence","Tiny House"],"acts_visited":["Exordium","TheCity","TheBeyond"],"potions_floor_usage":[22,38,38],"damage_taken":[{"damage":0,"enemies":"2 Louse","floor":1,"turns":1},{"damage":0,"enemies":"Jaw Worm","floor":4,"turns":1},{"damage":0,"enemies":"3 Sentries","floor":6,"turns":2},{"damage":0,"enemies":"conspire:RoseBush","floor":8,"turns":3},{"damage":21,"enemies":"3 Louse","floor":11,"turns":2},{"damage":36,"enemies":"Slime Boss","floor":16,"turns":10},{"damage":3,"enemies":"Chosen","floor":18,"turns":4},{"damage":21,"enemies":"2 Thieves","floor":20,"turns":4},{"damage":6,"enemies":"conspire:HollyBat","floor":22,"turns":8},{"damage":7,"enemies":"Snake Plant","floor":24,"turns":4},{"damage":0,"enemies":"Replay:Snechameleon","floor":28,"turns":6},{"damage":0,"enemies":"3 Cultists","floor":30,"turns":6},{"damage":38,"enemies":"Automaton","floor":33,"turns":11},{"damage":8,"enemies":"Orb Walker","floor":35,"turns":3},{"damage":13,"enemies":"3 Darklings","floor":37,"turns":6},{"damage":18,"enemies":"Maw","floor":38,"turns":8},{"damage":1,"enemies":"Jaw Worm Horde","floor":45,"turns":4},{"damage":0,"enemies":"3 Darklings","floor":46,"turns":6},{"damage":55,"enemies":"Transient","floor":47,"turns":5}],"seed_played":"-1143201784215560749","potions_obtained":[{"floor":4,"key":"Venom Potion"},{"floor":8,"key":"blueLaboratory:FruitPunch"},{"floor":11,"key":"blueLaboratory:FruitPreserves"},{"floor":30,"key":"blueLaboratory:AbyssPotion"},{"floor":37,"key":"blueLaboratory:FruitPunch"},{"floor":46,"key":"LiquidBronze"}],"is_trial":false,"path_per_floor":["M","$","?","M","?","E","R","M","T","?","M","R","?","$","R","B",null,"M","?","M","$","M","R","M","R","T","R","E","R","M","HB","R","B",null,"M","$","M","M","?","R","?","$","T","$","M","M","M"],"character_chosen":"THE_SILENT","items_purchased":["Noxious Fumes","hubris:EnhanceAbility","Outmaneuver+1","Noxious Fumes","Transmutation+1","Backflip+1"],"campfire_rested":2,"item_purchase_floors":[2,21,36,42,44,44],"current_hp_per_floor":[70,70,56,56,56,56,56,56,56,56,37,37,37,37,58,24,70,67,49,32,32,32,54,51,51,51,63,67,79,82,41,41,5,48,42,42,33,21,21,36,36,36,36,36,39,43,0,0],"gold":44,"neow_bonus":"THREE_ENEMY_KILL","is_daily":false,"chose_seed":false,"campfire_upgraded":6,"win_rate":0.0,"timestamp":1608999400,"path_taken":["M","$","?","M","?","E","R","M","T","?","M","R","?","$","R","BOSS","M","?","M","$","M","R","M","R","T","R","E","R","M","HB","R","BOSS","M","$","?","M","?","R","?","$","T","$","M","M","M"],"items_purchased_type":["Card","Card","Card","Card","Card","Card"],"build_version":"2020-12-22","purchased_purges":1,"victory":false,"max_hp_per_floor":[70,70,70,70,70,70,70,70,70,70,70,70,70,70,70,70,70,70,70,72,72,76,76,78,78,78,78,80,80,82,41,41,43,48,50,50,52,56,56,56,56,56,56,56,58,60,62,62],"card_choices":[{"not_picked":["PiercingWail","Dagger Throw"],"picked":"ReplayTheSpireMod:Speed Training","floor":1},{"not_picked":["Sucker Punch","Prepared"],"picked":"Escape Plan","floor":4},{"not_picked":["PiercingWail+1","Blade Dance+1"],"picked":"Toxin Wave+1","floor":6},{"not_picked":["Dodge and Roll+1","Sucker Punch"],"picked":"Flying Knee","floor":8},{"not_picked":["Sucker Punch","Dagger Spray"],"picked":"Deadly Poison+1","floor":11},{"not_picked":["Burst+1","Grand Finale"],"picked":"Poison Darts+1","floor":16},{"not_picked":["ReplayTheSpireMod:Exploit Weakness+1","Accuracy","Deadly Poison+1"],"picked":"SKIP","floor":18},{"not_picked":["Flying Knee","Bane","Dagger Spray"],"picked":"SKIP","floor":20},{"not_picked":["Well Laid Plans+1","Sucker Punch+1"],"picked":"Acrobatics+1","floor":22},{"not_picked":["Skewer","Calculated Gamble+1","Predator"],"picked":"SKIP","floor":24},{"not_picked":["Hidden Blade+1","Dagger Throw+1"],"picked":"Prepared+1","floor":28},{"not_picked":["ReplayTheSpireMod:The Works+1","hubris:Sniper+1"],"picked":"After Image","floor":30},{"not_picked":["Venomology+1","Doppelganger+1"],"picked":"After Image","floor":33},{"not_picked":["hubris:SlightOfHand+1","Dagger Throw"],"picked":"Acrobatics+1","floor":35},{"not_picked":["Well Laid Plans","Underhanded Strike","Replay:Poison Smokescreen+1"],"picked":"SKIP","floor":37},{"not_picked":["Choke","Slice+1"],"picked":"Prepared+1","floor":38},{"not_picked":["ReplayTheSpireMod:Exploit Weakness+1","ReplayTheSpireMod:The Works+1"],"picked":"Blade Dance+1","floor":45},{"not_picked":["Blade Dance+1","hubris:SlightOfHand+1"],"picked":"Doppelganger+1","floor":46}],"player_experience":590297,"relics_obtained":[{"floor":6,"key":"Toxic Egg 2"},{"floor":9,"key":"Blood Vial"},{"floor":26,"key":"Eternal Feather"},{"floor":28,"key":"hubris:Reverence"}],"event_choices":[{"damage_healed":0,"gold_gain":0,"player_choice":"Entered Light","damage_taken":14,"max_hp_gain":0,"max_hp_loss":0,"event_name":"Shining Light","floor":3,"gold_loss":0,"cards_upgraded":["Defend_G","Strike_G"]},{"damage_healed":0,"gold_gain":0,"player_choice":"Box","damage_taken":0,"relics_obtained":["halation:OrihimeAndHikoboshiSamaAndTears"],"max_hp_gain":0,"max_hp_loss":0,"event_name":"Big Fish","floor":10,"gold_loss":0,"cards_obtained":["Regret"]},{"damage_healed":0,"gold_gain":0,"player_choice":"Ignored","damage_taken":0,"max_hp_gain":0,"max_hp_loss":0,"event_name":"Golden Idol","floor":13,"gold_loss":0},{"damage_healed":0,"gold_gain":90,"player_choice":"GOLD CARD ","damage_taken":18,"max_hp_gain":0,"max_hp_loss":0,"event_name":"Knowing Skull","floor":19,"potions_obtained":[],"gold_loss":0,"cards_obtained":["conspire:Banana"]},{"damage_healed":0,"gold_gain":0,"player_choice":"Bought 0 Potions","damage_taken":0,"max_hp_gain":0,"max_hp_loss":0,"event_name":"The Woman in Blue","floor":41,"gold_loss":0}],"is_beta":false,"boss_relics":[{"not_picked":["energizedSpire:RedRose","hubris:ScarierMask"],"picked":"conspire:RoyalGoblet"},{"not_picked":["halation:PlatinumPhoenix","beaked:MawFillet"],"picked":"Tiny House"}],"items_purged_floors":[14],"is_endless":false,"potions_floor_spawned":[4,8,11,24,30,37,46],"killed_by":"Transient","ascension_level":2}}