{"host":"kq2g769nefmuyn7c","time":1608966886,"event":{"mods":["Act Like it!","BaseMod","Gensokyo","Koishi","Minty Spire (QoL Compilation)","Remilia£®¿Ÿ√◊¿Ú—«£©","Replay The Spire","StSLib","The Bug Knight"],"gold_per_floor":[114,214,144,157,177,177,203,203,203,232,247,247,276,276,276,415,415,435,448,463,479,479,479,504,504,527,561,36,64,64,79,79,178,178,193,43,58,58,74,74,254,365,392,421,421,447,56,85,85,85,85],"floor_reached":50,"playtime":3268,"items_purged":[],"score":1084,"play_id":"b0b6c97b-f133-4af3-88db-7158b8f37bc6","local_time":"20201226151446","is_ascension_mode":true,"campfire_choices":[{"data":"RedMoon","floor":6.0,"key":"SMITH"},{"data":"GlobalNightmare","floor":8.0,"key":"SMITH"},{"data":"ScarletNetherworld","floor":15.0,"key":"SMITH"},{"data":"ScarletMeister","floor":23.0,"key":"SMITH"},{"data":"BloodyTrap","floor":25.0,"key":"SMITH"},{"data":"ScarletGensokyo","floor":30,"key":"SMITH"},{"data":"Pot Of Greed","floor":40,"key":"SMITH"},{"floor":49,"key":"RECALL"}],"circlet_count":0,"master_deck":["Defend_RM","Defend_RM","RedMoon+1","ScarletShoot","DiffusionOfMisfortune","FitfulNightmare","GlobalNightmare+1","ScarletNetherworld+1","AfternoonTea+1","KillingBlow+1","Voices","ScarletMeister+1","TransientEternity+1","Ultimatum","Septette+1","MillenniumVampire","Stigmanizer+1","BloodyTrap+1","VampirishNight","ScarletDream+1","Septette","QueenOfMidnight+1","DiffusionOfMisfortune+1","BlasphemousPunishment","BloodySeventeenLaser","AfternoonTea","ScarletGensokyo+1","RedNightlessCastle","BombardNight","Gensokyo:ShootingStar+1","ScarletCoffin","BloodyHallows","Pot Of Greed+1","Pot Of Greed","Pot Of Greed","Pot Of Greed","ScarletNetherworld+1","KillingBlow","ScarletDevilSign+1","Gensokyo:AllTheWorldsEvil","Gensokyo:HouraiInAPot+1","HellCatastrophe","ReplayTheSpireMod:IOU","BloodyMagicSquare","ScarletGensokyo+1"],"relics":["ScarletHat","Thread and Needle","Ornamental Fan","Matryoshka","Replay:PocketPolymizer","ReplayFunnel","ReplayTheSpireMod:Ring of Collecting","Philosopher\u0027s Stone","Gensokyo:RedStar","Bag of Marbles","Potion Belt","Ring of Searing","Replay:Mystery Machine","Guide Book","Orrery","Quantum Egg","Lantern","Cursed Key","Frozen Eye","Incense Burner","Grinning Jar","ReplayTheSpireMod:Lightbulb","Snack Pack","Pen Nib","Calipers","Eternal Feather","The Courier","ScarletDevilRocket","Oddly Smooth Stone","Art of War","ReplayTheSpireMod:CursedCoin","Replay:Towering Pillar of Hats","Bag of Preparation"],"acts_visited":["Gensokyo:Gensokyo","Gensokyo:Gensokyoer","Gensokyo:Gensokyoest"],"potions_floor_usage":[42,45],"damage_taken":[{"damage":0.0,"enemies":"Gensokyo:Gryphon","floor":1.0,"turns":3.0},{"damage":0.0,"enemies":"Gensokyo:2_Kodama","floor":4.0,"turns":2.0},{"damage":0.0,"enemies":"Gensokyo:3_Fairies","floor":5.0,"turns":5.0},{"damage":1.0,"enemies":"Gensokyo:Mamizou","floor":7.0,"turns":7.0},{"damage":16.0,"enemies":"Gensokyo:Aya","floor":10.0,"turns":13.0},{"damage":12.0,"enemies":"Gensokyo:CorruptedTreant","floor":11.0,"turns":3.0},{"damage":13.0,"enemies":"Gensokyo:Cirno","floor":13.0,"turns":5.0},{"damage":42.0,"enemies":"Gensokyo:Kokoro","floor":16.0,"turns":12.0},{"damage":0.0,"enemies":"Gensokyo:3_Dogs","floor":18.0,"turns":6.0},{"damage":0.0,"enemies":"Gensokyo:CosmicMonolith","floor":19.0,"turns":5.0},{"damage":0.0,"enemies":"Gensokyo:Slime_Group","floor":20.0,"turns":5.0},{"damage":0.0,"enemies":"Gensokyo:Swordslinger","floor":21.0,"turns":5.0},{"damage":6.0,"enemies":"Gensokyo:Tenshi","floor":24.0,"turns":4.0},{"damage":25.0,"enemies":"Gensokyo:Koishi","floor":27.0,"turns":6.0},{"damage":30,"enemies":"Gensokyo:Reisen","floor":29,"turns":4},{"damage":10,"enemies":"Gensokyo:Chomper_and_Gloop","floor":31,"turns":2},{"damage":26,"enemies":"Gensokyo:Kaguya","floor":33,"turns":7},{"damage":35,"enemies":"Gensokyo:AncientGuardian","floor":35,"turns":3},{"damage":25,"enemies":"Gensokyo:3_Boulders","floor":37,"turns":6},{"damage":5,"enemies":"Gensokyo:4_Bats","floor":39,"turns":2},{"damage":48,"enemies":"Gensokyo:Doremy","floor":41,"turns":4},{"damage":25,"enemies":"Gensokyo:Marisa","floor":44,"turns":5},{"damage":8,"enemies":"Gensokyo:Marisa","floor":45,"turns":5},{"damage":26,"enemies":"Gensokyo:Kasen","floor":46,"turns":2},{"damage":47,"enemies":"Gensokyo:Doremy","floor":48,"turns":4},{"damage":93,"enemies":"Gensokyo:Scarlet_Devils","floor":50,"turns":1}],"seed_played":"6112291149671115085","potions_obtained":[{"floor":5.0,"key":"Fire Potion"},{"floor":7.0,"key":"Explosive Potion"},{"floor":11.0,"key":"Explosive Potion"},{"floor":20.0,"key":"Weak Potion"},{"floor":24.0,"key":"SteroidPotion"},{"floor":27.0,"key":"Dexterity Potion"},{"floor":29,"key":"Swift Potion"},{"floor":35,"key":"SpeedPotion"},{"floor":37,"key":"Fire Potion"},{"floor":39,"key":"Elixir"},{"floor":42,"key":"Fruit Juice"},{"floor":44,"key":"LifebloodPotion"},{"floor":46,"key":"FearPotion"}],"is_trial":false,"path_per_floor":["M","?","?","M","M","R","E","R","T","E","M","?","E","?","R","B",null,"M","M","M","M","?","R","E","R","T","E","COS","E","R","M","R","B",null,"M","$","M","?","M","R","E","?","T","E","?","E","$","E","R","B"],"character_chosen":"REMILIA","items_purchased":["Frozen Eye","Oddly Smooth Stone","Art of War","ReplayTheSpireMod:CursedCoin","Replay:Towering Pillar of Hats","BloodyMagicSquare"],"campfire_rested":0,"item_purchase_floors":[36,47,47,47,47,47],"current_hp_per_floor":[75,75,75,75,75,75,74,74,74,66,54,54,45,45,45,18,61,66,71,75,75,75,75,75,75,75,54,54,54,54,64,75,75,75,75,75,75,75,75,75,75,62,62,80,80,80,80,80,80,0,0],"gold":85,"neow_bonus":"ONE_RARE_RELIC","is_daily":false,"chose_seed":false,"campfire_upgraded":7,"win_rate":0.0,"timestamp":1608966886,"path_taken":["M","?","?","?","M","R","E","R","T","E","M","?","E","?","R","BOSS","M","M","M","?","?","R","E","R","T","E","COS","E","R","?","R","BOSS","M","?","?","?","M","R","E","?","T","E","?","E","$","E","R","BOSS"],"items_purchased_type":["Relic","Relic","Relic","Relic","Relic","Card"],"build_version":"2020-12-22","purchased_purges":0,"victory":false,"max_hp_per_floor":[75,75,75,75,75,75,75,75,75,75,75,75,75,75,75,75,75,75,75,75,75,75,75,75,75,75,75,75,75,75,75,75,75,75,75,75,75,75,75,75,75,80,80,80,80,80,80,80,80,80,80],"card_choices":[{"not_picked":["RedNightlessCastle","MastersStateliness"],"picked":"DiffusionOfMisfortune","floor":1.0},{"not_picked":["DiffusionOfMisfortune","EndlessAdversity"],"picked":"FitfulNightmare","floor":4.0},{"not_picked":["FavorOfDestiny","ChainGang","ForbiddenFruit"],"picked":"SKIP","floor":5.0},{"not_picked":["BloodHunter","FitfulNightmare"],"picked":"GlobalNightmare","floor":7.0},{"not_picked":["TwelveNightmare","CurseOfVladTepes"],"picked":"ScarletNetherworld","floor":10.0},{"not_picked":["CharismaGuard","MastersStateliness"],"picked":"AfternoonTea","floor":11.0},{"not_picked":["StarOfDavid","UnderTheZenith"],"picked":"KillingBlow","floor":13.0},{"not_picked":["ScarletMeister","CeilingFear"],"picked":"TransientEternity","floor":16.0},{"not_picked":["MastersStateliness","RedRainbow"],"picked":"Ultimatum","floor":18.0},{"not_picked":["ScarletDevilSign","MiserableFate"],"picked":"Septette+1","floor":19.0},{"not_picked":["BloodyMagicSquare","NightDance"],"picked":"MillenniumVampire","floor":20.0},{"not_picked":["ScarletDevil","UltimateOffering"],"picked":"Stigmanizer","floor":21.0},{"not_picked":["StarOfDavid+1","MastersStateliness+1"],"picked":"VampirishNight","floor":24.0},{"not_picked":["ForbiddenFruit","LeisurelyOfLord"],"picked":"ScarletDream+1","floor":24.0},{"not_picked":["MastersStateliness","GlobalNightmare+1"],"picked":"QueenOfMidnight","floor":27.0},{"not_picked":["BloodHunter","EndlessAdversity+1"],"picked":"DiffusionOfMisfortune+1","floor":28},{"not_picked":["ScarletDream","HunterOfTheNight"],"picked":"BlasphemousPunishment","floor":28},{"not_picked":["BombardNight","HunterOfTheNight"],"picked":"BloodySeventeenLaser","floor":28},{"not_picked":["BombardNight","BloodHunter"],"picked":"AfternoonTea","floor":28},{"not_picked":["BlasphemousPunishment","LeisurelyOfLord"],"picked":"ScarletGensokyo","floor":29},{"not_picked":["CharismaGuard+1","ChainGang","ScarletDevilSign"],"picked":"SKIP","floor":31},{"not_picked":[],"picked":"Gensokyo:ShootingStar","floor":33},{"not_picked":["EquivalentExchange","DemonKingCradle"],"picked":"ScarletCoffin","floor":33},{"not_picked":["DiffusionOfMisfortune","BlasphemousPunishment+1","ScarletImprint"],"picked":"SKIP","floor":35},{"not_picked":["TransientEternity","TricksterDevil"],"picked":"BloodyHallows","floor":37},{"not_picked":["ScarletMeister","CharismaGuard","ScarletDevil+1"],"picked":"SKIP","floor":37},{"not_picked":["DiffusionOfMisfortune+1","FavorOfDestiny"],"picked":"ScarletNetherworld+1","floor":39},{"not_picked":["BloodHunter","StarOfDavid+1","HeartBreak"],"picked":"SKIP","floor":41},{"not_picked":["HunterOfTheNight+1","VampireKiss"],"picked":"ScarletDevilSign+1","floor":42},{"not_picked":["HunterOfTheNight","NightDance","VampireKiss+1"],"picked":"SKIP","floor":44},{"not_picked":["Gensokyo:RainbowDanmaku+1","Gensokyo:Dawn+1"],"picked":"Gensokyo:HouraiInAPot+1","floor":45},{"not_picked":["TransientEternity","ScarletDevil"],"picked":"HellCatastrophe","floor":46},{"not_picked":["ScarletNetherworld+1","MastersStateliness"],"picked":"ScarletGensokyo+1","floor":48},{"not_picked":["ScarletImprint","UnderTheZenith","CharismaGuard+1"],"picked":"SKIP","floor":48}],"player_experience":143019,"relics_obtained":[{"floor":7.0,"key":"Ornamental Fan"},{"floor":9.0,"key":"Matryoshka"},{"floor":10.0,"key":"Replay:PocketPolymizer"},{"floor":13.0,"key":"ReplayFunnel"},{"floor":14.0,"key":"ReplayTheSpireMod:Ring of Collecting"},{"floor":24.0,"key":"Bag of Marbles"},{"floor":26.0,"key":"Potion Belt"},{"floor":26.0,"key":"Ring of Searing"},{"floor":27.0,"key":"Replay:Mystery Machine"},{"floor":29,"key":"Quantum Egg"},{"floor":37,"key":"Grinning Jar"},{"floor":41,"key":"ReplayTheSpireMod:Lightbulb"},{"floor":42,"key":"Snack Pack"},{"floor":43,"key":"Pen Nib"},{"floor":44,"key":"Eternal Feather"},{"floor":44,"key":"The Courier"},{"floor":46,"key":"ScarletDevilRocket"},{"floor":48,"key":"Bag of Preparation"}],"event_choices":[],"is_beta":false,"boss_relics":[{"not_picked":["ReplayTheSpireMod:Onyx Gauntlets","Busted Crown"],"picked":"Philosopher\u0027s Stone"},{"not_picked":["ReplayTheSpireMod:DimensionalGlitch","Fusion Hammer"],"picked":"Cursed Key"}],"items_purged_floors":[],"is_endless":false,"potions_floor_spawned":[5,7,11,20,24,27,29,35,39,46],"killed_by":"Gensokyo:Scarlet_Devils","ascension_level":5}}