{"host":"reretk0dz0kj8f1n","time":1608954449,"event":{"mods":["Arknights The Spire","BaseMod","Colored Map","Minty Spire (QoL Compilation)","StSLib"],"gold_per_floor":[114,39,52,65,76,106,106,119,119,119,134,172,172,193,193,314,314,327,327,173,173,73,107,147,147,147,166,166,166],"floor_reached":28,"playtime":1174,"items_purged":["ats:Defend","ats:Strike V+1"],"score":248,"play_id":"bb6ca375-3f71-4437-bda4-8af799d8653d","local_time":"20201226124729","is_ascension_mode":false,"campfire_choices":[{"data":"ats:Roar Of Ursus","floor":7,"key":"SMITH"},{"floor":15,"key":"REST"}],"circlet_count":0,"master_deck":["ats:Strike S","ats:Armor Crushing Shot","ats:Defend","ats:Defend","ats:Defend","ats:Emotion Absorption","ats:Composite Medical Shells","ats:Hammer On","ats:Shell Defense","ats:Revitalization","ats:Roar Of Ursus+1","ats:Thorns+1","ats:Counter Healing Mode","ats:Shadow Assault","ats:Revitalization","ats:Composite Medical Shells+1","ats:Revitalization+1","ats:Dogmatic Field","ats:Ambush","ats:Automatic Cover"],"relics":["ats:Sanity","NeowsBlessing","ats:Originium","Boot","Mummified Hand","Golden Idol","ats:Originium","Ancient Tea Set","Black Star","Enchiridion","Orrery","Red Mask","ats:Originium","Peace Pipe","Blood Vial","Question Card"],"acts_visited":["Exordium","TheCity"],"potions_floor_usage":[6,8,12,14,28],"damage_taken":[{"damage":0,"enemies":"Small Slimes","floor":1,"turns":1},{"damage":0,"enemies":"2 Louse","floor":3,"turns":1},{"damage":0,"enemies":"Cultist","floor":4,"turns":1},{"damage":23,"enemies":"Exordium Thugs","floor":5,"turns":4},{"damage":26,"enemies":"Lagavulin","floor":6,"turns":7},{"damage":17,"enemies":"Large Slime","floor":8,"turns":6},{"damage":6,"enemies":"Blue Slaver","floor":11,"turns":3},{"damage":24,"enemies":"3 Sentries","floor":12,"turns":7},{"damage":13,"enemies":"Exordium Thugs","floor":14,"turns":6},{"damage":45,"enemies":"Slime Boss","floor":16,"turns":13},{"damage":5,"enemies":"3 Byrds","floor":18,"turns":3},{"damage":42,"enemies":"Masked Bandits","floor":23,"turns":5},{"damage":49,"enemies":"Slavers","floor":24,"turns":4},{"damage":22,"enemies":"Chosen","floor":27,"turns":6},{"damage":112,"enemies":"Gremlin Leader","floor":28,"turns":7}],"seed_played":"6087424303529817741","potions_obtained":[{"floor":3,"key":"ColorlessPotion"},{"floor":5,"key":"SkillPotion"},{"floor":6,"key":"EssenceOfSteel"},{"floor":11,"key":"ColorlessPotion"},{"floor":16,"key":"Weak Potion"},{"floor":18,"key":"ats:Emergency Sanity Potion"}],"is_trial":false,"path_per_floor":["M","$","M","M","M","E","R","M","T","?","M","E","?","M","R","B",null,"M","?","$","?","$","?","E","?","T","M","E"],"character_chosen":"DOCTOR_CLASS","items_purchased":["Orrery"],"campfire_rested":1,"item_purchase_floors":[20],"current_hp_per_floor":[72,72,72,72,51,56,56,55,55,37,33,27,13,12,33,21,72,67,51,51,51,51,47,21,21,21,57,0,0],"gold":166,"neow_bonus":"THREE_ENEMY_KILL","is_daily":false,"chose_seed":false,"campfire_upgraded":1,"win_rate":0.0,"timestamp":1608954449,"path_taken":["M","$","M","M","M","E","R","M","T","?","M","E","?","M","R","BOSS","M","?","$","?","$","?","E","?","T","M","E"],"items_purchased_type":["Relic"],"build_version":"2020-12-22","purchased_purges":2,"victory":false,"max_hp_per_floor":[72,72,72,72,72,72,72,72,72,72,72,72,72,72,72,72,72,72,72,72,72,72,72,72,72,72,72,72,72],"card_choices":[{"not_picked":["ats:Poison Spread","ats:Assault Order"],"picked":"ats:Composite Medical Shells","floor":1},{"not_picked":["ats:Rapid Magazine","ats:Mental Burst"],"picked":"ats:Hammer On","floor":3},{"not_picked":["ats:Apocalypse","ats:Flexible Camouflage"],"picked":"ats:Shell Defense","floor":4},{"not_picked":["ats:Guardian Obelisk","ats:Consecutive Shot Auto"],"picked":"ats:Revitalization","floor":5},{"not_picked":["ats:Flexible Camouflage","ats:Consecutive Shot Auto"],"picked":"ats:Roar Of Ursus","floor":6},{"not_picked":["ats:Consecutive Shot Auto","ats:Magnetic Hammer"],"picked":"ats:Thorns","floor":8},{"not_picked":["ats:Flexible Camouflage","ats:Leaping Hammer","ats:Blood Oath"],"picked":"SKIP","floor":11},{"not_picked":["ats:Cat Scratch","ats:Consecutive Shot Auto"],"picked":"ats:Counter Healing Mode","floor":12},{"not_picked":["ats:Poison Spread","ats:Neurotoxin","ats:Beaten Up"],"picked":"SKIP","floor":14},{"not_picked":["ats:True Silver Slash","ats:Volcano"],"picked":"ats:Shadow Assault","floor":16},{"not_picked":["ats:Powerful Strike","ats:Explosion Area Strengthen","ats:Assault Order"],"picked":"SKIP","floor":18},{"not_picked":["ats:Blood Oath+1","ats:Soul Rend"],"picked":"ats:Revitalization","floor":20},{"not_picked":["ats:Leaping Hammer","ats:Flexible Camouflage"],"picked":"ats:Composite Medical Shells+1","floor":20},{"not_picked":["ats:Hammer On","ats:Neurotoxin"],"picked":"ats:Revitalization+1","floor":20},{"not_picked":["ats:Consecutive Shot Auto","ats:Explosion Area Strengthen"],"picked":"ats:Automatic Cover","floor":23},{"not_picked":["ats:Hook Shot","ats:Neurotoxin","ats:Assault Order+1"],"picked":"SKIP","floor":24},{"not_picked":["ats:Flexible Camouflage","ats:Assault Order","ats:Healing Drone","ats:Consecutive Shot Auto"],"picked":"SKIP","floor":27}],"player_experience":243688,"relics_obtained":[{"floor":6,"key":"ats:Originium"},{"floor":6,"key":"Boot"},{"floor":9,"key":"Mummified Hand"},{"floor":12,"key":"ats:Originium"},{"floor":12,"key":"Ancient Tea Set"},{"floor":19,"key":"Enchiridion"},{"floor":23,"key":"Red Mask"},{"floor":24,"key":"ats:Originium"},{"floor":24,"key":"Peace Pipe"},{"floor":24,"key":"Blood Vial"},{"floor":26,"key":"Question Card"}],"event_choices":[{"damage_healed":0,"gold_gain":0,"player_choice":"Take Damage","damage_taken":18,"relics_obtained":["Golden Idol"],"max_hp_gain":0,"max_hp_loss":0,"event_name":"Golden Idol","floor":10,"gold_loss":0},{"damage_healed":0,"gold_gain":0,"player_choice":"Entered Light","damage_taken":14,"max_hp_gain":0,"max_hp_loss":0,"event_name":"Shining Light","floor":13,"gold_loss":0,"cards_upgraded":["ats:Thorns","ats:Strike V"]},{"damage_healed":0,"gold_gain":0,"player_choice":"Obtained Book","damage_taken":16,"max_hp_gain":0,"max_hp_loss":0,"event_name":"Cursed Tome","floor":19,"gold_loss":0},{"damage_healed":0,"gold_gain":0,"cards_transformed":["ats:Strike C","ats:Strike G"],"player_choice":"Became Test Subject","damage_taken":0,"max_hp_gain":0,"max_hp_loss":0,"event_name":"Drug Dealer","floor":21,"gold_loss":0,"cards_obtained":["ats:Dogmatic Field","ats:Ambush"]},{"damage_healed":0,"gold_gain":0,"player_choice":"Fought Bandits","damage_taken":0,"max_hp_gain":0,"max_hp_loss":0,"event_name":"Masked Bandits","floor":23,"gold_loss":0},{"damage_healed":0,"gold_gain":0,"player_choice":"Bought 0 Potions","damage_taken":0,"max_hp_gain":0,"max_hp_loss":0,"event_name":"The Woman in Blue","floor":25,"gold_loss":0}],"is_beta":false,"boss_relics":[{"not_picked":["Busted Crown","Philosopher\u0027s Stone"],"picked":"Black Star"}],"items_purged_floors":[2,22],"is_endless":false,"potions_floor_spawned":[3,5,6,11,16,18],"killed_by":"Gremlin Leader","ascension_level":0}}