{"host":"xjyie0ctswsml60g","time":1608944961,"event":{"mods":["AchievementEnabler","BaseMod","Colored Map","Minty Spire (QoL Compilation)","Quick Restart","SuperFastMode"],"gold_per_floor":[118,118,128,148,223,254,268,443,494,506,524,554,29,48,48,148,148,166,177,38,49,49,49,49,68,114,114,74,85,85,85],"floor_reached":30,"playtime":1975,"items_purged":["Doubt","Defend_P"],"score":269,"play_id":"ae6628ae-6c45-4817-90cd-12f3b5384117","local_time":"20201226030921","is_ascension_mode":false,"campfire_choices":[{"floor":15,"key":"RECALL"},{"floor":23,"key":"REST"}],"circlet_count":0,"master_deck":["Strike_P","Strike_P","Strike_P","Strike_P","Defend_P","Defend_P","Defend_P","Eruption","Vigilance","PathToVictory","ThirdEye","Evaluate","Study","PathToVictory","Judgement","LikeWater","WaveOfTheHand","Weave"],"relics":["PureWater","StrikeDummy","Bronze Scales","Blue Candle","Lizard Tail","DollysMirror","Black Star","Nilry\u0027s Codex","MealTicket"],"acts_visited":["Exordium","TheCity"],"potions_floor_usage":[14,16,21,25],"damage_taken":[{"damage":4.0,"enemies":"Jaw Worm","floor":1.0,"turns":5.0},{"damage":0.0,"enemies":"Small Slimes","floor":3.0,"turns":3.0},{"damage":0.0,"enemies":"2 Louse","floor":4.0,"turns":1.0},{"damage":0.0,"enemies":"Gremlin Nob","floor":6.0,"turns":2.0},{"damage":2.0,"enemies":"Exordium Wildlife","floor":7.0,"turns":4.0},{"damage":12.0,"enemies":"Gremlin Gang","floor":10.0,"turns":4.0},{"damage":4.0,"enemies":"Lots of Slimes","floor":11.0,"turns":4.0},{"damage":22.0,"enemies":"Lagavulin","floor":12.0,"turns":6.0},{"damage":0,"enemies":"2 Fungi Beasts","floor":14,"turns":3},{"damage":14,"enemies":"The Guardian","floor":16,"turns":8},{"damage":24,"enemies":"2 Thieves","floor":18,"turns":4},{"damage":4,"enemies":"Chosen","floor":19,"turns":4},{"damage":18,"enemies":"3 Cultists","floor":21,"turns":4},{"damage":0,"enemies":"Snecko","floor":25,"turns":8},{"damage":32,"enemies":"Centurion and Healer","floor":29,"turns":8},{"damage":23,"enemies":"Slavers","floor":30,"turns":2}],"seed_played":"-3826387770760421846","potions_obtained":[{"floor":1.0,"key":"LiquidMemories"},{"floor":4.0,"key":"DuplicationPotion"},{"floor":6.0,"key":"AttackPotion"},{"floor":12.0,"key":"EssenceOfSteel"},{"floor":14,"key":"StancePotion"},{"floor":18,"key":"Ambrosia"},{"floor":21,"key":"Energy Potion"}],"is_trial":false,"path_per_floor":["M","?","M","M","?","E","M","?","T","M","M","E","$","M","R","B",null,"M","M","$","M","?","R","$","M","T","?","$","M","E"],"character_chosen":"WATCHER","items_purchased":["Lizard Tail","DollysMirror","LikeWater","Weave"],"campfire_rested":1,"item_purchase_floors":[13,13,20,28],"current_hp_per_floor":[75,63,63,63,52,52,50,50,50,38,34,12,12,12,12,39,79,55,51,51,33,17,40,40,40,40,40,55,23,0,0],"gold":85,"neow_bonus":"TEN_PERCENT_HP_BONUS","is_daily":false,"chose_seed":false,"campfire_upgraded":0,"win_rate":0.0,"timestamp":1608944961,"path_taken":["M","?","M","M","?","E","M","?","T","?","M","E","$","?","R","BOSS","M","M","$","?","?","R","$","M","T","?","?","?","E"],"items_purchased_type":["Relic","Relic","Card","Card"],"build_version":"2020-12-22","purchased_purges":2,"victory":false,"max_hp_per_floor":[79,79,79,79,79,79,79,79,79,79,79,79,79,79,79,79,79,79,79,79,79,79,79,79,79,79,79,79,79,79,79],"card_choices":[{"not_picked":["BowlingBash","EmptyFist"],"picked":"PathToVictory","floor":1.0},{"not_picked":["MentalFortress","Tantrum","Crescendo"],"picked":"SKIP","floor":3.0},{"not_picked":["FlyingSleeves","DeceiveReality"],"picked":"ThirdEye","floor":4.0},{"not_picked":["Omniscience","Collect","JustLucky"],"picked":"SKIP","floor":6.0},{"not_picked":["Halt","Consecrate"],"picked":"Evaluate","floor":7.0},{"not_picked":["Vengeance","FollowUp"],"picked":"Study","floor":10.0},{"not_picked":["Protect","JustLucky","WreathOfFlame"],"picked":"SKIP","floor":11.0},{"not_picked":["DeusExMachina","CarveReality","Devotion"],"picked":"SKIP","floor":12.0},{"not_picked":["DeceiveReality","Protect","Prostrate"],"picked":"SKIP","floor":14},{"not_picked":["Ragnarok","Devotion"],"picked":"Judgement","floor":16},{"not_picked":["Pray","WheelKick","Protect"],"picked":"SKIP","floor":18},{"not_picked":["CutThroughFate","ClearTheMind","ForeignInfluence+1"],"picked":"SKIP","floor":19},{"not_picked":["EmptyFist+1","FollowUp"],"picked":"WaveOfTheHand","floor":21},{"not_picked":["Vengeance","EmptyFist+1","ThirdEye"],"picked":"SKIP","floor":25},{"not_picked":["SashWhip+1","CrushJoints+1","MentalFortress+1"],"picked":"SKIP","floor":29}],"player_experience":453089,"relics_obtained":[{"floor":6.0,"key":"Bronze Scales"},{"floor":12.0,"key":"Blue Candle"},{"floor":22,"key":"Nilry\u0027s Codex"},{"floor":26,"key":"MealTicket"}],"event_choices":[{"damage_healed":0.0,"max_hp_gain":0.0,"max_hp_loss":0.0,"gold_gain":0.0,"event_name":"Scrap Ooze","player_choice":"Success","floor":2.0,"gold_loss":0.0,"damage_taken":12.0,"relics_obtained":["StrikeDummy"]},{"damage_healed":0.0,"max_hp_gain":0.0,"max_hp_loss":0.0,"gold_gain":75.0,"event_name":"World of Goop","player_choice":"Gather Gold","floor":5.0,"gold_loss":0.0,"damage_taken":11.0},{"damage_healed":0.0,"max_hp_gain":0.0,"max_hp_loss":0.0,"gold_gain":175.0,"event_name":"Liars Game","player_choice":"AGREE","floor":8.0,"gold_loss":0.0,"damage_taken":0.0,"cards_obtained":["Doubt"]},{"damage_healed":0,"gold_gain":0,"player_choice":"Obtained Book","damage_taken":16,"max_hp_gain":0,"max_hp_loss":0,"event_name":"Cursed Tome","floor":22,"gold_loss":0},{"damage_healed":0,"gold_gain":0,"player_choice":"Ignored","damage_taken":0,"max_hp_gain":0,"max_hp_loss":0,"event_name":"Vampires","floor":27,"gold_loss":0}],"is_beta":false,"boss_relics":[{"not_picked":["Busted Crown","Runic Pyramid"],"picked":"Black Star"}],"items_purged_floors":[13,20],"is_endless":false,"potions_floor_spawned":[1,4,6,12,14,18,21],"killed_by":"Slavers","ascension_level":0}}