{"host":"f6tqpspb2ou2a4h5","time":1608948686,"event":{"mods":["2.2 Compatiblity","Ascension Unlocker","BaseMod","Colored Map","DeckTracker","Hermit","Highlight Path","KOR Keyword Fix","Keyboard Shortcuts","Minty Spire (QoL Compilation)","Permanent Neow","Quick Restart","Random Character Button","StSLib","SuperFastMode","The Poker Player","everything is the same but u backflip on backflip"],"gold_per_floor":[116,130,149,162,181,181,210,210,210,210,222,222,236,236,236,367,367,382,400,420,420,420,420,20,20,75,90,107,122,141,167,167,264,264,278,17,17,37,47,75,75,90,117,117,131,145,165,175,175,175,175],"floor_reached":50,"playtime":2934,"items_purged":["Strike_B"],"score":504,"play_id":"ebbc1c2f-bf22-462c-b615-aced14b7b6d7","local_time":"20201226111126","is_ascension_mode":false,"campfire_choices":[{"data":"Zap","floor":6.0,"key":"SMITH"},{"data":"Genetic Algorithm","floor":8.0,"key":"SMITH"},{"data":"Chill","floor":10.0,"key":"SMITH"},{"floor":12.0,"key":"REST"},{"data":"Redo","floor":15.0,"key":"SMITH"},{"data":"Steam","floor":23.0,"key":"SMITH"},{"data":"Buffer","floor":25.0,"key":"SMITH"},{"data":"Creative AI","floor":32.0,"key":"SMITH"}],"circlet_count":0,"master_deck":["Zap+1","Dualcast+1","Chill+1","Genetic Algorithm+1","Streamline+1","Hologram+1","Rebound+1","Static Discharge+1","Buffer+1","Redo+1","Creative AI+1","Gash+1","Storm+1","Compile Driver+1","Ball Lightning+1","Steam+1","Auto Shields+1","Streamline+1","Coolheaded+1","Hologram+1","Machine Learning+1","Electrodynamics+1","Stack+1","Sweeping Beam+1","Amplify+1","Melter+1","Glacier+1","Beam Cell+1","Lockon+1","Glacier+1","Stack+1","Conserve Battery+1"],"relics":["Cracked Core","Bronze Scales","Gremlin Horn","Bloody Idol","Coffee Dripper","Pantograph","Toy Ornithopter","Mercury Hourglass","Astrolabe","Toxic Egg 2","Mark of the Bloom","Mango","Bag of Marbles"],"acts_visited":["Exordium","TheCity","TheBeyond"],"potions_floor_usage":[50,50,50],"damage_taken":[{"damage":0.0,"enemies":"Cultist","floor":1.0,"turns":3.0},{"damage":6.0,"enemies":"Jaw Worm","floor":2.0,"turns":3.0},{"damage":1.0,"enemies":"2 Louse","floor":3.0,"turns":3.0},{"damage":5.0,"enemies":"2 Fungi Beasts","floor":4.0,"turns":4.0},{"damage":15.0,"enemies":"Blue Slaver","floor":5.0,"turns":4.0},{"damage":9.0,"enemies":"Lagavulin","floor":7.0,"turns":7.0},{"damage":8.0,"enemies":"Looter","floor":11.0,"turns":2.0},{"damage":0.0,"enemies":"3 Louse","floor":13.0,"turns":3.0},{"damage":12.0,"enemies":"Hexaghost","floor":16.0,"turns":9.0},{"damage":0.0,"enemies":"Spheric Guardian","floor":18.0,"turns":4.0},{"damage":24.0,"enemies":"2 Thieves","floor":19.0,"turns":4.0},{"damage":11.0,"enemies":"Snake Plant","floor":20.0,"turns":3.0},{"damage":0.0,"enemies":"Centurion and Healer","floor":27.0,"turns":7.0},{"damage":14.0,"enemies":"Cultist and Chosen","floor":28.0,"turns":5.0},{"damage":3.0,"enemies":"Shelled Parasite and Fungi","floor":29.0,"turns":5.0},{"damage":0.0,"enemies":"Centurion and Healer","floor":30.0,"turns":6.0},{"damage":14.0,"enemies":"Gremlin Leader","floor":31.0,"turns":6.0},{"damage":46.0,"enemies":"Champ","floor":33.0,"turns":10.0},{"damage":0.0,"enemies":"Orb Walker","floor":35.0,"turns":4.0},{"damage":0.0,"enemies":"3 Darklings","floor":38.0,"turns":4.0},{"damage":18.0,"enemies":"Writhing Mass","floor":39.0,"turns":4.0},{"damage":13.0,"enemies":"Giant Head","floor":40.0,"turns":10.0},{"damage":11.0,"enemies":"Spire Growth","floor":42.0,"turns":4.0},{"damage":0.0,"enemies":"Transient","floor":45.0,"turns":5.0},{"damage":23.0,"enemies":"Writhing Mass","floor":46.0,"turns":4.0},{"damage":0.0,"enemies":"4 Shapes","floor":47.0,"turns":3.0},{"damage":0.0,"enemies":"Jaw Worm Horde","floor":48.0,"turns":4.0},{"damage":5,"enemies":"Awakened One","floor":50,"turns":8}],"seed_played":"4259979850903657967","potions_obtained":[{"floor":1.0,"key":"EssenceOfDarkness"},{"floor":5.0,"key":"EssenceOfSteel"},{"floor":11.0,"key":"Dexterity Potion"},{"floor":20.0,"key":"GamblersBrew"},{"floor":31.0,"key":"FearPotion"},{"floor":38.0,"key":"BlessingOfTheForge"},{"floor":42.0,"key":"Dexterity Potion"},{"floor":47.0,"key":"FocusPotion"}],"is_trial":false,"path_per_floor":["M","M","M","M","M","R","E","R","T","R","M","R","M","?","R","B",null,"M","M","M","?","?","R","$","R","T","M","M","M","M","E","R","B",null,"M","$","?","M","M","E","R","M","T","R","M","M","M","M","R","B"],"character_chosen":"DEFECT","items_purchased":["Pantograph","Auto Shields","Toxic Egg 2"],"campfire_rested":1,"item_purchase_floors":[24,24,36],"current_hp_per_floor":[54,48,47,42,27,27,18,18,18,18,10,32,32,32,32,20,69,69,45,34,34,34,34,34,34,39,44,35,37,42,38,38,22,69,69,69,69,69,51,38,38,27,27,27,27,4,4,4,4,0,0],"gold":175,"neow_bonus":"REMOVE_TWO","is_daily":false,"chose_seed":false,"campfire_upgraded":7,"win_rate":0.0,"timestamp":1608948686,"path_taken":["M","?","M","M","M","R","E","R","T","R","M","R","M","?","R","BOSS","M","M","M","?","?","R","$","R","T","M","M","M","M","E","R","BOSS","M","$","?","M","M","E","R","M","T","R","M","M","M","M","R","BOSS"],"items_purchased_type":["Relic","Card","Relic"],"build_version":"2020-12-22","purchased_purges":1,"victory":false,"max_hp_per_floor":[75,75,75,75,75,75,75,75,75,75,75,75,75,69,69,69,69,69,69,69,69,69,69,69,69,69,69,69,69,69,69,69,69,69,69,69,69,69,69,83,83,83,83,83,83,83,83,83,83,83,83],"card_choices":[{"not_picked":["Heatsinks","Sweeping Beam"],"picked":"Chill","floor":1.0},{"not_picked":["Hologram","Cold Snap"],"picked":"Genetic Algorithm","floor":2.0},{"not_picked":["Steam","Compile Driver"],"picked":"Streamline","floor":3.0},{"not_picked":["Coolheaded","Steam"],"picked":"Hologram","floor":4.0},{"not_picked":["Steam","Turbo"],"picked":"Rebound","floor":5.0},{"not_picked":["Heatsinks","Steam Power"],"picked":"Static Discharge","floor":7.0},{"not_picked":["Hologram","Fusion"],"picked":"Buffer","floor":11.0},{"not_picked":["Genetic Algorithm","Turbo"],"picked":"Redo","floor":13.0},{"not_picked":["Thunder Strike","Meteor Strike"],"picked":"Creative AI","floor":16.0},{"not_picked":["Beam Cell","Chaos"],"picked":"Gash","floor":18.0},{"not_picked":["Stack","Hello World"],"picked":"Storm+1","floor":19.0},{"not_picked":["Undo","Double Energy"],"picked":"Compile Driver","floor":20.0},{"not_picked":["Rebound","Static Discharge"],"picked":"Streamline","floor":27.0},{"not_picked":["Cold Snap","Steam Power"],"picked":"Coolheaded","floor":28.0},{"not_picked":["Hologram","Barrage","Cold Snap+1"],"picked":"SKIP","floor":29.0},{"not_picked":["Beam Cell","Hello World"],"picked":"Hologram+1","floor":30.0},{"not_picked":["Ball Lightning","Compile Driver"],"picked":"Machine Learning","floor":31.0},{"not_picked":["Meteor Strike","Reboot"],"picked":"Electrodynamics","floor":33.0},{"not_picked":["Streamline","Tempest"],"picked":"Melter","floor":35.0},{"not_picked":["Beam Cell","Redo+1"],"picked":"Glacier+1","floor":38.0},{"not_picked":["Scrape+1","Genetic Algorithm+1","Redo+1"],"picked":"SKIP","floor":39.0},{"not_picked":["Machine Learning","Gash+1"],"picked":"Beam Cell+1","floor":40.0},{"not_picked":["Hologram+1","Gash"],"picked":"Lockon+1","floor":42.0},{"not_picked":["Auto Shields+1","Ball Lightning"],"picked":"Glacier+1","floor":45.0},{"not_picked":["Beam Cell+1","Ball Lightning+1"],"picked":"Stack+1","floor":46.0},{"not_picked":["Creative AI","Static Discharge+1"],"picked":"Conserve Battery+1","floor":47.0},{"not_picked":["Rebound+1","Chill+1","Glacier+1"],"picked":"SKIP","floor":48.0}],"player_experience":59994,"relics_obtained":[{"floor":7.0,"key":"Bronze Scales"},{"floor":9.0,"key":"Gremlin Horn"},{"floor":26.0,"key":"Toy Ornithopter"},{"floor":31.0,"key":"Mercury Hourglass"},{"floor":40.0,"key":"Mango"},{"floor":43.0,"key":"Bag of Marbles"}],"event_choices":[{"damage_healed":0.0,"max_hp_gain":0.0,"max_hp_loss":6.0,"gold_gain":0.0,"event_name":"Golden Idol","player_choice":"Lose Max HP","floor":14.0,"gold_loss":0.0,"damage_taken":0.0,"relics_obtained":["Golden Idol"]},{"damage_healed":0.0,"max_hp_gain":0.0,"max_hp_loss":0.0,"gold_gain":0.0,"event_name":"Forgotten Altar","player_choice":"Gave Idol","floor":21.0,"relics_lost":["Golden Idol"],"gold_loss":0.0,"damage_taken":0.0,"relics_obtained":["Bloody Idol"]},{"damage_healed":0.0,"max_hp_gain":0.0,"max_hp_loss":0.0,"gold_gain":0.0,"cards_transformed":["Defend_B","Strike_B"],"event_name":"Drug Dealer","player_choice":"Became Test Subject","floor":22.0,"gold_loss":0.0,"damage_taken":0.0,"cards_obtained":["Ball Lightning","Steam"]},{"damage_healed":0.0,"max_hp_gain":0.0,"max_hp_loss":0.0,"gold_gain":0.0,"event_name":"MindBloom","player_choice":"Upgrade","floor":37.0,"gold_loss":0.0,"damage_taken":0.0,"cards_upgraded":["Dualcast","Streamline","Hologram","Rebound","Static Discharge","Gash","Compile Driver","Ball Lightning","Auto Shields","Streamline","Coolheaded","Machine Learning","Electrodynamics","Melter"],"relics_obtained":["Mark of the Bloom"]}],"is_beta":false,"boss_relics":[{"not_picked":["Calling Bell","Nuclear Battery"],"picked":"Coffee Dripper"},{"not_picked":["Runic Pyramid","Velvet Choker"],"picked":"Astrolabe"}],"items_purged_floors":[24],"is_endless":false,"potions_floor_spawned":[1,5,11,13,20,28,29,30,31,38,42,47],"killed_by":"Awakened One","ascension_level":0}}