{"host":"vjkx177ju3wjmzef","time":1608966308,"event":{"mods":["BaseMod","Block Reminder","Colored Map","Colored Powertips","DeckTracker","Googly Eyes","Highlight Path","Minty Spire (QoL Compilation)","Quick Restart","Random Character Button","Relic Stats","Replay The Spire","StSLib"],"gold_per_floor":[115,40,59,77,28,28,40,57,57,91,91,106,106,120,120,244,244,268,268,292,86,110,110,125,125,194,213,233,233,233,264,264,284,284,412,412,436,461,461,461],"floor_reached":39,"playtime":2714,"items_purged":["Strike_R","Sickly"],"score":399,"play_id":"3d5ea4bd-4655-45fe-98ca-7e930126b38b","local_time":"20201226010508","is_ascension_mode":false,"campfire_choices":[{"data":"Magnetism","floor":6,"key":"SMITH"},{"data":"Armaments","floor":11,"key":"SMITH"},{"data":"Metallicize","floor":23,"key":"SMITH"},{"floor":32,"key":"REST"},{"floor":34,"key":"REST"}],"circlet_count":0,"master_deck":["Strike_R","Strike_R","Strike_R","Strike_R","Defend_R","Defend_R","Defend_R","Defend_R","Bash","Magnetism+1","Anger","Armaments+1","Replay:Undeath\u0027s Touch","Iron Wave+1","Barricade","Writhe","Anger","Ghostly Armor+1","Anger","Metallicize+1","Discovery","ReplayTheSpireMod:Muscle Training","Cleave+1","Thunderclap+1","Flex"],"relics":["Burning Blood","ReplayTheSpireMod:Ninjato","Golden Idol","Replay:Ancient Bell","Dream Catcher","Chameleon Ring","Thread and Needle","BargainBundle","Self Forming Clay","Sundial","Bottled Tornado","Ring of Chaos"],"acts_visited":["Exordium","TheCity","TheBeyond"],"potions_floor_usage":[7,8,16,16,16,16,20,24,27,31,35,35],"damage_taken":[{"damage":11,"enemies":"Jaw Worm","floor":1,"turns":6},{"damage":5,"enemies":"2 Louse","floor":3,"turns":3},{"damage":0,"enemies":"Cultist","floor":4,"turns":4},{"damage":22,"enemies":"Exordium Thugs","floor":7,"turns":7},{"damage":0,"enemies":"Looter","floor":8,"turns":2},{"damage":11,"enemies":"Blue Slaver","floor":10,"turns":4},{"damage":8,"enemies":"2 Fungi Beasts","floor":12,"turns":4},{"damage":0,"enemies":"Exordium Wildlife","floor":14,"turns":3},{"damage":58,"enemies":"The Guardian","floor":16,"turns":12},{"damage":20,"enemies":"3 Byrds","floor":18,"turns":9},{"damage":0,"enemies":"2 Thieves","floor":20,"turns":5},{"damage":14,"enemies":"Snake Plant","floor":22,"turns":5},{"damage":21,"enemies":"3 Cultists","floor":24,"turns":6},{"damage":18,"enemies":"Centurion and Healer","floor":27,"turns":7},{"damage":1,"enemies":"Snecko","floor":28,"turns":6},{"damage":32,"enemies":"Gremlin Leader","floor":31,"turns":6},{"damage":15,"enemies":"Cultist and Chosen","floor":33,"turns":7},{"damage":10,"enemies":"Champ","floor":35,"turns":8},{"damage":31,"enemies":"3 Darklings","floor":37,"turns":7},{"damage":17,"enemies":"Orb Walker","floor":38,"turns":5},{"damage":41,"enemies":"Sphere and 2 Shapes","floor":39,"turns":5}],"seed_played":"1961387868818247735","potions_obtained":[{"floor":1,"key":"Block Potion"},{"floor":3,"key":"Milkshake"},{"floor":12,"key":"BloodPotion"},{"floor":16,"key":"Elixir"},{"floor":18,"key":"LifebloodPotion"},{"floor":22,"key":"Venom Potion"},{"floor":24,"key":"Energy Potion"},{"floor":28,"key":"Weak Potion"}],"is_trial":false,"path_per_floor":["M","$","M","M","$","R","M","M","T","M","R","M","?","M","R_BF","B",null,"M","?","M","$","M","R","M","?","T","M","M","PTL","PTL","E","R","M","R_BF","B",null,"M","M","M"],"character_chosen":"IRONCLAD","items_purchased":["AttackPotion","BargainBundle","Anger","Metallicize","Discovery","CultistPotion","Dexterity Potion"],"campfire_rested":2,"item_purchase_floors":[5,21,21,21,21,21,21],"current_hp_per_floor":[51,51,52,58,58,58,42,48,48,43,43,41,41,47,69,31,74,60,60,66,66,58,58,43,43,43,31,36,36,36,10,32,23,45,41,74,49,38,0,0],"gold":461,"neow_bonus":"RANDOM_COLORLESS_2","is_daily":false,"chose_seed":false,"campfire_upgraded":3,"win_rate":0.0,"timestamp":1608966308,"path_taken":["M","$","M","M","$","R","M","M","T","M","R","M","?","M","R_BF","BOSS","M","?","M","$","M","R","M","?","T","M","M","PTL","PTL","E","R","M","R_BF","BOSS","M","M","M"],"items_purchased_type":["Potion","Relic","Card","Card","Card","Potion","Potion"],"build_version":"2020-12-22","purchased_purges":2,"victory":false,"max_hp_per_floor":[80,80,80,80,80,80,80,80,80,80,80,80,74,74,74,74,74,74,74,74,74,74,74,74,74,74,74,74,74,74,74,74,74,74,74,74,74,74,74,74],"relic_stats":{"Dream Catcher":2,"counters":[21,121],"Golden Idol":100,"Self Forming Clay":[87],"Sundial":[6],"obtain_stats":[{"Dream Catcher":17,"BargainBundle":21,"ReplayTheSpireMod:Ninjato":9,"Chameleon Ring":17,"Golden Idol":13,"Self Forming Clay":25,"Sundial":26,"Thread and Needle":17,"Ring of Chaos":36,"Replay:Ancient Bell":17,"Bottled Tornado":31,"Burning Blood":0},{"Dream Catcher":9,"BargainBundle":11,"ReplayTheSpireMod:Ninjato":5,"Chameleon Ring":9,"Golden Idol":7,"Self Forming Clay":13,"Sundial":13,"Thread and Needle":9,"Ring of Chaos":18,"Replay:Ancient Bell":9,"Bottled Tornado":16,"Burning Blood":0},{"Dream Catcher":45,"BargainBundle":59,"ReplayTheSpireMod:Ninjato":22,"Chameleon Ring":45,"Golden Idol":30,"Self Forming Clay":70,"Sundial":70,"Thread and Needle":45,"Ring of Chaos":104,"Replay:Ancient Bell":45,"Bottled Tornado":89,"Burning Blood":0}],"Burning Blood":120},"card_choices":[{"not_picked":["Thinking Ahead","ReplayTheSpireMod:Necrogeddon"],"picked":"Magnetism","floor":0},{"not_picked":["Wild Strike","Infernal Blade"],"picked":"Anger","floor":1},{"not_picked":["Shrug It Off","Iron Wave"],"picked":"Armaments","floor":3},{"not_picked":["Hemokinesis","Havoc","ReplayTheSpireMod:Limb From Limb"],"picked":"SKIP","floor":4},{"not_picked":["Pommel Strike","ReplayTheSpireMod:Strike From Hell"],"picked":"Replay:Undeath\u0027s Touch","floor":7},{"not_picked":["Second Wind","Battle Trance","Ghostly Armor"],"picked":"SKIP","floor":8},{"not_picked":["Reaper","Run Through"],"picked":"Iron Wave","floor":10},{"not_picked":["Blood for Blood","Wild Strike","ReplayTheSpireMod:Muscle Training"],"picked":"SKIP","floor":12},{"not_picked":["Heavy Blade","Clothesline","Warcry"],"picked":"SKIP","floor":14},{"not_picked":["Reaper","Berserk"],"picked":"Barricade","floor":16},{"not_picked":["Looming Evil","ReplayTheSpireMod:Restless Dread"],"picked":"Writhe","floor":17},{"not_picked":["Normality","ReplayTheSpireMod:Restless Dread"],"picked":"Amnesia","floor":17},{"not_picked":["Regret","Shame"],"picked":"Sickly","floor":17},{"not_picked":["Clothesline","ReplayTheSpireMod:Limb From Limb"],"picked":"Anger","floor":18},{"not_picked":["Juggernaut","Intimidate"],"picked":"Ghostly Armor+1","floor":20},{"not_picked":["Warcry","Entrench"],"picked":"ReplayTheSpireMod:Muscle Training","floor":22},{"not_picked":["Havoc","Run Through"],"picked":"Cleave+1","floor":24},{"not_picked":["ReplayTheSpireMod:Corrosion Curse","Replay:Undeath\u0027s Touch+1"],"picked":"Thunderclap+1","floor":27},{"not_picked":["Headbutt","True Grit","Clash"],"picked":"SKIP","floor":28},{"not_picked":["Replay:Many Hands","Searing Blow","Headbutt"],"picked":"SKIP","floor":31},{"not_picked":["Replay:Undeath\u0027s Touch+1","Power Through+1"],"picked":"Flex","floor":32},{"not_picked":["Havoc","ReplayTheSpireMod:LeadingStrike","Cleave"],"picked":"SKIP","floor":33},{"not_picked":["Twin Strike","Armaments","Clothesline+1"],"picked":"SKIP","floor":37},{"not_picked":["Dark Embrace","Clothesline","Clash"],"picked":"SKIP","floor":38}],"player_experience":145382,"relics_obtained":[{"floor":9,"key":"ReplayTheSpireMod:Ninjato"},{"floor":26,"key":"Sundial"},{"floor":31,"key":"Bottled Tornado"}],"event_choices":[{"damage_healed":0,"gold_gain":0,"player_choice":"Lose Max HP","damage_taken":0,"relics_obtained":["Golden Idol"],"max_hp_gain":0,"max_hp_loss":6,"event_name":"Golden Idol","floor":13,"gold_loss":0},{"cards_removed":["Amnesia"],"damage_healed":0,"gold_gain":0,"player_choice":"Elegance","damage_taken":0,"max_hp_gain":0,"max_hp_loss":0,"event_name":"Back to Basics","floor":19,"gold_loss":0}],"is_beta":false,"boss_relics":[{"not_picked":["Runic Dome","Coffee Dripper"],"picked":"Replay:Ancient Bell"},{"not_picked":["Grinning Jar","ReplayTheSpireMod:Lightbulb"],"picked":"Dream Catcher"},{"not_picked":["Replay:Bottled Steam","Garlic"],"picked":"Chameleon Ring"},{"not_picked":["Champion Belt","Bird Faced Urn"],"picked":"Thread and Needle"},{"not_picked":["Honey Jar","ChewingGum"],"picked":"Ring of Chaos"}],"items_purged_floors":[2,21],"is_endless":false,"potions_floor_spawned":[1,3,12,14,16,18,22,24,28],"killed_by":"Sphere and 2 Shapes","ascension_level":0}}