{"host":"y76clbnovzmw9ubx","time":1608996621,"event":{"mods":["AchievementEnabler","BaseMod","Minty Spire (QoL Compilation)","Permanent Neow","Relic Stats"],"gold_per_floor":[114,132,148,98,114,147,147,147,147],"floor_reached":8,"playtime":398,"items_purged":[],"score":90,"play_id":"8bd46494-7bf3-4855-a476-bfdc65428528","local_time":"20201226103021","is_ascension_mode":true,"campfire_choices":[{"floor":7,"key":"REST"}],"circlet_count":0,"master_deck":["AscendersBane","Strike_P","Strike_P","Strike_P","Defend_P","Defend_P","Defend_P","Defend_P","Eruption","Vigilance","Protect","Consecrate","EmptyFist"],"relics":["PureWater","Shovel","Question Card"],"acts_visited":["Exordium"],"potions_floor_usage":[],"damage_taken":[{"damage":6,"enemies":"2 Louse","floor":1,"turns":3},{"damage":2,"enemies":"Jaw Worm","floor":2,"turns":5},{"damage":0,"enemies":"Cultist","floor":3,"turns":3},{"damage":1,"enemies":"3 Louse","floor":5,"turns":2},{"damage":51,"enemies":"Gremlin Nob","floor":6,"turns":6},{"damage":30,"enemies":"3 Sentries","floor":8,"turns":6}],"seed_played":"-6795971903209248976","potions_obtained":[],"is_trial":false,"path_per_floor":["M","M","M","?","M","E","R","E"],"character_chosen":"WATCHER","items_purchased":[],"campfire_rested":1,"item_purchase_floors":[],"current_hp_per_floor":[59,57,57,57,56,5,24,0,0],"gold":147,"neow_bonus":"ONE_RARE_RELIC","is_daily":false,"chose_seed":false,"campfire_upgraded":0,"win_rate":0.0,"timestamp":1608996621,"path_taken":["M","M","M","?","M","E","R","E"],"items_purchased_type":[],"build_version":"2020-12-22","purchased_purges":0,"victory":false,"max_hp_per_floor":[65,65,65,65,65,65,65,65,65],"relic_stats":{"Shovel":0,"counters":[6,25],"Question Card":0,"obtain_stats":[{"Shovel":0,"PureWater":0,"Question Card":6},{"Shovel":0,"PureWater":0,"Question Card":5},{"Shovel":0,"PureWater":0,"Question Card":19}]},"card_choices":[{"not_picked":["JustLucky","EmptyBody"],"picked":"Protect","floor":1},{"not_picked":["EmptyMind","FollowUp"],"picked":"Consecrate","floor":2},{"not_picked":["Fasting2","Weave","Evaluate"],"picked":"SKIP","floor":3},{"not_picked":["Indignation","CutThroughFate"],"picked":"EmptyFist","floor":5},{"not_picked":["FollowUp","Sanctity","Prostrate"],"picked":"SKIP","floor":6}],"player_experience":3002113,"relics_obtained":[{"floor":6,"key":"Question Card"}],"event_choices":[{"cards_removed":["Strike_P"],"damage_healed":0,"gold_gain":0,"player_choice":"Card Removal","damage_taken":0,"max_hp_gain":0,"max_hp_loss":0,"event_name":"The Cleric","floor":4,"gold_loss":50}],"is_beta":false,"boss_relics":[],"items_purged_floors":[],"is_endless":false,"potions_floor_spawned":[],"killed_by":"3 Sentries","ascension_level":11}}