{"host":"7o30bgpqouqblh42","time":1608944410,"event":{"mods":["AchievementEnabler","Aspiration","BaseMod","Colored Map","Downfall","Highlight Path","Minty Spire (QoL Compilation)","StSLib","SuperFastMode"],"gold_per_floor":[119,119,119,32,106,134,134,149,176,176,192,192,226,43,43,146,146,157,157,157,21,36,62,62,94,143,143,159,171,191,191,191,295,295,307,358,374,374,389,389,399,427,427,23,23,39,89,49,49,49],"floor_reached":51,"playtime":2432,"items_purged":["A Thousand Cuts"],"score":899,"play_id":"804739f6-41e0-40fc-99ba-c7b77ed77020","local_time":"20201225200010","is_ascension_mode":true,"campfire_choices":[{"floor":7,"key":"REST"},{"floor":10,"key":"RECALL"},{"data":"Bouncing Flask","floor":12,"key":"SMITH"},{"data":"Infinite Blades","floor":15,"key":"SMITH"},{"floor":24,"key":"REST"},{"floor":27,"key":"REST"},{"floor":32,"key":"REST"},{"data":"Prepared","floor":49,"key":"SMITH"}],"circlet_count":0,"master_deck":["Strike_G+1","Strike_G+1","Strike_G","Strike_G+1","Strike_G+1","Defend_G","Defend_G","Defend_G","Defend_G","Defend_G","Survivor","Neutralize","Quick Slash","Injury","Dagger Throw+1","Bouncing Flask+1","Endless Agony+1","Bane+1","Terror","Escape Plan","Infinite Blades+1","Die Die Die+1","Bane+1","Corpse Explosion","Crippling Poison","Deflect+1","Masterful Stab+1","Slice+1","Choke+1","Prepared+1","Adrenaline+1","Cloak And Dagger+1","Finisher+1","Masterful Stab+1","Dagger Spray+1","Unload+1","Backflip","Sadistic Nature","Underhanded Strike+1","Eviscerate+1","Dash+1"],"relics":["Ring of the Snake","Molten Egg 2","aspiration:HatOfInfinitePower","Paper Crane","Vajra","Philosopher\u0027s Stone","MutagenicStrength","Enchiridion","Pantograph","Blood Vial","Oddly Smooth Stone","Torii","aspiration:PoetsPen_weak","Bird Faced Urn","Whetstone","Kunai","Snake Skull","CaptainsWheel"],"acts_visited":["Exordium","TheCity","TheBeyond"],"potions_floor_usage":[16,18,28,39,40,47,50],"damage_taken":[{"damage":3,"enemies":"Jaw Worm","floor":1,"turns":6},{"damage":10,"enemies":"Gremlin Nob","floor":6,"turns":4},{"damage":0,"enemies":"2 Louse","floor":8,"turns":2},{"damage":0,"enemies":"Small Slimes","floor":11,"turns":2},{"damage":5,"enemies":"Lagavulin","floor":13,"turns":5},{"damage":33,"enemies":"The Guardian","floor":16,"turns":7},{"damage":18,"enemies":"3 Byrds","floor":18,"turns":3},{"damage":1,"enemies":"Chosen","floor":22,"turns":3},{"damage":37,"enemies":"Slavers","floor":23,"turns":2},{"damage":25,"enemies":"Gremlin Leader","floor":25,"turns":4},{"damage":6,"enemies":"Centurion and Healer","floor":28,"turns":3},{"damage":8,"enemies":"Snake Plant","floor":29,"turns":3},{"damage":28,"enemies":"Shelled Parasite and Fungi","floor":30,"turns":3},{"damage":12,"enemies":"Collector","floor":33,"turns":8},{"damage":20,"enemies":"3 Shapes","floor":35,"turns":1},{"damage":0,"enemies":"2 Orb Walkers","floor":36,"turns":3},{"damage":0,"enemies":"3 Darklings","floor":37,"turns":2},{"damage":1,"enemies":"Spire Growth","floor":39,"turns":2},{"damage":0,"enemies":"Reptomancer","floor":40,"turns":1},{"damage":25,"enemies":"4 Shapes","floor":41,"turns":2},{"damage":2,"enemies":"Giant Head","floor":42,"turns":4},{"damage":0,"enemies":"3 Darklings","floor":46,"turns":2},{"damage":0,"enemies":"Mind Bloom Boss Battle","floor":47,"turns":2},{"damage":44,"enemies":"Time Eater","floor":50,"turns":6}],"seed_played":"-6698329808797661449","potions_obtained":[{"floor":13,"key":"FearPotion"},{"floor":16,"key":"DistilledChaos"},{"floor":23,"key":"SmokeBomb"},{"floor":25,"key":"SkillPotion"},{"floor":29,"key":"SmokeBomb"},{"floor":33,"key":"SkillPotion"},{"floor":36,"key":"FearPotion"},{"floor":41,"key":"Guardian:BlockOnCardUsePotion"},{"floor":46,"key":"sneckomod:MuddlingPotion"},{"floor":47,"key":"SneckoOil"}],"is_trial":false,"path_per_floor":["M","?","?","$","?","E","R","M","T","R","M","R","E","$","R","B",null,"M","?","?","$","M","E","R","E","T","R","M","M","M","T","R","B",null,"M","?","M","?","M","E","M","E","T","$","?","M","?","$","R","B",null],"character_chosen":"THE_SILENT","items_purchased":["Dagger Throw+1","Bouncing Flask","Vajra","Infinite Blades","Corpse Explosion","Snake Skull","Unload+1","Backflip","Dash+1"],"campfire_rested":4,"item_purchase_floors":[4,4,14,14,21,44,44,44,48],"current_hp_per_floor":[60,43,43,43,43,33,58,58,58,58,58,58,53,53,53,20,84,66,66,50,50,49,12,37,12,12,37,33,27,1,1,26,41,84,64,66,72,72,77,81,59,65,65,65,55,61,84,84,84,40],"gold":49,"neow_bonus":"TWENTY_PERCENT_HP_BONUS","is_daily":false,"chose_seed":false,"campfire_upgraded":3,"win_rate":0.0,"timestamp":1608944410,"path_taken":["M","?","?","$","?","E","R","M","T","R","M","R","E","?","R","BOSS","M","?","?","?","M","E","R","E","T","R","?","M","M","?","R","BOSS","M","?","M","?","?","E","M","E","T","$","?","M","?","?","R","BOSS"],"items_purchased_type":["Card","Card","Relic","Card","Card","Relic","Card","Card","Card"],"build_version":"2020-12-22","purchased_purges":1,"victory":true,"max_hp_per_floor":[84,84,84,84,84,84,84,84,84,84,84,84,84,84,84,84,84,84,84,84,84,84,84,84,84,84,84,84,84,84,84,84,84,84,84,84,84,84,84,84,84,84,84,84,84,84,84,84,84,84],"card_choices":[{"not_picked":["Outmaneuver","Deadly Poison"],"picked":"Quick Slash","floor":1},{"not_picked":["Slice+1","Die Die Die+1"],"picked":"Endless Agony+1","floor":6},{"not_picked":["Poisoned Stab+1","Dodge and Roll"],"picked":"Bane+1","floor":8},{"not_picked":["Backflip","Concentrate"],"picked":"Terror","floor":11},{"not_picked":["PiercingWail","Calculated Gamble"],"picked":"Escape Plan","floor":13},{"not_picked":["Tools of the Trade","Malaise"],"picked":"Die Die Die+1","floor":16},{"not_picked":["Heel Hook+1","Dodge and Roll"],"picked":"Bane+1","floor":18},{"not_picked":["Sucker Punch+1","Dodge and Roll"],"picked":"Crippling Poison","floor":22},{"not_picked":["Finisher+1","Expertise+1"],"picked":"Deflect+1","floor":23},{"not_picked":["Cloak And Dagger","Dagger Spray+1"],"picked":"Masterful Stab+1","floor":25},{"not_picked":["Accuracy","Dodge and Roll+1"],"picked":"Slice+1","floor":28},{"not_picked":["Deadly Poison","Bane+1"],"picked":"Choke+1","floor":29},{"not_picked":["Calculated Gamble","Terror"],"picked":"Prepared","floor":30},{"not_picked":["Tools of the Trade","Envenom"],"picked":"Adrenaline","floor":33},{"not_picked":["Acrobatics+1","Footwork"],"picked":"Cloak And Dagger+1","floor":35},{"not_picked":["Heel Hook+1","Backstab+1"],"picked":"Finisher+1","floor":37},{"not_picked":["Heel Hook+1","PiercingWail+1"],"picked":"A Thousand Cuts","floor":39},{"not_picked":["Outmaneuver+1","Footwork+1"],"picked":"Masterful Stab+1","floor":41},{"not_picked":["Caltrops","Bane+1"],"picked":"Dagger Spray+1","floor":42},{"not_picked":["expansioncontent:Chronoboost","HandOfGreed+1"],"picked":"Sadistic Nature","floor":45},{"not_picked":["Blur","Sucker Punch+1"],"picked":"Underhanded Strike+1","floor":46},{"not_picked":["Acrobatics+1","Reflex"],"picked":"Eviscerate+1","floor":47}],"player_experience":168767,"relics_obtained":[{"floor":6,"key":"aspiration:HatOfInfinitePower"},{"floor":13,"key":"Paper Crane"},{"floor":20,"key":"Enchiridion"},{"floor":23,"key":"Pantograph"},{"floor":25,"key":"Blood Vial"},{"floor":26,"key":"Oddly Smooth Stone"},{"floor":31,"key":"Torii"},{"floor":36,"key":"Bird Faced Urn"},{"floor":42,"key":"Whetstone"},{"floor":43,"key":"Kunai"},{"floor":47,"key":"CaptainsWheel"}],"event_choices":[{"damage_healed":0,"gold_gain":0,"player_choice":"Entered Light","damage_taken":17,"max_hp_gain":0,"max_hp_loss":0,"event_name":"Shining Light","floor":2,"gold_loss":0,"cards_upgraded":["Strike_G","Strike_G"]},{"damage_healed":0,"gold_gain":74,"player_choice":"Gained Gold","damage_taken":0,"max_hp_gain":0,"max_hp_loss":0,"event_name":"Golden Wing","floor":5,"gold_loss":0},{"damage_healed":0,"gold_gain":0,"player_choice":"Inject Mutagens","damage_taken":0,"relics_obtained":["MutagenicStrength"],"max_hp_gain":0,"max_hp_loss":0,"event_name":"Drug Dealer","floor":19,"gold_loss":0},{"damage_healed":0,"gold_gain":0,"player_choice":"Obtained Book","damage_taken":16,"max_hp_gain":0,"max_hp_loss":0,"event_name":"Cursed Tome","floor":20,"gold_loss":0},{"damage_healed":0,"gold_gain":0,"player_choice":"Fight","damage_taken":0,"max_hp_gain":0,"max_hp_loss":0,"event_name":"Mysterious Sphere","floor":36,"gold_loss":0},{"damage_healed":0,"gold_gain":0,"player_choice":"Upgraded","damage_taken":0,"max_hp_gain":0,"max_hp_loss":0,"event_name":"Upgrade Shrine","floor":38,"gold_loss":0,"cards_upgraded":["Adrenaline"]},{"damage_healed":0,"gold_gain":0,"player_choice":"Memory 3","damage_taken":10,"max_hp_gain":0,"max_hp_loss":0,"event_name":"SensoryStone","floor":45,"gold_loss":0},{"damage_healed":0,"gold_gain":0,"player_choice":"Fight","damage_taken":0,"max_hp_gain":0,"max_hp_loss":0,"event_name":"MindBloom","floor":47,"gold_loss":0}],"is_beta":false,"boss_relics":[{"not_picked":["aspiration:RitualDagger","Runic Dome"],"picked":"Philosopher\u0027s Stone"},{"not_picked":["HoveringKite","Fusion Hammer"],"picked":"aspiration:PoetsPen_weak"}],"items_purged_floors":[44],"is_endless":false,"potions_floor_spawned":[13,16,23,25,29,33,36,40,41,46,47],"ascension_level":2}}