{"host":"so437kwitdq4epbi","time":1608952278,"event":{"mods":["AchievementEnabler","BaseMod","Decade(王小明)","Friendly Minions","Gremlin Mod","KinomotoSakuraMod(木之本樱)","Koishi","KomeijiMod","Lobotomy","LobotomyExtend","Marisa（F雨　魔理沙）","Minty Spire (QoL Compilation)","Quick Restart","READ ME - Snecko Mod","Replay The Spire","StSLib","The Alterego","The Bladedancer","The Bug Knight","The Construct","The Hierophant","The Mystic","The Poker Player","The Runesmith","Yuyuko","[IsaacMod]以撒尖塔","vexMod"],"gold_per_floor":[120,120,120,120,134,161,161,13,36,46,59,59,72,105,105,201,867,867],"floor_reached":17,"playtime":1076,"items_purged":[],"score":215,"play_id":"d377c894-2ca0-4377-a9ec-3af7ccbcb613","local_time":"20201226111118","is_ascension_mode":false,"campfire_choices":[],"circlet_count":0,"master_deck":["SpecialBullet","SpecialBullet","SpecialBullet","SpecialBullet","SpecialBullet","SpecialBullet","SpecialBullet","SpecialBullet","InformationCode","ExtractionCode","SecurityCode","Horn+1","Noise+1","Soda","BeautyBeast","Wingbeat+1","Twilight","WristCuter","Harmony","Reverberation","RapturousDream+1","QueenOfHatred","Lantern","CENSORED_ego","Twilight"],"relics":["HushsDoor","D4","Replay:Towering Pillar of Hats","Counterbalance","vexMod:PlasmaPancake","Replay:PocketPolymizer","Replay:Bandana","TheBean","HoshigumaDish","War Paint","Replay:Drink Me","HandDrill"],"acts_visited":["Exordium","TheCity"],"potions_floor_usage":[],"damage_taken":[{"damage":0,"enemies":"Cultist","floor":1,"turns":1},{"damage":7,"enemies":"2 Louse","floor":5,"turns":2},{"damage":0,"enemies":"3 Sentries","floor":6,"turns":1},{"damage":4,"enemies":"Jaw Worm","floor":10,"turns":3},{"damage":10,"enemies":"Looter","floor":11,"turns":3},{"damage":48,"enemies":"2 Fungi Beasts","floor":13,"turns":6},{"damage":0,"enemies":"Gremlin Nob","floor":14,"turns":3},{"damage":8,"enemies":"Slime Boss","floor":16,"turns":10}],"seed_played":"4667204455596974345","potions_obtained":[],"is_trial":false,"path_per_floor":["M","?","?","?","M","E","R","$","T","M","M","M","M","E","R","B",null],"character_chosen":"Angela","items_purchased":["ReplayTheSpireMod:TigerMarble","vexMod:MemoryStick"],"campfire_rested":0,"item_purchase_floors":[8,8],"current_hp_per_floor":[70,70,56,56,57,65,65,65,65,70,70,70,36,55,55,70,57,57],"gold":867,"neow_bonus":"THREE_ENEMY_KILL","is_daily":false,"chose_seed":false,"campfire_upgraded":0,"win_rate":0.0,"timestamp":1608952278,"path_taken":["M","?","?","?","M","E","R","?","T","M","M","M","M","E","R","BOSS"],"items_purchased_type":["Relic","Relic"],"build_version":"2020-12-22","purchased_purges":0,"victory":false,"max_hp_per_floor":[70,70,70,70,70,70,70,70,70,70,70,70,70,70,70,70,57,57],"card_choices":[{"not_picked":["FrostShard"],"picked":"Horn","floor":1},{"not_picked":["TodaysExpression"],"picked":"Noise","floor":1},{"not_picked":["Justitia"],"picked":"Soda","floor":5},{"not_picked":["ShyLook","FairyFestival"],"picked":"BeautyBeast","floor":5},{"not_picked":["WristCuter"],"picked":"Wingbeat","floor":5},{"not_picked":["Bomb"],"picked":"Twilight","floor":6},{"not_picked":["SomewhereSpear"],"picked":"WristCuter","floor":10},{"not_picked":["WristCuter","Twilight"],"picked":"SKIP","floor":10},{"not_picked":["Logging"],"picked":"Harmony","floor":11},{"not_picked":["GrinderMk4"],"picked":"Reverberation","floor":11},{"not_picked":["Discord"],"picked":"RapturousDream","floor":13},{"not_picked":["Penitence","CrimsonScar"],"picked":"SKIP","floor":13},{"not_picked":["CrumblingArmor","CENSORED"],"picked":"QueenOfHatred","floor":14},{"not_picked":["CUTE"],"picked":"Lantern","floor":14},{"not_picked":["DaCapo"],"picked":"CENSORED_ego","floor":16},{"not_picked":["TheSmile"],"picked":"Twilight","floor":16}],"player_experience":132892,"relics_obtained":[{"floor":1,"key":"LetterFromLob"},{"floor":6,"key":"Bag of Marbles"},{"floor":9,"key":"ReplayTheSpireMod:Lightbulb"},{"floor":14,"key":"D4"}],"event_choices":[{"damage_healed":0,"gold_gain":0,"player_choice":"Entered Light","damage_taken":14,"max_hp_gain":0,"max_hp_loss":0,"event_name":"Shining Light","floor":3,"gold_loss":0,"cards_upgraded":["Horn","Noise"]}],"is_beta":false,"boss_relics":[{"not_picked":["Empty Cage","Ring of Chaos"],"picked":"vexMod:RockOfEvil"},{"not_picked":[]}],"items_purged_floors":[],"is_endless":false,"potions_floor_spawned":[],"ascension_level":0}}