{"host":"u0f5uy314yz7olfc","time":1608989997,"event":{"mods":["AchievementEnabler","Aspiration","BaseMod","Better Altar","Better Match","Better Note","Better Sensory Stone","Better Skull","Better Third Choice","BetterRewards","Block Reminder","Colored Map","Colored Powertips","DeckTracker","Dota2Spire","Emptier Cage","Gold Saver","Highlight Path","Hubris","Infinite Spire","Marked Mod","Mimic Mod","Minty Spire (QoL Compilation)","Permanent Neow","Quick Restart","Rare Cards Sparkle","Relic Sorter","Shop Mod","StSLib","The Bladedancer","The Blue Laboratory","Watcher Patcher"],"gold_per_floor":[578,588,588,588,26,26,26,26,81,81,106,116,37,52,52,156,156,176,3,17,29,29,29,44,44,44,44,56,56,56],"floor_reached":29,"playtime":1332,"items_purged":[],"score":323,"play_id":"de64d174-ec1e-4601-a2c0-efee1fec5c19","local_time":"20201226203957","is_ascension_mode":false,"campfire_choices":[{"floor":6.0,"key":"RECALL"},{"data":"Discovery","floor":8.0,"key":"SMITH"},{"data":"Zap","floor":10.0,"key":"SMITH"},{"floor":15.0,"key":"REST"},{"floor":23.0,"key":"REST"}],"circlet_count":0,"master_deck":["Strike_B","Strike_B","Strike_B","Strike_B","Defend_B","Defend_B","Defend_B","Defend_B","Zap+1","Dualcast","Static Discharge","Discovery+1","Redo","Steam","Static Discharge","FTL","CrushJoints","Apotheosis+1","hubris:Prefetch","Loop","Self Repair","Gash","Reinforced Body","Seek","Beam Cell+1","Double Energy","Sunder","Go for the Eyes","Redo","Static Discharge","Cold Snap+1","Apotheosis+1","CrushJoints+1"],"relics":["Cracked Core","Strange Spoon","MerchantsRug","hubris:BallOfYels","Juzu Bracelet","Dota2Spire:Vanguard","hubris:MysteriousPyramids"],"acts_visited":["Exordium","TheCity"],"potions_floor_usage":[29],"damage_taken":[{"damage":3.0,"enemies":"Small Slimes","floor":1.0,"turns":4.0},{"damage":11.0,"enemies":"2 Louse","floor":2.0,"turns":3.0},{"damage":22.0,"enemies":"3 Sentries","floor":11.0,"turns":4.0},{"damage":6.0,"enemies":"Jaw Worm","floor":12.0,"turns":3.0},{"damage":0.0,"enemies":"2 Fungi Beasts","floor":14.0,"turns":2.0},{"damage":36.0,"enemies":"Hexaghost","floor":16.0,"turns":5.0},{"damage":5.0,"enemies":"3 Byrds","floor":18.0,"turns":1.0},{"damage":11.0,"enemies":"2 Thieves","floor":20.0,"turns":4.0},{"damage":48.0,"enemies":"3 Cultists","floor":21.0,"turns":5.0},{"damage":9.0,"enemies":"Cultist and Chosen","floor":24.0,"turns":5.0},{"damage":15.0,"enemies":"Chosen and Byrds","floor":28.0,"turns":5.0},{"damage":29,"enemies":"Gremlin Leader","floor":29,"turns":4}],"seed_played":"7510480039214902015","potions_obtained":[{"floor":12.0,"key":"BlessingOfTheForge"},{"floor":14.0,"key":"blueLaboratory:BiasPotion"},{"floor":20.0,"key":"blueLaboratory:AbyssPotion"},{"floor":24.0,"key":"ColorlessPotion"},{"floor":28.0,"key":"SpeedPotion"}],"is_trial":false,"path_per_floor":["M","M","?","?","$","R","?","R","T","R","E","M","$","M","R","B",null,"M","$","M","M","?","R","M","?","T","?","M","E"],"character_chosen":"DEFECT","items_purchased":["Strange Spoon","Static Discharge","MerchantsRug","hubris:BallOfYels","DollysMirror","FTL","CrushJoints","Self Repair","Gash","Dota2Spire:Vanguard","Double Energy","Sunder"],"campfire_rested":2,"item_purchase_floors":[0,0,5,5,5,5,5,13,13,19,19,19],"current_hp_per_floor":[64,53,75,75,75,75,75,75,75,75,53,47,47,47,69,43,75,70,70,59,21,21,43,34,34,34,34,29,0,0],"gold":56,"neow_bonus":"","is_daily":false,"chose_seed":false,"campfire_upgraded":2,"win_rate":0.0,"timestamp":1608989997,"path_taken":["M","M","?","?","$","R","?","R","T","R","E","M","$","M","R","BOSS","M","$","M","M","?","R","M","?","T","?","M","E"],"items_purchased_type":["Relic","Card","Relic","Relic","Relic","Card","Card","Card","Card","Relic","Card","Card"],"build_version":"2020-12-22","purchased_purges":0,"victory":false,"max_hp_per_floor":[75,75,75,75,75,75,75,75,75,75,75,75,75,75,75,75,75,75,75,75,75,75,75,75,75,75,75,75,75,75],"card_choices":[{"not_picked":["Melter","Reprogram"],"picked":"Redo","floor":1.0},{"not_picked":["Redo","CrushJoints"],"picked":"Steam","floor":2.0},{"not_picked":["Lockon","CrushJoints"],"picked":"hubris:Prefetch","floor":11.0},{"not_picked":["Static Discharge","Cold Snap"],"picked":"Loop","floor":12.0},{"not_picked":["Barrage","Hologram"],"picked":"Reinforced Body","floor":14.0},{"not_picked":["Multi-Cast","Buffer"],"picked":"Seek","floor":16.0},{"not_picked":["Leap","Ball Lightning"],"picked":"Beam Cell+1","floor":18.0},{"not_picked":["Compile Driver+1","Undo"],"picked":"Go for the Eyes","floor":20.0},{"not_picked":["Crescendo","hubris:PowerSurge+1"],"picked":"Redo","floor":21.0},{"not_picked":["Redo+1","Static Discharge"],"picked":"Cold Snap+1","floor":24.0},{"not_picked":["WaveOfTheHand+1","Compile Driver+1"],"picked":"CrushJoints+1","floor":28.0}],"player_experience":324259,"relics_obtained":[{"floor":11.0,"key":"Juzu Bracelet"},{"floor":26.0,"key":"hubris:MysteriousPyramids"}],"event_choices":[{"damage_healed":25.0,"max_hp_gain":0.0,"max_hp_loss":0.0,"gold_gain":0.0,"event_name":"Big Fish","player_choice":"Banana","floor":3.0,"gold_loss":0.0,"damage_taken":0.0},{"damage_healed":75.0,"max_hp_gain":0.0,"max_hp_loss":75.0,"gold_gain":0.0,"event_name":"betterThird:BetterShining","player_choice":"Embrace","floor":7.0,"gold_loss":0.0,"damage_taken":0.0},{"damage_healed":0.0,"max_hp_gain":0.0,"max_hp_loss":0.0,"gold_gain":0.0,"event_name":"Duplicator","player_choice":"Copied","floor":22.0,"gold_loss":0.0,"damage_taken":0.0,"cards_obtained":["Static Discharge"]},{"cards_removed":["Apotheosis"],"damage_healed":0.0,"max_hp_gain":0.0,"max_hp_loss":0.0,"gold_gain":0.0,"event_name":"betterNote:BetterNote","player_choice":"Take \u0026 Give","floor":25.0,"gold_loss":0.0,"damage_taken":0.0,"cards_obtained":["Apotheosis"]},{"damage_healed":0.0,"max_hp_gain":0.0,"max_hp_loss":0.0,"gold_gain":0.0,"event_name":"Ghosts","player_choice":"Ignored","floor":27.0,"gold_loss":0.0,"damage_taken":0.0}],"is_beta":false,"boss_relics":[{"not_picked":["hubris:TerracottaHorce","hubris:VirtuousBlindfold"],"picked":"Velvet Choker"}],"items_purged_floors":[],"is_endless":false,"potions_floor_spawned":[12,14,20,24,28],"killed_by":"Gremlin Leader","ascension_level":0}}