{"host":"1c52r9kaxdyo25eq","time":1608986995,"event":{"mods":["AchievementEnabler","BaseMod","Minty Spire (QoL Compilation)","Rare Cards Sparkle","SuperFastMode","everything is the same but u backflip on backflip"],"gold_per_floor":[110,110,110,126,51,81,81,100,100,100,113,132,150,75,75,149,149,167,167,178,78,78,78],"floor_reached":22,"playtime":504,"items_purged":["Strike_G","Strike_G"],"score":422,"play_id":"285007a3-85c9-4a4a-918d-fc77cd264f5a","local_time":"20201226214955","is_ascension_mode":true,"campfire_choices":[{"data":"Setup","floor":7.0,"key":"SMITH"},{"data":"Bouncing Flask","floor":10.0,"key":"SMITH"},{"floor":15.0,"key":"REST"}],"circlet_count":0,"master_deck":["AscendersBane","Strike_G","Strike_G","Defend_G","Defend_G","Defend_G","Defend_G","Defend_G","Survivor","Neutralize","Acrobatics","Bouncing Flask+1","Setup+1","Corpse Explosion","Tactician","Prepared","Grand Finale","Tactician","Eviscerate"],"relics":["Ring of the Snake","NeowsBlessing","Calipers","Vajra","Thread and Needle","Runic Pyramid"],"acts_visited":["Exordium","TheCity"],"potions_floor_usage":[22],"damage_taken":[{"damage":0.0,"enemies":"2 Louse","floor":1.0,"turns":1.0},{"damage":0.0,"enemies":"Small Slimes","floor":4.0,"turns":1.0},{"damage":0.0,"enemies":"Gremlin Nob","floor":6.0,"turns":1.0},{"damage":0.0,"enemies":"Cultist","floor":8.0,"turns":3.0},{"damage":5.0,"enemies":"Exordium Thugs","floor":11.0,"turns":3.0},{"damage":0.0,"enemies":"2 Fungi Beasts","floor":12.0,"turns":2.0},{"damage":0.0,"enemies":"Lots of Slimes","floor":13.0,"turns":1.0},{"damage":37.0,"enemies":"The Guardian","floor":16.0,"turns":10.0},{"damage":28.0,"enemies":"3 Byrds","floor":18.0,"turns":3.0},{"damage":2.0,"enemies":"Chosen","floor":20.0,"turns":6.0},{"damage":14,"enemies":"Sentry and Sphere","floor":22,"turns":6}],"seed_played":"5610864144540228756","potions_obtained":[{"floor":1.0,"key":"SteroidPotion"},{"floor":3.0,"key":"Swift Potion"},{"floor":8.0,"key":"CunningPotion"},{"floor":16.0,"key":"SpeedPotion"}],"is_trial":false,"path_per_floor":["M","?","?","M","$","E","R","M","T","R","M","M","M","?","R","B",null,"M","?","M","$","M"],"character_chosen":"THE_SILENT","items_purchased":[],"campfire_rested":1,"item_purchase_floors":[],"current_hp_per_floor":[59,24,24,24,24,24,24,24,24,24,19,19,19,19,38,1,50,22,22,20,20,6,6],"gold":78,"neow_bonus":"THREE_ENEMY_KILL","is_daily":false,"chose_seed":false,"campfire_upgraded":2,"win_rate":0.0,"timestamp":1608986995,"path_taken":["M","?","?","?","?","E","R","M","T","R","M","M","M","?","R","BOSS","M","?","M","$","M"],"items_purchased_type":[],"build_version":"2020-12-22","purchased_purges":2,"victory":false,"max_hp_per_floor":[66,66,66,66,66,66,66,66,66,66,66,66,66,66,66,66,66,66,66,66,66,66,66],"card_choices":[{"not_picked":["Dagger Throw","PiercingWail"],"picked":"Acrobatics","floor":1.0},{"not_picked":["Acrobatics","PiercingWail"],"picked":"Bouncing Flask","floor":4.0},{"not_picked":["Flying Knee","Outmaneuver"],"picked":"Setup","floor":6.0},{"not_picked":["Acrobatics","Dagger Throw"],"picked":"Corpse Explosion","floor":8.0},{"not_picked":["Backflip","Footwork"],"picked":"Tactician","floor":11.0},{"not_picked":["Setup","Quick Slash"],"picked":"Prepared","floor":12.0},{"not_picked":["Quick Slash","Sucker Punch","Underhanded Strike"],"picked":"SKIP","floor":13.0},{"not_picked":["Night Terror","Adrenaline"],"picked":"Grand Finale","floor":16.0},{"not_picked":["Blade Dance","PiercingWail","Well Laid Plans"],"picked":"SKIP","floor":18.0},{"not_picked":["Skewer","Accuracy"],"picked":"Eviscerate","floor":20.0}],"player_experience":519205,"relics_obtained":[{"floor":6.0,"key":"Vajra"},{"floor":9.0,"key":"Thread and Needle"}],"event_choices":[{"damage_healed":0.0,"max_hp_gain":0.0,"max_hp_loss":0.0,"gold_gain":0.0,"event_name":"Scrap Ooze","player_choice":"Success","floor":2.0,"gold_loss":0.0,"damage_taken":35.0,"relics_obtained":["Calipers"]},{"damage_healed":0.0,"max_hp_gain":0.0,"max_hp_loss":0.0,"gold_gain":0.0,"event_name":"Lab","player_choice":"Got Potions","floor":3.0,"gold_loss":0.0,"damage_taken":0.0},{"cards_removed":["Strike_G"],"damage_healed":0.0,"max_hp_gain":0.0,"max_hp_loss":0.0,"gold_gain":0.0,"event_name":"The Cleric","player_choice":"Card Removal","floor":14.0,"gold_loss":75.0,"damage_taken":0.0},{"damage_healed":0.0,"max_hp_gain":0.0,"max_hp_loss":0.0,"gold_gain":0.0,"event_name":"Duplicator","player_choice":"Copied","floor":19.0,"gold_loss":0.0,"damage_taken":0.0,"cards_obtained":["Tactician"]}],"is_beta":false,"boss_relics":[{"not_picked":["Calling Bell","Snecko Eye"],"picked":"Runic Pyramid"}],"items_purged_floors":[5,21],"is_endless":false,"potions_floor_spawned":[1,6,8,16],"killed_by":"Sentry and Sphere","ascension_level":20}}