{"host":"rkizb0bayd67deyv","time":1608973733,"event":{"mods":["2.2 Compatiblity","AchievementEnabler","Astrologer","BaseMod","Beaked The Cultist","BetterRewards","CapriCore","Colored Map","Colored Powertips","GifTheSpireLib","Gremlin Mod","KinomotoSakuraMod(ñÿîVñ{?)","Koishi","Mad Scientist","MarisaÅiñ∂âJÅ@ñÇóùçπÅj","Minty Spire (QoL Compilation)","Quick Restart","StSLib","SuperFastMode","The Bladedancer","The Cursed","The Death Knight","The Immortal","The Mystic","The Poker Player","Unknown Chances","YoumuÅiç∞ÈÆódöÎÅj"],"gold_per_floor":[113,113,63,63,79,79,10,10,10,54,54,74,92,92,92,213,213,236,236,236,28,42,76,76,91,165,178,198,28,64,64,64,184,184,207,207,231,252,252,293,309,16,69,93,93,107,170,195,195,195],"floor_reached":51,"playtime":3674,"items_purged":["Gremlin:Strike","Gremlin:Strike","Gremlin:Defend","Gremlin:Strike"],"score":817,"play_id":"dea58d48-7b21-4824-b5a8-311fd2263e8e","local_time":"20201226180853","is_ascension_mode":false,"campfire_choices":[{"data":"Gremlin:Glimmer","floor":6.0,"key":"SMITH"},{"data":"Gremlin:Pinprick","floor":8.0,"key":"SMITH"},{"data":"Gremlin:Revel","floor":11.0,"key":"SMITH"},{"data":"Gremlin:ShowOfHands","floor":15.0,"key":"SMITH"},{"data":"Gremlin:DaggerDance","floor":24.0,"key":"SMITH"},{"data":"Gremlin:Erupt","floor":32.0,"key":"SMITH"},{"data":"Gremlin:CongaLine","floor":45,"key":"SMITH"},{"data":"Gremlin:FairyDust","floor":49,"key":"SMITH"}],"circlet_count":0,"master_deck":["Gremlin:TagTeam","Gremlin:GremlinDance","Gremlin:Polish","Gremlin:GremlinArms","Gremlin:Pinprick+1","Gremlin:Revel+1","Gremlin:Glimmer+1","Gremlin:FairyDust+1","Gremlin:FeelTheAudience","Gremlin:TwistTheKnife","Gremlin:GlitterGuard","Gremlin:GremlinDance","Gremlin:ShowOfHands+1","Gremlin:Encore","Gremlin:Pinprick","Gremlin:InfiniteBlocks","Gremlin:TwistTheKnife","Gremlin:Pinprick","Gremlin:Wizardry+1","Gremlin:DaggerDance+1","Gremlin:Glimmer","Gremlin:Erupt+1","Gremlin:MakeshiftArmor","Gremlin:GremlinMeal","Gremlin:CongaLine+1","Gremlin:Rhythm+1","Gremlin:Heckle+1","Gremlin:Patsy+1","Gremlin:CounterStrike","Gremlin:Exacerbate","Gremlin:Whiz","Gremlin:InfiniteBlocks","Gremlin:GlitterGuard","Gremlin:FollowThrough+1","Gremlin:Revel+1","Gremlin:GremlinArms+1"],"relics":["Gremlin:GremlinKnob","Dead Branch","Membership Card","Happy Flower","Golden Idol","Du-Vu Doll","Singing Bowl","SlaversCollar","Omamori","ClockworkSouvenir","Boot","The Courier","Lee\u0027s Waffle","Dream Catcher","Astrolabe","Mummified Hand","Bottled Lightning","OrangePellets","Calipers","Pen Nib","Incense Burner"],"acts_visited":["Exordium","TheCity","TheBeyond"],"potions_floor_usage":[40,48,50,50],"damage_taken":[{"damage":4.0,"enemies":"Jaw Worm","floor":1.0,"turns":7.0},{"damage":0.0,"enemies":"Small Slimes","floor":5.0,"turns":4.0},{"damage":3.0,"enemies":"Lagavulin","floor":10.0,"turns":6.0},{"damage":0.0,"enemies":"2 Louse","floor":12.0,"turns":2.0},{"damage":16.0,"enemies":"Exordium Thugs","floor":13.0,"turns":5.0},{"damage":0.0,"enemies":"Hexaghost","floor":16.0,"turns":3.0},{"damage":11.0,"enemies":"2 Thieves","floor":18.0,"turns":3.0},{"damage":0.0,"enemies":"Spheric Guardian","floor":22.0,"turns":3.0},{"damage":1.0,"enemies":"Slavers","floor":23.0,"turns":4.0},{"damage":9.0,"enemies":"Snake Plant","floor":25.0,"turns":2.0},{"damage":12.0,"enemies":"Centurion and Healer","floor":27.0,"turns":4.0},{"damage":2.0,"enemies":"Shelled Parasite and Fungi","floor":28.0,"turns":5.0},{"damage":0.0,"enemies":"Gremlin Leader","floor":30.0,"turns":3.0},{"damage":19.0,"enemies":"Automaton","floor":33.0,"turns":6.0},{"damage":13.0,"enemies":"Orb Walker","floor":35.0,"turns":3.0},{"damage":23.0,"enemies":"3 Shapes","floor":37.0,"turns":4.0},{"damage":11.0,"enemies":"3 Darklings","floor":38.0,"turns":2.0},{"damage":0,"enemies":"Nemesis","floor":40,"turns":3},{"damage":0,"enemies":"4 Shapes","floor":41,"turns":1},{"damage":0,"enemies":"Transient","floor":44,"turns":5},{"damage":0,"enemies":"Sphere and 2 Shapes","floor":46,"turns":2},{"damage":0,"enemies":"Mind Bloom Boss Battle","floor":47,"turns":4},{"damage":0,"enemies":"Maw","floor":48,"turns":3},{"damage":13,"enemies":"Awakened One","floor":50,"turns":4}],"seed_played":"3307688957642479603","potions_obtained":[{"floor":5.0,"key":"Dexterity Potion"},{"floor":10.0,"key":"FairyPotion"},{"floor":16.0,"key":"Weak Potion"},{"floor":25.0,"key":"ColorlessPotion"},{"floor":27.0,"key":"LiquidMemories"},{"floor":30.0,"key":"Swift Potion"},{"floor":31.0,"key":"DeathKnight:RimePotion"},{"floor":31.0,"key":"DuplicationPotion"},{"floor":40,"key":"Regen Potion"},{"floor":44,"key":"LiquidMemories"},{"floor":48,"key":"LiquidMemories"}],"is_trial":false,"path_per_floor":["M","?","?","?","M","R","$","R","T","E","R","M","M","?","R","B",null,"M","?","?","$","M","E","R","M","T","M","M","$","E","?","R","B",null,"M","?","M","M","T","E","M","$","T","M","R","M","?","M","R","B",null],"character_chosen":"GREMLIN","items_purchased":["Gremlin:Polish","Membership Card","Happy Flower","Gremlin:GremlinArms","Gremlin:Pinprick","Gremlin:IrksomeBlow","Gremlin:FairyDust","ClockworkSouvenir","Gremlin:InfiniteBlocks","Gremlin:TwistTheKnife","Gremlin:Pinprick","Gremlin:MakeshiftArmor","Lee\u0027s Waffle","Gremlin:Exacerbate","OrangePellets","Calipers","Gremlin:Whiz","Gremlin:InfiniteBlocks","Gremlin:GlitterGuard"],"campfire_rested":0,"item_purchase_floors":[0,0,0,0,0,0,7,21,21,21,21,29,29,42,42,42,42,42,42],"current_hp_per_floor":[11,11,11,12,17,17,17,17,17,18,18,13,18,18,18,6,21,21,17,17,17,17,11,11,13,13,23,12,25,25,25,25,6,25,26,26,27,27,27,15,29,29,29,16,16,29,29,30,30,19],"gold":195,"neow_bonus":"","is_daily":false,"chose_seed":false,"campfire_upgraded":8,"win_rate":0.0,"timestamp":1608973733,"path_taken":["M","?","?","?","M","R","?","R","T","E","R","M","?","?","R","BOSS","M","?","?","$","?","E","R","M","T","M","M","$","E","?","R","BOSS","M","?","M","?","?","E","M","$","T","M","R","M","?","M","R","BOSS"],"items_purchased_type":["Card","Relic","Relic","Card","Card","Card","Card","Relic","Card","Card","Card","Card","Relic","Card","Relic","Relic","Card","Card","Card"],"build_version":"2020-12-22","purchased_purges":4,"victory":true,"max_hp_per_floor":[20,19,19,20,20,20,20,20,20,21,21,21,21,21,21,21,21,21,22,22,22,22,22,22,22,22,23,23,25,25,25,25,25,25,26,26,27,27,27,28,29,29,29,29,29,29,29,30,30,30],"card_choices":[{"not_picked":["Gremlin:BubbleBarrier","Gremlin:CounterStrike"],"picked":"Gremlin:Revel","floor":1.0},{"not_picked":["Gremlin:BulkUp","Gremlin:Rhythm"],"picked":"Gremlin:Glimmer","floor":5.0},{"not_picked":["Gremlin:Patsy","Gremlin:Raid","Gremlin:Necromancy"],"picked":"Singing Bowl","floor":10.0},{"not_picked":["Gremlin:ToeStub","Gremlin:Patsy"],"picked":"Gremlin:FeelTheAudience","floor":12.0},{"not_picked":["Gremlin:Pinprick","Gremlin:Presto"],"picked":"Gremlin:TwistTheKnife","floor":13.0},{"not_picked":["Gremlin:Unforgiving","Gremlin:ShowStopper"],"picked":"Gremlin:Encore","floor":16.0},{"not_picked":["Gremlin:Jeer+1","Gremlin:Tadah+1"],"picked":"Gremlin:Pinprick","floor":18.0},{"not_picked":["Gremlin:InfiniteBlocks+1","Gremlin:Patsy"],"picked":"Gremlin:Wizardry+1","floor":22.0},{"not_picked":["Gremlin:Astound","Gremlin:Rhythm"],"picked":"Gremlin:DaggerDance","floor":23.0},{"not_picked":["Gremlin:IrksomeBlow","Gremlin:BubbleBarrier"],"picked":"Gremlin:Glimmer","floor":25.0},{"not_picked":["Gremlin:GlitterGuard","Gremlin:InfiniteBlocks","Gremlin:Pretaliation"],"picked":"Singing Bowl","floor":27.0},{"not_picked":["Gremlin:FanOfKnives","Gremlin:GremlinArms+1"],"picked":"Gremlin:Erupt","floor":28.0},{"not_picked":["Gremlin:PourSalt","Gremlin:GremlinArms"],"picked":"Gremlin:GremlinMeal","floor":30.0},{"not_picked":["Gremlin:Unforgiving","Gremlin:Nob"],"picked":"Gremlin:CongaLine","floor":33.0},{"not_picked":["Gremlin:Raid","Gremlin:DaggerDance","Gremlin:PourSalt"],"picked":"Singing Bowl","floor":35.0},{"not_picked":["Gremlin:Pinprick","Gremlin:ToeStub","Gremlin:Raid+1"],"picked":"Singing Bowl","floor":37.0},{"not_picked":["Gremlin:GremlinMeal","Gremlin:PourSalt"],"picked":"Gremlin:CounterStrike","floor":38.0},{"not_picked":["Gremlin:Irritability+1","Gremlin:MakeshiftArmor","Gremlin:Kablamo"],"picked":"Singing Bowl","floor":40},{"not_picked":["Gremlin:Jeer+1","Gremlin:Polish","Gremlin:Glimmer"],"picked":"Singing Bowl","floor":41},{"not_picked":["Gremlin:CatScratch","Gremlin:Tricksy+1"],"picked":"Gremlin:FollowThrough+1","floor":44},{"not_picked":["Gremlin:Irritability","Gremlin:GremlinArms"],"picked":"Gremlin:Revel+1","floor":46},{"not_picked":["Gremlin:DaggerDance","Gremlin:PourSalt+1"],"picked":"Gremlin:GremlinArms+1","floor":47},{"not_picked":["Gremlin:Patsy+1","Gremlin:Tadah+1","Gremlin:Presto+1"],"picked":"Singing Bowl","floor":48}],"player_experience":265358,"relics_obtained":[{"floor":9.0,"key":"Du-Vu Doll"},{"floor":10.0,"key":"Singing Bowl"},{"floor":23.0,"key":"Boot"},{"floor":26.0,"key":"The Courier"},{"floor":30.0,"key":"Dream Catcher"},{"floor":39.0,"key":"Mummified Hand"},{"floor":40,"key":"Bottled Lightning"},{"floor":43,"key":"Pen Nib"},{"floor":47,"key":"Incense Burner"}],"event_choices":[{"damage_healed":0.0,"max_hp_gain":0.0,"max_hp_loss":1.0,"gold_gain":0.0,"event_name":"Golden Idol","player_choice":"Lose Max HP","floor":2.0,"gold_loss":0.0,"damage_taken":0.0,"relics_obtained":["Golden Idol"]},{"cards_removed":["Gremlin:IrksomeBlow"],"damage_healed":0.0,"max_hp_gain":0.0,"max_hp_loss":0.0,"gold_gain":0.0,"event_name":"The Cleric","player_choice":"Card Removal","floor":3.0,"gold_loss":50.0,"damage_taken":0.0},{"damage_healed":0.0,"max_hp_gain":5.0,"max_hp_loss":0.0,"gold_gain":0.0,"event_name":"Big Fish","player_choice":"Donut","floor":4.0,"gold_loss":0.0,"damage_taken":0.0},{"damage_healed":0.0,"max_hp_gain":0.0,"max_hp_loss":0.0,"gold_gain":0.0,"event_name":"Match and Keep!","player_choice":"3 cards matched","floor":14.0,"gold_loss":0.0,"damage_taken":0.0,"cards_obtained":["Gremlin:GlitterGuard","Gremlin:GremlinDance","Gremlin:ShowOfHands"]},{"damage_healed":0.0,"max_hp_gain":5.0,"max_hp_loss":0.0,"gold_gain":0.0,"event_name":"Forgotten Altar","player_choice":"Shed Blood","floor":19.0,"gold_loss":0.0,"damage_taken":5.0},{"damage_healed":0.0,"max_hp_gain":0.0,"max_hp_loss":0.0,"gold_gain":0.0,"event_name":"WeMeetAgain","player_choice":"Gave Potion","floor":20.0,"gold_loss":0.0,"damage_taken":0.0,"relics_obtained":["Omamori"]},{"damage_healed":0.0,"max_hp_gain":0.0,"max_hp_loss":0.0,"gold_gain":0.0,"event_name":"Lab","player_choice":"Got Potions","floor":31.0,"gold_loss":0.0,"damage_taken":0.0},{"cards_removed":["Gremlin:Defend"],"damage_healed":0.0,"max_hp_gain":0.0,"max_hp_loss":0.0,"gold_gain":0.0,"event_name":"Bonfire Elementals","player_choice":"Offered Basic","floor":36.0,"gold_loss":0.0,"damage_taken":0.0},{"damage_healed":0,"gold_gain":0,"player_choice":"Fight","damage_taken":0,"max_hp_gain":0,"max_hp_loss":0,"event_name":"MindBloom","floor":47,"gold_loss":0}],"is_beta":false,"boss_relics":[{"not_picked":["Busted Crown","Snecko Eye"],"picked":"SlaversCollar"},{"not_picked":["Runic Dome","Tiny House"],"picked":"Astrolabe"}],"items_purged_floors":[0,0,21,29],"is_endless":false,"potions_floor_spawned":[5,10,16,25,27,30,38,40,44,47,48],"ascension_level":0}}