{"host":"i09pxcjttd31eh4q","time":1608993056,"event":{"mods":["AchievementEnabler","BaseMod","Colored Map","Keyboard Shortcuts","Minty Spire (QoL Compilation)","StSLib","SuperFastMode"],"gold_per_floor":[109,34,52,52,64,64,79,79,105,133,148,15,15,32,32,111,111,88,88,101,120,135,135,152,152,152],"floor_reached":25,"playtime":619,"items_purged":["Defend_P","Strike_P"],"score":414,"play_id":"b67d3a83-92b8-4456-8006-0e17eadc6aaa","local_time":"20201226233056","is_ascension_mode":true,"campfire_choices":[{"data":"Sanctity","floor":6.0,"key":"SMITH"},{"data":"Vigilance","floor":8.0,"key":"SMITH"},{"data":"MentalFortress","floor":13.0,"key":"SMITH"},{"floor":15.0,"key":"REST"},{"data":"Scrawl","floor":23,"key":"SMITH"}],"circlet_count":0,"master_deck":["AscendersBane","Strike_P","Strike_P","Strike_P","Defend_P","Defend_P+1","Defend_P+1","Eruption+1","Vigilance+1","Sanctity+1","FearNoEvil","EmptyFist","MentalFortress+1","Scrawl+1","MentalFortress+1"],"relics":["PureWater","NeowsBlessing","Smiling Mask","War Paint","VioletLotus"],"acts_visited":["TheCity"],"potions_floor_usage":[],"damage_taken":[{"damage":0.0,"enemies":"Cultist","floor":1.0,"turns":1.0},{"damage":0.0,"enemies":"Small Slimes","floor":3.0,"turns":1.0},{"damage":0.0,"enemies":"Jaw Worm","floor":5.0,"turns":1.0},{"damage":1.0,"enemies":"Red Slaver","floor":7.0,"turns":3.0},{"damage":19.0,"enemies":"Gremlin Nob","floor":10.0,"turns":3.0},{"damage":3.0,"enemies":"Large Slime","floor":11.0,"turns":5.0},{"damage":10.0,"enemies":"Lots of Slimes","floor":14.0,"turns":3.0},{"damage":16.0,"enemies":"The Guardian","floor":16.0,"turns":14.0},{"damage":18.0,"enemies":"2 Thieves","floor":18.0,"turns":4.0},{"damage":5.0,"enemies":"3 Byrds","floor":20.0,"turns":5.0},{"damage":4,"enemies":"3 Cultists","floor":21,"turns":5},{"damage":10,"enemies":"Snake Plant","floor":22,"turns":5},{"damage":10,"enemies":"Shelled Parasite and Fungi","floor":24,"turns":9},{"damage":0,"enemies":"Cultist and Chosen","floor":25,"turns":3}],"seed_played":"-342280764508254135","potions_obtained":[{"floor":1.0,"key":"DuplicationPotion"},{"floor":11.0,"key":"Energy Potion"},{"floor":14.0,"key":"Strength Potion"},{"floor":16.0,"key":"Fruit Juice"},{"floor":18.0,"key":"Explosive Potion"}],"is_trial":false,"path_per_floor":["M","$","M","?","M","R","M","R","T","E","M","$","R","M","R","B",null,"M","?","M","M","M","R","M","M"],"character_chosen":"WATCHER","items_purchased":["MentalFortress"],"campfire_rested":1,"item_purchase_floors":[12],"current_hp_per_floor":[61,61,61,61,61,61,60,60,60,41,38,38,38,28,48,37,64,46,46,41,37,27,27,17,17,17],"gold":152,"neow_bonus":"THREE_ENEMY_KILL","is_daily":false,"chose_seed":false,"campfire_upgraded":4,"win_rate":0.0,"timestamp":1608993056,"path_taken":["M","$","?","?","M","R","M","R","T","E","M","$","R","?","R","BOSS","M","?","M","?","M","R","M","M"],"items_purchased_type":["Card"],"build_version":"2020-12-22","purchased_purges":2,"victory":false,"max_hp_per_floor":[68,68,68,68,68,68,68,68,68,68,68,68,68,68,68,73,73,73,73,73,73,73,73,73,73,73],"card_choices":[{"not_picked":["FlurryOfBlows","Nirvana"],"picked":"Sanctity","floor":1.0},{"not_picked":["Evaluate","FlurryOfBlows","JustLucky"],"picked":"SKIP","floor":3.0},{"not_picked":["ReachHeaven","ThirdEye","BattleHymn"],"picked":"SKIP","floor":5.0},{"not_picked":["CutThroughFate","Study","ClearTheMind"],"picked":"SKIP","floor":7.0},{"not_picked":["Blasphemy","Fasting2"],"picked":"FearNoEvil","floor":10.0},{"not_picked":["CutThroughFate","ClearTheMind"],"picked":"EmptyFist","floor":11.0},{"not_picked":["WaveOfTheHand","FollowUp","CrushJoints"],"picked":"SKIP","floor":14.0},{"not_picked":["Devotion","Alpha"],"picked":"Scrawl","floor":16.0},{"not_picked":["Swivel","Vengeance","EmptyBody"],"picked":"SKIP","floor":18.0},{"not_picked":["ForeignInfluence","Wireheading","Evaluate+1"],"picked":"SKIP","floor":20.0},{"not_picked":["FearNoEvil+1","ReachHeaven","EmptyBody"],"picked":"SKIP","floor":21},{"not_picked":["JustLucky+1","Perseverance+1","LessonLearned"],"picked":"SKIP","floor":22},{"not_picked":["Worship","Prostrate+1","Evaluate"],"picked":"SKIP","floor":24}],"player_experience":780196,"relics_obtained":[{"floor":9.0,"key":"Smiling Mask"},{"floor":10.0,"key":"War Paint"}],"event_choices":[{"damage_healed":0.0,"max_hp_gain":0.0,"max_hp_loss":0.0,"gold_gain":0.0,"event_name":"Accursed Blacksmith","player_choice":"Forge","floor":4.0,"gold_loss":0.0,"damage_taken":0.0,"cards_upgraded":["Eruption"]},{"damage_healed":0.0,"max_hp_gain":0.0,"max_hp_loss":0.0,"gold_gain":0.0,"event_name":"Duplicator","player_choice":"Copied","floor":19.0,"gold_loss":0.0,"damage_taken":0.0,"cards_obtained":["MentalFortress"]}],"is_beta":false,"boss_relics":[{"not_picked":["SacredBark","Astrolabe"],"picked":"VioletLotus"}],"items_purged_floors":[2,12],"is_endless":false,"potions_floor_spawned":[1,11,14,16,18],"killed_by":"Cultist and Chosen","ascension_level":20}}