{"host":"65a95dzim48ko8ke","time":1608978794,"event":{"mods":["BaseMod","DeckTracker","Minty Spire (QoL Compilation)","Quick Restart","Rare Cards Sparkle","Slay-I","Spicy Shops","StSLib"],"gold_per_floor":[20,20,39,63,63,94,94,118,189,210,210,246,246,264,264,384,384,407,450,464,0,0,33,57,97,150,150,173,213,232,271,271,401,401,416,1415,1439,558,558,598,621,654,725,160,185,223,323,341,341,341,341,341,9,47,47],"floor_reached":56,"playtime":4077,"items_purged":["Strike_G","Defend_G","Writhe"],"score":1928,"play_id":"f0327e3c-577f-4531-8758-b8e3e68afe63","local_time":"20201226193314","is_ascension_mode":true,"campfire_choices":[{"floor":11.0,"key":"REST"},{"data":"After Image","floor":13.0,"key":"SMITH"},{"data":"Cloak And Dagger","floor":15.0,"key":"SMITH"},{"floor":27.0,"key":"REST"},{"floor":32.0,"key":"RECALL"}],"circlet_count":0,"master_deck":["Defend_G","Defend_G","Defend_G","Defend_G+1","Survivor","Neutralize+1","After Image+1","Deflect","Leg Sweep","Poisoned Stab+1","Cloak And Dagger+1","Masterful Stab","Blade Dance+1","Blade Dance","Backflip","Die Die Die+1","Poisoned Stab+1","Footwork+1","Endless Agony+1","Bite+1","Bite+1","Bite+1","Bite+1","Bite+1","Dodge and Roll+1","Masterful Stab+1","Cloak And Dagger+1","Escape Plan","Finisher+1","Leg Sweep","Finisher+1","Cloak And Dagger+1","Glass Knife+1","Cloak And Dagger+1","Masterful Stab+1","Caltrops+1","Expertise+1","Slice+1","Noxious Fumes","Mind Blast+1","Deadly Poison","Poisoned Stab+1","Quick Slash+1","Dash+1","Catalyst","Bullet Time","Finisher+1"],"relics":["Ring of the Snake","Golden Idol","Calipers","Molten Egg 2","Omamori","Fusion Hammer","Red Mask","War Paint","Matryoshka","Nunchaku","Strawberry","Dream Catcher","Happy Flower","Snake Skull","Pen Nib","Coffee Dripper","Kunai","ClockworkSouvenir","Centennial Puzzle","Bag of Preparation","Darkstone Periapt","Anchor","Art of War","Membership Card","Shuriken","Orichalcum","Medical Kit","Sundial","Whetstone","Paper Crane","Bottled Tornado"],"acts_visited":["Exordium","TheCity","TheBeyond","TheEnding"],"potions_floor_usage":[55,55],"damage_taken":[{"damage":8.0,"enemies":"Jaw Worm","floor":1.0,"turns":7.0},{"damage":0.0,"enemies":"Small Slimes","floor":3.0,"turns":5.0},{"damage":0.0,"enemies":"2 Louse","floor":4.0,"turns":3.0},{"damage":40.0,"enemies":"Lagavulin","floor":6.0,"turns":17.0},{"damage":0.0,"enemies":"Exordium Thugs","floor":8.0,"turns":5.0},{"damage":0.0,"enemies":"Exordium Wildlife","floor":10.0,"turns":4.0},{"damage":8.0,"enemies":"3 Sentries","floor":12.0,"turns":10.0},{"damage":0.0,"enemies":"Red Slaver","floor":14.0,"turns":3.0},{"damage":0.0,"enemies":"The Guardian","floor":16.0,"turns":12.0},{"damage":0.0,"enemies":"Spheric Guardian","floor":18.0,"turns":3.0},{"damage":0.0,"enemies":"Masked Bandits","floor":19.0,"turns":3.0},{"damage":0.0,"enemies":"Shell Parasite","floor":20.0,"turns":6.0},{"damage":11.0,"enemies":"Book of Stabbing","floor":23.0,"turns":6.0},{"damage":17.0,"enemies":"Chosen and Byrds","floor":24.0,"turns":8.0},{"damage":0.0,"enemies":"Slavers","floor":25.0,"turns":7.0},{"damage":0.0,"enemies":"Sentry and Sphere","floor":28.0,"turns":4.0},{"damage":0.0,"enemies":"Gremlin Leader","floor":29.0,"turns":7.0},{"damage":0.0,"enemies":"Cultist and Chosen","floor":30.0,"turns":5.0},{"damage":9.0,"enemies":"Book of Stabbing","floor":31.0,"turns":6.0},{"damage":0.0,"enemies":"Automaton","floor":33.0,"turns":10.0},{"damage":6.0,"enemies":"3 Darklings","floor":35.0,"turns":6.0},{"damage":0.0,"enemies":"3 Shapes","floor":37.0,"turns":3.0},{"damage":0.0,"enemies":"Giant Head","floor":40.0,"turns":6.0},{"damage":6.0,"enemies":"Spire Growth","floor":41.0,"turns":5.0},{"damage":0.0,"enemies":"Reptomancer","floor":42.0,"turns":2.0},{"damage":0,"enemies":"Writhing Mass","floor":45,"turns":3},{"damage":2,"enemies":"Nemesis","floor":46,"turns":3},{"damage":1,"enemies":"4 Shapes","floor":48,"turns":4},{"damage":26,"enemies":"Time Eater","floor":50,"turns":8},{"damage":5,"enemies":"Shield and Spear","floor":54,"turns":4},{"damage":17,"enemies":"The Heart","floor":55,"turns":7}],"seed_played":"-4026715958099705276","potions_obtained":[{"floor":8.0,"key":"EssenceOfSteel"},{"floor":10.0,"key":"ColorlessPotion"},{"floor":12.0,"key":"AttackPotion"},{"floor":14.0,"key":"ColorlessPotion"},{"floor":16.0,"key":"Fire Potion"},{"floor":18.0,"key":"GhostInAJar"},{"floor":19.0,"key":"EssenceOfSteel"},{"floor":33.0,"key":"SteroidPotion"},{"floor":37.0,"key":"Fruit Juice"},{"floor":40.0,"key":"Fruit Juice"},{"floor":45,"key":"AttackPotion"},{"floor":46,"key":"Ancient Potion"}],"is_trial":false,"path_per_floor":["M","?","M","M","?","E","?","M","T","M","R","E","R","M","R","B",null,"M","?","M","$","?","E","M","E","T","R","M","E","M","E","R","B",null,"M","?","M","$","?","E","M","E","T","$","M","E","?","M","R","B",null,"R","$","E","B",null],"character_chosen":"THE_SILENT","items_purchased":["War Paint","Matryoshka","Kunai","ClockworkSouvenir","Masterful Stab+1","Centennial Puzzle","Bag of Preparation","Membership Card","Shuriken","Orichalcum","Noxious Fumes","Mind Blast+1","Medical Kit","Deadly Poison","Catalyst","Whetstone","Bullet Time","Paper Crane","Weak Potion"],"campfire_rested":2,"item_purchase_floors":[21,21,38,38,38,38,38,44,44,44,44,44,44,44,53,53,53,53,53],"current_hp_per_floor":[62,45,45,45,45,5,5,5,5,5,26,18,18,18,18,18,57,57,57,57,57,49,49,38,56,56,56,56,56,56,56,56,56,56,56,56,61,61,61,66,66,66,66,66,66,66,66,66,66,46,61,61,61,62,58],"gold":47,"neow_bonus":"THREE_RARE_CARDS","is_daily":false,"chose_seed":false,"campfire_upgraded":2,"win_rate":0.0,"timestamp":1608978794,"path_taken":["M","?","M","M","?","E","?","M","T","M","R","E","R","M","R","BOSS","M","?","M","$","?","E","M","E","T","R","M","E","M","E","R","BOSS","M","?","M","$","?","E","?","E","T","$","M","E","?","M","R","BOSS","R","$","E","BOSS"],"items_purchased_type":["Relic","Relic","Relic","Relic","Card","Relic","Relic","Relic","Relic","Relic","Card","Card","Relic","Card","Card","Relic","Card","Relic","Potion"],"build_version":"2020-12-22","purchased_purges":3,"victory":true,"max_hp_per_floor":[70,70,70,70,70,70,70,70,70,70,70,70,70,70,70,70,70,70,70,70,70,49,49,49,56,56,56,56,56,56,56,56,56,56,56,56,61,61,61,66,66,66,66,66,66,66,66,66,66,66,66,66,66,66,66],"card_choices":[{"not_picked":["Malaise","Grand Finale"],"picked":"After Image","floor":0.0},{"not_picked":["Slice","All Out Attack"],"picked":"Deflect","floor":1.0},{"not_picked":["Well Laid Plans","Reflex"],"picked":"Leg Sweep","floor":3.0},{"not_picked":["Distraction","Terror"],"picked":"Poisoned Stab","floor":4.0},{"not_picked":["Dagger Spray","Concentrate"],"picked":"Cloak And Dagger","floor":6.0},{"not_picked":["Outmaneuver","PiercingWail"],"picked":"Masterful Stab","floor":8.0},{"not_picked":["A Thousand Cuts","Acrobatics"],"picked":"Blade Dance","floor":10.0},{"not_picked":["Choke+1","Envenom"],"picked":"Blade Dance","floor":12.0},{"not_picked":["Prepared","Blade Dance"],"picked":"Backflip","floor":14.0},{"not_picked":["Malaise","Grand Finale+1"],"picked":"Die Die Die+1","floor":16.0},{"not_picked":["Outmaneuver+1","Deadly Poison"],"picked":"Poisoned Stab+1","floor":18.0},{"not_picked":["Expertise+1","Cloak And Dagger"],"picked":"Footwork+1","floor":19.0},{"not_picked":["Choke+1","Dodge and Roll"],"picked":"Endless Agony+1","floor":20.0},{"not_picked":["Cloak And Dagger","Quick Slash+1"],"picked":"Dodge and Roll+1","floor":23.0},{"not_picked":["Dagger Throw+1","Dodge and Roll"],"picked":"Masterful Stab+1","floor":24.0},{"not_picked":["Concentrate","Skewer+1"],"picked":"Cloak And Dagger+1","floor":25.0},{"not_picked":["Catalyst","Phantasmal Killer"],"picked":"Escape Plan","floor":27.0},{"not_picked":["Quick Slash+1","Prepared"],"picked":"Finisher+1","floor":28.0},{"not_picked":["Deflect+1","Terror"],"picked":"Leg Sweep","floor":29.0},{"not_picked":["Dagger Throw+1","Blade Dance"],"picked":"Finisher+1","floor":30.0},{"not_picked":["Tools of the Trade","Quick Slash+1"],"picked":"Cloak And Dagger+1","floor":31.0},{"not_picked":["Tools of the Trade","Die Die Die+1"],"picked":"Glass Knife+1","floor":33.0},{"not_picked":["Bane+1","Flying Knee+1","Underhanded Strike+1"],"picked":"SKIP","floor":35.0},{"not_picked":["Infinite Blades+1","Tactician+1"],"picked":"Cloak And Dagger+1","floor":37.0},{"not_picked":["All Out Attack+1","Sucker Punch+1"],"picked":"Caltrops+1","floor":40.0},{"not_picked":["Dagger Throw+1","Sucker Punch+1"],"picked":"Expertise+1","floor":41.0},{"not_picked":["Reflex","Expertise"],"picked":"Slice+1","floor":42.0},{"not_picked":["Acrobatics","Quick Slash+1"],"picked":"Poisoned Stab+1","floor":45},{"not_picked":["Poisoned Stab+1","Sucker Punch+1"],"picked":"Quick Slash+1","floor":46},{"not_picked":["Caltrops+1","Predator+1"],"picked":"Dash+1","floor":48},{"not_picked":["Distraction","Endless Agony+1"],"picked":"Finisher+1","floor":54}],"player_experience":273642,"relics_obtained":[{"floor":6.0,"key":"Calipers"},{"floor":9.0,"key":"Molten Egg 2"},{"floor":12.0,"key":"Omamori"},{"floor":19.0,"key":"Red Mask"},{"floor":23.0,"key":"Nunchaku"},{"floor":25.0,"key":"Strawberry"},{"floor":26.0,"key":"Dream Catcher"},{"floor":26.0,"key":"Happy Flower"},{"floor":29.0,"key":"Snake Skull"},{"floor":31.0,"key":"Pen Nib"},{"floor":40.0,"key":"Darkstone Periapt"},{"floor":42.0,"key":"Anchor"},{"floor":43.0,"key":"Art of War"},{"floor":46,"key":"Sundial"},{"floor":54,"key":"Bottled Tornado"}],"event_choices":[{"damage_healed":0.0,"max_hp_gain":0.0,"max_hp_loss":0.0,"gold_gain":0.0,"event_name":"Golden Idol","player_choice":"Take Damage","floor":2.0,"gold_loss":0.0,"damage_taken":17.0,"relics_obtained":["Golden Idol"]},{"cards_removed":["Strike_G"],"damage_healed":0.0,"max_hp_gain":0.0,"max_hp_loss":0.0,"gold_gain":0.0,"event_name":"Living Wall","player_choice":"Forget","floor":5.0,"gold_loss":0.0,"damage_taken":0.0},{"damage_healed":0.0,"max_hp_gain":0.0,"max_hp_loss":0.0,"gold_gain":0.0,"event_name":"Golden Wing","player_choice":"Ignored","floor":7.0,"gold_loss":0.0,"damage_taken":0.0},{"damage_healed":0.0,"max_hp_gain":0.0,"max_hp_loss":0.0,"gold_gain":0.0,"event_name":"Masked Bandits","player_choice":"Fought Bandits","floor":19.0,"gold_loss":0.0,"damage_taken":0.0},{"damage_healed":0.0,"max_hp_gain":0.0,"max_hp_loss":21.0,"gold_gain":0.0,"event_name":"Vampires","player_choice":"Became a vampire","floor":22.0,"gold_loss":0.0,"damage_taken":0.0,"cards_obtained":["Bite","Bite","Bite","Bite","Bite"]},{"damage_healed":0.0,"max_hp_gain":0.0,"max_hp_loss":0.0,"gold_gain":999.0,"event_name":"MindBloom","player_choice":"Gold","floor":36.0,"gold_loss":0.0,"damage_taken":0.0,"cards_obtained":["Normality","Normality"]},{"damage_healed":15.0,"max_hp_gain":0.0,"max_hp_loss":0.0,"gold_gain":0.0,"event_name":"Winding Halls","player_choice":"Writhe","floor":39.0,"gold_loss":0.0,"damage_taken":0.0,"cards_obtained":["Writhe"]},{"damage_healed":0,"gold_gain":100,"player_choice":"Pray","damage_taken":0,"max_hp_gain":0,"max_hp_loss":0,"event_name":"Golden Shrine","floor":47,"gold_loss":0}],"is_beta":false,"boss_relics":[{"not_picked":["Busted Crown","SlaversCollar"],"picked":"Fusion Hammer"},{"not_picked":["Philosopher\u0027s Stone","Snecko Eye"],"picked":"Coffee Dripper"}],"items_purged_floors":[21,38,44],"is_endless":false,"potions_floor_spawned":[8,10,12,14,16,18,19,30,31,33,37,40,45,46,54],"ascension_level":5}}