{"host":"cv77zuuuekizn3ic","time":1608970007,"event":{"mods":["AchievementEnabler","BaseMod","Infinite Spire","Minty Spire (QoL Compilation)","StSLib","Waifu the Spire","everything is the same but u backflip on backflip","slay the spire mod where everything is the same but ironclad has a cowboy hat"],"gold_per_floor":[117,135,63,135,147,147,182,182,207,234,234,244,290,301,301,403,403,417,443,443,457,472,397,412,412,465,465,484,514,429,429,429,528,528,528,258,288,288,288],"floor_reached":38,"playtime":1777,"items_purged":["Zap","Rip and Tear"],"score":560,"play_id":"035d3420-47c3-42b7-9b7b-3c423b53cad3","local_time":"20201226160647","is_ascension_mode":true,"campfire_choices":[{"data":"Coolheaded","floor":6.0,"key":"SMITH"},{"data":"Self Repair","floor":8.0,"key":"SMITH"},{"data":"Dualcast","floor":15.0,"key":"SMITH"},{"data":"Buffer","floor":25.0,"key":"SMITH"},{"data":"White Noise","floor":27.0,"key":"SMITH"},{"data":"Hyperbeam","floor":32,"key":"SMITH"},{"data":"Force Field","floor":35,"key":"SMITH"}],"circlet_count":0,"master_deck":["Dualcast+1","Coolheaded+1","Ball Lightning","Self Repair+1","Sweeping Beam","Sweeping Beam","Buffer+1","Lockon","Hyperbeam+1","Force Field+1","Chill","White Noise+1","Cold Snap","Heatsinks"],"relics":["Busted Crown","Meat on the Bone","Tiny Chest","Oddly Smooth Stone","Anchor","PreservedInsect","Pandora\u0027s Box","Orichalcum","PrismaticShard","Potion Belt","infinitespire:BottledMercury","Inserter","OrangePellets","MealTicket"],"acts_visited":["Exordium","TheCity","TheEnding"],"potions_floor_usage":[37,38],"damage_taken":[{"damage":6.0,"enemies":"Cultist","floor":1.0,"turns":4.0},{"damage":0.0,"enemies":"Small Slimes","floor":2.0,"turns":3.0},{"damage":7.0,"enemies":"Jaw Worm","floor":5.0,"turns":3.0},{"damage":21.0,"enemies":"3 Sentries","floor":7.0,"turns":9.0},{"damage":25.0,"enemies":"Lagavulin","floor":10.0,"turns":7.0},{"damage":0.0,"enemies":"Exordium Wildlife","floor":12.0,"turns":4.0},{"damage":4.0,"enemies":"Lots of Slimes","floor":14.0,"turns":4.0},{"damage":46.0,"enemies":"The Guardian","floor":16.0,"turns":14.0},{"damage":12.0,"enemies":"3 Byrds","floor":18.0,"turns":5.0},{"damage":0.0,"enemies":"Shell Parasite","floor":21.0,"turns":6.0},{"damage":20.0,"enemies":"Snake Plant","floor":22.0,"turns":5.0},{"damage":0.0,"enemies":"3 Cultists","floor":24.0,"turns":4.0},{"damage":0.0,"enemies":"Centurion and Healer","floor":28.0,"turns":5.0},{"damage":1.0,"enemies":"Nightmare","floor":29.0,"turns":8.0},{"damage":24,"enemies":"Collector","floor":33,"turns":12},{"damage":57,"enemies":"Shield and Spear","floor":37,"turns":6},{"damage":48,"enemies":"The Heart","floor":38,"turns":2}],"seed_played":"-7414941512231187620","potions_obtained":[{"floor":2.0,"key":"LiquidBronze"},{"floor":5.0,"key":"SkillPotion"},{"floor":10.0,"key":"FearPotion"},{"floor":18.0,"key":"Weak Potion"},{"floor":22.0,"key":"SkillPotion"}],"is_trial":false,"path_per_floor":["M","M","$","T","M","R","E","R","T","E","?","M","T","M","R","B",null,"M","T","AVR","M","M","?","M","R","T","R","M","NM","?","?","R","B",null,"R","$","E","B"],"character_chosen":"DEFECT","items_purchased":["Coolheaded","Ball Lightning","Heatsinks","OrangePellets"],"campfire_rested":0,"item_purchase_floors":[3,3,36,36],"current_hp_per_floor":[62,62,62,62,55,55,46,46,46,43,43,53,53,59,59,35,65,63,63,63,73,63,63,73,73,73,73,75,75,75,61,61,59,75,75,75,40,0,0],"gold":288,"neow_bonus":"BOSS_RELIC","is_daily":false,"chose_seed":false,"campfire_upgraded":7,"win_rate":0.0,"timestamp":1608970007,"path_taken":["M","?","$","?","M","R","E","R","T","E","?","?","?","M","R","BOSS","M","?","AVR","M","M","?","M","R","T","R","M","NM","?","?","R","BOSS","R","$","E","BOSS"],"items_purchased_type":["Card","Card","Card","Relic"],"build_version":"2020-12-22","purchased_purges":2,"victory":false,"max_hp_per_floor":[75,75,75,75,75,75,75,75,75,75,75,75,75,75,75,75,75,75,75,75,75,75,75,75,75,75,75,75,75,75,80,80,80,80,80,80,80,80,80],"card_choices":[{"not_picked":["Leap"],"picked":"SKIP","floor":1.0},{"not_picked":["Compile Driver"],"picked":"SKIP","floor":2.0},{"not_picked":["Barrage"],"picked":"SKIP","floor":5.0},{"not_picked":[],"picked":"Self Repair","floor":7.0},{"not_picked":["Leap"],"picked":"SKIP","floor":10.0},{"not_picked":["Leap"],"picked":"SKIP","floor":10.0},{"not_picked":[],"picked":"Sweeping Beam","floor":12.0},{"not_picked":[],"picked":"Sweeping Beam","floor":14.0},{"not_picked":[],"picked":"Buffer","floor":16.0},{"not_picked":[],"picked":"Cold Snap","floor":18.0},{"not_picked":["Redo"],"picked":"SKIP","floor":21.0},{"not_picked":["Beam Cell"],"picked":"SKIP","floor":22.0},{"not_picked":["Blind"],"picked":"SKIP","floor":24.0},{"not_picked":["Predator"],"picked":"SKIP","floor":28.0},{"not_picked":["Slice"],"picked":"SKIP","floor":29.0},{"not_picked":["Slice"],"picked":"SKIP","floor":29.0},{"not_picked":["JustLucky+1"],"picked":"SKIP","floor":37}],"player_experience":558821,"relics_obtained":[{"floor":4.0,"key":"Meat on the Bone"},{"floor":7.0,"key":"Tiny Chest"},{"floor":9.0,"key":"Oddly Smooth Stone"},{"floor":10.0,"key":"Anchor"},{"floor":13.0,"key":"PreservedInsect"},{"floor":19.0,"key":"Orichalcum"},{"floor":26.0,"key":"Potion Belt"},{"floor":37,"key":"MealTicket"}],"event_choices":[{"cards_removed":["Reprogram"],"damage_healed":0.0,"max_hp_gain":0.0,"max_hp_loss":0.0,"gold_gain":0.0,"event_name":"Beggar","player_choice":"Gave Gold","floor":23.0,"gold_loss":75.0,"damage_taken":0.0},{"damage_healed":0,"gold_gain":0,"player_choice":"Obtained Relic","damage_taken":0,"relics_obtained":["infinitespire:BottledMercury"],"max_hp_gain":0,"max_hp_loss":0,"event_name":"Addict","floor":30,"gold_loss":85},{"damage_healed":0,"gold_gain":0,"player_choice":"Shed Blood","damage_taken":19,"max_hp_gain":5,"max_hp_loss":0,"event_name":"Forgotten Altar","floor":31,"gold_loss":0}],"is_beta":false,"boss_relics":[{"not_picked":["Black Star","Velvet Choker"],"picked":"Pandora\u0027s Box"},{"not_picked":["Cursed Key","Nuclear Battery"],"picked":"Inserter"}],"items_purged_floors":[20,36],"is_endless":true,"potions_floor_spawned":[2,5,10,18,22,24],"killed_by":"The Heart","ascension_level":8}}