{"host":"gv44eshj3jc4m1u8","time":1608962029,"event":{"mods":["2.2 Compatiblity","BaseMod","DeckTracker","Keyboard Shortcuts","Minty Spire (QoL Compilation)","Permanent Neow","Quick Restart","StSLib","SuperFastMode","everything is the same but u backflip on backflip"],"gold_per_floor":[10,10,24,24,92,121,121,139,139,139,213,263,288,138,138,138,138],"floor_reached":16,"playtime":1329,"items_purged":[],"score":113,"play_id":"20601aae-6a7d-4cb2-b809-981584b158f4","local_time":"20201226145349","is_ascension_mode":true,"campfire_choices":[{"data":"Armaments","floor":7,"key":"SMITH"},{"data":"Intimidate","floor":10,"key":"SMITH"},{"floor":15,"key":"DIG"}],"circlet_count":0,"master_deck":["Strike_R","Strike_R","Strike_R","Strike_R","Defend_R","Defend_R+1","Defend_R","Bash","Metallicize","Rupture+1","Intimidate+1","Iron Wave","Flex","Armaments+1","Disarm","Reaper","Infernal Blade"],"relics":["Burning Blood","SsserpentHead","Juzu Bracelet","Question Card","Odd Mushroom","Shovel","Sling","Bottled Flame"],"acts_visited":["Exordium"],"potions_floor_usage":[6,8,13],"damage_taken":[{"damage":3,"enemies":"2 Louse","floor":1,"turns":4},{"damage":2,"enemies":"Cultist","floor":3,"turns":4},{"damage":0,"enemies":"Small Slimes","floor":5,"turns":3},{"damage":33,"enemies":"Lagavulin","floor":6,"turns":8},{"damage":3,"enemies":"3 Louse","floor":8,"turns":6},{"damage":24,"enemies":"The Mushroom Lair","floor":11,"turns":6},{"damage":7,"enemies":"3 Sentries","floor":13,"turns":5},{"damage":41,"enemies":"Slime Boss","floor":16,"turns":11}],"seed_played":"8981152616739067981","potions_obtained":[{"floor":5,"key":"LiquidMemories"},{"floor":6,"key":"SkillPotion"},{"floor":11,"key":"ColorlessPotion"}],"is_trial":false,"path_per_floor":["M","?","M","$","M","E","R","M","T","R","?","?","E","$","R","B"],"character_chosen":"IRONCLAD","items_purchased":["Sling"],"campfire_rested":0,"item_purchase_floors":[14],"current_hp_per_floor":[80,80,80,80,80,53,53,56,56,56,38,22,33,33,33,0,0],"gold":138,"neow_bonus":"TRANSFORM_TWO_CARDS","is_daily":false,"chose_seed":false,"campfire_upgraded":2,"win_rate":0.0,"timestamp":1608962029,"path_taken":["M","?","M","$","?","E","R","M","T","R","?","?","E","$","R","BOSS"],"items_purchased_type":["Relic"],"build_version":"2020-12-22","purchased_purges":0,"victory":false,"max_hp_per_floor":[80,80,80,80,80,80,80,80,80,80,80,80,80,80,80,80,80],"card_choices":[{"not_picked":["Clothesline","Clash"],"picked":"Intimidate","floor":1},{"not_picked":["Warcry","Dark Embrace"],"picked":"Iron Wave","floor":3},{"not_picked":["Sword Boomerang","Anger"],"picked":"Flex","floor":5},{"not_picked":["Wild Strike","Perfected Strike"],"picked":"Armaments","floor":6},{"not_picked":["Shrug It Off","Sword Boomerang"],"picked":"Disarm","floor":8},{"not_picked":["Sentinel","Dark Embrace","Thunderclap"],"picked":"Reaper","floor":11},{"not_picked":["Berserk","Flame Barrier","Dark Embrace"],"picked":"Infernal Blade","floor":13}],"player_experience":149703,"relics_obtained":[{"floor":6,"key":"Juzu Bracelet"},{"floor":9,"key":"Question Card"},{"floor":11,"key":"Odd Mushroom"},{"floor":13,"key":"Shovel"},{"floor":15,"key":"Bottled Flame"}],"event_choices":[{"damage_healed":0,"gold_gain":0,"player_choice":"Trade","damage_taken":0,"relics_obtained":["SsserpentHead"],"max_hp_gain":0,"max_hp_loss":0,"event_name":"FaceTrader","floor":2,"gold_loss":0},{"damage_healed":0,"gold_gain":0,"player_choice":"Fought Mushrooms","damage_taken":0,"max_hp_gain":0,"max_hp_loss":0,"event_name":"Mushrooms","floor":11,"gold_loss":0},{"damage_healed":0,"gold_gain":0,"player_choice":"Entered Light","damage_taken":16,"max_hp_gain":0,"max_hp_loss":0,"event_name":"Shining Light","floor":12,"gold_loss":0,"cards_upgraded":["Defend_R","Rupture"]}],"is_beta":false,"boss_relics":[],"items_purged_floors":[],"is_endless":false,"potions_floor_spawned":[5,6,11],"killed_by":"Slime Boss","ascension_level":1}}