{"host":"03a85bwj0a5skoit","time":1608971783,"event":{"mods":["BaseMod","Block Reminder","Minty Spire (QoL Compilation)","Relic Stats","StSLib"],"gold_per_floor":[111,123,123,4,154,154,182,202,202,202,214,214,3,33,33,111,111,130,130,130,143,172,172,97,97,97,197,197,229,248,264,264,337,337,349,349,349,369,369,369],"floor_reached":39,"playtime":1624,"items_purged":["Regret","Doubt"],"score":806,"play_id":"56919156-7320-4d08-9484-10e0b467c361","local_time":"20201226190623","is_ascension_mode":true,"campfire_choices":[{"data":"Eruption","floor":6,"key":"SMITH"},{"data":"CutThroughFate","floor":10,"key":"SMITH"},{"data":"Wallop","floor":12,"key":"SMITH"},{"data":"FlurryOfBlows","floor":15,"key":"SMITH"},{"data":"MentalFortress","floor":23,"key":"SMITH"},{"data":"Adaptation","floor":25,"key":"SMITH"},{"floor":28,"key":"REST"},{"floor":32,"key":"REST"}],"circlet_count":0,"master_deck":["AscendersBane","Eruption+1","Vigilance","CutThroughFate+1","Sanctity","FearNoEvil","Wallop+1","EmptyBody","FlurryOfBlows+1","EmptyBody","Worship","Devotion","LikeWater","WreathOfFlame","Vengeance","PathToVictory","Worship","WheelKick","Protect","MentalFortress+1","WindmillStrike","Adaptation","ThirdEye","Adaptation+1","Injury","Pray","TalkToTheHand","DevaForm","TalkToTheHand"],"relics":["Cursed Key","Pantograph","StrikeDummy","Odd Mushroom","Bag of Preparation","Pandora\u0027s Box","Regal Pillow","Red Mask","Sundial","Unceasing Top","Singing Bowl","Blood Vial","VioletLotus"],"acts_visited":["Exordium","TheCity","TheBeyond"],"potions_floor_usage":[7,22,22,22,27,29,38],"damage_taken":[{"damage":0,"enemies":"Small Slimes","floor":1,"turns":5},{"damage":0,"enemies":"2 Louse","floor":2,"turns":1},{"damage":8,"enemies":"Gremlin Nob","floor":7,"turns":3},{"damage":0,"enemies":"The Mushroom Lair","floor":8,"turns":4},{"damage":0,"enemies":"Jaw Worm","floor":11,"turns":3},{"damage":15,"enemies":"Lagavulin","floor":14,"turns":5},{"damage":30,"enemies":"Slime Boss","floor":16,"turns":7},{"damage":0,"enemies":"Chosen","floor":18,"turns":5},{"damage":0,"enemies":"Spheric Guardian","floor":21,"turns":3},{"damage":18,"enemies":"Masked Bandits","floor":22,"turns":6},{"damage":13,"enemies":"Colosseum Slavers","floor":27,"turns":5},{"damage":18,"enemies":"Colosseum Nobs","floor":27,"turns":4},{"damage":7,"enemies":"Gremlin Leader","floor":29,"turns":4},{"damage":5,"enemies":"Centurion and Healer","floor":30,"turns":3},{"damage":5,"enemies":"Snake Plant","floor":31,"turns":3},{"damage":15,"enemies":"Champ","floor":33,"turns":9},{"damage":49,"enemies":"3 Darklings","floor":35,"turns":6},{"damage":10,"enemies":"3 Shapes","floor":38,"turns":8},{"damage":15,"enemies":"Jaw Worm Horde","floor":39,"turns":1}],"seed_played":"-6164568533567950111","potions_obtained":[{"floor":1,"key":"DuplicationPotion"},{"floor":8,"key":"Block Potion"},{"floor":14,"key":"EntropicBrew"},{"floor":22,"key":"Explosive Potion"},{"floor":27,"key":"Swift Potion"},{"floor":30,"key":"Ancient Potion"}],"is_trial":false,"path_per_floor":["M","M","?","$","?","R","E","?","T","R","M","R","$","E","R","B",null,"M","?","?","M","?","R","?","R","T","?","R","E","M","M","R","B",null,"M","?","?","M","M"],"character_chosen":"WATCHER","items_purchased":["FearNoEvil","FlurryOfBlows","EmptyBody"],"campfire_rested":2,"item_purchase_floors":[4,13,13],"current_hp_per_floor":[61,61,61,61,61,61,53,53,53,53,53,53,53,38,38,33,59,59,59,59,59,41,41,41,41,41,12,48,41,40,37,72,57,68,21,21,21,13,0,0],"gold":369,"neow_bonus":"BOSS_RELIC","is_daily":false,"chose_seed":false,"campfire_upgraded":6,"win_rate":0.0,"timestamp":1608971783,"path_taken":["M","M","?","$","?","R","E","?","T","R","?","R","$","E","R","BOSS","M","?","?","M","?","R","?","R","T","?","R","E","M","M","R","BOSS","M","?","?","M","?"],"items_purchased_type":["Card","Card","Card"],"build_version":"2020-12-22","purchased_purges":2,"victory":false,"max_hp_per_floor":[68,68,68,68,68,68,68,68,68,68,68,68,68,68,68,68,68,68,68,68,68,68,68,68,68,68,70,70,70,72,72,72,72,72,72,72,72,72,72,72],"relic_stats":{"Blood Vial":10,"Regal Pillow":29,"Singing Bowl":4,"counters":[19,85],"Sundial":[6],"Pantograph":25,"Pandora\u0027s Box":["LikeWater","WreathOfFlame","Vengeance","PathToVictory","Worship","WheelKick","Protect","MentalFortress"],"VioletLotus":[6],"Bag of Preparation":[26],"Cursed Key":1,"obtain_stats":[{"Regal Pillow":20,"Singing Bowl":27,"Bag of Preparation":14,"Odd Mushroom":8,"Cursed Key":0,"Blood Vial":29,"Sundial":26,"Pantograph":3,"Pandora\u0027s Box":17,"VioletLotus":34,"Red Mask":22,"PureWater":0,"StrikeDummy":7,"Unceasing Top":27},{"Regal Pillow":8,"Singing Bowl":12,"Bag of Preparation":6,"Odd Mushroom":4,"Cursed Key":0,"Blood Vial":13,"Sundial":10,"Pantograph":2,"Pandora\u0027s Box":7,"VioletLotus":16,"Red Mask":10,"PureWater":0,"StrikeDummy":3,"Unceasing Top":12},{"Regal Pillow":33,"Singing Bowl":51,"Bag of Preparation":21,"Odd Mushroom":13,"Cursed Key":0,"Blood Vial":55,"Sundial":42,"Pantograph":6,"Pandora\u0027s Box":28,"VioletLotus":70,"Red Mask":42,"PureWater":0,"StrikeDummy":9,"Unceasing Top":51}],"Unceasing Top":[0]},"card_choices":[{"not_picked":["Vengeance","ThirdEye"],"picked":"CutThroughFate","floor":1},{"not_picked":["DeceiveReality","ForeignInfluence"],"picked":"Sanctity","floor":2},{"not_picked":["Protect","FlyingSleeves"],"picked":"Wallop","floor":7},{"not_picked":["Perseverance","Protect"],"picked":"EmptyBody","floor":8},{"not_picked":["BattleHymn","Crescendo","JustLucky"],"picked":"SKIP","floor":11},{"not_picked":["EmptyFist","Crescendo"],"picked":"Worship","floor":14},{"not_picked":["Omniscience","SpiritShield"],"picked":"Devotion","floor":16},{"not_picked":["Weave","Fasting2"],"picked":"WindmillStrike","floor":18},{"not_picked":["Nirvana","Pray"],"picked":"ThirdEye","floor":21},{"not_picked":["Nirvana","BowlingBash"],"picked":"Adaptation","floor":22},{"not_picked":["Crescendo","CutThroughFate","Weave"],"picked":"Singing Bowl","floor":27},{"not_picked":["WheelKick","Halt"],"picked":"Pray","floor":29},{"not_picked":["EmptyFist","SashWhip","BowlingBash"],"picked":"Singing Bowl","floor":30},{"not_picked":["Consecrate","Fasting2"],"picked":"TalkToTheHand","floor":31},{"not_picked":["Devotion","Vault"],"picked":"DevaForm","floor":33},{"not_picked":["Worship","Sanctity"],"picked":"FlurryOfBlows","floor":35},{"not_picked":["BowlingBash","ThirdEye"],"picked":"TalkToTheHand","floor":38}],"player_experience":2313210,"relics_obtained":[{"floor":7,"key":"StrikeDummy"},{"floor":8,"key":"Odd Mushroom"},{"floor":14,"key":"Bag of Preparation"},{"floor":22,"key":"Red Mask"},{"floor":26,"key":"Sundial"},{"floor":27,"key":"Unceasing Top"},{"floor":27,"key":"Singing Bowl"},{"floor":29,"key":"Blood Vial"}],"event_choices":[{"damage_healed":0,"gold_gain":0,"player_choice":"Box","damage_taken":0,"relics_obtained":["Pantograph"],"max_hp_gain":0,"max_hp_loss":0,"event_name":"Big Fish","floor":3,"gold_loss":0,"cards_obtained":["Regret"]},{"damage_healed":0,"gold_gain":150,"player_choice":"AGREE","damage_taken":0,"max_hp_gain":0,"max_hp_loss":0,"event_name":"Liars Game","floor":5,"gold_loss":0,"cards_obtained":["Doubt"]},{"damage_healed":0,"gold_gain":0,"player_choice":"Fought Mushrooms","damage_taken":0,"max_hp_gain":0,"max_hp_loss":0,"event_name":"Mushrooms","floor":8,"gold_loss":0},{"damage_healed":0,"gold_gain":0,"player_choice":"Read","damage_taken":0,"max_hp_gain":0,"max_hp_loss":0,"event_name":"The Library","floor":19,"gold_loss":0,"cards_obtained":["Adaptation"]},{"damage_healed":0,"gold_gain":0,"player_choice":"Opened","damage_taken":0,"relics_obtained":["Regal Pillow"],"max_hp_gain":0,"max_hp_loss":0,"event_name":"The Mausoleum","floor":20,"gold_loss":0,"cards_obtained":["Writhe"]},{"damage_healed":0,"gold_gain":0,"player_choice":"Fought Bandits","damage_taken":0,"max_hp_gain":0,"max_hp_loss":0,"event_name":"Masked Bandits","floor":22,"gold_loss":0},{"cards_removed":["Writhe"],"damage_healed":0,"gold_gain":0,"player_choice":"Gave Gold","damage_taken":0,"max_hp_gain":0,"max_hp_loss":0,"event_name":"Beggar","floor":24,"gold_loss":75},{"damage_healed":0,"gold_gain":0,"player_choice":"Fight","damage_taken":0,"max_hp_gain":0,"max_hp_loss":0,"event_name":"Colosseum","floor":27,"gold_loss":0},{"damage_healed":0,"gold_gain":0,"player_choice":"Fought Nobs","damage_taken":0,"max_hp_gain":0,"max_hp_loss":0,"event_name":"Colosseum","floor":27,"gold_loss":0},{"cards_removed":["FlurryOfBlows"],"damage_healed":0,"gold_gain":0,"player_choice":"Removed Attack","damage_taken":0,"max_hp_gain":0,"max_hp_loss":0,"event_name":"Falling","floor":36,"gold_loss":0},{"damage_healed":0,"gold_gain":0,"player_choice":"Ignored","damage_taken":0,"max_hp_gain":0,"max_hp_loss":0,"event_name":"SecretPortal","floor":37,"gold_loss":0}],"is_beta":false,"boss_relics":[{"not_picked":["Velvet Choker","Ectoplasm"],"picked":"Pandora\u0027s Box"},{"not_picked":["Runic Dome","Tiny House"],"picked":"VioletLotus"}],"items_purged_floors":[4,13],"is_endless":false,"potions_floor_spawned":[1,8,14,16,22,27,30],"killed_by":"Jaw Worm Horde","ascension_level":20}}