{"host":"uflv0e3ja7hvnij7","time":1608995939,"event":{"mods":["Aspiration","BaseMod","Better Altar","Better Match","Better Note","Better Sensory Stone","Better Skull","Better Third Choice","Hubris","Infinite Spire","Minty Spire (QoL Compilation)","Permanent Neow","Replay The Spire","Shop Mod","StSLib"],"gold_per_floor":[11,11,23,34,46,46,72,72,72,99,99,125,75,93,93,194,194,208,208,219,219,219,219,219,27,27,27,45,63,63,63,63],"floor_reached":31,"playtime":2325,"items_purged":[],"score":373,"play_id":"6e5d2855-4a53-4ef4-9e52-de3bb7769415","local_time":"20201226101859","is_ascension_mode":true,"campfire_choices":[{"data":"Eruption","floor":6,"key":"SMITH"},{"floor":8,"key":"REST"},{"floor":15,"key":"REST"},{"floor":23,"key":"REST"},{"floor":27,"key":"REST"}],"circlet_count":0,"master_deck":["Strike_P+1","Strike_P","Strike_P","Strike_P+1","Defend_P+1","Eruption+1","Vigilance+1","FearNoEvil+1","EmptyBody","Halt","ClearTheMind+1","LessonLearned","Crescendo+1","Crescendo","SpiritShield+1","MentalFortress+1","Replay:Battleflow+1","Eruption+1","Panache+1"],"relics":["PureWater","Yang","Lantern","hubris:Spice","hubris:Icosahedron","Gremlin Food","Replay:Grab Bag","ReplayTheSpireMod:DimensionalGlitch","hubris:TerracottaHorce","SlaversCollar","VioletLotus","Ornamental Fan","DollysMirror","Eternal Feather"],"acts_visited":["Exordium","TheCity"],"potions_floor_usage":[16],"damage_taken":[{"damage":12,"enemies":"Jaw Worm","floor":1,"turns":3},{"damage":0,"enemies":"2 Louse","floor":3,"turns":1},{"damage":0,"enemies":"Cultist","floor":4,"turns":2},{"damage":12,"enemies":"Exordium Thugs","floor":5,"turns":5},{"damage":30,"enemies":"Replay:BlueRogue","floor":7,"turns":6},{"damage":0,"enemies":"Lagavulin","floor":10,"turns":4},{"damage":0,"enemies":"3 Sentries","floor":12,"turns":6},{"damage":12,"enemies":"Lots of Slimes","floor":14,"turns":2},{"damage":16,"enemies":"Hexaghost","floor":16,"turns":6},{"damage":23,"enemies":"Shell Parasite","floor":18,"turns":5},{"damage":0,"enemies":"3 Byrds","floor":20,"turns":6},{"damage":0,"enemies":"Snake Plant","floor":28,"turns":3},{"damage":5,"enemies":"Sentry and Sphere","floor":29,"turns":4},{"damage":0,"enemies":"3 Cultists","floor":31,"turns":1}],"seed_played":"3561284938120875474","potions_obtained":[{"floor":7,"key":"Explosive Potion"},{"floor":10,"key":"Dexterity Potion"},{"floor":16,"key":"Strength Potion"},{"floor":28,"key":"CultistPotion"}],"is_trial":false,"path_per_floor":["M","?","M","M","M","R","E","R","T","E","?","E","?","M","R","B",null,"M","?","M","T","$","R","T","$","T","R","M","M","$","M"],"character_chosen":"WATCHER","items_purchased":["Ornamental Fan","DollysMirror","Panache"],"campfire_rested":4,"item_purchase_floors":[22,22,25],"current_hp_per_floor":[60,46,46,46,34,34,4,25,25,33,33,33,33,21,45,29,67,44,44,44,52,25,51,51,51,51,86,86,81,81,81,81],"gold":63,"neow_bonus":"REMOVE_TWO","is_daily":false,"chose_seed":false,"campfire_upgraded":1,"win_rate":0.0,"timestamp":1608995939,"path_taken":["M","?","M","M","M","R","E","R","T","E","?","E","?","M","R","BOSS","M","?","?","?","?","R","?","$","T","R","M","?","$","M"],"items_purchased_type":["Relic","Relic","Card"],"build_version":"2020-12-22","purchased_purges":0,"victory":false,"max_hp_per_floor":[72,72,72,72,72,72,72,72,72,80,80,80,80,80,80,80,80,80,80,80,88,88,88,88,88,88,88,88,88,88,88,88],"card_choices":[{"not_picked":["Replay:BluntJabs","SashWhip"],"picked":"FearNoEvil","floor":1},{"not_picked":["Prostrate","Replay:Hum"],"picked":"EmptyBody","floor":3},{"not_picked":["FollowUp","EmptyFist"],"picked":"Halt","floor":4},{"not_picked":["CarveReality","DeceiveReality"],"picked":"ClearTheMind","floor":5},{"not_picked":["SashWhip","ThirdEye"],"picked":"LessonLearned","floor":7},{"not_picked":["FearNoEvil","Replay:AtTheReady"],"picked":"Crescendo","floor":10},{"not_picked":["Prostrate","EmptyFist","Halt"],"picked":"SKIP","floor":12},{"not_picked":["BattleHymn","SashWhip"],"picked":"Crescendo","floor":14},{"not_picked":["Ragnarok","Scrawl"],"picked":"SpiritShield","floor":16},{"not_picked":["Nirvana","BowlingBash"],"picked":"MentalFortress","floor":18},{"not_picked":["CrushJoints","EmptyFist"],"picked":"Replay:Battleflow+1","floor":20},{"not_picked":["Halt","Replay:Battleflow","Wireheading"],"picked":"SKIP","floor":28},{"not_picked":["SashWhip","Replay:BluntJabs","CrushJoints+1"],"picked":"SKIP","floor":29}],"player_experience":406782,"relics_obtained":[{"floor":7,"key":"Yang"},{"floor":9,"key":"Lantern"},{"floor":10,"key":"hubris:Spice"},{"floor":12,"key":"Gremlin Food"},{"floor":21,"key":"hubris:Spice"},{"floor":26,"key":"Eternal Feather"}],"event_choices":[{"damage_healed":60,"gold_gain":0,"player_choice":"Upgrade","damage_taken":14,"max_hp_gain":0,"max_hp_loss":72,"event_name":"betterThird:BetterShining","floor":2,"gold_loss":0,"cards_upgraded":["Vigilance","Strike_P"]},{"cards_removed":["Defend_P"],"damage_healed":0,"gold_gain":0,"player_choice":"Card Removal","damage_taken":0,"max_hp_gain":0,"max_hp_loss":0,"event_name":"The Cleric","floor":13,"gold_loss":50},{"damage_healed":0,"gold_gain":0,"player_choice":"Ignored","damage_taken":0,"max_hp_gain":0,"max_hp_loss":0,"event_name":"N\u0027loth","floor":19,"gold_loss":0}],"is_beta":false,"boss_relics":[{"not_picked":["aspiration:RitualDagger","Kintsugi"],"picked":"Replay:Grab Bag"},{"not_picked":["ReplayTheSpireMod:Onyx Gauntlets","hubris:GrandSneckoEye"],"picked":"ReplayTheSpireMod:DimensionalGlitch"},{"not_picked":["Abe\u0027s Treasure","aspiration:FutureDiary"],"picked":"hubris:TerracottaHorce"},{"not_picked":["SacredBark","Empty Cage"],"picked":"SlaversCollar"},{"not_picked":["Replay:Drink Me","aspiration:SecretTechniqueScroll"],"picked":"VioletLotus"}],"items_purged_floors":[],"is_endless":false,"potions_floor_spawned":[7,10,16,28],"killed_by":"3 Cultists","ascension_level":3}}