{"host":"hfxp6ue4pvwo3fit","time":1608944962,"event":{"mods":["AchievementEnabler","BaseMod","Colored Map","Colored Powertips","Highlight Path","Minty Spire (QoL Compilation)","StSLib","SuperFastMode"],"gold_per_floor":[118,134,284,303,322,322,287,319,319,349,349,366,366,377,377,450,450,404,421,72,122,122,122],"floor_reached":22,"playtime":785,"items_purged":["Strike_G"],"score":392,"play_id":"0123c682-cba3-43f4-9ea1-51870af7983b","local_time":"20201225190922","is_ascension_mode":true,"campfire_choices":[{"data":"Enlightenment","floor":6,"key":"SMITH"},{"data":"Crippling Poison","floor":11,"key":"SMITH"},{"data":"Footwork","floor":13,"key":"SMITH"},{"data":"Footwork","floor":15,"key":"SMITH"}],"circlet_count":0,"master_deck":["AscendersBane","Strike_G","Strike_G","Strike_G","Strike_G","Defend_G","Defend_G","Defend_G","Defend_G","Defend_G","Survivor","Neutralize","Enlightenment+1","Poisoned Stab","Footwork+1","Doubt","All Out Attack","Dagger Throw","Crippling Poison+1","Dagger Spray","PiercingWail","Footwork+1","Wraith Form v2","Slice+1","Blade Dance+1","PiercingWail"],"relics":["Ring of the Snake","HornCleat","Eternal Feather","SlaversCollar","Strange Spoon"],"acts_visited":["Exordium","TheCity"],"potions_floor_usage":[8,10,16,16,19,22],"damage_taken":[{"damage":0,"enemies":"2 Louse","floor":1,"turns":4},{"damage":2,"enemies":"Jaw Worm","floor":2,"turns":6},{"damage":5,"enemies":"Small Slimes","floor":4,"turns":6},{"damage":10,"enemies":"3 Louse","floor":5,"turns":3},{"damage":22,"enemies":"Gremlin Nob","floor":8,"turns":4},{"damage":16,"enemies":"Lagavulin","floor":10,"turns":7},{"damage":0,"enemies":"Large Slime","floor":12,"turns":4},{"damage":1,"enemies":"Exordium Wildlife","floor":14,"turns":4},{"damage":20,"enemies":"The Guardian","floor":16,"turns":17},{"damage":21,"enemies":"2 Thieves","floor":18,"turns":5},{"damage":28,"enemies":"3 Byrds","floor":19,"turns":6},{"damage":17,"enemies":"Centurion and Healer","floor":22,"turns":5}],"seed_played":"6910255173145817801","potions_obtained":[{"floor":1,"key":"Poison Potion"},{"floor":5,"key":"DistilledChaos"},{"floor":8,"key":"DuplicationPotion"},{"floor":10,"key":"Weak Potion"},{"floor":18,"key":"AttackPotion"},{"floor":19,"key":"Fire Potion"}],"is_trial":false,"path_per_floor":["M","M","?","M","M","R","?","E","T","E","R","M","R","M","R","B",null,"M","M","$","?","M"],"character_chosen":"THE_SILENT","items_purchased":["PiercingWail","LiquidBronze","Strange Spoon"],"campfire_rested":0,"item_purchase_floors":[20,20,20],"current_hp_per_floor":[59,57,57,52,42,42,58,36,36,20,32,32,44,43,55,35,58,37,9,9,9,0,0],"gold":122,"neow_bonus":"RANDOM_COLORLESS","is_daily":false,"chose_seed":false,"campfire_upgraded":4,"win_rate":0.0,"timestamp":1608944962,"path_taken":["M","M","?","M","M","R","?","E","T","E","R","M","R","M","R","BOSS","M","M","$","?","M"],"items_purchased_type":["Card","Potion","Relic"],"build_version":"2020-12-22","purchased_purges":1,"victory":false,"max_hp_per_floor":[66,66,66,66,66,66,66,66,66,66,66,66,66,66,66,66,66,66,66,66,66,66,66],"card_choices":[{"not_picked":["Panacea","PanicButton"],"picked":"Enlightenment","floor":0},{"not_picked":["Dagger Throw","PiercingWail"],"picked":"Poisoned Stab","floor":1},{"not_picked":["Poisoned Stab","Outmaneuver"],"picked":"Footwork","floor":2},{"not_picked":["Blade Dance","Flechettes"],"picked":"All Out Attack","floor":4},{"not_picked":["Prepared","Heel Hook"],"picked":"Dagger Throw","floor":5},{"not_picked":["Backflip","Quick Slash"],"picked":"Crippling Poison","floor":8},{"not_picked":["Cloak And Dagger","Tactician"],"picked":"Dagger Spray","floor":10},{"not_picked":["Choke","Prepared"],"picked":"PiercingWail","floor":12},{"not_picked":["Predator","Poisoned Stab"],"picked":"Footwork","floor":14},{"not_picked":["Doppelganger","Envenom"],"picked":"Wraith Form v2","floor":16},{"not_picked":["Outmaneuver+1","Cloak And Dagger"],"picked":"Slice+1","floor":18},{"not_picked":["Bane","Dodge and Roll"],"picked":"Blade Dance+1","floor":19}],"player_experience":434973,"relics_obtained":[{"floor":9,"key":"HornCleat"},{"floor":10,"key":"Eternal Feather"}],"event_choices":[{"damage_healed":0,"gold_gain":150,"player_choice":"AGREE","damage_taken":0,"max_hp_gain":0,"max_hp_loss":0,"event_name":"Liars Game","floor":3,"gold_loss":0,"cards_obtained":["Doubt"]},{"damage_healed":16,"gold_gain":0,"player_choice":"Healed","damage_taken":0,"max_hp_gain":0,"max_hp_loss":0,"event_name":"The Cleric","floor":7,"gold_loss":35},{"damage_healed":0,"gold_gain":50,"player_choice":"Stole From Cult","damage_taken":0,"max_hp_gain":0,"max_hp_loss":0,"event_name":"Nest","floor":21,"gold_loss":0}],"is_beta":false,"boss_relics":[{"not_picked":["Runic Dome","Fusion Hammer"],"picked":"SlaversCollar"}],"items_purged_floors":[20],"is_endless":false,"potions_floor_spawned":[1,5,8,10,14,18,19],"killed_by":"Centurion and Healer","ascension_level":20}}