{"host":"9d83omykrosjn1d3","time":1608980927,"event":{"mods":["AchievementEnabler","BaseMod","BetterRewards","Card Forge","Downfall","Hubris","Minty Spire (QoL Compilation)","Permanent Neow","Shop Mod","StSLib","SuperFastMode","The Construct"],"gold_per_floor":[112,130,142,142,161,196,196,228,302,336,336,411,411,439,439,541,541,557,336,347,347,357,382,382,401,401,420,455,455,473,489,489,603,603,621,621,641,670,670,670,324,351,374,374,406,132,164,175,175,175,175,175,25,59,59,59],"floor_reached":55,"playtime":3511,"items_purged":[],"score":1544,"play_id":"0556b572-60b8-4797-891a-b1a46d717cbf","local_time":"20201226200847","is_ascension_mode":true,"campfire_choices":[{"data":"construct:Hazardproof+1","floor":11,"key":"SMITH"},{"floor":13,"key":"REST"},{"floor":15,"key":"RECALL"},{"floor":24,"key":"REST"},{"floor":29,"key":"REST"},{"floor":32,"key":"REST"}],"circlet_count":0,"master_deck":["construct:Hazardproof+2","Creative AI+1","Genetic Algorithm+1","Blizzard+1","Capacitor+1","Biased Cognition+1","Glacier+1","Heatsinks+1","Heatsinks+1","Amplify+1","Defragment+1","Defragment+1","Meteor Strike+1","Defragment+1","Recycle+1","hubris:DoWhile+1"],"relics":["Hammer of Thor","Seething Fire","Anvil of the Gods","hubris:VirtuousBlindfold","Molten Egg 2","Toxic Egg 2","Frozen Egg 2","construct:ClockworkPhoenix","CaptainsWheel","hubris:DeckOfHolding","hubris:OldNail","Emotion Chip","Inserter","MerchantsRug","hubris:SlimyHat","hubris:BottledHeart","CeramicFish","TungstenRod","Centennial Puzzle","Coffee Dripper","hubris:Towel","hubris:CrystalStatue","Ancient Tea Set","Lantern","Omamori","hubris:Icosahedron","hubris:TenFootPole","Membership Card","Cables","hubris:SoftwareUpdate","Strawberry","Lee\u0027s Waffle","hubris:ToyBattleship"],"acts_visited":["Exordium","TheCity","TheBeyond","TheEnding"],"potions_floor_usage":[55],"damage_taken":[{"damage":7,"enemies":"2 Louse","floor":1,"turns":4},{"damage":1,"enemies":"Cultist","floor":2,"turns":3},{"damage":4,"enemies":"Jaw Worm","floor":3,"turns":3},{"damage":6,"enemies":"Looter","floor":5,"turns":5},{"damage":37,"enemies":"Gremlin Nob","floor":6,"turns":4},{"damage":0,"enemies":"Lagavulin","floor":8,"turns":7},{"damage":1,"enemies":"3 Sentries","floor":10,"turns":5},{"damage":0,"enemies":"Gremlin Nob","floor":14,"turns":7},{"damage":0,"enemies":"The Guardian","floor":16,"turns":11},{"damage":7,"enemies":"Shell Parasite","floor":18,"turns":9},{"damage":0,"enemies":"Spheric Guardian","floor":20,"turns":12},{"damage":0,"enemies":"Snake Plant","floor":22,"turns":8},{"damage":0,"enemies":"Book of Stabbing","floor":23,"turns":9},{"damage":0,"enemies":"Snecko","floor":25,"turns":8},{"damage":0,"enemies":"Shelled Parasite and Fungi","floor":27,"turns":6},{"damage":0,"enemies":"Slavers","floor":28,"turns":15},{"damage":0,"enemies":"3 Cultists","floor":30,"turns":6},{"damage":0,"enemies":"Centurion and Healer","floor":31,"turns":9},{"damage":0,"enemies":"hubris:MusketHawk","floor":33,"turns":9},{"damage":0,"enemies":"3 Shapes","floor":35,"turns":6},{"damage":0,"enemies":"3 Darklings","floor":37,"turns":6},{"damage":0,"enemies":"Spire Growth","floor":38,"turns":8},{"damage":0,"enemies":"Giant Head","floor":42,"turns":11},{"damage":0,"enemies":"Reptomancer","floor":45,"turns":7},{"damage":0,"enemies":"Nemesis","floor":47,"turns":5},{"damage":0,"enemies":"Transient","floor":48,"turns":5},{"damage":0,"enemies":"hubris:GrandSnecko","floor":50,"turns":10},{"damage":0,"enemies":"Shield and Spear","floor":54,"turns":7},{"damage":1,"enemies":"The Heart","floor":55,"turns":8}],"seed_played":"-3359977075311085864","potions_obtained":[{"floor":3,"key":"BlessingOfTheForge"},{"floor":6,"key":"hexamod:EctoCoolerPotion"},{"floor":8,"key":"EntropicBrew"},{"floor":16,"key":"Energy Potion"},{"floor":25,"key":"PowerPotion"},{"floor":27,"key":"Energy Potion"},{"floor":28,"key":"Strength Potion"},{"floor":45,"key":"Energy Potion"},{"floor":47,"key":"Strength Potion"},{"floor":48,"key":"Guardian:BlockOnCardUsePotion"}],"is_trial":false,"path_per_floor":["M","M","M","?","M","E","?","E","T","E","R","?","R","E","R","B",null,"M","$","M","?","M","E","R","M","T","M","E","R","M","M","R","B",null,"M","?","M","M","?","R","$","E","T","?","E","$","E","M","R","B",null,"R","$","E","B"],"character_chosen":"DEFECT","items_purchased":["MerchantsRug","hubris:SlimyHat","hubris:CrystalStatue","Ancient Tea Set","Membership Card","Cables","Strawberry","Lee\u0027s Waffle"],"campfire_rested":4,"item_purchase_floors":[19,19,41,41,46,46,53,53],"current_hp_per_floor":[68,67,63,63,57,20,23,23,23,22,22,11,34,34,34,34,67,60,60,60,1,1,1,1,1,1,1,1,1,1,1,1,1,1,1,1,1,1,1,1,1,1,1,1,1,1,1,1,1,1,1,1,1,1,0,0],"gold":59,"neow_bonus":"BOSS_RELIC","is_daily":false,"chose_seed":false,"campfire_upgraded":1,"win_rate":0.0,"timestamp":1608980927,"path_taken":["M","M","M","?","?","E","?","E","T","E","R","?","R","E","R","BOSS","M","$","M","?","M","E","R","M","T","M","E","R","M","M","R","BOSS","M","?","M","M","?","R","$","E","T","?","E","$","E","M","R","BOSS","R","$","E","BOSS"],"items_purchased_type":["Relic","Relic","Relic","Relic","Relic","Relic","Relic","Relic"],"build_version":"2020-12-22","purchased_purges":0,"victory":false,"max_hp_per_floor":[75,75,75,75,75,75,78,78,78,78,78,78,78,78,78,78,78,78,78,78,1,1,1,1,1,1,1,1,1,1,1,1,1,1,1,1,1,1,1,1,1,1,1,1,1,1,1,1,1,1,1,1,1,1,1,1],"card_choices":[{"not_picked":["Steam+1","hubris:Ukulele+1","Cold Snap+1"],"picked":"SKIP","floor":1},{"not_picked":["Barrage+1","Streamline+1","Ball Lightning+1"],"picked":"SKIP","floor":2},{"not_picked":["Doom and Gloom+1","Reprogram+1","Ball Lightning+1"],"picked":"SKIP","floor":3},{"not_picked":["Streamline+1","White Noise+1"],"picked":"Genetic Algorithm+1","floor":5},{"not_picked":["Doom and Gloom+1","Cold Snap+1"],"picked":"Blizzard+1","floor":6},{"not_picked":["Sweeping Beam+1","Tempest+1"],"picked":"Heatsinks+1","floor":8},{"not_picked":["Tempest+1","Barrage+1"],"picked":"Heatsinks+1","floor":10},{"not_picked":["Core Surge+1","Doom and Gloom+1","Tempest+1"],"picked":"SKIP","floor":14},{"not_picked":["Creative AI+1","Core Surge+1"],"picked":"Amplify+1","floor":16},{"not_picked":["Genetic Algorithm+1","Static Discharge+1","Turbo+1"],"picked":"SKIP","floor":18},{"not_picked":["Hologram+1","Barrage+1"],"picked":"Defragment+1","floor":20},{"not_picked":["Leap+1","Heatsinks+1"],"picked":"Defragment+1","floor":22},{"not_picked":["Coolheaded+1","Thunder Strike+1","Fission+1"],"picked":"SKIP","floor":23},{"not_picked":["Compile Driver+1","Sweeping Beam+1","Rip and Tear+1"],"picked":"SKIP","floor":25},{"not_picked":["Reinforced Body+1","Cold Snap+1","Streamline+1"],"picked":"SKIP","floor":27},{"not_picked":["Genetic Algorithm+1","Sweeping Beam+1","FTL+1"],"picked":"SKIP","floor":28},{"not_picked":["Melter+1","Lockon+1","Rebound+1"],"picked":"SKIP","floor":30},{"not_picked":["Beam Cell+1","Sweeping Beam+1","Hello World+1"],"picked":"SKIP","floor":31},{"not_picked":["Thunder Strike+1","Buffer+1"],"picked":"Meteor Strike+1","floor":33},{"not_picked":["Redo+1","Go for the Eyes+1","Streamline+1"],"picked":"SKIP","floor":35},{"not_picked":["Streamline+1","Hello World+1","Turbo+1"],"picked":"SKIP","floor":37},{"not_picked":["Barrage+1","Leap+1"],"picked":"Defragment+1","floor":38},{"not_picked":["Rebound+1","Self Repair+1","Leap+1"],"picked":"SKIP","floor":42},{"not_picked":["Stack+1","Buffer+1","Multi-Cast+1"],"picked":"SKIP","floor":45},{"not_picked":["Fusion+1","Coolheaded+1","Hologram+1"],"picked":"SKIP","floor":47},{"not_picked":["Auto Shields+1","Blizzard+1","Beam Cell+1"],"picked":"SKIP","floor":48},{"not_picked":["Chill+1","Turbo+1"],"picked":"hubris:DoWhile+1","floor":54}],"player_experience":669500,"relics_obtained":[{"floor":6,"key":"CaptainsWheel"},{"floor":8,"key":"hubris:DeckOfHolding"},{"floor":10,"key":"hubris:OldNail"},{"floor":14,"key":"Emotion Chip"},{"floor":23,"key":"CeramicFish"},{"floor":26,"key":"TungstenRod"},{"floor":28,"key":"Centennial Puzzle"},{"floor":42,"key":"Lantern"},{"floor":43,"key":"Omamori"},{"floor":45,"key":"hubris:TenFootPole"},{"floor":47,"key":"hubris:SoftwareUpdate"},{"floor":54,"key":"hubris:ToyBattleship"}],"event_choices":[{"damage_healed":0,"gold_gain":0,"cards_transformed":["Strike_B"],"player_choice":"Transformed","damage_taken":0,"max_hp_gain":0,"max_hp_loss":0,"event_name":"Transmorgrifier","floor":4,"gold_loss":0,"cards_obtained":["Sweeping Beam"]},{"damage_healed":0,"gold_gain":75,"player_choice":"Gather Gold","damage_taken":11,"max_hp_gain":0,"max_hp_loss":0,"event_name":"World of Goop","floor":12,"gold_loss":0},{"damage_healed":0,"gold_gain":0,"player_choice":"Ignored","damage_taken":0,"max_hp_gain":0,"max_hp_loss":0,"event_name":"Tomb of Lord Red Mask","floor":36,"gold_loss":0}],"is_beta":false,"boss_relics":[{"not_picked":["Pandora\u0027s Box","SacredBark"],"picked":"Inserter"},{"not_picked":["Fusion Hammer","hubris:GrandSneckoEye"],"picked":"Coffee Dripper"}],"items_purged_floors":[],"is_endless":false,"potions_floor_spawned":[3,6,8,16,18,25,27,28,37,38,45,47,48,54],"killed_by":"The Heart","ascension_level":5}}