{"host":"pa65g39v0cwbmgvo","time":1608985455,"event":{"mods":["BaseMod","Better Skull","Better Third Choice","BetterRewards","Minty Spire (QoL Compilation)","Quick Restart","Replay The Spire","Spicy Shops","StSLib","SuperFastMode","¡¾ÒÅÎï¿¨ÅÆ¡¿REMEMod"],"gold_per_floor":[112,112,7,23,33,33,56,83,83,115,115,132,132,159,159,262,262,277,277,295,307,51,83,83,109,133,133,133],"floor_reached":27,"playtime":1357,"items_purged":["Strike_R","Strike_R"],"score":414,"play_id":"862b44da-e1e8-45fa-ad58-f667625f025d","local_time":"20201226202415","is_ascension_mode":true,"campfire_choices":[{"data":"Searing Blow","floor":6.0,"key":"SMITH"},{"data":"Searing Blow+1","floor":13,"key":"SMITH"},{"data":"Searing Blow+2","floor":15,"key":"SMITH"},{"floor":24,"key":"REST"}],"circlet_count":0,"master_deck":["Strike_R","Strike_R","Defend_R","Defend_R","Defend_R","Defend_R","Bash","Searing Blow+3","SandsOfTime","Shrug It Off+1","REME_Cut+1","Burning Pact+1","Spot Weakness+1","Flash of Steel","Limit Break+1"],"relics":["Burning Blood","REME_ComplimentaryCards","Replay:Accelerometer","Pondfish Scales","Paper Frog","Toxic Egg 2","Frozen Egg 2","Replay:Bottled Flurry","Onion Ring","REME_LimitBreaker","REME_LowDesire","ReplayTheSpireMod:TigerMarble","Bag of Marbles","Nunchaku","HornCleat","Replay:Wax Seal","ReplayTheSpireMod:Lightbulb"],"acts_visited":["Exordium","TheCity"],"potions_floor_usage":[14,14,14,14,16,18,23],"damage_taken":[{"damage":2.0,"enemies":"2 Louse","floor":1.0,"turns":2.0},{"damage":6.0,"enemies":"Cultist","floor":4.0,"turns":3.0},{"damage":6.0,"enemies":"Jaw Worm","floor":5.0,"turns":4.0},{"damage":24,"enemies":"3 Sentries","floor":8,"turns":13},{"damage":10,"enemies":"Lagavulin","floor":10,"turns":7},{"damage":11,"enemies":"Lots of Slimes","floor":12,"turns":6},{"damage":5,"enemies":"Gremlin Nob","floor":14,"turns":3},{"damage":43,"enemies":"Fading Forest","floor":16,"turns":11},{"damage":6,"enemies":"Spheric Guardian","floor":18,"turns":4},{"damage":10,"enemies":"Shell Parasite","floor":20,"turns":4},{"damage":8,"enemies":"Snecko","floor":21,"turns":3},{"damage":55,"enemies":"Gremlin Leader","floor":23,"turns":5},{"damage":44,"enemies":"Slavers","floor":25,"turns":6},{"damage":17,"enemies":"Gremlin Leader","floor":27,"turns":4}],"seed_played":"7386870393997884179","potions_obtained":[{"floor":4.0,"key":"Elixir"},{"floor":10,"key":"Regen Potion"},{"floor":11,"key":"ColorlessPotion"},{"floor":11,"key":"EntropicBrew"},{"floor":20,"key":"Fire Potion"},{"floor":23,"key":"SteroidPotion"}],"is_trial":false,"path_per_floor":["M","?","?","M","M","R","T","E","T","E","?","M","R","E","R","B",null,"M","?","M","M","$","E","R","E","T","E"],"character_chosen":"IRONCLAD","items_purchased":["Replay:Accelerometer","Paper Frog","Searing Blow","Nunchaku"],"campfire_rested":1,"item_purchase_floors":[0,0,0,22],"current_hp_per_floor":[80,73,73,73,73,73,73,55,55,51,51,46,46,52,52,25,80,80,80,76,74,74,25,49,11,11,0,0],"gold":133,"neow_bonus":"","is_daily":false,"chose_seed":false,"campfire_upgraded":3,"win_rate":0.0,"timestamp":1608985455,"path_taken":["M","?","?","M","?","R","?","E","T","E","?","?","R","E","R","BOSS","M","?","M","?","$","E","R","E","T","E"],"items_purchased_type":["Relic","Relic","Card","Relic"],"build_version":"2020-12-22","purchased_purges":2,"victory":false,"max_hp_per_floor":[80,80,80,80,80,80,80,80,80,80,80,80,80,80,80,80,80,80,80,80,80,80,80,80,80,80,80,80],"card_choices":[{"not_picked":["Life Link","Cleave","Bloodletting"],"picked":"SKIP","floor":1.0},{"not_picked":["Replay:Undeath\u0027s Touch","Run Through"],"picked":"Shrug It Off+1","floor":4.0},{"not_picked":["Clash","Sever Soul","Cleave"],"picked":"SKIP","floor":5.0},{"not_picked":["Clash","Whirlwind"],"picked":"REME_Cut+1","floor":8},{"not_picked":["Flame Barrier+1","Blood for Blood"],"picked":"Burning Pact+1","floor":10},{"not_picked":["Twin Strike","Body Slam"],"picked":"Spot Weakness+1","floor":12},{"not_picked":["Immolate","Clash","Flex+1"],"picked":"SKIP","floor":14},{"not_picked":["True Grit+1","Wild Strike+1","Iron Wave","Replay:Sssssssssstrike"],"picked":"SKIP","floor":18},{"not_picked":["Wild Strike","Cleave","Body Slam","Transmutation+1"],"picked":"SKIP","floor":20},{"not_picked":["Havoc+1","Feel No Pain+1","Pommel Strike","ReplayTheSpireMod:Trickstab+1"],"picked":"SKIP","floor":21},{"not_picked":["Clash+1","Anger+1","Whirlwind"],"picked":"Flash of Steel","floor":23},{"not_picked":["REME_Scribble+1","Bloodletting+1","ReplayTheSpireMod:Necrogeddon"],"picked":"Limit Break+1","floor":25}],"player_experience":40637,"relics_obtained":[{"floor":8,"key":"Frozen Egg 2"},{"floor":9,"key":"Replay:Bottled Flurry"},{"floor":10,"key":"Onion Ring"},{"floor":14,"key":"REME_LimitBreaker"},{"floor":17,"key":"ReplayTheSpireMod:TigerMarble"},{"floor":17,"key":"Bag of Marbles"},{"floor":23,"key":"HornCleat"},{"floor":25,"key":"Replay:Wax Seal"},{"floor":26,"key":"ReplayTheSpireMod:Lightbulb"}],"event_choices":[{"cards_removed":["Strike_R"],"damage_healed":0.0,"max_hp_gain":0.0,"max_hp_loss":0.0,"gold_gain":0.0,"event_name":"Golden Wing","player_choice":"Card Removal","floor":2.0,"gold_loss":0.0,"damage_taken":7.0},{"damage_healed":0.0,"max_hp_gain":0.0,"max_hp_loss":0.0,"gold_gain":0.0,"event_name":"WeMeetAgain","player_choice":"Paid Gold","floor":3.0,"gold_loss":105.0,"damage_taken":0.0,"relics_obtained":["Toxic Egg 2"]},{"damage_healed":0,"gold_gain":0,"player_choice":"Got Potions","damage_taken":0,"max_hp_gain":0,"max_hp_loss":0,"event_name":"Lab","floor":11,"gold_loss":0},{"damage_healed":0,"gold_gain":0,"player_choice":"Ignored","damage_taken":0,"max_hp_gain":0,"max_hp_loss":0,"event_name":"N\u0027loth","floor":19,"gold_loss":0}],"is_beta":false,"boss_relics":[{"not_picked":["Kintsugi","Ooze Armor"],"picked":"REME_LowDesire"}],"items_purged_floors":[0,22],"is_endless":false,"potions_floor_spawned":[4,10,12,20,23],"killed_by":"Gremlin Leader","ascension_level":1}}