{"host":"3yynf0dn84873kbr","time":1608957753,"event":{"mods":["Act Like it!","BaseMod","CapriCore","Minty Spire (QoL Compilation)","Pale of the Ancients","StSLib","The Alterego","The Gatherer","Yakumo Yukari mod","[IsaacMod]ÒÔÈö¼âËþ"],"gold_per_floor":[130,205,205,170,181,181,210,210,210,210,210,237,166,185,185,284,284,301,311,311,258,258,287,304,304,356,356,368,368,380,426,426,526,526,541,541,554,554,554],"floor_reached":38,"playtime":1427,"items_purged":[],"score":425,"play_id":"74410e54-65c4-4ff9-9067-cf494b3b2a21","local_time":"20201226124233","is_ascension_mode":false,"campfire_choices":[{"data":"Charmbait_purple","floor":6.0,"key":"SMITH"},{"data":"SfantasyHide_purple","floor":8.0,"key":"SMITH"},{"floor":10.0,"key":"REST"},{"data":"Bait_HighSpeedFlying_purple","floor":15.0,"key":"SMITH"},{"floor":25.0,"key":"REST"},{"data":"LoveAcrossDimensions_purple","floor":27.0,"key":"SMITH"},{"floor":29.0,"key":"REST"},{"data":"WangLiang_OokamiKakushi_purple","floor":32.0,"key":"SMITH"}],"circlet_count":0,"master_deck":["AT_purpleEX+1","AT_purpleEX+1","AT_purpleEX+1","Defend_purpleEX+1","Defend_purpleEX+1","Defend_purpleEX+1","Observe_purple_1","Observe_purple_2","Charmbait_purple+1","WorldDissolvedintheRealm_purple","SfantasyHide_purple+1","ButterflyHabitatTemple_purple","Bait_HighSpeedFlying_purple+1","LoveAcrossDimensions_purple+1","Fancifulhole_purple","Mirror_FormAndEmptin_purple","DarkRealmRedLine_purple","DimensionStaggered_purple","WangLiang_OokamiKakushi_purple+1","Theboundaryofcreation_purpleEX","RealityDreamConfluencek_purple+1","ContainerChange_purple+1","MNeedle_purple+1","Line_surface_state_purple+1"],"relics":["Boundary_crack","Memoryfragments_purpleEX","HushsDoor","KeepersGift","PreservedInsect","Dead Branch","Question Card","MoneyPower","SlaversCollar","BookOfRevelations","Nunchaku","Regal Pillow","Astrolabe","Boot"],"acts_visited":["Exordium","TheCity","TheBeyond"],"potions_floor_usage":[],"damage_taken":[{"damage":7.0,"enemies":"Cultist","floor":1.0,"turns":5.0},{"damage":0.0,"enemies":"Small Slimes","floor":5.0,"turns":3.0},{"damage":27.0,"enemies":"Gremlin Nob","floor":7.0,"turns":3.0},{"damage":19.0,"enemies":"3 Sentries","floor":12.0,"turns":4.0},{"damage":0.0,"enemies":"Jaw Worm","floor":14.0,"turns":1.0},{"damage":10.0,"enemies":"Hexaghost","floor":16.0,"turns":7.0},{"damage":30.0,"enemies":"3 Byrds","floor":18.0,"turns":5.0},{"damage":7.0,"enemies":"2 Thieves","floor":19.0,"turns":2.0},{"damage":35.0,"enemies":"Slavers","floor":23.0,"turns":2.0},{"damage":10.0,"enemies":"Centurion and Healer","floor":24.0,"turns":4.0},{"damage":10.0,"enemies":"Cultist and Chosen","floor":28.0,"turns":3.0},{"damage":10.0,"enemies":"Chosen and Byrds","floor":30.0,"turns":5.0},{"damage":18.0,"enemies":"Champ","floor":33.0,"turns":4.0},{"damage":20,"enemies":"Orb Walker","floor":35,"turns":3},{"damage":12,"enemies":"3 Shapes","floor":37,"turns":4},{"damage":30,"enemies":"Writhing Mass","floor":38,"turns":3}],"seed_played":"2486273755482589682","potions_obtained":[{"floor":1.0,"key":"Fire Potion"},{"floor":5.0,"key":"FearPotion"},{"floor":16.0,"key":"Fire Potion"},{"floor":24.0,"key":"Regen Potion"},{"floor":33.0,"key":"SkillPotion"}],"is_trial":false,"path_per_floor":["M","?","?","$","M","R","E","R","T","R","?","E","$","M","R","B",null,"M","M","?","$","?","E","M","R","T","R","M","R","M","T","R","B",null,"M","?","M","M"],"character_chosen":"Youkari","items_purchased":["WorldDissolvedintheRealm_purple","Bait_HighSpeedFlying_purple","Mirror_FormAndEmptin_purple"],"campfire_rested":3,"item_purchase_floors":[4,13,21],"current_hp_per_floor":[64,53,53,53,54,54,27,27,27,48,53,34,34,34,34,24,75,50,43,43,43,43,8,7,29,29,29,19,41,31,31,31,25,75,57,42,30,0,0],"gold":554,"neow_bonus":"RANDOM_COMMON_RELIC","is_daily":false,"chose_seed":false,"campfire_upgraded":5,"win_rate":0.0,"timestamp":1608957753,"path_taken":["M","?","?","$","?","R","E","R","T","R","?","E","$","M","R","BOSS","M","?","?","$","?","E","M","R","T","R","M","R","M","?","R","BOSS","M","?","?","M"],"items_purchased_type":["Card","Card","Card"],"build_version":"2020-12-22","purchased_purges":0,"victory":false,"max_hp_per_floor":[70,70,70,70,70,70,70,70,70,70,75,75,75,75,75,75,75,75,75,75,75,75,75,75,75,75,75,75,75,75,75,75,75,75,75,75,75,75,75],"card_choices":[{"not_picked":["MeetDecomposer_purple","Nest_LightFlightworm_purple"],"picked":"Charmbait_purple","floor":1.0},{"not_picked":["Umbrella_purple","Charmbait_purple"],"picked":"Bomb","floor":5.0},{"not_picked":["Bomb","StretchesForeverDream_purple"],"picked":"SfantasyHide_purple","floor":7.0},{"not_picked":["MagicEyes_LaplaceDemon_purple","MeetDecomposer_purple","MonsterNeedle_purple"],"picked":"ButterflyHabitatTemple_purple","floor":12.0},{"not_picked":["Bait_Toxicbait_purple","SfantasyHide_purple","StateDuplicate_purple","AdvanceAttack_purple"],"picked":"SKIP","floor":14.0},{"not_picked":["Human_Monster_Realm_purple","WangLiang_LineAndCurveDreams_purple","UniverseChoice_purple"],"picked":"LoveAcrossDimensions_purple","floor":16.0},{"not_picked":["OmniscientAndOmnipotent_Monster_purple+1","SfantasyHide_purple","Worldmountain_purple"],"picked":"Charmbait_purple","floor":18.0},{"not_picked":["Worldmountain_purple+1","Umbrella_purple","ExternalForce_HighSpeedFlying_purple"],"picked":"Fancifulhole_purple","floor":19.0},{"not_picked":["Boundary_ObjectiveBoundary_purple","Fantasy_PerpetualMotionMachine_purple","Charmbait_purple"],"picked":"DimensionStaggered_purple","floor":23.0},{"not_picked":["Mirror_FormAndEmptin_purple","RuleDissolution_purple","StateErode_purple","Line_surface_state_purple+1"],"picked":"SKIP","floor":24.0},{"not_picked":["ButterflyHabitatTemple_purple","Mirror_FourBoundary_purple","OpenedBox_purple","StateErode_purple"],"picked":"SKIP","floor":28.0},{"not_picked":["OpenedBox_purple+1","Boundary_of_Extermination_purpleEX","Umbrella_purple+1"],"picked":"WangLiang_OokamiKakushi_purple","floor":30.0},{"not_picked":["BarrageBoundary_PipeDream_purple","ContainerChange_purple","UniverseChoice_purple"],"picked":"Theboundaryofcreation_purpleEX","floor":33.0},{"not_picked":["Charmbait_purple","CommonSense_AntiCommonSense_purple+1","StateDuplicate_purple+1"],"picked":"Line_surface_state_purple+1","floor":35},{"not_picked":["Line_surface_state_purple+1","MetroBOOM_purple+1","ExistenceContinue_purple","Umbrella_purple+1"],"picked":"SKIP","floor":37}],"player_experience":115034,"relics_obtained":[{"floor":7.0,"key":"Dead Branch"},{"floor":9.0,"key":"Question Card"},{"floor":12.0,"key":"MoneyPower"},{"floor":23.0,"key":"BookOfRevelations"},{"floor":26.0,"key":"Nunchaku"},{"floor":31.0,"key":"Regal Pillow"}],"event_choices":[{"damage_healed":0.0,"max_hp_gain":0.0,"max_hp_loss":0.0,"gold_gain":75.0,"event_name":"World of Goop","player_choice":"Gather Gold","floor":2.0,"gold_loss":0.0,"damage_taken":11.0},{"damage_healed":0.0,"max_hp_gain":0.0,"max_hp_loss":0.0,"gold_gain":0.0,"event_name":"Golden Wing","player_choice":"Ignored","floor":3.0,"gold_loss":0.0,"damage_taken":0.0},{"damage_healed":0.0,"max_hp_gain":0.0,"max_hp_loss":0.0,"gold_gain":0.0,"event_name":"Back to Basics","player_choice":"Simplicity","floor":20.0,"gold_loss":0.0,"damage_taken":0.0,"cards_upgraded":["AT_purpleEX","AT_purpleEX","AT_purpleEX","AT_purpleEX","Defend_purpleEX","Defend_purpleEX","Defend_purpleEX","Defend_purpleEX"]},{"damage_healed":0.0,"max_hp_gain":0.0,"max_hp_loss":0.0,"gold_gain":0.0,"event_name":"TheLibraryeventEX","player_choice":"Read","floor":22.0,"gold_loss":0.0,"damage_taken":0.0,"cards_obtained":["DarkRealmRedLine_purple"]}],"is_beta":false,"boss_relics":[{"not_picked":["Philosopher\u0027s Stone","Sozu"],"picked":"SlaversCollar"},{"not_picked":[]},{"not_picked":["Runic Dome","Fusion Hammer"],"picked":"Astrolabe"},{"not_picked":[]}],"items_purged_floors":[],"is_endless":false,"potions_floor_spawned":[1,5,16,23,24,33,35,37],"killed_by":"Writhing Mass","ascension_level":0}}