{"host":"2c1pg2m9wpz3w4c0","time":1608964729,"event":{"mods":["AchievementEnabler","Act Like it!","Aspiration","BaseMod","Better Note","BetterRewards","Disable Question Mark Monsters","Halation","Hubris","Infinite Spire","Lotus Mark","Marisa????????","Minty Spire (QoL Compilation)","Replay The Spire","StSLib","SuperFastMode","The Clintock","The Jungle","The Runesmith","Transform Curses"],"gold_per_floor":[112,123,123,123,134,134,151,168,168,185,197,142,142,154,154,257,357,373,423,435,446,507,507,507],"floor_reached":23,"playtime":1355,"items_purged":[],"score":314,"play_id":"a77b93ef-fe0c-4ac1-bc66-67d0e3f1b658","local_time":"20201225233849","is_ascension_mode":false,"campfire_choices":[{"floor":6.0,"key":"REST"},{"floor":15.0,"key":"REST"}],"circlet_count":0,"master_deck":["Strike_G","Strike_G","Strike_G","Strike_G","Strike_G","Defend_G","Defend_G","Defend_G","Defend_G","Defend_G","Survivor","Neutralize","ReplayTheSpireMod:Scrap Shanks","Cloak And Dagger","ReplayTheSpireMod:Scrap Shanks","Hidden Blade","Flying Knee","Madness","Infinite Blades","ReplayTheSpireMod:Scrap Shanks","Cloak And Dagger","Masterful Stab","Toxin Wave","Deflect","hubris:SlightOfHand","Sucker Punch","lotusMarks:Mark","Dodge and Roll","Storm of Steel","Blade Dance","Blade Dance","hubris:SlightOfHand","Dodge and Roll","Infinite Blades+1","Runesmith:Fortify","ReplayTheSpireMod:Shiv Toss","Replay:Bag of Tricks","Bullet Time","Dagger Throw","Hidden Blade+1","Acrobatics","Sneak Up","Prepared","Deflect","Tactician"],"relics":["Ring of the Snake","hubris:MobiusCoin","Prayer Wheel","halation:PinkSoulGem","ReplayTheSpireMod:Shallot"],"acts_visited":["Exordium","theJungle:Jungle"],"potions_floor_usage":[21],"damage_taken":[{"damage":1.0,"enemies":"Cultist","floor":1.0,"turns":4.0},{"damage":5.0,"enemies":"Small Slimes","floor":2.0,"turns":5.0},{"damage":2.0,"enemies":"Jaw Worm","floor":5.0,"turns":3.0},{"damage":12.0,"enemies":"2 Fungi Beasts","floor":7.0,"turns":3.0},{"damage":12.0,"enemies":"Exordium Thugs","floor":8.0,"turns":6.0},{"damage":1.0,"enemies":"3 Louse","floor":10.0,"turns":3.0},{"damage":4.0,"enemies":"Large Slime","floor":11.0,"turns":4.0},{"damage":0.0,"enemies":"Looter","floor":14.0,"turns":3.0},{"damage":18.0,"enemies":"Fading Forest","floor":16.0,"turns":11.0},{"damage":0.0,"enemies":"theJungle:Flameango_and_Byrd","floor":18.0,"turns":6.0},{"damage":4,"enemies":"theJungle:5_Spyders","floor":20,"turns":9},{"damage":19,"enemies":"theJungle:JungleHuntersEncounter","floor":21,"turns":8},{"damage":21,"enemies":"theJungle:SlimyTreeVines","floor":22,"turns":11},{"damage":30,"enemies":"Nightmare","floor":23,"turns":4}],"seed_played":"-3642997303974960318","potions_obtained":[{"floor":2.0,"key":"Ancient Potion"},{"floor":10.0,"key":"Reflective Coating"},{"floor":16.0,"key":"LiquidMemories"},{"floor":20,"key":"Flashbang"}],"is_trial":false,"path_per_floor":["M","M","?","?","M","R","M","M","T","M","M","$","?","M","R","B",null,"M","?","M","M","M","NM"],"character_chosen":"THE_SILENT","items_purchased":["hubris:MobiusCoin","ReplayTheSpireMod:Scrap Shanks","Cloak And Dagger","ReplayTheSpireMod:Scrap Shanks","Hidden Blade","Flying Knee","Madness","ColorlessPotion","Infinite Blades+1"],"campfire_rested":2,"item_purchase_floors":[0,0,0,0,0,0,0,0,12],"current_hp_per_floor":[48,43,43,43,41,62,50,38,38,37,33,33,33,33,54,36,70,70,61,57,38,23,0,0],"gold":507,"neow_bonus":"","is_daily":false,"chose_seed":false,"campfire_upgraded":0,"win_rate":0.0,"timestamp":1608964729,"path_taken":["M","M","?","?","M","R","M","M","T","M","?","?","?","M","R","BOSS","M","?","M","?","M","NM"],"items_purchased_type":["Relic","Card","Card","Card","Card","Card","Card","Potion","Card"],"build_version":"2020-12-22","purchased_purges":0,"victory":false,"max_hp_per_floor":[70,70,70,70,70,70,70,70,70,70,70,70,70,70,70,70,70,70,70,70,70,70,70,70],"card_choices":[{"not_picked":["PiercingWail","Crippling Poison"],"picked":"Infinite Blades","floor":1.0},{"not_picked":["ReplayTheSpireMod:Tripwire","Acrobatics"],"picked":"ReplayTheSpireMod:Scrap Shanks","floor":1.0},{"not_picked":["Sucker Punch","Backflip"],"picked":"Cloak And Dagger","floor":2.0},{"not_picked":["Fluid Movement","Bouncing Flask"],"picked":"Masterful Stab","floor":2.0},{"not_picked":["Choke","Quick Slash"],"picked":"Deflect","floor":5.0},{"not_picked":["lotusMarks:LotusSlash","lotusMarks:SkilledExecution"],"picked":"hubris:SlightOfHand","floor":5.0},{"not_picked":["Hidden Blade","Underhanded Strike"],"picked":"Sucker Punch","floor":7.0},{"not_picked":["Slice","Quick Slash"],"picked":"lotusMarks:Mark","floor":7.0},{"not_picked":["Leg Sweep","lotusMarks:LotusSlash"],"picked":"Dodge and Roll","floor":8.0},{"not_picked":["Blade Dance","Deflect"],"picked":"Storm of Steel","floor":8.0},{"not_picked":["Outmaneuver","Backflip"],"picked":"Blade Dance","floor":10.0},{"not_picked":["Slice","lotusMarks:LotusChain"],"picked":"Blade Dance","floor":10.0},{"not_picked":["lotusMarks:Mark","lotusMarks:OnTheHunt"],"picked":"hubris:SlightOfHand","floor":11.0},{"not_picked":["lotusMarks:LotusSlash","Underhanded Strike"],"picked":"Dodge and Roll","floor":11.0},{"not_picked":["Infinite Blades","Poisoned Stab"],"picked":"ReplayTheSpireMod:Shiv Toss","floor":14.0},{"not_picked":["Noxious Fumes","PiercingWail"],"picked":"Replay:Bag of Tricks","floor":14.0},{"not_picked":["Poison Darts","Corpse Explosion"],"picked":"Bullet Time","floor":16.0},{"not_picked":["Dodge and Roll","Flying Knee"],"picked":"Dagger Throw","floor":18.0},{"not_picked":["lotusMarks:OnTheHunt","Quick Slash","lotusMarks:SeasonOfFire"],"picked":"SKIP","floor":18.0},{"not_picked":["Quick Slash","Poisoned Stab"],"picked":"Hidden Blade+1","floor":20},{"not_picked":["Flying Knee","Replay:Poison Smokescreen"],"picked":"Acrobatics","floor":20},{"not_picked":["lotusMarks:LotusSlash+1","Atom Bomb"],"picked":"Sneak Up","floor":21},{"not_picked":["Slice","lotusMarks:LotusStrike"],"picked":"Prepared","floor":21},{"not_picked":["Masterful Stab","Dagger Throw"],"picked":"Deflect","floor":22},{"not_picked":["Backflip+1","hubris:SlightOfHand"],"picked":"Tactician","floor":22}],"player_experience":1129921,"relics_obtained":[{"floor":9.0,"key":"ReplayTheSpireMod:Shallot"}],"event_choices":[{"damage_healed":0.0,"max_hp_gain":0.0,"max_hp_loss":0.0,"gold_gain":0.0,"event_name":"Match and Keep!","player_choice":"1 cards matched","floor":4.0,"gold_loss":0.0,"damage_taken":0.0,"cards_obtained":["Toxin Wave"]},{"cards_removed":["Madness"],"damage_healed":0.0,"max_hp_gain":0.0,"max_hp_loss":0.0,"gold_gain":0.0,"event_name":"betterNote:BetterNote","player_choice":"Take \u0026 Give","floor":13.0,"gold_loss":0.0,"damage_taken":0.0,"cards_obtained":["Runesmith:Fortify"]}],"is_beta":false,"boss_relics":[{"not_picked":["Empty Cage","hubris:GrandSneckoEye","hubris:TerracottaHorce"]}],"items_purged_floors":[],"is_endless":false,"potions_floor_spawned":[2,10,16,20],"killed_by":"Nightmare","ascension_level":0}}