{"host":"yd9r7zy2pq4z3cad","time":1608975537,"event":{"mods":["AchievementEnabler","Act Like it!","Astrologer","BaseMod","Beaked The Cultist","Better Third Choice","BetterRewards","Colored Map","Colored Powertips","Conspire","Curses Come First","Displayed Cursed Tome","Downfall","Elementarium","GifTheSpireLib","Halation","Hallownest","Hermit","Highlight Path","Hubris","Infinite Spire","Jorbs\u0027s Wanderer Trilogy","Menagerie","Minty Spire (QoL Compilation)","Pale of the Ancients","Permanent Neow","Rare Cards Sparkle","Relic Sorter","Relic Stats","Replay The Spire","Shade Mod","StSLib","Stuff the Spire","The Alterego","The Blackbeard","The Bladedancer","The Bug Knight","The Cursed","The Dragon Tamer","The Exalted","The Factory","The Forsaken","The Gatherer","The Hierophant","The Jungle","The Mystic","The Necromancer","The Problem Sleuth","The Runesmith","The Servant 0.9.4","The Spell Scribe","vexMod"],"gold_per_floor":[113,126,51,51,51,51,94,108,108,127,27,27,62,87,87,207,207,226,226,241,257,271,305,324,324,324],"floor_reached":25,"playtime":589,"items_purged":["hermit:Strike_Hermit","hermit:Strike_Hermit","hermit:Defend_Hermit"],"score":385,"play_id":"c03029a9-b839-43df-aa64-0ca447618d83","local_time":"20201226143857","is_ascension_mode":false,"campfire_choices":[{"floor":6,"key":"REST"},{"data":"hermit:Quickdraw","floor":12,"key":"SMITH"},{"data":"hermit:Defend_Hermit","floor":15,"key":"PURGE"}],"circlet_count":0,"master_deck":["hubris:InfiniteBlow+1350","hermit:Strike_Hermit","hermit:Strike_Hermit","hermit:Defend_Hermit","hermit:Defend_Hermit","hermit:Snapshot","hermit:Covet","hermit:Quickdraw+1","hermit:Dive","hermit:Determination","hermit:TrackingShot","hermit:Quickdraw","hermit:EyeOfTheStorm","hermit:Glare+1"],"relics":["hermit:Momento","Golden Idol","Menagerie:ShiftingBlessing","Bromod:ArcaneConsequence","Golden Egg","theForsaken:ScaryMask","vexMod:MysteryBossChallenge","hermit:BartenderGlass","Honey Jar","Anchor","halation:PrussianBluePaint"],"acts_visited":["Menagerie:Menagerie","TheCity"],"potions_floor_usage":[8],"damage_taken":[{"damage":0,"enemies":"Menagerie:MonstrousExperiment","floor":1,"turns":1},{"damage":0,"enemies":"Menagerie:StygianBoar","floor":2,"turns":2},{"damage":0,"enemies":"Menagerie:Hydra","floor":7,"turns":1},{"damage":0,"enemies":"Menagerie:WhisperingWraith","floor":8,"turns":1},{"damage":0,"enemies":"Menagerie:RedMage","floor":10,"turns":2},{"damage":0,"enemies":"Menagerie:VoidReaper","floor":13,"turns":2},{"damage":0,"enemies":"Menagerie:Hexasnake","floor":14,"turns":1},{"damage":0,"enemies":"Menagerie:Chimera","floor":16,"turns":1},{"damage":0,"enemies":"Chosen","floor":18,"turns":1},{"damage":0,"enemies":"conspire:HollyBat","floor":20,"turns":1},{"damage":0,"enemies":"Snecko","floor":21,"turns":1},{"damage":0,"enemies":"3 Cultists","floor":22,"turns":3},{"damage":0,"enemies":"Nightmare","floor":23,"turns":2},{"damage":0,"enemies":"conspire:HollyBat","floor":24,"turns":4}],"seed_played":"-2832410710322014342","potions_obtained":[{"floor":2,"key":"Explosive Potion"},{"floor":8,"key":"SteroidPotion"},{"floor":13,"key":"FearPotion"},{"floor":14,"key":"Strength Potion"},{"floor":18,"key":"Block Potion"},{"floor":21,"key":"champ:CounterPotion"},{"floor":24,"key":"LiquidMemories"}],"is_trial":false,"path_per_floor":["M","M","$","?","?","R","E","M","T","M","$","R","E","M","R_BF","B",null,"M","AVR","M","M","M","NM","M","R"],"character_chosen":"HERMIT","items_purchased":[],"campfire_rested":1,"item_purchase_floors":[],"current_hp_per_floor":[78,78,78,72,63,72,72,72,72,72,72,72,72,72,72,72,72,72,72,72,72,72,72,72,72,72],"gold":324,"neow_bonus":"RANDOM_EVENT","is_daily":false,"chose_seed":false,"campfire_upgraded":1,"win_rate":0.0,"timestamp":1608975537,"path_taken":["M","M","$","?","?","R","E","M","T","M","?","R","E","M","R_BF","BOSS","M","AVR","M","M","M","NM","M","R"],"items_purchased_type":[],"build_version":"2020-12-22","purchased_purges":3,"victory":false,"max_hp_per_floor":[78,78,78,72,72,72,72,72,72,72,72,72,72,72,72,72,72,72,72,72,72,72,72,72,72,72],"relic_stats":{"counters":[49,205],"Golden Idol":76,"obtain_stats":[{"Golden Egg":9,"Hallownest:StagBellRelic1":3,"theForsaken:ScaryMask":13,"Menagerie:ShiftingBlessing":5,"Vajra":3,"Hallownest:DreamNailRelic":11,"Replay:Multitool":17,"Replay:Mystery Machine":9,"Empty Cage":34,"Old Coin":45,"hermit:RyeStalk":2,"hubris:Icosahedron":8,"Bromod:ArcaneTrickery":10,"Sundial":43,"halation:PrussianBluePaint":23,"Honey Jar":19,"Philosopher\u0027s Stone":17,"hubris:DeckOfHolding":21,"Red Mask":36,"HollowMod:PaleOreRelic":6,"Hallownest:TeacherSealRelic":4,"Potion Belt":9,"NeowsBlessing":0,"Golden Idol":4,"hubris:SphereOfDissonance":24,"vexMod:MysteryBossChallenge":17,"PreservedInsect":14,"Replay:Ancient Bell":17,"Orichalcum":9,"Bromod:ArcaneConsequence":7,"Bromod:ArcaneMomentum":7,"conspire:GiftBox":40,"Anchor":19,"vexMod:BarristanHead":17,"MutagenicStrength":22,"Bromod:ArcaneEnergize":24,"Simple Rune":10,"hermit:BartenderGlass":17,"StuffTheSpire:PointBlank":19,"Bag of Marbles":27,"hermit:Momento":0,"Toy Ornithopter":6,"hubris:BottledRain":17},{"Golden Egg":39,"Hallownest:StagBellRelic1":1,"theForsaken:ScaryMask":41,"Menagerie:ShiftingBlessing":17,"Vajra":17,"Hallownest:DreamNailRelic":3,"Replay:Multitool":22,"Replay:Mystery Machine":19,"Empty Cage":28,"Old Coin":32,"hermit:RyeStalk":8,"hubris:Icosahedron":10,"Bromod:ArcaneTrickery":19,"Sundial":32,"halation:PrussianBluePaint":48,"Honey Jar":44,"Philosopher\u0027s Stone":5,"hubris:DeckOfHolding":15,"Red Mask":29,"HollowMod:PaleOreRelic":18,"Hallownest:TeacherSealRelic":1,"Potion Belt":2,"NeowsBlessing":0,"Golden Idol":37,"hubris:SphereOfDissonance":25,"vexMod:MysteryBossChallenge":43,"PreservedInsect":21,"Replay:Ancient Bell":22,"Orichalcum":10,"Bromod:ArcaneConsequence":38,"Bromod:ArcaneMomentum":10,"conspire:GiftBox":32,"Anchor":44,"vexMod:BarristanHead":22,"MutagenicStrength":25,"Bromod:ArcaneEnergize":25,"Simple Rune":3,"hermit:BartenderGlass":43,"StuffTheSpire:PointBlank":23,"Bag of Marbles":26,"hermit:Momento":0,"Toy Ornithopter":2,"hubris:BottledRain":22},{"Golden Egg":187,"Hallownest:StagBellRelic1":2,"theForsaken:ScaryMask":191,"Menagerie:ShiftingBlessing":93,"Vajra":93,"Hallownest:DreamNailRelic":4,"Replay:Multitool":115,"Replay:Mystery Machine":95,"Empty Cage":151,"Old Coin":166,"hermit:RyeStalk":36,"hubris:Icosahedron":49,"Bromod:ArcaneTrickery":95,"Sundial":166,"halation:PrussianBluePaint":201,"Honey Jar":194,"Philosopher\u0027s Stone":20,"hubris:DeckOfHolding":84,"Red Mask":153,"HollowMod:PaleOreRelic":94,"Hallownest:TeacherSealRelic":2,"Potion Belt":3,"NeowsBlessing":0,"Golden Idol":185,"hubris:SphereOfDissonance":134,"vexMod:MysteryBossChallenge":193,"PreservedInsect":104,"Replay:Ancient Bell":115,"Orichalcum":49,"Bromod:ArcaneConsequence":186,"Bromod:ArcaneMomentum":49,"conspire:GiftBox":166,"Anchor":194,"vexMod:BarristanHead":115,"MutagenicStrength":134,"Bromod:ArcaneEnergize":134,"Simple Rune":4,"hermit:BartenderGlass":193,"StuffTheSpire:PointBlank":121,"Bag of Marbles":139,"hermit:Momento":0,"Toy Ornithopter":3,"hubris:BottledRain":115}]},"card_choices":[{"not_picked":["hermit:Feint","hermit:LowProfile","hermit:Desperado"],"picked":"SKIP","floor":1},{"not_picked":["hermit:SprayPray","hermit:LuckOfTheDraw","hermit:CalledShot"],"picked":"SKIP","floor":2},{"not_picked":["hermit:Headshot","hermit:Manifest"],"picked":"hermit:Quickdraw","floor":7},{"not_picked":["hermit:Scavenge","hermit:Coalescence","hermit:Desperado"],"picked":"SKIP","floor":8},{"not_picked":["hermit:NoHoldsBarred","hermit:Gestalt","hermit:HighCaliber"],"picked":"SKIP","floor":10},{"not_picked":["hermit:EyeOfTheStorm","hermit:Headshot"],"picked":"hermit:Dive","floor":13},{"not_picked":["hermit:ShadowCloak","hermit:Vantage","hermit:Headshot"],"picked":"SKIP","floor":14},{"not_picked":["hermit:EyeOfTheStorm","hermit:Dive","hermit:ItchyTrigger+1"],"picked":"SKIP","floor":18},{"not_picked":["hermit:Grudge","hermit:Dive","hermit:ItchyTrigger"],"picked":"hermit:Determination","floor":20},{"not_picked":["hermit:Horror+1","hermit:Brawl","hermit:FullyLoaded+1"],"picked":"hermit:TrackingShot","floor":21},{"not_picked":["hermit:ItchyTrigger","hermit:TrackingShot","hermit:Snipe"],"picked":"hermit:Quickdraw","floor":22},{"not_picked":["hermit:FatalDesire","hermit:ItchyTrigger","hermit:BigShot"],"picked":"hermit:EyeOfTheStorm","floor":23},{"not_picked":["hermit:Feint","hermit:SprayPray","hermit:TakeCover+1"],"picked":"hermit:Glare+1","floor":24}],"player_experience":167792,"relics_obtained":[{"floor":7,"key":"Bromod:ArcaneConsequence"},{"floor":9,"key":"Golden Egg"},{"floor":13,"key":"theForsaken:ScaryMask"},{"floor":23,"key":"halation:PrussianBluePaint"}],"event_choices":[{"damage_healed":0,"gold_gain":0,"player_choice":"Lose Max HP","damage_taken":0,"relics_obtained":["Golden Idol"],"max_hp_gain":0,"max_hp_loss":6,"event_name":"Golden Idol","floor":4,"gold_loss":0},{"damage_healed":0,"gold_gain":0,"player_choice":"Touch","damage_taken":9,"relics_obtained":["Menagerie:ShiftingBlessing"],"max_hp_gain":0,"max_hp_loss":0,"event_name":"Menagerie:LunarGift","floor":5,"gold_loss":0}],"is_beta":false,"boss_relics":[{"not_picked":["Tiny House","SacredBark"],"picked":"vexMod:MysteryBossChallenge"}],"items_purged_floors":[3,11,19],"is_endless":true,"potions_floor_spawned":[2,8,13,14,18,21,24],"ascension_level":0}}