{"host":"8t4zx4b1kle5u57h","time":1608953217,"event":{"mods":["BaseMod","Downfall","Minty Spire (QoL Compilation)","Rare Cards Sparkle","StSLib"],"gold_per_floor":[99,112,212,230,116,136,136,76,76,105,118,118,134,19,33,135,135,135,135,135,135,135,10,10,10,10,10,10,10,10,10,10,10,10,10],"floor_reached":33,"playtime":2536,"items_purged":["Writhe","champ:Strike","champ:Strike"],"score":293,"play_id":"11e8ea9d-a38a-49a1-9ff2-1c02fe708695","local_time":"20201225192657","is_ascension_mode":true,"campfire_choices":[{"data":"champ:Taunt","floor":1,"key":"SMITH"},{"data":"champ:SwordThrow","floor":12,"key":"SMITH"},{"data":"champ:SwordThrow","floor":18,"key":"SMITH"},{"data":"Master of Strategy","floor":27,"key":"SMITH"}],"circlet_count":0,"master_deck":["champ:Strike","champ:Strike","champ:Defend","champ:Defend","champ:Defend","champ:Execute","champ:Taunt+1","Master of Strategy+1","champ:BringItOn","champ:Encircle","champ:GutPunch","champ:AdrenalArmor","champ:TornadoPunch","champ:StanceDance+1","champ:SwordThrow+1","champ:GutPunch","champ:GutPunch","champ:SwordThrow+1","champ:BerserkerStyle","champ:RecklessLeap+1","champ:Lariat+1","champ:SteelEdge"],"relics":["champ:ChampionCrown","Champion Belt","Vajra","Odd Mushroom","downfall:Hecktoplasm","Matryoshka","HornCleat","Ornamental Fan"],"acts_visited":["Exordium","TheCity"],"potions_floor_usage":[29],"damage_taken":[{"damage":16,"enemies":"Jaw Worm","floor":2,"turns":5},{"damage":46,"enemies":"Jaw Worm","floor":3,"turns":5},{"damage":6,"enemies":"Small Slimes","floor":4,"turns":4},{"damage":22,"enemies":"downfall:FleeingMerchant","floor":5,"turns":4},{"damage":0,"enemies":"Cultist","floor":6,"turns":3},{"damage":18,"enemies":"downfall:FleeingMerchant","floor":8,"turns":4},{"damage":13,"enemies":"The Mushroom Lair","floor":10,"turns":3},{"damage":22,"enemies":"Gremlin Gang","floor":11,"turns":3},{"damage":6,"enemies":"2 Fungi Beasts","floor":13,"turns":2},{"damage":34,"enemies":"downfall:FleeingMerchant","floor":14,"turns":4},{"damage":13,"enemies":"Exordium Thugs","floor":15,"turns":3},{"damage":39,"enemies":"downfall:Ironclad","floor":16,"turns":4},{"damage":9,"enemies":"Spheric Guardian","floor":19,"turns":3},{"damage":23,"enemies":"Shell Parasite","floor":20,"turns":2},{"damage":28,"enemies":"downfall:FleeingMerchant","floor":23,"turns":2},{"damage":69,"enemies":"Slavers","floor":25,"turns":4},{"damage":31,"enemies":"Snake Plant","floor":26,"turns":3},{"damage":33,"enemies":"Cultist and Chosen","floor":28,"turns":3},{"damage":32,"enemies":"Gremlin Leader","floor":29,"turns":4},{"damage":41,"enemies":"Sentry and Sphere","floor":30,"turns":4},{"damage":10,"enemies":"3 Cultists","floor":32,"turns":5},{"damage":25,"enemies":"downfall:Silent","floor":33,"turns":4}],"seed_played":"-7174198810775242859","potions_obtained":[{"floor":4,"key":"sneckomod:MuddlingPotion"},{"floor":6,"key":"Explosive Potion"},{"floor":11,"key":"Strength Potion"},{"floor":21,"key":"CultistPotion"},{"floor":32,"key":"champ:TechniquePotion"}],"is_trial":false,"path_per_floor":["R","M","?","M","$","M","T","$","?","?","M","R","M","$","M","B",null,"R","M","M","?","?","$","T","E","M","R","M","E","M","$","M","B"],"character_chosen":"THE_CHAMP","items_purchased":["champ:TornadoPunch","champ:GutPunch"],"campfire_rested":0,"item_purchase_floors":[5,8],"current_hp_per_floor":[90,79,43,41,36,36,36,36,66,62,53,53,51,41,41,28,90,90,90,83,83,75,75,75,46,31,31,31,29,16,16,16,0,0,0],"gold":10,"neow_bonus":"RANDOM_COLORLESS_2","is_daily":false,"chose_seed":false,"campfire_upgraded":4,"win_rate":0.0,"timestamp":1608953217,"path_taken":["R","M","?","M","$","M","T","$","?","?","M","R","M","$","M","BOSS","R","M","M","?","?","$","T","E","M","R","M","E","M","$","M","BOSS"],"items_purchased_type":["Card","Card"],"build_version":"2020-12-22","purchased_purges":3,"victory":false,"max_hp_per_floor":[90,90,90,90,90,90,90,90,90,90,90,90,90,90,90,90,90,90,90,90,90,90,90,90,90,90,90,90,90,90,90,90,90,90,90],"card_choices":[{"not_picked":["Violence","Thinking Ahead"],"picked":"Master of Strategy","floor":0},{"not_picked":["champ:Circumvent","champ:CrookedStrike"],"picked":"champ:BringItOn","floor":2},{"not_picked":["champ:RageSigil","champ:ShieldSigil"],"picked":"champ:Encircle","floor":3},{"not_picked":["champ:EnGarde","champ:FlashCut"],"picked":"champ:GutPunch","floor":4},{"not_picked":["champ:BerserkersShout","champ:Encircle"],"picked":"champ:AdrenalArmor","floor":5},{"not_picked":["champ:BringItOn","champ:Circumvent"],"picked":"champ:StanceDance","floor":6},{"not_picked":["champ:Duel","champ:FlashCut"],"picked":"champ:SwordThrow","floor":8},{"not_picked":["champ:CalledShot","champ:ArenaPreparation","champ:Balance"],"picked":"SKIP","floor":11},{"not_picked":["champ:Haymaker","champ:RageSigil"],"picked":"champ:GutPunch","floor":13},{"not_picked":["champ:ShieldSigil","champ:FlashCut","champ:CrookedStrike"],"picked":"SKIP","floor":14},{"not_picked":["champ:DefensiveShout","champ:StanceDance","champ:EnragedBash"],"picked":"SKIP","floor":15},{"not_picked":["champ:SteelEdge","champ:IgnorePain"],"picked":"champ:SwordThrow","floor":16},{"not_picked":["champ:ViciousMockery+1","champ:ShieldSigil"],"picked":"champ:BerserkerStyle","floor":19},{"not_picked":["champ:StanceDance","champ:PerfectedStrike"],"picked":"champ:RecklessLeap+1","floor":20},{"not_picked":["champ:CrookedStrike+1","champ:BladeFlurry","champ:DefensiveShout"],"picked":"SKIP","floor":23},{"not_picked":["champ:ShieldWall","champ:Backstep","champ:RageSigil"],"picked":"SKIP","floor":25},{"not_picked":["champ:ViciousMockery","champ:FlashCut"],"picked":"champ:Lariat+1","floor":26},{"not_picked":["champ:RecklessLeap","champ:Circumvent+1","champ:DeathBlow"],"picked":"SKIP","floor":28},{"not_picked":["champ:Circumvent","champ:DancingMaster"],"picked":"champ:SteelEdge","floor":29},{"not_picked":["champ:DefensiveShout+1","champ:FanOfKnives","champ:StanceDance+1"],"picked":"SKIP","floor":30},{"not_picked":["champ:CrookedStrike","champ:GladiatorsShout","champ:PreciseThrust"],"picked":"SKIP","floor":32}],"player_experience":14510,"relics_obtained":[{"floor":3,"key":"Champion Belt"},{"floor":7,"key":"Vajra"},{"floor":10,"key":"Odd Mushroom"},{"floor":24,"key":"Matryoshka"},{"floor":25,"key":"HornCleat"},{"floor":29,"key":"Ornamental Fan"}],"event_choices":[{"damage_healed":30,"gold_gain":0,"player_choice":"Banana","damage_taken":0,"max_hp_gain":0,"max_hp_loss":0,"event_name":"Big Fish","floor":9,"gold_loss":0},{"damage_healed":0,"gold_gain":0,"player_choice":"Fought Mushrooms","damage_taken":0,"max_hp_gain":0,"max_hp_loss":0,"event_name":"Mushrooms","floor":10,"gold_loss":0}],"is_beta":false,"boss_relics":[{"not_picked":["Astrolabe","Runic Dome"],"picked":"downfall:Hecktoplasm"}],"items_purged_floors":[5,14,23],"is_endless":false,"potions_floor_spawned":[4,6,11,13,15,16,20,25,28,32],"killed_by":"downfall:Silent","ascension_level":1}}