{"host":"6d7y2d7a0xmat6il","time":1608957073,"event":{"mods":["AchievementEnabler","Aspiration","BaseMod","Better Note","Colored Map","Colored Powertips","Conspire","Highlight Path","Hubris","Infinite Spire","Marisa????????","Minty Spire (QoL Compilation)","Permanent Neow","Replay The Spire","Shop Mod","StSLib","The Wild Card","vexMod"],"gold_per_floor":[110,130,305,305,323,355,355,355,382,402,428,428,438,463,463,563,563,576,100,100,100,100,22,22,38,110,50,85,117,117,132,132,237,337,357,376,376,351,371,371,397,397,397,54,54,54],"floor_reached":45,"playtime":2886,"items_purged":["Strike_P","Strike_P","hubris:Sloth"],"score":552,"play_id":"0884fa23-4ba2-4020-8ecb-8c8e821e4508","local_time":"20201225203113","is_ascension_mode":false,"campfire_choices":[{"data":"Vigilance","floor":7.0,"key":"SMITH"},{"floor":12.0,"key":"REST"},{"data":"Eruption","floor":15.0,"key":"SMITH"},{"floor":30.0,"key":"REST"},{"floor":32.0,"key":"REST"},{"floor":40,"key":"REST"},{"floor":42,"key":"REST"}],"circlet_count":0,"master_deck":["Defend_P","Defend_P","Defend_P","Defend_P","Eruption+1","Vigilance+1","Establishment","Consecrate+1","Crescendo","ReachHeaven+1","ClearTheMind","SandsOfTime+1","Indignation","Prostrate","Adaptation+1","Judgement+1","FlyingSleeves","EmptyBody+1","conspire:Banana","EmptyBody","BattleHymn","JustLucky","Consecrate","Blasphemy","Perseverance","SashWhip","ThirdEye","LessonLearned","Sanctity+1","Replay:DivineShield+1","infinitespire:Fortify","ThirdEye+1","Tantrum","hubris:EnhanceAbility","Replay:Bootleg Shield Generator","EmptyFist"],"relics":["HolyWater","Replay:Bottled Steam","hubris:SlimyHat","infinitespire:Eraser","ReplayTheSpireMod:Lightbulb","MerchantsRug","infinitespire:Satchel","Mummified Hand","Sundial","Red Mask","aspiration:FrozenJewel","Fusion Hammer","Replay:Wanted Poster","SlaversCollar","Pantograph","vexMod:InvisibilityCloak","ReplayTheSpireMod:CursedCoin","Pondfish Scales"],"acts_visited":["Exordium","TheCity","TheBeyond"],"potions_floor_usage":[],"damage_taken":[{"damage":6.0,"enemies":"Jaw Worm","floor":1.0,"turns":7.0},{"damage":0.0,"enemies":"2 Louse","floor":2.0,"turns":2.0},{"damage":10.0,"enemies":"Small Slimes","floor":5.0,"turns":5.0},{"damage":12.0,"enemies":"Replay:BlueRogue","floor":6.0,"turns":6.0},{"damage":4.0,"enemies":"conspire:2 RoseBushes","floor":10.0,"turns":6.0},{"damage":18.0,"enemies":"3 Sentries","floor":11.0,"turns":4.0},{"damage":7.0,"enemies":"Blue Slaver","floor":13.0,"turns":3.0},{"damage":6.0,"enemies":"Lagavulin","floor":14.0,"turns":5.0},{"damage":27.0,"enemies":"The Guardian","floor":16.0,"turns":8.0},{"damage":0.0,"enemies":"Chosen","floor":18.0,"turns":3.0},{"damage":29.0,"enemies":"3 Byrds","floor":25.0,"turns":5.0},{"damage":22.0,"enemies":"Masked Bandits","floor":28.0,"turns":4.0},{"damage":15.0,"enemies":"conspire:SneckoGhost","floor":29.0,"turns":5.0},{"damage":0.0,"enemies":"Centurion and Healer","floor":31.0,"turns":5.0},{"damage":52.0,"enemies":"hubris:MusketHawk","floor":33.0,"turns":11.0},{"damage":23.0,"enemies":"3 Darklings","floor":35.0,"turns":5.0},{"damage":2,"enemies":"Orb Walker","floor":36,"turns":3},{"damage":0,"enemies":"Jaw Worm Horde","floor":39,"turns":4},{"damage":0,"enemies":"R_Hoarder","floor":41,"turns":8},{"damage":91,"enemies":"Nightmare","floor":45,"turns":5}],"seed_played":"5802537266063976996","potions_obtained":[{"floor":5.0,"key":"Regen Potion"},{"floor":6.0,"key":"Swift Potion"},{"floor":11.0,"key":"Elixir"},{"floor":13.0,"key":"LiquidBronze"},{"floor":25.0,"key":"Regen Potion"},{"floor":33.0,"key":"Strength Potion"},{"floor":36,"key":"SpeedPotion"}],"is_trial":false,"path_per_floor":["M","M","?","?","M","E","R","?","T","M","E","R","M","E","R","B",null,"M","$","?","?","?","$","AVR","M","T","?","?","E","R","M","R","B",null,"M","M","?","?","M","R","E","R","T","$","NM"],"character_chosen":"WATCHER","items_purchased":["MerchantsRug","EmptyBody","conspire:Banana","infinitespire:Satchel","BattleHymn","ReplayTheSpireMod:CursedCoin","Pondfish Scales","Tantrum","hubris:EnhanceAbility","Replay:Bootleg Shield Generator","EmptyFist"],"campfire_rested":5,"item_purchase_floors":[19,19,19,19,23,44,44,44,44,44,44],"current_hp_per_floor":[66,66,66,66,56,59,59,52,52,48,30,51,44,38,38,11,72,72,72,72,72,72,72,72,44,44,44,35,21,43,44,66,15,77,55,53,53,53,54,77,78,80,80,80,0,0],"gold":54,"neow_bonus":"ONE_RANDOM_RARE_CARD","is_daily":false,"chose_seed":false,"campfire_upgraded":2,"win_rate":0.0,"timestamp":1608957073,"path_taken":["M","M","?","?","M","E","R","?","T","M","E","R","M","E","R","BOSS","M","$","?","?","?","?","AVR","?","T","?","?","E","R","M","R","BOSS","M","M","?","?","M","R","E","R","T","$","NM"],"items_purchased_type":["Relic","Card","Card","Relic","Card","Relic","Relic","Card","Card","Card","Card"],"build_version":"2020-12-22","purchased_purges":3,"victory":false,"max_hp_per_floor":[72,72,72,72,72,72,72,72,72,72,72,72,72,72,72,72,72,72,72,72,72,72,72,72,73,73,73,74,75,75,76,76,77,77,78,78,78,78,79,79,80,80,80,80,81,81],"card_choices":[{"not_picked":["Weave","Halt"],"picked":"Consecrate","floor":1.0},{"not_picked":["Conclude","Replay:Cycle"],"picked":"Crescendo","floor":2.0},{"not_picked":["Replay:Battleflow","Swivel"],"picked":"ReachHeaven","floor":5.0},{"not_picked":["TalkToTheHand","Replay:AllIn"],"picked":"ClearTheMind","floor":6.0},{"not_picked":["CutThroughFate","Consecrate"],"picked":"SandsOfTime","floor":10.0},{"not_picked":["Crescendo","Replay:BluntJabs"],"picked":"Indignation","floor":11.0},{"not_picked":["SignatureMove","InnerPeace"],"picked":"Prostrate","floor":13.0},{"not_picked":["Replay:ManipulateFuture","Protect"],"picked":"Adaptation","floor":14.0},{"not_picked":["Ragnarok","Establishment"],"picked":"Judgement","floor":16.0},{"not_picked":["Study","Collect"],"picked":"FlyingSleeves","floor":18.0},{"not_picked":["Swivel","Indignation"],"picked":"JustLucky","floor":25.0},{"not_picked":["Replay:DivineShield","SashWhip+1"],"picked":"Perseverance","floor":28.0},{"not_picked":["CutThroughFate+1","Replay:Anticipation"],"picked":"SashWhip","floor":29.0},{"not_picked":["FlyingSleeves","Crescendo"],"picked":"ThirdEye","floor":31.0},{"not_picked":["Establishment","Scrawl"],"picked":"LessonLearned","floor":33.0},{"not_picked":["Replay:ManipulateFuture","Crescendo+1"],"picked":"Sanctity+1","floor":35},{"not_picked":["FollowUp","Adaptation"],"picked":"Replay:DivineShield+1","floor":36},{"not_picked":["infinitespire:UltimateForm","infinitespire:Menacing"],"picked":"infinitespire:Fortify","floor":37},{"not_picked":["Replay:BluntJabs+1","Replay:Cycle"],"picked":"ThirdEye+1","floor":39},{"not_picked":["Replay:BluntJabs","EmptyFist","Prostrate"],"picked":"SKIP","floor":41}],"player_experience":146045,"relics_obtained":[{"floor":4.0,"key":"Replay:Bottled Steam"},{"floor":6.0,"key":"hubris:SlimyHat"},{"floor":9.0,"key":"aspiration:TomeofQuesting"},{"floor":11.0,"key":"infinitespire:Eraser"},{"floor":14.0,"key":"ReplayTheSpireMod:Lightbulb"},{"floor":26.0,"key":"Sundial"},{"floor":28.0,"key":"Red Mask"},{"floor":29.0,"key":"aspiration:FrozenJewel"},{"floor":41,"key":"Pantograph"},{"floor":43,"key":"vexMod:InvisibilityCloak"}],"event_choices":[{"damage_healed":0.0,"max_hp_gain":0.0,"max_hp_loss":0.0,"gold_gain":175.0,"event_name":"Liars Game","player_choice":"AGREE","floor":3.0,"gold_loss":0.0,"damage_taken":0.0,"cards_obtained":["Doubt"]},{"damage_healed":0.0,"max_hp_gain":0.0,"max_hp_loss":0.0,"gold_gain":0.0,"event_name":"Scrap Ooze","player_choice":"Success","floor":8.0,"gold_loss":0.0,"damage_taken":7.0,"relics_obtained":["Omamori"]},{"cards_removed":["Doubt"],"damage_healed":0.0,"max_hp_gain":0.0,"max_hp_loss":0.0,"gold_gain":0.0,"event_name":"Fountain of Cleansing","player_choice":"Removed Curses","floor":20.0,"gold_loss":0.0,"damage_taken":0.0},{"damage_healed":0.0,"max_hp_gain":0.0,"max_hp_loss":0.0,"gold_gain":0.0,"event_name":"Duplicator","player_choice":"Copied","floor":21.0,"gold_loss":0.0,"damage_taken":0.0,"cards_obtained":["EmptyBody"]},{"damage_healed":0.0,"max_hp_gain":0.0,"max_hp_loss":0.0,"gold_gain":0.0,"event_name":"WeMeetAgain","player_choice":"Gave Potion","floor":22.0,"gold_loss":0.0,"damage_taken":0.0,"relics_obtained":["Mummified Hand"]},{"damage_healed":0.0,"max_hp_gain":0.0,"max_hp_loss":0.0,"gold_gain":0.0,"cards_transformed":["Strike_P","Strike_P"],"event_name":"Designer","player_choice":"Transformed Cards","floor":27.0,"gold_loss":60.0,"damage_taken":0.0,"cards_obtained":["Consecrate","Blasphemy"]},{"damage_healed":0.0,"max_hp_gain":0.0,"max_hp_loss":0.0,"gold_gain":0.0,"event_name":"Masked Bandits","player_choice":"Fought Bandits","floor":28.0,"gold_loss":0.0,"damage_taken":0.0}],"is_beta":false,"boss_relics":[{"not_picked":["vexMod:TanglingVine","Black Star"],"picked":"vexMod:ImprovementManual"},{"not_picked":["VioletLotus","vexMod:EndlessSickness"],"picked":"Replay:Grab Bag"},{"not_picked":["Runic Dome","ChewingGum"],"picked":"Fusion Hammer"},{"not_picked":["Painkiller Herb","hubris:RunicObelisk"],"picked":"Replay:Wanted Poster"},{"not_picked":["Ring of Chaos","ReplayTheSpireMod:SealedPack"],"picked":"HolyWater"},{"not_picked":["hubris:BlackHole","Kintsugi"],"picked":"SlaversCollar"}],"items_purged_floors":[19,24,44],"is_endless":false,"potions_floor_spawned":[5,6,11,13,25,33,36],"killed_by":"Nightmare","ascension_level":0}}