{"host":"ttx8tv95o5vka1nm","time":1608962376,"event":{"mods":["BaseMod","Downfall","Minty Spire (QoL Compilation)","Replay The Spire","StSLib"],"gold_per_floor":[99,113,133,146,158,158,158,169,185,217,228,238,163,20,30,128,128,53,70,88,88,103,142,142,176,23,23,23],"floor_reached":26,"playtime":5145,"items_purged":["Doubt"],"score":279,"play_id":"514cd9cb-e5d7-4ca6-a660-17a9e9a183fd","local_time":"20201226155936","is_ascension_mode":false,"campfire_choices":[{"floor":13,"key":"RECALL"},{"data":"Guardian:DecasProtection","floor":18,"key":"SMITH"}],"circlet_count":0,"master_deck":["Guardian:Strike_Guardian","Guardian:Strike_Guardian","Guardian:Strike_Guardian","Guardian:Defend_Guardian","Guardian:Defend_Guardian","Guardian:Defend_Guardian","Guardian:Defend_Guardian","Guardian:CurlUp","Guardian:TwinSlam","Guardian:BronzeArmor","Guardian:SpikerProtocol","Guardian:DonusPower","Guardian:FloatingOrbs","Guardian:DecasProtection+1","Guardian:ShieldSpikes","Guardian:ShieldCharger","Guardian:Emergency","Guardian:ExploitGems","Guardian:Gem_Red","Guardian:PiercingHide","Guardian:SpikerProtocol+1","Guardian:RollAttack+1","Guardian:SpikerProtocol+1","Guardian:ConstructionForm"],"relics":["Guardian:ModeShifter","Ring of Hypnosis","Ring of Fangs","Pear","Torii","downfall:HeartBlessingGreen","Honey Jar","downfall:HeartBlessingRed","CeramicFish","Ornamental Fan","Oddly Smooth Stone","Replay:Rubber Ducky"],"acts_visited":["Exordium","TheCity"],"potions_floor_usage":[16,16,23,26],"damage_taken":[{"damage":0.0,"enemies":"Jaw Worm","floor":2.0,"turns":5.0},{"damage":3.0,"enemies":"Small Slimes","floor":3.0,"turns":3.0},{"damage":0.0,"enemies":"Cultist","floor":4.0,"turns":4.0},{"damage":0.0,"enemies":"Red Slaver","floor":5.0,"turns":4.0},{"damage":11.0,"enemies":"Large Slime","floor":8.0,"turns":6.0},{"damage":0.0,"enemies":"3 Louse","floor":9.0,"turns":2.0},{"damage":78.0,"enemies":"Gremlin Nob","floor":10.0,"turns":7.0},{"damage":3,"enemies":"Blue Slaver","floor":11,"turns":6},{"damage":8,"enemies":"Gremlin Gang","floor":12,"turns":5},{"damage":0,"enemies":"downfall:FleeingMerchant","floor":14,"turns":4},{"damage":1,"enemies":"Large Slime","floor":15,"turns":7},{"damage":13,"enemies":"downfall:Silent","floor":16,"turns":9},{"damage":0,"enemies":"Chosen","floor":19,"turns":6},{"damage":0,"enemies":"Shelled Parasite and Fungi","floor":20,"turns":4},{"damage":0,"enemies":"Snecko","floor":22,"turns":6},{"damage":11,"enemies":"Gremlin Leader","floor":23,"turns":7},{"damage":21,"enemies":"Slavers","floor":25,"turns":5},{"damage":0,"enemies":"downfall:FleeingMerchant","floor":26,"turns":4}],"seed_played":"1287329573835939185","potions_obtained":[{"floor":1.0,"key":"EntropicBrew"},{"floor":1.0,"key":"SneckoOil"},{"floor":4.0,"key":"CultistPotion"},{"floor":9.0,"key":"Dexterity Potion"},{"floor":10,"key":"FairyPotion"},{"floor":15,"key":"champ:CounterPotion"},{"floor":20,"key":"Weak Potion"},{"floor":23,"key":"Regen Potion"}],"is_trial":false,"path_per_floor":["R","M","M","M","M","?","T","M","M","E","M","M","R","$","M","B",null,"R","M","M","?","M","E","T","E","$"],"character_chosen":"GUARDIAN","items_purchased":["Guardian:ShieldCharger","Replay:Rubber Ducky"],"campfire_rested":0,"item_purchase_floors":[14,26],"current_hp_per_floor":[88,88,85,85,85,85,95,84,84,6,3,28,28,28,27,14,98,98,98,98,98,98,87,87,66,80,80,80],"gold":23,"neow_bonus":"TEN_PERCENT_HP_BONUS","is_daily":false,"chose_seed":false,"campfire_upgraded":1,"win_rate":0.0,"timestamp":1608962376,"path_taken":["R","M","M","M","M","?","T","M","M","E","M","M","R","$","M","BOSS","R","M","M","?","M","E","T","E","$"],"items_purchased_type":["Card","Relic"],"build_version":"2020-12-22","purchased_purges":1,"victory":false,"max_hp_per_floor":[88,88,88,88,88,88,98,98,98,98,98,98,98,98,98,98,98,98,98,98,98,98,98,98,98,98,98,98],"card_choices":[{"not_picked":["Guardian:Repulse","Guardian:VentSteam"],"picked":"Guardian:BronzeArmor","floor":2.0},{"not_picked":["Guardian:Gem_Lightblue","Guardian:PiercingHide"],"picked":"Guardian:SpikerProtocol","floor":3.0},{"not_picked":["Guardian:PiercingHide","Guardian:Gem_Cyan"],"picked":"Guardian:DonusPower","floor":4.0},{"not_picked":["Guardian:RollAttack","Guardian:ChargeCore"],"picked":"Guardian:Gem_Purple","floor":5.0},{"not_picked":["Guardian:ConstructionForm","Guardian:PrismaticBarrier"],"picked":"Guardian:Gem_Lightblue","floor":8.0},{"not_picked":["Guardian:Preprogram","Guardian:BronzeOrb"],"picked":"Guardian:FloatingOrbs","floor":9.0},{"not_picked":["Guardian:CrystalBeam","Guardian:ShieldSpikes"],"picked":"Guardian:Gem_Green","floor":10},{"not_picked":["Guardian:PrismaticBarrier","Guardian:Recover"],"picked":"Guardian:DecasProtection","floor":11},{"not_picked":["Guardian:Reroute","Guardian:PiercingHide"],"picked":"Guardian:Gem_Red","floor":12},{"not_picked":["Guardian:Gem_Cyan","Guardian:TimeCapacitor"],"picked":"Guardian:ShieldSpikes","floor":14},{"not_picked":["Guardian:ExploitGems","Guardian:Gem_Crimson"],"picked":"Guardian:Emergency","floor":15},{"not_picked":["Guardian:StasisField","Guardian:HyperBeam_Guardian"],"picked":"Guardian:ExploitGems","floor":16},{"not_picked":["Guardian:Gem_Lightblue","Guardian:PrimingBeam","Guardian:WalkerClaw"],"picked":"Guardian:Gem_Red","floor":19},{"not_picked":["Guardian:Gem_Red","Guardian:ChargeCore","Guardian:ShieldCharger"],"picked":"Guardian:PiercingHide","floor":20},{"not_picked":["Guardian:VentSteam","Guardian:Suspension","Guardian:Gem_Cyan"],"picked":"Guardian:SpikerProtocol+1","floor":22},{"not_picked":["Guardian:WalkerClaw","Guardian:Emergency","Guardian:Gem_Red"],"picked":"Guardian:RollAttack+1","floor":23},{"not_picked":["Guardian:Clone","Guardian:Gem_Red","Guardian:Gem_White"],"picked":"Guardian:SpikerProtocol+1","floor":25},{"not_picked":["Guardian:Gem_Blue","Guardian:Incinerate","Guardian:WalkerClaw"],"picked":"Guardian:ConstructionForm","floor":26}],"player_experience":418367,"relics_obtained":[{"floor":6.0,"key":"Ring of Hypnosis"},{"floor":6.0,"key":"Ring of Fangs"},{"floor":7.0,"key":"Pear"},{"floor":10,"key":"Torii"},{"floor":23,"key":"CeramicFish"},{"floor":24,"key":"Ornamental Fan"},{"floor":25,"key":"Oddly Smooth Stone"}],"event_choices":[{"cards_removed":["Guardian:Strike_Guardian"],"damage_healed":0,"gold_gain":0,"player_choice":"Elegance","damage_taken":0,"max_hp_gain":0,"max_hp_loss":0,"event_name":"Back to Basics","floor":21,"gold_loss":0}],"is_beta":false,"boss_relics":[{"not_picked":["Coffee Dripper","Runic Dome"],"picked":"Honey Jar"}],"items_purged_floors":[14],"is_endless":false,"potions_floor_spawned":[4,9,10,15,20,23],"ascension_level":0}}