{"host":"l68ey5cc6843p92k","time":1608966369,"event":{"mods":["Act Like it!","Aspiration","BaseMod","Friendly Minions","Hallownest","Infinite Spire","Kiyohime????","Minty Spire (QoL Compilation)","Permanent Neow","Rare Cards Sparkle","Replay The Spire","Shop Mod","StSLib","The Bug Knight","The Servant 0.9.4","slay the spire mod where everything is the same but ironclad has a cowboy hat"],"gold_per_floor":[19,19,81,81,42,73,89,100,100,100,100,53,53,86,86,86,86],"floor_reached":16,"playtime":1223,"items_purged":[],"score":106,"play_id":"dd2bf4cf-d5c3-48a5-a245-613b591b6154","local_time":"20201226150609","is_ascension_mode":false,"campfire_choices":[{"floor":11,"key":"REST"},{"floor":13,"key":"REST"},{"floor":15,"key":"REST"}],"circlet_count":0,"master_deck":["HollowMod:NailStrikeStart","HollowMod:NailStrikeStart","HollowMod:NailStrikeStart","HollowMod:QuickDashStart","HollowMod:QuickDashStart","HollowMod:QuickDashStart+1","HollowMod:QuickDashStart","HollowMod:PogoStrike","HollowMod:DreamGate","HollowMod:PureVessel","HollowMod:WraithStrike","HollowMod:MantisMark","HollowMod:QuirrelsAssistance","HollowMod:WraithStrike","HollowMod:HeavyBlow","HollowMod:ShadowDash","HollowMod:CycloneSlash"],"relics":["HollowMod:VesselMask","Bronze Scales","infinitespire:FocusingShard","Hallownest:DreamNailRelic","Peace Pipe"],"acts_visited":["Hallownest:Greenpath"],"potions_floor_usage":[],"damage_taken":[{"damage":0,"enemies":"2_ Uuma","floor":1,"turns":9},{"damage":36,"enemies":"Hallownest:eliteMossKnight","floor":6,"turns":15},{"damage":5,"enemies":"Hallownest:2_MossCreeps","floor":7,"turns":4},{"damage":6,"enemies":"Hallownest:2_Tiktiks_and_1_Crawlid","floor":8,"turns":3},{"damage":31,"enemies":"Hallownest:eliteCrystalGuardian","floor":14,"turns":5},{"damage":64,"enemies":"Hallownest:BossHornet","floor":16,"turns":11}],"seed_played":"6596590534022912894","potions_obtained":[{"floor":1,"key":"Ancient Potion"}],"is_trial":false,"path_per_floor":["M","?","?","?","$","E","M","M","T","?","R","$","R","E","R","B"],"character_chosen":"THE_BUGKNIGHT","items_purchased":["HollowMod:MantisMark","HollowMod:ShadowDash"],"campfire_rested":3,"item_purchase_floors":[5,12],"current_hp_per_floor":[75,75,75,75,75,39,34,28,28,28,50,50,72,41,63,0,0],"gold":86,"neow_bonus":"TRANSFORM_TWO_CARDS","is_daily":false,"chose_seed":false,"campfire_upgraded":0,"win_rate":0.0,"timestamp":1608966369,"path_taken":["M","?","?","?","?","E","?","M","T","?","R","?","R","E","R","BOSS"],"items_purchased_type":["Card","Card"],"build_version":"2020-12-22","purchased_purges":0,"victory":false,"max_hp_per_floor":[75,75,75,75,75,75,75,75,75,75,75,75,75,75,75,75,75],"card_choices":[{"not_picked":["HollowMod:SoulVessel","HollowMod:SoulStrike"],"picked":"HollowMod:WraithStrike","floor":1},{"not_picked":["HollowMod:CornifersMapStart","HollowMod:HuntersJournal"],"picked":"HollowMod:QuirrelsAssistance","floor":6},{"not_picked":["HollowMod:DescendingDark","HollowMod:PureNailStrike"],"picked":"HollowMod:WraithStrike","floor":7},{"not_picked":["HollowMod:ChannelNail","HollowMod:CoiledNail"],"picked":"HollowMod:HeavyBlow","floor":8},{"not_picked":["HollowMod:HuntersJournal","HollowMod:FallenFury"],"picked":"HollowMod:CycloneSlash","floor":14}],"player_experience":45571,"relics_obtained":[{"floor":6,"key":"Bronze Scales"},{"floor":9,"key":"infinitespire:FocusingShard"},{"floor":14,"key":"Peace Pipe"}],"event_choices":[],"is_beta":false,"boss_relics":[],"items_purged_floors":[],"is_endless":false,"potions_floor_spawned":[1],"killed_by":"Hallownest:BossHornet","ascension_level":0}}