{"host":"bg8va46pgqgvtzim","time":1608997134,"event":{"mods":["BaseMod","Minty Spire (QoL Compilation)","Quick Restart","StSLib","SuperFastMode"],"gold_per_floor":[19,39,39,114,125,125,154,173,173,173,188,222,147,180,180,283,283,301,57,57,75,75,107,107,136,136,152,171,171,182,132,132,237,237,255,255,205,215,215,215,165,165,165,199,213,241,255,289,301,313,325,337,3,28,28],"floor_reached":56,"playtime":1402,"items_purged":["Strike_P","Strike_P","SashWhip+1","Perseverance+1","SandsOfTime+1"],"score":1684,"play_id":"6950fd7a-ad16-4fe3-9d5a-8d0499ea02b7","local_time":"20201226233854","is_ascension_mode":true,"campfire_choices":[{"data":"Eruption","floor":6.0,"key":"SMITH"},{"data":"SandsOfTime","floor":10.0,"key":"SMITH"},{"data":"MentalFortress","floor":15.0,"key":"SMITH"},{"data":"Meditate","floor":24.0,"key":"SMITH"},{"data":"Adaptation","floor":29.0,"key":"SMITH"},{"floor":32.0,"key":"RECALL"},{"data":"MasterReality","floor":40.0,"key":"SMITH"},{"data":"Flash of Steel","floor":42.0,"key":"SMITH"},{"data":"Vigilance","floor":49.0,"key":"SMITH"},{"data":"Establishment","floor":52.0,"key":"SMITH"}],"circlet_count":0,"master_deck":["Eruption+1","Vigilance+1","Meditate+1","MentalFortress+1","Establishment+1","ClearTheMind+1","Prostrate+1","Adaptation+1","ConjureBlade+1","Crescendo+1","Wallop+1","InnerPeace+1","Pray+1","Prostrate+1","WaveOfTheHand+1","Indignation+1","MasterReality+1","Finesse+1","Flash of Steel+1"],"relics":["PureWater","Boot","Bottled Tornado","StoneCalendar","Toxic Egg 2","Astrolabe","Orrery","Whetstone","Smiling Mask","Thread and Needle","Empty Cage","Letter Opener","Anchor","MawBank","OrangePellets","Pen Nib","White Beast Statue"],"acts_visited":["Exordium","TheCity","TheBeyond","TheEnding"],"potions_floor_usage":[55,55,55,55,55,55],"damage_taken":[{"damage":0.0,"enemies":"Cultist","floor":1.0,"turns":2.0},{"damage":0.0,"enemies":"2 Louse","floor":2.0,"turns":1.0},{"damage":0.0,"enemies":"Jaw Worm","floor":5.0,"turns":3.0},{"damage":8.0,"enemies":"Gremlin Nob","floor":7.0,"turns":3.0},{"damage":0.0,"enemies":"Looter","floor":8.0,"turns":2.0},{"damage":0.0,"enemies":"Blue Slaver","floor":11.0,"turns":3.0},{"damage":10.0,"enemies":"3 Sentries","floor":12.0,"turns":6.0},{"damage":0.0,"enemies":"Lagavulin","floor":14.0,"turns":3.0},{"damage":1.0,"enemies":"The Guardian","floor":16.0,"turns":7.0},{"damage":5.0,"enemies":"2 Thieves","floor":18.0,"turns":3.0},{"damage":1.0,"enemies":"Spheric Guardian","floor":21.0,"turns":3.0},{"damage":8.0,"enemies":"Gremlin Leader","floor":23.0,"turns":4.0},{"damage":0.0,"enemies":"Book of Stabbing","floor":25.0,"turns":5.0},{"damage":0.0,"enemies":"Chosen and Byrds","floor":27.0,"turns":3.0},{"damage":0.0,"enemies":"3 Cultists","floor":28.0,"turns":3.0},{"damage":8.0,"enemies":"Centurion and Healer","floor":30.0,"turns":3.0},{"damage":0.0,"enemies":"Automaton","floor":33.0,"turns":5.0},{"damage":1.0,"enemies":"Orb Walker","floor":35.0,"turns":3.0},{"damage":4.0,"enemies":"3 Shapes","floor":38.0,"turns":7.0},{"damage":0.0,"enemies":"Nemesis","floor":44.0,"turns":5.0},{"damage":0.0,"enemies":"3 Darklings","floor":45.0,"turns":3.0},{"damage":2.0,"enemies":"Reptomancer","floor":46.0,"turns":3.0},{"damage":0.0,"enemies":"Transient","floor":47.0,"turns":4.0},{"damage":4.0,"enemies":"Nemesis","floor":48.0,"turns":3.0},{"damage":0.0,"enemies":"Time Eater","floor":50.0,"turns":4.0},{"damage":0.0,"enemies":"Shield and Spear","floor":54.0,"turns":4.0},{"damage":0,"enemies":"The Heart","floor":55,"turns":7}],"seed_played":"-2402027819571174302","potions_obtained":[{"floor":1.0,"key":"StancePotion"},{"floor":5.0,"key":"Dexterity Potion"},{"floor":11.0,"key":"BottledMiracle"},{"floor":16.0,"key":"EntropicBrew"},{"floor":18.0,"key":"GamblersBrew"},{"floor":27.0,"key":"DistilledChaos"}],"is_trial":false,"path_per_floor":["M","M","$","?","M","R","E","M","T","R","M","E","$","E","R","B",null,"M","$","?","M","?","E","R","E","T","M","M","R","M","$","R","B",null,"M","?","$","M","?","R","$","R","T","E","M","E","M","E","R","B",null,"R","$","E","B",null],"character_chosen":"WATCHER","items_purchased":["Orrery","OrangePellets","Pen Nib","Dexterity Potion"],"campfire_rested":0,"item_purchase_floors":[19,53,53,53],"current_hp_per_floor":[72,72,72,61,61,61,53,53,53,53,53,43,43,43,43,42,72,67,67,54,53,53,45,45,45,45,45,45,45,37,37,37,37,77,76,76,76,72,62,62,62,62,62,62,62,60,60,56,56,56,77,77,77,77,77],"gold":28,"neow_bonus":"REMOVE_TWO","is_daily":false,"chose_seed":false,"campfire_upgraded":9,"win_rate":0.0,"timestamp":1608997134,"path_taken":["M","M","$","?","M","R","E","M","T","R","M","E","$","E","R","BOSS","M","$","?","M","?","E","R","E","T","M","M","R","M","?","R","BOSS","M","?","$","M","?","R","?","R","T","E","?","E","M","E","R","BOSS","R","$","E","BOSS"],"items_purchased_type":["Relic","Relic","Relic","Potion"],"build_version":"2020-12-22","purchased_purges":5,"victory":true,"max_hp_per_floor":[72,72,72,72,72,72,72,72,72,72,72,72,72,72,72,72,72,72,72,77,77,77,77,77,77,77,77,77,77,77,77,77,77,77,77,77,77,77,77,77,77,77,77,77,77,77,77,77,77,77,77,77,77,77,77],"card_choices":[{"not_picked":["Protect","Consecrate"],"picked":"CarveReality","floor":1.0},{"not_picked":["Indignation","ThirdEye"],"picked":"SandsOfTime","floor":2.0},{"not_picked":["Indignation","SashWhip"],"picked":"Meditate","floor":5.0},{"not_picked":["WreathOfFlame","Sanctity","WheelKick"],"picked":"SKIP","floor":7.0},{"not_picked":["EmptyBody","JustLucky"],"picked":"MentalFortress","floor":8.0},{"not_picked":["Protect","Crescendo","ClearTheMind"],"picked":"SKIP","floor":11.0},{"not_picked":["Wish","CutThroughFate","FlyingSleeves"],"picked":"SKIP","floor":12.0},{"not_picked":["WheelKick","LikeWater","SignatureMove"],"picked":"SKIP","floor":14.0},{"not_picked":["ConjureBlade+1","Vault+1"],"picked":"Establishment","floor":16.0},{"not_picked":["FollowUp","BowlingBash","JustLucky"],"picked":"SKIP","floor":18.0},{"not_picked":["Evaluate+1","SignatureMove"],"picked":"Prostrate+1","floor":19.0},{"not_picked":["BowlingBash+1","CutThroughFate+1"],"picked":"Adaptation","floor":19.0},{"not_picked":["CrushJoints","EmptyBody+1"],"picked":"ConjureBlade+1","floor":19.0},{"not_picked":["ThirdEye+1","ClearTheMind+1"],"picked":"Crescendo+1","floor":19.0},{"not_picked":["EmptyFist","ClearTheMind+1"],"picked":"Wallop","floor":21.0},{"not_picked":["WheelKick","Brilliance"],"picked":"InnerPeace+1","floor":23.0},{"not_picked":["Tantrum","ThirdEye+1"],"picked":"Pray+1","floor":25.0},{"not_picked":["SandsOfTime","CutThroughFate"],"picked":"Prostrate+1","floor":27.0},{"not_picked":["FlyingSleeves","Halt+1"],"picked":"WaveOfTheHand+1","floor":28.0},{"not_picked":["EmptyFist+1","BowlingBash"],"picked":"Indignation+1","floor":30.0},{"not_picked":["Devotion","DevaForm"],"picked":"MasterReality","floor":33.0},{"not_picked":["Crescendo+1","SashWhip","ForeignInfluence+1"],"picked":"SKIP","floor":35.0},{"not_picked":["Perseverance+1","Sanctity+1","Prostrate+1"],"picked":"SKIP","floor":38.0},{"not_picked":["Dark Shackles+1","PanicButton+1"],"picked":"Finesse+1","floor":39.0},{"not_picked":["Dark Shackles+1","Sadistic Nature"],"picked":"Flash of Steel","floor":39.0},{"not_picked":["Prostrate+1","FlyingSleeves","Consecrate"],"picked":"SKIP","floor":44.0},{"not_picked":["BowlingBash+1","CutThroughFate+1","CrushJoints+1"],"picked":"SKIP","floor":45.0},{"not_picked":["Protect+1","LikeWater","Crescendo+1"],"picked":"SKIP","floor":46.0},{"not_picked":["SpiritShield+1","Vengeance+1","Study"],"picked":"SKIP","floor":47.0},{"not_picked":["Pray+1","Wireheading+1","Study"],"picked":"SKIP","floor":48.0},{"not_picked":["ForeignInfluence+1","CutThroughFate+1","Prostrate+1"],"picked":"SKIP","floor":54.0}],"player_experience":2166450,"relics_obtained":[{"floor":7.0,"key":"Boot"},{"floor":9.0,"key":"Bottled Tornado"},{"floor":12.0,"key":"StoneCalendar"},{"floor":14.0,"key":"Toxic Egg 2"},{"floor":23.0,"key":"Whetstone"},{"floor":25.0,"key":"Smiling Mask"},{"floor":26.0,"key":"Thread and Needle"},{"floor":44.0,"key":"Letter Opener"},{"floor":46.0,"key":"Anchor"},{"floor":48.0,"key":"MawBank"},{"floor":54.0,"key":"White Beast Statue"}],"event_choices":[{"damage_healed":0.0,"max_hp_gain":0.0,"max_hp_loss":0.0,"gold_gain":75.0,"event_name":"World of Goop","player_choice":"Gather Gold","floor":4.0,"gold_loss":0.0,"damage_taken":11.0},{"damage_healed":0.0,"max_hp_gain":5.0,"max_hp_loss":0.0,"gold_gain":0.0,"event_name":"Forgotten Altar","player_choice":"Shed Blood","floor":20.0,"gold_loss":0.0,"damage_taken":18.0},{"damage_healed":0.0,"max_hp_gain":0.0,"max_hp_loss":0.0,"gold_gain":0.0,"event_name":"The Mausoleum","player_choice":"Ignored","floor":22.0,"gold_loss":0.0,"damage_taken":0.0},{"damage_healed":0.0,"max_hp_gain":0.0,"max_hp_loss":0.0,"gold_gain":0.0,"event_name":"Tomb of Lord Red Mask","player_choice":"Ignored","floor":36.0,"gold_loss":0.0,"damage_taken":0.0},{"damage_healed":0.0,"max_hp_gain":0.0,"max_hp_loss":0.0,"gold_gain":0.0,"event_name":"SensoryStone","player_choice":"Memory 3","floor":39.0,"gold_loss":0.0,"damage_taken":10.0}],"is_beta":false,"boss_relics":[{"not_picked":["Tiny House","Calling Bell"],"picked":"Astrolabe"},{"not_picked":["Pandora\u0027s Box","Velvet Choker"],"picked":"Empty Cage"}],"items_purged_floors":[13,19,31,37,41],"is_endless":false,"potions_floor_spawned":[1,5,11,16,18,21,27,35,44],"ascension_level":1}}