{"host":"uwh382mre4waz4ff","time":1608954022,"event":{"mods":["AchievementEnabler","BaseMod","Better Note","Better Third Choice","BetterRewards","Minty Spire (QoL Compilation)","Quick Restart","Shop Mod","StSLib"],"gold_per_floor":[112,112,127,127,138,138,150,164,164,164,188,188,188,88,88,189,189,208,208,228,228,242,117,147,147,147,166,166,186,205,220,220,317,317,328,328,178,188,39,66,66,66,90,100,113,113,124,149,149,149,149,149,27,60,60,60],"floor_reached":55,"playtime":2683,"items_purged":["Rupture","Strike_R","Defend_R","Defend_R+1"],"score":744,"play_id":"29cae5f7-cb7f-4758-ab20-fa667fa0df5f","local_time":"20201226114022","is_ascension_mode":false,"campfire_choices":[{"data":"Bash","floor":6.0,"key":"SMITH"},{"data":"Dropkick","floor":10.0,"key":"SMITH"},{"data":"Rage","floor":12.0,"key":"SMITH"},{"floor":15.0,"key":"REST"},{"floor":28.0,"key":"RECALL"},{"floor":32.0,"key":"REST"},{"data":"Rupture","floor":49.0,"key":"SMITH"}],"circlet_count":0,"master_deck":["Strike_R+1","Bash+1","Rage+1","Dropkick+1","Hemokinesis+1","Rupture+1"],"relics":["Turnip","Velvet Choker","Vajra","Paper Frog","Toy Ornithopter","Busted Crown","Red Mask","Pantograph","Boot","Coffee Dripper","Anchor","Molten Egg 2","Blood Vial","Whetstone"],"acts_visited":["Exordium","TheCity","TheBeyond","TheEnding"],"potions_floor_usage":[55,55],"damage_taken":[{"damage":0.0,"enemies":"Cultist","floor":1.0,"turns":2.0},{"damage":1.0,"enemies":"Jaw Worm","floor":3.0,"turns":3.0},{"damage":0.0,"enemies":"Small Slimes","floor":5.0,"turns":3.0},{"damage":2.0,"enemies":"3 Louse","floor":7.0,"turns":4.0},{"damage":0.0,"enemies":"Red Slaver","floor":8.0,"turns":3.0},{"damage":0.0,"enemies":"Hexaghost","floor":16.0,"turns":6.0},{"damage":0.0,"enemies":"Chosen","floor":18.0,"turns":4.0},{"damage":0.0,"enemies":"Spheric Guardian","floor":20.0,"turns":4.0},{"damage":0.0,"enemies":"Centurion and Healer","floor":22.0,"turns":5.0},{"damage":0.0,"enemies":"Masked Bandits","floor":24.0,"turns":3.0},{"damage":0.0,"enemies":"3 Cultists","floor":27.0,"turns":4.0},{"damage":0.0,"enemies":"Shelled Parasite and Fungi","floor":29.0,"turns":3.0},{"damage":0.0,"enemies":"Centurion and Healer","floor":30.0,"turns":3.0},{"damage":0.0,"enemies":"Snake Plant","floor":31.0,"turns":2.0},{"damage":54.0,"enemies":"Collector","floor":33.0,"turns":6.0},{"damage":0.0,"enemies":"3 Darklings","floor":35.0,"turns":5.0},{"damage":4.0,"enemies":"Orb Walker","floor":38.0,"turns":1.0},{"damage":63.0,"enemies":"Reptomancer","floor":40.0,"turns":4.0},{"damage":8.0,"enemies":"Maw","floor":44.0,"turns":4.0},{"damage":4.0,"enemies":"4 Shapes","floor":45.0,"turns":5.0},{"damage":2.0,"enemies":"Transient","floor":47.0,"turns":5.0},{"damage":40.0,"enemies":"Nemesis","floor":48.0,"turns":5.0},{"damage":38.0,"enemies":"Awakened One","floor":50.0,"turns":6.0},{"damage":39.0,"enemies":"Shield and Spear","floor":54.0,"turns":4.0},{"damage":109,"enemies":"The Heart","floor":55,"turns":3}],"seed_played":"5544551265726467744","potions_obtained":[{"floor":1.0,"key":"Weak Potion"},{"floor":8.0,"key":"Swift Potion"},{"floor":18.0,"key":"EntropicBrew"},{"floor":27.0,"key":"PowerPotion"},{"floor":38.0,"key":"BloodPotion"},{"floor":40.0,"key":"LiquidBronze"}],"is_trial":false,"path_per_floor":["M","?","M","?","M","R","M","M","T","R","T","R","?","$","R","B",null,"M","?","M","?","M","$","?","T","T","M","R","M","M","M","R","B",null,"M","?","$","M","$","E","?","?","T","M","M","?","M","E","R","B",null,"R","$","E","B"],"character_chosen":"IRONCLAD","items_purchased":["Dropkick","Vajra","Anchor","Strength Potion","DistilledChaos"],"campfire_rested":2,"item_purchase_floors":[0,0,39,53,53],"current_hp_per_floor":[44,44,43,43,43,43,41,41,41,41,41,41,25,25,49,54,80,80,80,80,80,80,80,80,80,80,80,80,80,80,80,80,26,80,80,80,80,76,76,39,70,70,70,62,58,52,50,30,30,19,70,70,70,31,0,0],"gold":60,"neow_bonus":"","is_daily":false,"chose_seed":false,"campfire_upgraded":4,"win_rate":0.0,"timestamp":1608954022,"path_taken":["M","?","?","?","M","R","M","M","T","R","?","R","?","$","R","BOSS","M","?","M","?","?","$","?","?","T","M","R","M","M","M","R","BOSS","M","?","$","?","$","E","?","?","T","M","M","?","?","E","R","BOSS","R","$","E","BOSS"],"items_purchased_type":["Card","Relic","Relic","Potion","Potion"],"build_version":"2020-12-22","purchased_purges":4,"victory":false,"max_hp_per_floor":[80,80,80,80,80,80,80,80,80,80,80,80,80,80,80,80,80,80,80,80,80,80,80,80,80,80,80,80,80,80,80,80,80,80,80,80,80,80,80,80,70,70,70,70,70,70,70,70,70,70,70,70,70,70,70,70],"card_choices":[{"not_picked":["Armaments","Clash","Iron Wave"],"picked":"SKIP","floor":1.0},{"not_picked":["True Grit","Heavy Blade","Rage"],"picked":"SKIP","floor":3.0},{"not_picked":["Shrug It Off","Headbutt","Perfected Strike"],"picked":"SKIP","floor":5.0},{"not_picked":["Clash","Body Slam","Anger"],"picked":"SKIP","floor":7.0},{"not_picked":["Pommel Strike","Ghostly Armor","Carnage"],"picked":"SKIP","floor":8.0},{"not_picked":["Uppercut"],"picked":"SKIP","floor":18.0},{"not_picked":["Havoc"],"picked":"SKIP","floor":20.0},{"not_picked":["Havoc"],"picked":"SKIP","floor":20.0},{"not_picked":["Body Slam"],"picked":"SKIP","floor":22.0},{"not_picked":["Headbutt"],"picked":"SKIP","floor":27.0},{"not_picked":["Headbutt"],"picked":"SKIP","floor":29.0},{"not_picked":["Metallicize"],"picked":"SKIP","floor":30.0},{"not_picked":["Headbutt+1"],"picked":"SKIP","floor":31.0},{"not_picked":["Hemokinesis+1"],"picked":"SKIP","floor":35.0},{"not_picked":[],"picked":"Hemokinesis+1","floor":35.0},{"not_picked":["Dark Embrace+1"],"picked":"SKIP","floor":38.0},{"not_picked":["Anger+1"],"picked":"SKIP","floor":40.0},{"not_picked":[],"picked":"Rupture","floor":44.0},{"not_picked":["Flex+1"],"picked":"SKIP","floor":45.0},{"not_picked":["Whirlwind+1"],"picked":"SKIP","floor":47.0},{"not_picked":["Perfected Strike+1"],"picked":"SKIP","floor":48.0},{"not_picked":["Iron Wave+1"],"picked":"SKIP","floor":54.0}],"player_experience":75413,"relics_obtained":[{"floor":9.0,"key":"Paper Frog"},{"floor":11.0,"key":"Toy Ornithopter"},{"floor":24.0,"key":"Red Mask"},{"floor":25.0,"key":"Pantograph"},{"floor":26.0,"key":"Boot"},{"floor":40.0,"key":"Molten Egg 2"},{"floor":48.0,"key":"Blood Vial"},{"floor":54.0,"key":"Whetstone"}],"event_choices":[{"cards_removed":["Strike_R"],"damage_healed":0.0,"max_hp_gain":0.0,"max_hp_loss":0.0,"gold_gain":0.0,"event_name":"Bonfire Elementals","player_choice":"Offered Basic","floor":2.0,"gold_loss":0.0,"damage_taken":0.0},{"cards_removed":["Strike_R"],"damage_healed":0.0,"max_hp_gain":0.0,"max_hp_loss":0.0,"gold_gain":0.0,"event_name":"Living Wall","player_choice":"Forget","floor":4.0,"gold_loss":0.0,"damage_taken":0.0},{"damage_healed":41.0,"max_hp_gain":0.0,"max_hp_loss":80.0,"gold_gain":0.0,"event_name":"betterThird:BetterShining","player_choice":"Upgrade","floor":13.0,"gold_loss":0.0,"damage_taken":16.0,"cards_upgraded":["Strike_R","Defend_R"]},{"cards_removed":["Defend_R"],"damage_healed":0.0,"max_hp_gain":0.0,"max_hp_loss":0.0,"gold_gain":0.0,"event_name":"betterNote:BetterNote","player_choice":"Give","floor":19.0,"gold_loss":0.0,"damage_taken":0.0,"cards_obtained":["Defend_G"]},{"cards_removed":["Defend_R"],"damage_healed":0.0,"max_hp_gain":0.0,"max_hp_loss":0.0,"gold_gain":0.0,"event_name":"Purifier","player_choice":"Purged","floor":21.0,"gold_loss":0.0,"damage_taken":0.0},{"damage_healed":0.0,"max_hp_gain":0.0,"max_hp_loss":0.0,"gold_gain":0.0,"event_name":"Masked Bandits","player_choice":"Fought Bandits","floor":24.0,"gold_loss":0.0,"damage_taken":0.0},{"damage_healed":0.0,"max_hp_gain":0.0,"max_hp_loss":0.0,"gold_gain":0.0,"event_name":"Match and Keep!","player_choice":"0 cards matched","floor":36.0,"gold_loss":0.0,"damage_taken":0.0,"cards_obtained":[]},{"damage_healed":70.0,"max_hp_gain":0.0,"max_hp_loss":10.0,"gold_gain":0.0,"event_name":"The Moai Head","player_choice":"Heal","floor":41.0,"gold_loss":0.0,"damage_taken":0.0},{"damage_healed":0.0,"max_hp_gain":0.0,"max_hp_loss":0.0,"gold_gain":0.0,"event_name":"SensoryStone","player_choice":"Memory 1","floor":42.0,"gold_loss":0.0,"damage_taken":0.0},{"damage_healed":0.0,"max_hp_gain":0.0,"max_hp_loss":0.0,"gold_gain":0.0,"event_name":"betterThird:BetterPortal","player_choice":"Random: Green","floor":46.0,"gold_loss":0.0,"damage_taken":0.0},{"damage_healed":0.0,"max_hp_gain":0.0,"max_hp_loss":0.0,"gold_gain":0.0,"event_name":"Knowing Skull","player_choice":"","floor":46.0,"potions_obtained":[],"gold_loss":0.0,"damage_taken":6.0,"cards_obtained":[]}],"is_beta":false,"boss_relics":[{"not_picked":["Tiny House","Snecko Eye"],"picked":"Busted Crown"},{"not_picked":["Astrolabe","Cursed Key"],"picked":"Coffee Dripper"}],"items_purged_floors":[0,14,23,37],"is_endless":false,"potions_floor_spawned":[1,8,18,27,38,40],"killed_by":"The Heart","ascension_level":0}}