{"host":"9kjfrj3pewitpdem","time":1608952441,"event":{"mods":["AchievementEnabler","BaseMod","Better Altar","Better Match","Better Note","Better Sensory Stone","Better Skull","Better Third Choice","BetterRewards","Colored Map","Colored Powertips","GifTheSpireLib","Hermit","Hero for Fun","Hubris","Jorbs\u0027s Wanderer Trilogy","Minty Spire (QoL Compilation)","Replay The Spire","StSLib","The Bladedancer","The Cursed","The Hierophant","The Runesmith","The Servant 0.9.4"],"gold_per_floor":[112,126,126,126,126,126,169,200,249,249,263,338,338,351,351,476,476,497,497,412,430,430,430],"floor_reached":22,"playtime":658,"items_purged":[],"score":332,"play_id":"e20d29cf-54dd-4e13-88ae-482e8c5bcbbc","local_time":"20201226141401","is_ascension_mode":false,"campfire_choices":[{"floor":6,"key":"REST"},{"floor":10,"key":"REST"},{"floor":13,"key":"REST"}],"circlet_count":0,"master_deck":["Strike_S","Strike_S","Strike_S","Defend_S","Defend_S+1","Defend_S","Defend_S+1","KidneyShot+1","Exchange","BottledTime","Dramatic Entrance","TimeWarp","SilverBlades","Solidify","Dilation","GearUp","Spreading Infection"],"relics":["Uniform","Replay:Towering Pillar of Hats","Gremlin Food","Golden Idol","hubris:TenFootPole","Odd Mushroom","Oddly Smooth Stone","Sozu","Blue Doll","Ring of Panic","Ring of Peace"],"acts_visited":["Exordium","TheCity"],"potions_floor_usage":[7,16,18],"damage_taken":[{"damage":6,"enemies":"2 Louse","floor":1,"turns":4},{"damage":0,"enemies":"Jaw Worm","floor":2,"turns":4},{"damage":12,"enemies":"Gremlin Nob","floor":7,"turns":4},{"damage":16,"enemies":"The Mushroom Lair","floor":8,"turns":4},{"damage":0,"enemies":"Small Slimes","floor":11,"turns":2},{"damage":12,"enemies":"Blue Slaver","floor":14,"turns":5},{"damage":12,"enemies":"Slime Boss","floor":16,"turns":4},{"damage":20,"enemies":"Chosen","floor":18,"turns":6},{"damage":1,"enemies":"Shell Parasite","floor":21,"turns":8}],"seed_played":"1648631734565094703","potions_obtained":[{"floor":2,"key":"Toxic Potion"},{"floor":11,"key":"Weak Potion"},{"floor":14,"key":"Death Potion"}],"is_trial":false,"path_per_floor":["M","M","$","?","?","R","E","?","T","R","M","?","R","M","R_BF","B",null,"M","?","?","M","?"],"character_chosen":"THE_SERVANT","items_purchased":["Gremlin Food"],"campfire_rested":3,"item_purchase_floors":[0],"current_hp_per_floor":[42,42,42,42,42,60,48,32,32,50,50,45,60,48,48,36,60,40,40,40,39,39,39],"gold":430,"neow_bonus":"","is_daily":false,"chose_seed":false,"campfire_upgraded":0,"win_rate":0.0,"timestamp":1608952441,"path_taken":["M","M","$","?","?","R","E","?","T","R","M","?","R","?","R_BF","BOSS","M","?","?","M","?"],"items_purchased_type":["Relic"],"build_version":"2020-12-22","purchased_purges":0,"victory":false,"max_hp_per_floor":[65,65,65,65,60,60,60,60,60,60,60,60,60,60,60,60,60,60,60,60,60,60,60],"card_choices":[{"not_picked":["Read","Reset","Advance"],"picked":"SKIP","floor":1},{"not_picked":["StarChef","Revamp"],"picked":"BottledTime","floor":2},{"not_picked":["hubris:Insight","Blind"],"picked":"Dramatic Entrance","floor":4},{"not_picked":["Spin","FloweringNight","Unruled"],"picked":"SKIP","floor":7},{"not_picked":["Rewind","StarChef"],"picked":"TimeWarp","floor":8},{"not_picked":["ShiftingGears","BottledTime"],"picked":"SilverBlades","floor":11},{"not_picked":["FastForward","Revamp","Alleviate"],"picked":"SKIP","floor":14},{"not_picked":["LightFlow","Deny"],"picked":"Dilation","floor":16},{"not_picked":["Potential","Desolation","TimeWarp"],"picked":"SKIP","floor":18},{"not_picked":["Defy","BottledTime"],"picked":"GearUp","floor":21}],"player_experience":118954,"relics_obtained":[{"floor":7,"key":"hubris:TenFootPole"},{"floor":8,"key":"Odd Mushroom"},{"floor":9,"key":"Oddly Smooth Stone"},{"floor":22,"key":"Ring of Panic"},{"floor":22,"key":"Ring of Peace"}],"event_choices":[{"damage_healed":0,"gold_gain":1,"player_choice":"1","damage_taken":0,"max_hp_gain":0,"max_hp_loss":0,"event_name":"betterStone:BetterStone","floor":4,"gold_loss":0},{"damage_healed":0,"gold_gain":0,"player_choice":"Lose Max HP","damage_taken":0,"relics_obtained":["Golden Idol"],"max_hp_gain":0,"max_hp_loss":5,"event_name":"Golden Idol","floor":5,"gold_loss":0},{"damage_healed":0,"gold_gain":0,"player_choice":"Fought Mushrooms","damage_taken":0,"max_hp_gain":0,"max_hp_loss":0,"event_name":"Mushrooms","floor":8,"gold_loss":0},{"damage_healed":0,"gold_gain":75,"player_choice":"Gold","damage_taken":11,"max_hp_gain":0,"max_hp_loss":0,"event_name":"betterThird:BetterGoop","floor":12,"gold_loss":0},{"cards_removed":["Solidify"],"damage_healed":0,"gold_gain":0,"player_choice":"Give","damage_taken":0,"max_hp_gain":0,"max_hp_loss":0,"event_name":"betterNote:BetterNote","floor":19,"gold_loss":0,"cards_obtained":["Comet"]},{"damage_healed":0,"gold_gain":0,"player_choice":"Obtained Relic","damage_taken":0,"relics_obtained":["Blue Doll"],"max_hp_gain":0,"max_hp_loss":0,"event_name":"Addict","floor":20,"gold_loss":85}],"is_beta":false,"boss_relics":[{"not_picked":["Calling Bell","hubris:BlackHole"],"picked":"Sozu"}],"items_purged_floors":[],"is_endless":false,"potions_floor_spawned":[2,11,14,21],"ascension_level":0}}