{"host":"wkcoec525dnrk4jw","time":1608987277,"event":{"mods":["BaseMod","Conspire","Minty Spire (QoL Compilation)","Quick Restart","Replay The Spire","Shop Mod","StSLib","TestMod","The Bug Knight","The Cursed","[IsaacMod]以撒尖塔"],"gold_per_floor":[110,110,110,58,118,195,251,327,372,452,513,593,593,649,649,791,791,855,955,1018,1077,572,572,650,650,676,747,812,812,847,49,49,197,197,273,273,280,291,13,13,20,69,69,69,69,96,113,123,123,123],"floor_reached":51,"playtime":3985,"items_purged":["Strike_G"],"score":1138,"play_id":"83d20428-ca12-4ef7-9101-d8d720ffdd75","local_time":"20201226205437","is_ascension_mode":true,"campfire_choices":[{"floor":13.0,"key":"REST"},{"data":"Bullet Time","floor":15.0,"key":"SMITH"},{"floor":23.0,"key":"REST"},{"data":"DoctorFetus","floor":25.0,"key":"SMITH"},{"floor":32.0,"key":"DIG"},{"floor":40,"key":"REST"},{"floor":44,"key":"REST"},{"floor":49,"key":"REST"}],"circlet_count":0,"master_deck":["Strike_G+1","Strike_G","Strike_G","Strike_G","Defend_G+1","Defend_G","Defend_G","Defend_G","Defend_G","Survivor","Neutralize","EpicFetus","Infinite Blades","Accuracy","Accuracy","Dagger Spray","Wraith Form v2","Blade Dance+1","Blade Dance","Bullet Time+1","Cloak And Dagger","Backstab","Sneak Up","Corpse Explosion","DoctorFetus+1","Cloak And Dagger+1","conspire:PoisonWeapons","conspire:PoisonWeapons","ReplayTheSpireMod:The Works+1","Sneak Up+1","Sucker Punch","Pot Of Greed","Pot Of Greed","Pot Of Greed","Bullet Time","Escape Plan","Accuracy","Cloak And Dagger","Magnetism","After Image","Cloak And Dagger","testmod-PerfectCombo","Replay:Bootleg Shield Generator","Mayhem","Dagger Spray","Crow Ritual","Accuracy","Blade Dance","Deadly Poison","Hidden Blade+1","Cloak And Dagger","Setup"],"relics":["HushsDoor","testmod-ChristmasGift","Void","ReplayTheSpireMod:DimensionalGlitch","Ring of Misfortune","NineVolt","Bag of Preparation","conspire:DecoderRing","Bronze Scales","FossilizedHelix","HollowMod:PaleOreRelic","Calipers","Black Star","Omamori","Potion Belt","Pet Ghost","Strange Spoon","Ancient Tea Set","Blue Candle","Gremlin Food","SalivaCoin","testmod-CasingShield","PokeGo","Bag of Marbles","BelialBook","BookOfRevelations","Chaos","testmod-Déjàvu","Snecko Heart","AnarchistCookbook","Paper Frog","Du-Vu Doll"],"acts_visited":["Exordium","TheCity","TheBeyond"],"potions_floor_usage":[35,42],"damage_taken":[{"damage":4.0,"enemies":"Small Slimes","floor":1.0,"turns":2.0},{"damage":9.0,"enemies":"2 Louse","floor":5.0,"turns":4.0},{"damage":20.0,"enemies":"Lagavulin","floor":6.0,"turns":4.0},{"damage":4.0,"enemies":"Cultist","floor":7.0,"turns":3.0},{"damage":1.0,"enemies":"Replay:BlueRogue","floor":8.0,"turns":5.0},{"damage":9.0,"enemies":"3 Sentries","floor":10.0,"turns":5.0},{"damage":28.0,"enemies":"conspire:2 RoseBushes","floor":11.0,"turns":3.0},{"damage":0.0,"enemies":"HollowMod:MossKnight","floor":12.0,"turns":6.0},{"damage":0.0,"enemies":"Looter","floor":14.0,"turns":2.0},{"damage":2.0,"enemies":"Slime Boss","floor":16.0,"turns":6.0},{"damage":0.0,"enemies":"Shell Parasite","floor":18.0,"turns":3.0},{"damage":0.0,"enemies":"Spheric Guardian","floor":20.0,"turns":2.0},{"damage":30.0,"enemies":"Snake Plant","floor":21.0,"turns":5.0},{"damage":4.0,"enemies":"conspire:SneckoGhost","floor":24.0,"turns":4.0},{"damage":6.0,"enemies":"conspire:Head Lice","floor":27.0,"turns":5.0},{"damage":13.0,"enemies":"conspire:HollyBat","floor":28.0,"turns":10.0},{"damage":9.0,"enemies":"HollowMod:Nosk","floor":30.0,"turns":6.0},{"damage":0.0,"enemies":"Champ","floor":33.0,"turns":6.0},{"damage":56,"enemies":"3 Darklings","floor":35,"turns":5},{"damage":0,"enemies":"Orb Walker","floor":38,"turns":3},{"damage":30,"enemies":"HollowMod:StalkingDevout","floor":42,"turns":5},{"damage":0,"enemies":"Giant Head","floor":46,"turns":4},{"damage":0,"enemies":"Jaw Worm Horde","floor":47,"turns":1},{"damage":0,"enemies":"Writhing Mass","floor":48,"turns":3},{"damage":0,"enemies":"Replay:Hell Engine","floor":50,"turns":5}],"seed_played":"1883228272526109517","potions_obtained":[{"floor":5.0,"key":"Explosive Potion"},{"floor":6.0,"key":"Block Potion"},{"floor":18.0,"key":"FairyPotion"},{"floor":38,"key":"BlessingOfTheForge"},{"floor":47,"key":"Dexterity Potion"}],"is_trial":false,"path_per_floor":["M","?","?","$","M","E","M","E","T","E","M","E","R","M","R","B",null,"M","?","M","M","$","R","E","R","T","E","M","T","E","$","R","B",null,"M","?","?","M","$","R","?","E","T","R","?","E","M","M","R","B",null],"character_chosen":"THE_SILENT","items_purchased":["Accuracy","DoctorFetus","Potion Belt","Pet Ghost","Sneak Up+1","Strange Spoon","BelialBook","BookOfRevelations","Accuracy","Cloak And Dagger","Magnetism","Chaos","Crow Ritual","Accuracy","Blade Dance"],"campfire_rested":5,"item_purchase_floors":[4,17,22,22,22,22,31,31,31,31,31,31,39,39,39],"current_hp_per_floor":[61,61,61,61,54,39,37,43,43,46,30,46,67,70,70,69,65,65,65,65,41,41,60,64,64,64,65,59,59,56,56,56,65,65,13,13,19,26,26,45,39,22,22,41,41,48,52,57,65,65],"gold":123,"neow_bonus":"BOSS_RELIC","is_daily":false,"chose_seed":false,"campfire_upgraded":2,"win_rate":0.0,"timestamp":1608987277,"path_taken":["M","?","?","$","M","E","?","E","T","E","M","E","R","M","R","BOSS","M","?","M","M","$","R","E","R","T","E","M","?","E","$","R","BOSS","M","?","?","M","$","R","?","E","T","R","?","E","?","M","R","BOSS"],"items_purchased_type":["Card","Card","Relic","Relic","Card","Relic","Relic","Relic","Card","Card","Card","Card","Card","Card","Card"],"build_version":"2020-12-22","purchased_purges":1,"victory":true,"max_hp_per_floor":[70,70,70,70,70,70,70,70,70,70,70,70,70,70,70,70,65,65,65,65,65,65,65,65,65,65,65,65,65,65,65,65,65,65,65,65,65,65,65,65,65,65,65,65,65,65,65,65,65,65],"card_choices":[{"not_picked":[],"picked":"EpicFetus","floor":0.0},{"not_picked":["Dagger Spray","Prepared"],"picked":"Infinite Blades","floor":1.0},{"not_picked":["Flying Knee","Predator"],"picked":"Dagger Spray","floor":5.0},{"not_picked":["Night Terror","Riddle With Holes"],"picked":"Wraith Form v2","floor":6.0},{"not_picked":["Backflip","Poisoned Stab"],"picked":"Blade Dance","floor":7.0},{"not_picked":["Poisoned Stab","Cloak And Dagger"],"picked":"Blade Dance","floor":8.0},{"not_picked":["Dagger Spray","ReplayTheSpireMod:Exploit Weakness"],"picked":"Bullet Time","floor":10.0},{"not_picked":["Dagger Spray","Blade Dance"],"picked":"Cloak And Dagger","floor":11.0},{"not_picked":["Deadly Poison","Backflip"],"picked":"Backstab","floor":12.0},{"not_picked":["Bouncing Flask","Flying Knee"],"picked":"Sneak Up","floor":14.0},{"not_picked":["Burst","Grand Finale"],"picked":"Corpse Explosion","floor":16.0},{"not_picked":["Deflect","Underhanded Strike+1"],"picked":"Cloak And Dagger+1","floor":18.0},{"not_picked":["Deflect","Replay:Poison Smokescreen+1"],"picked":"conspire:PoisonWeapons","floor":19.0},{"not_picked":["Cloak And Dagger","Caltrops"],"picked":"conspire:PoisonWeapons","floor":20.0},{"not_picked":["Flying Knee+1","Predator"],"picked":"ReplayTheSpireMod:The Works+1","floor":21.0},{"not_picked":["Acrobatics","Deflect"],"picked":"Sucker Punch","floor":24.0},{"not_picked":["Deadly Poison","Calculated Gamble"],"picked":"Bullet Time","floor":27.0},{"not_picked":["Underhanded Strike","Sucker Punch","Flying Knee"],"picked":"SKIP","floor":28.0},{"not_picked":["Flying Knee","Concentrate"],"picked":"Escape Plan","floor":30.0},{"not_picked":["Tools of the Trade","Unload"],"picked":"After Image","floor":33.0},{"not_picked":["Prepared","Poisoned Stab"],"picked":"Cloak And Dagger","floor":35},{"not_picked":["Replay:Sssssssssstrike","testmod-SubstituteBySubterfuge"],"picked":"testmod-PerfectCombo","floor":37},{"not_picked":["testmod-ShutDown","Purity"],"picked":"Replay:Bootleg Shield Generator","floor":37},{"not_picked":["Jack Of All Trades","testmod-BackupPower"],"picked":"Mayhem","floor":37},{"not_picked":["Bane+1","Dagger Throw"],"picked":"Dagger Spray","floor":38},{"not_picked":["Predator","Bane"],"picked":"Deadly Poison","floor":42},{"not_picked":["Slice+1","ReplayTheSpireMod:Necrosis"],"picked":"Hidden Blade+1","floor":46},{"not_picked":["Expertise","Slice"],"picked":"Cloak And Dagger","floor":47},{"not_picked":["Flechettes","Dagger Throw+1"],"picked":"Setup","floor":48}],"player_experience":162044,"relics_obtained":[{"floor":2.0,"key":"Ring of Misfortune"},{"floor":2.0,"key":"ReplayTheSpireMod:Ring of Challenge"},{"floor":6.0,"key":"NineVolt"},{"floor":8.0,"key":"Bag of Preparation"},{"floor":8.0,"key":"conspire:DecoderRing"},{"floor":9.0,"key":"Bronze Scales"},{"floor":10.0,"key":"FossilizedHelix"},{"floor":12.0,"key":"HollowMod:PaleOreRelic"},{"floor":12.0,"key":"Calipers"},{"floor":18.0,"key":"Omamori"},{"floor":24.0,"key":"Ancient Tea Set"},{"floor":24.0,"key":"Blue Candle"},{"floor":26.0,"key":"Dream Catcher"},{"floor":27.0,"key":"Gremlin Food"},{"floor":27.0,"key":"SalivaCoin"},{"floor":27.0,"key":"Grinning Jar"},{"floor":29.0,"key":"testmod-CasingShield"},{"floor":30.0,"key":"PokeGo"},{"floor":30.0,"key":"Bag of Marbles"},{"floor":32.0,"key":"testmod-Déjàvu"},{"floor":35,"key":"conspire:GlowingRock"},{"floor":42,"key":"Replay:Frozen Program"},{"floor":42,"key":"Snecko Heart"},{"floor":43,"key":"AnarchistCookbook"},{"floor":46,"key":"Paper Frog"},{"floor":46,"key":"Du-Vu Doll"}],"event_choices":[{"damage_healed":0.0,"max_hp_gain":0.0,"max_hp_loss":0.0,"gold_gain":0.0,"event_name":"conspire:LoneGhost","player_choice":"Disagree","floor":3.0,"gold_loss":0.0,"damage_taken":0.0},{"damage_healed":0,"gold_gain":0,"player_choice":"Ignored","damage_taken":0,"max_hp_gain":0,"max_hp_loss":0,"event_name":"给自己的盒子","floor":36,"gold_loss":0},{"damage_healed":0,"gold_gain":0,"player_choice":"Memory 3","damage_taken":10,"max_hp_gain":0,"max_hp_loss":0,"event_name":"SensoryStone","floor":37,"gold_loss":0},{"damage_healed":0,"gold_gain":0,"player_choice":"Ignored","damage_taken":6,"max_hp_gain":0,"max_hp_loss":0,"event_name":"恩洛斯的盘子","floor":41,"gold_loss":0}],"is_beta":false,"boss_relics":[{"not_picked":["testmod-Temperance","testmod-HarvestTotem"],"picked":"Black Star"},{"not_picked":[]},{"not_picked":["HandDrill","InkBottle"],"picked":"Replay:Baseball"},{"not_picked":[]}],"items_purged_floors":[31],"is_endless":false,"potions_floor_spawned":[5,6,12,16,18,24,28,30,38,47],"ascension_level":6}}