{"host":"ejwrda5cjllq8zfn","time":1608983480,"event":{"mods":["2.2 Compatiblity","Act Like it!","Astrologer","Bard","BaseMod","Challenge The Spire","Colored Map","Colored Powertips","Defuse TimeMaze Blight","Energized Spire","Gensokyo","Hermit","Highlight Path","Hubris","Infinite Spire","Jorbs\u0027s Wanderer Trilogy","Lobotomy","Mad Scientist","Marisa????????","Minty Spire (QoL Compilation)","Random Character Button","Replay The Spire","Somnambulant","StSLib","SuperFastMode","The Bladedancer","The Cursed","The Disciple","The Florist","The Gatherer","The Hayseed","The Hierophant","The Juggle","The Jungle","The Mystic","The Necromancer","The Poker Player","The Problem Sleuth","The Spell Scribe","The Valiant","TheFirefly","Unceasing Turn Reminder","vexMod"],"gold_per_floor":[116,116,26779,26798,26798,26798,26810,26826,26826,26860,26872,26872,26872,26872,26872,26872,26872],"floor_reached":16,"playtime":710,"items_purged":[],"score":200,"play_id":"36627c4b-d0b7-4ed2-a5a5-19c73e9856f6","local_time":"20201226125120","is_ascension_mode":false,"campfire_choices":[{"data":"stsjorbsmod:Strike_Wanderer","floor":6,"key":"SMITH"},{"data":"stsjorbsmod:FindFamiliar","floor":12,"key":"SMITH"},{"floor":15,"key":"REST"}],"circlet_count":0,"master_deck":["stsjorbsmod:ForbiddenGrimoire+1","stsjorbsmod:Strike_Wanderer","stsjorbsmod:Strike_Wanderer","stsjorbsmod:Strike_Wanderer","stsjorbsmod:Strike_Wanderer+1","stsjorbsmod:Defend_Wanderer","stsjorbsmod:Defend_Wanderer","stsjorbsmod:Defend_Wanderer+1","stsjorbsmod:Defend_Wanderer","stsjorbsmod:FreshAdventure+1","stsjorbsmod:EyeOfTheStorm+1","ReplayTheSpireMod:Black Plague+1","stsjorbsmod:Message+1","stsjorbsmod:MagicMirror+1","stsjorbsmod:FindFamiliar+1"],"relics":["stsjorbsmod:GrimoireRelic","vexMod:PaidLearning","Chemical X","hubris:Towel","ReplayTheSpireMod:Lightbulb","hubris:BundleOfHerbs"],"acts_visited":["Gensokyo:Gensokyo"],"potions_floor_usage":[10,11,16],"damage_taken":[{"damage":2,"enemies":"Gensokyo:Python","floor":1,"turns":3},{"damage":3,"enemies":"Gensokyo:2_Kodama","floor":4,"turns":4},{"damage":7,"enemies":"Gensokyo:Gryphon","floor":7,"turns":2},{"damage":7,"enemies":"Gensokyo:VengefulSpirit","floor":8,"turns":4},{"damage":25,"enemies":"Gensokyo:Cirno","floor":10,"turns":8},{"damage":0,"enemies":"Gensokyo:LivingMonolith","floor":11,"turns":3},{"damage":48,"enemies":"Gensokyo:Reimu","floor":16,"turns":5}],"seed_played":"1817568178234625949","potions_obtained":[{"floor":4,"key":"Languid Potion"},{"floor":8,"key":"Energy Potion"},{"floor":10,"key":"AttackPotion"}],"is_trial":false,"path_per_floor":["M","?","COS","M","?","R","M","M","T","E","M","R","?","?","R","B"],"character_chosen":"WANDERER","items_purchased":[],"campfire_rested":1,"item_purchase_floors":[],"current_hp_per_floor":[51,51,51,54,54,54,47,43,43,18,19,19,19,19,40,0,0],"gold":26872,"neow_bonus":"RANDOM_EVENT","is_daily":false,"chose_seed":false,"campfire_upgraded":2,"win_rate":0.0,"timestamp":1608983480,"path_taken":["M","?","COS","M","?","R","M","M","T","E","?","R","?","?","R","BOSS"],"items_purchased_type":[],"build_version":"2020-12-22","purchased_purges":0,"victory":false,"max_hp_per_floor":[68,68,68,72,72,72,72,72,72,72,72,72,72,72,72,72,72],"card_choices":[{"not_picked":["ReplayTheSpireMod:??????????????????????","infinitespire:Starlight"],"picked":"ReplayTheSpireMod:Black Plague","floor":0},{"not_picked":["stsjorbsmod:UnseenServant","stsjorbsmod:Mindworm"],"picked":"stsjorbsmod:Message","floor":1},{"not_picked":["stsjorbsmod:SmithingStrike+1","stsjorbsmod:Materialize+1"],"picked":"stsjorbsmod:MagicMirror+1","floor":4},{"not_picked":["stsjorbsmod:Aid","stsjorbsmod:ParryingBlow","stsjorbsmod:Mindworm"],"picked":"SKIP","floor":4},{"not_picked":["stsjorbsmod:Hurt","stsjorbsmod:Mending","stsjorbsmod:MageArmor"],"picked":"SKIP","floor":7},{"not_picked":["stsjorbsmod:ScorchingRay","stsjorbsmod:ParryingBlow"],"picked":"stsjorbsmod:FindFamiliar","floor":8},{"not_picked":["stsjorbsmod:WanderingMind","stsjorbsmod:BurningFlask","stsjorbsmod:Index"],"picked":"SKIP","floor":10},{"not_picked":["stsjorbsmod:WeightOfMemory","stsjorbsmod:FranticSearch","stsjorbsmod:RayOfFrost"],"picked":"SKIP","floor":11}],"player_experience":200122,"relics_obtained":[{"floor":9,"key":"ReplayTheSpireMod:Lightbulb"},{"floor":10,"key":"hubris:BundleOfHerbs"}],"event_choices":[],"is_beta":false,"boss_relics":[],"items_purged_floors":[],"is_endless":false,"potions_floor_spawned":[4,8,10],"killed_by":"Gensokyo:Reimu","ascension_level":0}}