{"host":"eifhv3c48fffly2w","time":1608995478,"event":{"mods":["2.2 Compatiblity","Aspiration","BaseMod","Conspire","Downfall","Halation","Hermit","Hubris","Infinite Spire","Minty Spire (QoL Compilation)","Replay The Spire","StSLib","The Cursed"],"gold_per_floor":[118,138,138,138,138,169,169,195,244,265,265,265,379,379,379,382,382],"floor_reached":16,"playtime":382,"items_purged":[],"score":160,"play_id":"30a91abc-5d68-41d5-b348-24f6aff828a8","local_time":"20201226161118","is_ascension_mode":true,"campfire_choices":[{"floor":12,"key":"REST"},{"data":"Darkness","floor":15,"key":"SMITH"}],"circlet_count":0,"master_deck":["Strike_B","Strike_B","Strike_B","Strike_B","Defend_B","Defend_B","Defend_B","Defend_B","Zap","Dualcast+1","Darkness+1","Mirror Shield","Melter","Hologram","Genetic Algorithm","Redo","Injury"],"relics":["Cracked Core","NeowsBlessing","infinitespire:Lychee Nut","infinitespire:Golems Mask","Replay:Bottled Steam","halation:IllGainedPizza","Replay:Baseball","hubris:Icosahedron","Toxic Egg 2"],"acts_visited":["Exordium"],"potions_floor_usage":[8,16],"damage_taken":[{"damage":0,"enemies":"Small Slimes","floor":1,"turns":1},{"damage":0,"enemies":"Jaw Worm","floor":2,"turns":1},{"damage":0,"enemies":"Lagavulin","floor":6,"turns":1},{"damage":40,"enemies":"Gremlin Nob","floor":8,"turns":5},{"damage":0,"enemies":"Cultist","floor":10,"turns":3},{"damage":0,"enemies":"Looter","floor":13,"turns":4},{"damage":49,"enemies":"Slime Boss","floor":16,"turns":7}],"seed_played":"6577945997419527798","potions_obtained":[{"floor":2,"key":"LiquidMemories"},{"floor":10,"key":"Ancient Potion"}],"is_trial":false,"path_per_floor":["M","M","?","?","$","E","T","E","T","M","?","R","M","?","R","B"],"character_chosen":"DEFECT","items_purchased":[],"campfire_rested":1,"item_purchase_floors":[],"current_hp_per_floor":[75,75,75,50,50,50,50,16,16,21,21,37,43,43,43,0,0],"gold":382,"neow_bonus":"THREE_ENEMY_KILL","is_daily":false,"chose_seed":false,"campfire_upgraded":1,"win_rate":0.0,"timestamp":1608995478,"path_taken":["M","M","?","?","?","E","?","E","T","M","?","R","?","?","R","BOSS"],"items_purchased_type":[],"build_version":"2020-12-22","purchased_purges":0,"victory":false,"max_hp_per_floor":[75,75,75,56,56,56,56,56,56,56,56,56,56,56,56,56,56],"card_choices":[{"not_picked":["Sweeping Beam","Crystallizer"],"picked":"Darkness","floor":1},{"not_picked":["Static Discharge","ReplaySolidLightProjector"],"picked":"Mirror Shield","floor":2},{"not_picked":["Beam Cell","Panic Button"],"picked":"Melter","floor":6},{"not_picked":["Force Field","ReplayGash"],"picked":"Hologram","floor":8},{"not_picked":["Ball Lightning","Stack"],"picked":"Genetic Algorithm","floor":10},{"not_picked":["Turbo","Barrage"],"picked":"Redo","floor":13}],"player_experience":372101,"relics_obtained":[{"floor":6,"key":"infinitespire:Golems Mask"},{"floor":7,"key":"Replay:Bottled Steam"},{"floor":8,"key":"halation:IllGainedPizza"},{"floor":9,"key":"Replay:Baseball"}],"event_choices":[{"damage_healed":0,"gold_gain":0,"player_choice":"Success","damage_taken":25,"relics_obtained":["infinitespire:Lychee Nut"],"max_hp_gain":0,"max_hp_loss":0,"event_name":"Scrap Ooze","floor":4,"gold_loss":0}],"is_beta":false,"boss_relics":[],"items_purged_floors":[],"is_endless":false,"potions_floor_spawned":[2,10],"killed_by":"Slime Boss","ascension_level":4}}