{"host":"nox","time":1608991228,"event":{"mods":["Act Like it!","Aspiration","BaseMod","Better Altar","Better Match","Better Note","Better Sensory Stone","Better Skull","Better Third Choice","BetterRewards","Colored Powertips","Conspire","Energized Spire","GifTheSpireLib","Hubris","Infinite Spire","Minty Spire (QoL Compilation)","Pale of the Ancients","Quick Restart","Rare Cards Sparkle","Replay The Spire","Shop Mod","Spikes Relics","StSLib","Stuff the Spire","SuperFastMode","The Alterego","vexMod"],"gold_per_floor":[109,109,120,120,139,139,172,189,189,207,219,254,271,287,287,389,389,409,359,359,459,471,471,471,471],"floor_reached":24,"playtime":1447,"items_purged":["Strike_B"],"score":504,"play_id":"ab6cfc7b-6593-4109-8960-f74e00207083","local_time":"20201226210028","is_ascension_mode":true,"campfire_choices":[{"floor":6.0,"key":"REST"},{"floor":15.0,"key":"REST"},{"data":"hubris:DoWhile","floor":23.0,"key":"SMITH"}],"circlet_count":0,"master_deck":["Strike_B","Strike_B","Defend_B","Defend_B","Defend_B","Defend_B","Zap","Dualcast","Machine Learning","ReplayTheSpireMod:Calculation Training","Metallicize+1","Cold Snap","Conserve Battery","Coolheaded","Capacitor","Coolheaded","hubris:DoWhile+1","Cold Snap"],"relics":["Cracked Core","hubris:Potato","Replay:Rubber Ducky","Smiling Mask","Letter Opener","Inserter","alterego_mod:FleetingLove","StuffTheSpire:OldFever"],"acts_visited":["Exordium","TheCity"],"potions_floor_usage":[24,24,24],"damage_taken":[{"damage":1.0,"enemies":"Cultist","floor":1.0,"turns":4.0},{"damage":0.0,"enemies":"2 Louse","floor":3.0,"turns":2.0},{"damage":4.0,"enemies":"Small Slimes","floor":5.0,"turns":4.0},{"damage":1.0,"enemies":"3 Sentries","floor":7.0,"turns":14.0},{"damage":5.0,"enemies":"Blue Slaver","floor":8.0,"turns":5.0},{"damage":6.0,"enemies":"conspire:2 RoseBushes","floor":10.0,"turns":5.0},{"damage":7.0,"enemies":"3 Louse","floor":11.0,"turns":5.0},{"damage":6.0,"enemies":"Replay:BlueRogue","floor":12.0,"turns":6.0},{"damage":6.0,"enemies":"2 Fungi Beasts","floor":13.0,"turns":4.0},{"damage":0.0,"enemies":"Looter","floor":14.0,"turns":4.0},{"damage":0.0,"enemies":"Slime Boss","floor":16.0,"turns":16.0},{"damage":0.0,"enemies":"Spheric Guardian","floor":18.0,"turns":10.0},{"damage":15.0,"enemies":"conspire:FuzzyDice","floor":22.0,"turns":10.0},{"damage":45,"enemies":"Gremlin Leader","floor":24,"turns":9}],"seed_played":"2380534170444574122","potions_obtained":[{"floor":5.0,"key":"Dexterity Potion"},{"floor":10.0,"key":"Venom Potion"},{"floor":11.0,"key":"Block Potion"},{"floor":14.0,"key":"Block Potion"},{"floor":16.0,"key":"Milkshake"},{"floor":18.0,"key":"Ancient Potion"}],"is_trial":false,"path_per_floor":["M","?","M","?","M","R","E","M","T","M","M","E","M","M","R","B",null,"M","$","?","?","M","R","E"],"character_chosen":"DEFECT","items_purchased":[],"campfire_rested":2,"item_purchase_floors":[],"current_hp_per_floor":[42,42,42,30,26,48,47,42,42,36,29,23,17,17,39,39,66,66,66,66,48,33,33,0,0],"gold":471,"neow_bonus":"","is_daily":false,"chose_seed":false,"campfire_upgraded":1,"win_rate":0.0,"timestamp":1608991228,"path_taken":["M","?","M","?","M","R","E","M","T","M","M","E","M","M","R","BOSS","M","$","?","?","M","R","E"],"items_purchased_type":[],"build_version":"2020-11-17","purchased_purges":1,"victory":false,"max_hp_per_floor":[75,75,75,75,75,75,75,75,75,75,75,75,75,75,75,75,75,75,75,75,75,75,75,75,75],"card_choices":[{"not_picked":["BootSequence","White Noise"],"picked":"ReplayTheSpireMod:Calculation Training","floor":1.0},{"not_picked":["Coolheaded","Sweeping Beam","Darkness"],"picked":"SKIP","floor":3.0},{"not_picked":["Genetic Algorithm","ReplayTheSpireMod:GoodbyeWorld"],"picked":"Cold Snap","floor":5.0},{"not_picked":["Steam Power","ReplayRNGCard","Reprogram"],"picked":"SKIP","floor":7.0},{"not_picked":["Streamline","Sweeping Beam","Gash"],"picked":"SKIP","floor":8.0},{"not_picked":["StuffTheSpire:Synthwave","StuffTheSpire:ForEach"],"picked":"Conserve Battery","floor":10.0},{"not_picked":["Redo","Barrage"],"picked":"Coolheaded","floor":11.0},{"not_picked":["Rebound","Coolheaded"],"picked":"Capacitor","floor":12.0},{"not_picked":["Beam Cell","Barrage"],"picked":"Coolheaded","floor":13.0},{"not_picked":["Sweeping Beam","Beam Cell","StuffTheSpire:Purify"],"picked":"SKIP","floor":14.0},{"not_picked":["Hyperbeam","hubris:Prefetch"],"picked":"hubris:DoWhile","floor":16.0},{"not_picked":["Darkness","Streamline","Panic Button"],"picked":"SKIP","floor":18.0},{"not_picked":["StuffTheSpire:ShieldGenerator","StuffTheSpire:Plugnplay"],"picked":"Cold Snap","floor":21.0},{"not_picked":["ReplayTheSpireMod:Dual Polarity+1","Rebound","Beam Cell+1"],"picked":"SKIP","floor":22.0},{"not_picked":["ReplayTheSpireMod:Dual Polarity+1","Rebound","Beam Cell+1"],"picked":"SKIP","floor":22.0}],"player_experience":260090,"relics_obtained":[{"floor":7.0,"key":"Smiling Mask"},{"floor":12.0,"key":"Letter Opener"},{"floor":21.0,"key":"StuffTheSpire:OldFever"}],"event_choices":[{"damage_healed":0.0,"max_hp_gain":0.0,"max_hp_loss":0.0,"gold_gain":0.0,"event_name":"Secret Garden","player_choice":"Choice 1","floor":20.0,"gold_loss":0.0,"damage_taken":0.0,"relics_obtained":["alterego_mod:FleetingLove"]}],"is_beta":true,"boss_relics":[{"not_picked":["Sandwich","aspiration:SilentSkillbook"],"picked":"Inserter"}],"items_purged_floors":[19],"is_endless":false,"potions_floor_spawned":[5,10,11,14,16,18,22],"killed_by":"Gremlin Leader","ascension_level":8}}