{"host":"o7j6aatxjwpw1421","time":1608982661,"event":{"mods":["2.2 Compatiblity","AchievementEnabler","BaseMod","Colored Map","DeckTracker","Highlight Path","Keyboard Shortcuts","Minty Spire (QoL Compilation)","Permanent Neow","Quick Restart","StSLib","SuperFastMode","everything is the same but u backflip on backflip"],"gold_per_floor":[109,109,109,122,87,87,118,118,142,185,185,185,223,239,239,328,328,351,59,78,102,127,127,127,127],"floor_reached":24,"playtime":919,"items_purged":[],"score":394,"play_id":"c4674d6b-a96b-49cc-affd-e7206dd8ae81","local_time":"20201226203741","is_ascension_mode":true,"campfire_choices":[{"data":"Dark Embrace","floor":6.0,"key":"SMITH"},{"data":"Seeing Red","floor":8.0,"key":"SMITH"},{"data":"Bash","floor":12.0,"key":"SMITH"},{"data":"Fire Breathing","floor":15.0,"key":"SMITH"},{"data":"Power Through","floor":23,"key":"SMITH"}],"circlet_count":0,"master_deck":["AscendersBane","Strike_R","Strike_R","Strike_R","Strike_R","Strike_R","Bash+1","Perfected Strike+1","Headbutt","Dark Embrace+1","Seeing Red+1","Fire Breathing+1","Offering","Offering+1","Spot Weakness+1","Bludgeon+1","Power Through+1","Evolve","Perfected Strike"],"relics":["Burning Blood","NeowsBlessing","Golden Idol","White Beast Statue","Lantern","Champion Belt","Charon\u0027s Ashes","Astrolabe","Medical Kit"],"acts_visited":["Exordium","TheCity"],"potions_floor_usage":[22],"damage_taken":[{"damage":0.0,"enemies":"Small Slimes","floor":1.0,"turns":1.0},{"damage":0.0,"enemies":"2 Louse","floor":4.0,"turns":1.0},{"damage":0.0,"enemies":"3 Sentries","floor":7.0,"turns":2.0},{"damage":25.0,"enemies":"Lagavulin","floor":10.0,"turns":5.0},{"damage":20.0,"enemies":"3 Sentries","floor":13.0,"turns":5.0},{"damage":1.0,"enemies":"Cultist","floor":14.0,"turns":3.0},{"damage":21.0,"enemies":"Slime Boss","floor":16.0,"turns":5.0},{"damage":6.0,"enemies":"2 Thieves","floor":18.0,"turns":1.0},{"damage":18.0,"enemies":"3 Byrds","floor":20.0,"turns":3.0},{"damage":24.0,"enemies":"Centurion and Healer","floor":21.0,"turns":3.0},{"damage":21,"enemies":"Snecko","floor":22,"turns":4},{"damage":20,"enemies":"Book of Stabbing","floor":24,"turns":2}],"seed_played":"4170212723417039469","potions_obtained":[{"floor":10.0,"key":"Block Potion"},{"floor":13.0,"key":"Ancient Potion"},{"floor":14.0,"key":"Explosive Potion"},{"floor":16.0,"key":"Strength Potion"},{"floor":20.0,"key":"BloodPotion"},{"floor":21.0,"key":"Swift Potion"},{"floor":22,"key":"SpeedPotion"}],"is_trial":false,"path_per_floor":["M","?","?","M","$","R","E","R","T","E","?","R","E","M","R","B",null,"M","$","M","M","M","R","E"],"character_chosen":"IRONCLAD","items_purchased":["Dark Embrace","Power Through","Medical Kit","Evolve"],"campfire_rested":0,"item_purchase_floors":[5,19,19,19],"current_hp_per_floor":[78,58,58,64,64,64,70,70,70,51,51,51,37,42,42,27,67,67,67,71,53,38,38,18,18],"gold":127,"neow_bonus":"THREE_ENEMY_KILL","is_daily":false,"chose_seed":false,"campfire_upgraded":5,"win_rate":0.0,"timestamp":1608982661,"path_taken":["M","?","?","M","$","R","E","R","T","E","?","R","E","M","R","BOSS","M","$","M","?","M","R","E"],"items_purchased_type":["Card","Card","Relic","Card"],"build_version":"2020-12-22","purchased_purges":0,"victory":false,"max_hp_per_floor":[80,80,80,80,80,80,80,80,80,80,80,80,80,80,80,80,80,80,80,80,80,80,80,80,80],"card_choices":[{"not_picked":["Combust","Intimidate"],"picked":"Perfected Strike","floor":1.0},{"not_picked":["Sever Soul","Anger"],"picked":"Headbutt","floor":4.0},{"not_picked":["Sword Boomerang","Carnage"],"picked":"Seeing Red","floor":7.0},{"not_picked":["Headbutt","Dropkick","Warcry"],"picked":"SKIP","floor":10.0},{"not_picked":["Heavy Blade","Fiend Fire","Headbutt"],"picked":"SKIP","floor":13.0},{"not_picked":["Flex","Sword Boomerang","Bloodletting"],"picked":"SKIP","floor":14.0},{"not_picked":["Exhume","Demon Form"],"picked":"Offering","floor":16.0},{"not_picked":["Havoc","Heavy Blade","Fire Breathing"],"picked":"SKIP","floor":18.0},{"not_picked":["Entrench","Warcry"],"picked":"Perfected Strike","floor":20.0},{"not_picked":["Clothesline","Body Slam","Cleave"],"picked":"SKIP","floor":21.0},{"not_picked":["Limit Break","Clash","Heavy Blade"],"picked":"SKIP","floor":22}],"player_experience":364182,"relics_obtained":[{"floor":7.0,"key":"White Beast Statue"},{"floor":9.0,"key":"Lantern"},{"floor":10.0,"key":"Champion Belt"},{"floor":13.0,"key":"Charon\u0027s Ashes"}],"event_choices":[{"damage_healed":0.0,"max_hp_gain":0.0,"max_hp_loss":0.0,"gold_gain":0.0,"event_name":"Golden Idol","player_choice":"Take Damage","floor":2.0,"gold_loss":0.0,"damage_taken":20.0,"relics_obtained":["Golden Idol"]},{"damage_healed":0.0,"max_hp_gain":0.0,"max_hp_loss":0.0,"gold_gain":0.0,"event_name":"Living Wall","player_choice":"Grow","floor":3.0,"gold_loss":0.0,"damage_taken":0.0,"cards_upgraded":["Perfected Strike"]},{"damage_healed":0.0,"max_hp_gain":0.0,"max_hp_loss":0.0,"gold_gain":0.0,"cards_transformed":["Defend_R"],"event_name":"Transmorgrifier","player_choice":"Transformed","floor":11.0,"gold_loss":0.0,"damage_taken":0.0,"cards_obtained":["Fire Breathing"]}],"is_beta":false,"boss_relics":[{"not_picked":["Cursed Key","Fusion Hammer"],"picked":"Astrolabe"}],"items_purged_floors":[],"is_endless":false,"potions_floor_spawned":[10,13,14,16,18,20,21,22],"killed_by":"Book of Stabbing","ascension_level":13}}