{"host":"ivx814w8r949vc3j","time":1608996651,"event":{"mods":["AchievementEnabler","Act Like it!","BaseMod","Bestiary","Colored Powertips","GifTheSpireLib","Marisa????????","Minty Spire (QoL Compilation)","StSLib","UnlockEverythingMod"],"gold_per_floor":[216,227,18,33,48,75,21,34,82,157,157,187,187,203,203,308,308,323,241,258,357,357,357,282,282,282],"floor_reached":25,"playtime":1157,"items_purged":["Defend_MRS"],"score":232,"play_id":"829186a2-5afa-4191-b04a-8f9e84d60f12","local_time":"20201226163051","is_ascension_mode":true,"campfire_choices":[{"data":"OortCloud","floor":11,"key":"SMITH"},{"floor":15,"key":"REST"},{"floor":23,"key":"REST"}],"circlet_count":0,"master_deck":["Strike_MRS","Strike_MRS","Strike_MRS","Defend_MRS","Defend_MRS","Defend_MRS","MasterSpark","UpSweep","OortCloud+1","AsteroidBelt","MilkyWay","GrandCross","MachineGunSpark","PowerUp","BlazeAway","MillisecondPulsars+1","ChargeUpSpray+1","Singularity+1"],"relics":["MiniHakkero","Frozen Egg 2","Toxic Egg 2","Black Star","Nilry\u0027s Codex"],"acts_visited":["Exordium","TheCity"],"potions_floor_usage":[12],"damage_taken":[{"damage":10,"enemies":"Small Slimes","floor":1,"turns":3},{"damage":4,"enemies":"2 Louse","floor":2,"turns":3},{"damage":0,"enemies":"Jaw Worm","floor":4,"turns":6},{"damage":3,"enemies":"Red Slaver","floor":5,"turns":6},{"damage":7,"enemies":"Lagavulin","floor":6,"turns":10},{"damage":8,"enemies":"Exordium Thugs","floor":8,"turns":6},{"damage":16,"enemies":"Gremlin Nob","floor":12,"turns":3},{"damage":3,"enemies":"Looter","floor":14,"turns":2},{"damage":43,"enemies":"Slime Boss","floor":16,"turns":14},{"damage":17,"enemies":"2 Thieves","floor":18,"turns":5},{"damage":40,"enemies":"3 Byrds","floor":20,"turns":8},{"damage":24,"enemies":"Shelled Parasite and Fungi","floor":25,"turns":2}],"seed_played":"-1142467459980698551","potions_obtained":[{"floor":8,"key":"SteroidPotion"},{"floor":12,"key":"FairyPotion"},{"floor":14,"key":"FearPotion"},{"floor":16,"key":"Ancient Potion"},{"floor":18,"key":"Ancient Potion"}],"is_trial":false,"path_per_floor":["M","M","$","M","M","E","$","M","T","?","R","E","?","M","R","B",null,"M","$","M","?","?","R","?","M"],"character_chosen":"MARISA","items_purchased":["MilkyWay","Singularity","PowerUp","Singularity+1"],"campfire_rested":2,"item_purchase_floors":[3,3,7,19],"current_hp_per_floor":[65,61,61,61,58,51,51,43,43,32,32,16,9,6,28,9,75,58,58,18,18,2,24,24,0,0],"gold":282,"neow_bonus":"HUNDRED_GOLD","is_daily":false,"chose_seed":false,"campfire_upgraded":1,"win_rate":0.0,"timestamp":1608996651,"path_taken":["M","M","$","M","M","E","$","M","T","?","R","E","?","M","R","BOSS","M","$","M","?","?","R","?","M"],"items_purchased_type":["Card","Card","Card","Card"],"build_version":"2020-12-22","purchased_purges":1,"victory":false,"max_hp_per_floor":[75,75,75,75,75,75,75,75,75,75,75,75,75,75,75,75,75,75,75,75,75,75,75,75,75,75],"card_choices":[{"not_picked":["GrandCross","Acceleration"],"picked":"OortCloud","floor":1},{"not_picked":["PowerUp","LuminesStrike"],"picked":"AsteroidBelt","floor":2},{"not_picked":["WitchOfGreed","WitchLeyline","EnergyRecoil"],"picked":"SKIP","floor":4},{"not_picked":["BigCrunch","Acceleration"],"picked":"GrandCross","floor":5},{"not_picked":["GasGiant","MilkyWay"],"picked":"MachineGunSpark","floor":6},{"not_picked":["PowerUp","ShootTheMoon"],"picked":"BlazeAway","floor":8},{"not_picked":["WitchOfGreed+1","GalacticHalo+1","DoubleSpark"],"picked":"SKIP","floor":12},{"not_picked":["DC","WitchOfGreed+1","FairyDestructionRay"],"picked":"SKIP","floor":14},{"not_picked":["AbsoluteMagnitude","CasketOfStar+1"],"picked":"MillisecondPulsars+1","floor":16},{"not_picked":["DoubleSpark","Occultation+1"],"picked":"ChargeUpSpray+1","floor":18},{"not_picked":["NonDirectionalLaser","OpenUniverse+1","GalacticHalo+1"],"picked":"SKIP","floor":20}],"player_experience":160241,"relics_obtained":[{"floor":6,"key":"Frozen Egg 2"},{"floor":12,"key":"Toxic Egg 2"},{"floor":22,"key":"Nilry\u0027s Codex"}],"event_choices":[{"damage_healed":0,"gold_gain":75,"player_choice":"Gather Gold","damage_taken":11,"max_hp_gain":0,"max_hp_loss":0,"event_name":"World of Goop","floor":10,"gold_loss":0},{"cards_removed":["Strike_MRS"],"damage_healed":0,"gold_gain":0,"player_choice":"Card Removal","damage_taken":7,"max_hp_gain":0,"max_hp_loss":0,"event_name":"Golden Wing","floor":13,"gold_loss":0},{"damage_healed":0,"gold_gain":99,"player_choice":"Stole From Cult","damage_taken":0,"max_hp_gain":0,"max_hp_loss":0,"event_name":"Nest","floor":21,"gold_loss":0},{"damage_healed":0,"gold_gain":0,"player_choice":"Obtained Book","damage_taken":16,"max_hp_gain":0,"max_hp_loss":0,"event_name":"Cursed Tome","floor":22,"gold_loss":0},{"cards_removed":["Singularity"],"damage_healed":0,"gold_gain":0,"player_choice":"Gave Gold","damage_taken":0,"max_hp_gain":0,"max_hp_loss":0,"event_name":"Beggar","floor":24,"gold_loss":75}],"is_beta":false,"boss_relics":[{"not_picked":["Velvet Choker","Empty Cage"],"picked":"Black Star"}],"items_purged_floors":[3],"is_endless":false,"potions_floor_spawned":[8,12,14,16,18],"killed_by":"Shelled Parasite and Fungi","ascension_level":2}}