{"host":"j0a1jfichhxu8b8p","time":1608973082,"event":{"mods":["BaseMod","Colored Map","DeckTracker","Keyboard Shortcuts","Minty Spire (QoL Compilation)","Permanent Neow","StSLib","The Dragon Tamer"],"gold_per_floor":[117,135,154,154,171,171,204,214,239,314,89,89,13,32,32,136,136],"floor_reached":16,"playtime":568,"items_purged":["Strike_G","Strike_G"],"score":228,"play_id":"cf0d96be-4536-48dd-9299-71c8c40e2d8e","local_time":"20201226175802","is_ascension_mode":true,"campfire_choices":[{"data":"Neutralize","floor":6,"key":"SMITH"},{"data":"Prepared","floor":12,"key":"SMITH"},{"data":"Calculated Gamble","floor":15,"key":"SMITH"}],"circlet_count":0,"master_deck":["AscendersBane","Strike_G","Strike_G","Strike_G","Defend_G","Defend_G","Defend_G","Defend_G","Defend_G","Survivor","Neutralize+1","Die Die Die+1","Deadly Poison","Outmaneuver","Poisoned Stab","Catalyst","Grand Finale","Prepared+1","Flash of Steel","Calculated Gamble+1","Setup"],"relics":["Ring of the Snake","Bronze Scales","CeramicFish","Membership Card"],"acts_visited":["Exordium"],"potions_floor_usage":[16],"damage_taken":[{"damage":2.0,"enemies":"Jaw Worm","floor":1.0,"turns":4.0},{"damage":0.0,"enemies":"Small Slimes","floor":2.0,"turns":2.0},{"damage":5.0,"enemies":"2 Louse","floor":3.0,"turns":3.0},{"damage":1,"enemies":"Looter","floor":5,"turns":3},{"damage":27,"enemies":"3 Sentries","floor":7,"turns":9},{"damage":0,"enemies":"Lots of Slimes","floor":8,"turns":1},{"damage":0,"enemies":"Large Slime","floor":14,"turns":3},{"damage":11,"enemies":"Hexaghost","floor":16,"turns":8}],"seed_played":"6796061287070093958","potions_obtained":[{"floor":3.0,"key":"Strength Potion"},{"floor":5,"key":"AttackPotion"},{"floor":8,"key":"Ancient Potion"},{"floor":14,"key":"Poison Potion"}],"is_trial":false,"path_per_floor":["M","M","M","?","M","R","E","M","T","?","$","R","$","M","R","B"],"character_chosen":"THE_SILENT","items_purchased":["Membership Card","Flash of Steel","Calculated Gamble"],"campfire_rested":0,"item_purchase_floors":[11,11,13],"current_hp_per_floor":[61,61,56,56,55,55,28,28,28,17,17,17,17,17,17,6,6],"gold":136,"neow_bonus":"ONE_RANDOM_RARE_CARD","is_daily":false,"chose_seed":false,"campfire_upgraded":3,"win_rate":0.0,"timestamp":1608973082,"path_taken":["M","M","M","?","M","R","E","M","T","?","$","R","$","M","R","BOSS"],"items_purchased_type":["Relic","Card","Card"],"build_version":"2020-12-22","purchased_purges":2,"victory":false,"max_hp_per_floor":[70,70,70,70,70,70,70,70,70,70,70,70,70,70,70,70,70],"card_choices":[{"not_picked":["PiercingWail","Prepared"],"picked":"Deadly Poison","floor":1.0},{"not_picked":["Quick Slash","Flying Knee"],"picked":"Outmaneuver","floor":2.0},{"not_picked":["Expertise","Underhanded Strike"],"picked":"Poisoned Stab","floor":3.0},{"not_picked":["Dagger Throw","Outmaneuver"],"picked":"Catalyst","floor":5},{"not_picked":["Poisoned Stab","Bane"],"picked":"Grand Finale","floor":7},{"not_picked":["Flechettes","Deadly Poison"],"picked":"Prepared","floor":8},{"not_picked":["Distraction","Dagger Throw"],"picked":"Setup","floor":14}],"player_experience":352063,"relics_obtained":[{"floor":7,"key":"Bronze Scales"},{"floor":9,"key":"CeramicFish"}],"event_choices":[{"damage_healed":0,"gold_gain":0,"player_choice":"Grow","damage_taken":0,"max_hp_gain":0,"max_hp_loss":0,"event_name":"Living Wall","floor":4,"gold_loss":0,"cards_upgraded":["Die Die Die"]},{"damage_healed":0,"gold_gain":75,"player_choice":"Gather Gold","damage_taken":11,"max_hp_gain":0,"max_hp_loss":0,"event_name":"World of Goop","floor":10,"gold_loss":0}],"is_beta":false,"boss_relics":[],"items_purged_floors":[11,13],"is_endless":false,"potions_floor_spawned":[3,5,8,14],"killed_by":"Hexaghost","ascension_level":10}}