{"host":"u0f5uy314yz7olfc","time":1608983150,"event":{"mods":["AchievementEnabler","Aspiration","BaseMod","Better Altar","Better Match","Better Note","Better Sensory Stone","Better Skull","Better Third Choice","BetterRewards","Block Reminder","Colored Map","Colored Powertips","DeckTracker","Dota2Spire","Emptier Cage","Gold Saver","Highlight Path","Hubris","Infinite Spire","Marked Mod","Mimic Mod","Minty Spire (QoL Compilation)","Permanent Neow","Quick Restart","Rare Cards Sparkle","Relic Sorter","Shop Mod","StSLib","The Bladedancer","The Blue Laboratory","Watcher Patcher"],"gold_per_floor":[199,199,199,108,121,152,152,37,61,92,92,128,128,27,27,129,129,129,129],"floor_reached":18,"playtime":1066,"items_purged":[],"score":164,"play_id":"a8fd435d-7866-4581-8776-256142668677","local_time":"20201226184550","is_ascension_mode":false,"campfire_choices":[{"floor":11.0,"key":"REST"},{"floor":13.0,"key":"REST"},{"floor":15.0,"key":"RECALL"}],"circlet_count":0,"master_deck":["Strike_B","Strike_B","Strike_B","Strike_B","Defend_B","Defend_B","Defend_B","Defend_B","Zap","Dualcast","Self Repair","Turbo+1","Steam","Capacitor","Conserve Battery","Redo","Redo","Buffer","Sweeping Beam","Echo Form","Sunder","Capacitor","Hologram","Seek"],"relics":["Cracked Core","hubris:MedicalManual","Juzu Bracelet","Thread and Needle","Lantern","aspiration:WatcherSkillbook"],"acts_visited":["Exordium","TheCity"],"potions_floor_usage":[],"damage_taken":[{"damage":9.0,"enemies":"Cultist","floor":1.0,"turns":4.0},{"damage":5.0,"enemies":"Small Slimes","floor":5.0,"turns":5.0},{"damage":35.0,"enemies":"Lagavulin","floor":6.0,"turns":8.0},{"damage":35.0,"enemies":"Gremlin Nob","floor":10.0,"turns":5.0},{"damage":1.0,"enemies":"Jaw Worm","floor":12.0,"turns":7.0},{"damage":64.0,"enemies":"Slime Boss","floor":16.0,"turns":13.0},{"damage":77,"enemies":"3 Byrds","floor":18,"turns":6}],"seed_played":"-4476721572140602092","potions_obtained":[{"floor":1.0,"key":"blueLaboratory:FrostheartPotion"}],"is_trial":false,"path_per_floor":["M","?","?","$","M","E","?","$","T","E","R","MIM","R","$","R","B",null,"M"],"character_chosen":"DEFECT","items_purchased":["Self Repair","Turbo","Capacitor","Conserve Battery","Buffer","Sweeping Beam","Capacitor","Hologram"],"campfire_rested":2,"item_purchase_floors":[0,0,4,4,8,8,14,14],"current_hp_per_floor":[73,73,73,73,75,47,47,47,47,19,41,47,69,69,69,19,75,0,0],"gold":129,"neow_bonus":"","is_daily":false,"chose_seed":false,"campfire_upgraded":0,"win_rate":0.0,"timestamp":1608983150,"path_taken":["M","?","?","$","M","E","?","$","T","E","R","?","R","?","R","BOSS","M"],"items_purchased_type":["Card","Card","Card","Card","Card","Card","Card","Card"],"build_version":"2020-12-22","purchased_purges":0,"victory":false,"max_hp_per_floor":[75,75,75,75,75,75,75,75,75,75,75,75,75,75,75,75,75,75,75],"card_choices":[{"not_picked":["Recycle","Melter"],"picked":"Steam","floor":1.0},{"not_picked":["Ball Lightning","Gash"],"picked":"Redo","floor":5.0},{"not_picked":["JustLucky","Go for the Eyes"],"picked":"Redo","floor":6.0},{"not_picked":["Melter","Capacitor"],"picked":"Echo Form","floor":10.0},{"not_picked":["Skim","Evaluate"],"picked":"Sunder","floor":12.0},{"not_picked":["Core Surge","All For One"],"picked":"Seek","floor":16.0}],"player_experience":319504,"relics_obtained":[{"floor":6.0,"key":"Thread and Needle"},{"floor":10.0,"key":"hubris:MedicalManual"},{"floor":12.0,"key":"Lantern"}],"event_choices":[{"damage_healed":0.0,"max_hp_gain":0.0,"max_hp_loss":0.0,"gold_gain":0.0,"event_name":"WeMeetAgain","player_choice":"Gave Potion","floor":2.0,"gold_loss":0.0,"damage_taken":0.0,"relics_obtained":["Juzu Bracelet"]},{"damage_healed":0.0,"max_hp_gain":0.0,"max_hp_loss":0.0,"gold_gain":0.0,"event_name":"Purifier","player_choice":"Ignored","floor":3.0,"gold_loss":0.0,"damage_taken":0.0},{"damage_healed":0.0,"max_hp_gain":0.0,"max_hp_loss":0.0,"gold_gain":0.0,"event_name":"Living Wall","player_choice":"Grow","floor":7.0,"gold_loss":0.0,"damage_taken":0.0,"cards_upgraded":["Turbo"]}],"is_beta":false,"boss_relics":[{"not_picked":["infinitespire:Cupcake","Velvet Choker"],"picked":"aspiration:WatcherSkillbook"}],"items_purged_floors":[],"is_endless":false,"potions_floor_spawned":[1],"killed_by":"3 Byrds","ascension_level":0}}