{"host":"po0gzr6h085cygwo","time":1608968517,"event":{"mods":["AchievementEnabler","BaseMod","Colored Map","DeckTracker","Minty Spire (QoL Compilation)","Rare Cards Sparkle","StSLib","SuperFastMode"],"gold_per_floor":[117,131,147,164,89,117,128,153,179,210,222,409,451,363,363,458,458,468,488,57,67,87,87,117,117,117,217,217,246,246,262,262,358,358,375,335,355,374,384,384,719,730,730,40,56,73,98,109,109,109],"floor_reached":51,"playtime":2603,"items_purged":["Strike_R","Doubt","Defend_R","Strike_R"],"score":1115,"play_id":"b395834c-df02-47ff-b5ce-61fac95a2996","local_time":"20201226164157","is_ascension_mode":true,"campfire_choices":[{"data":"Berserk","floor":11.0,"key":"SMITH"},{"data":"Uppercut","floor":15.0,"key":"SMITH"},{"data":"Limit Break","floor":23.0,"key":"SMITH"},{"data":"Body Slam","floor":25.0,"key":"SMITH"},{"data":"Inflame","floor":28.0,"key":"SMITH"},{"data":"Spot Weakness","floor":32.0,"key":"SMITH"},{"data":"Berserk","floor":40.0,"key":"SMITH"},{"data":"Rupture","floor":49,"key":"SMITH"}],"circlet_count":0,"master_deck":["Strike_R","Defend_R","Defend_R","Bash","Armaments","Spot Weakness+1","Berserk+1","Uppercut+1","Body Slam+1","Limit Break+1","Sentinel+1","Rage+1","Pummel+1","Evolve","Ghostly Armor+1","Iron Wave","Inflame+1","Brutality","Swift Strike+1","Berserk+1","Rupture+1","Body Slam+1","Flex+1","Impervious","Metallicize"],"relics":["Burning Blood","NeowsBlessing","Calipers","CloakClasp","Thread and Needle","CaptainsWheel","HornCleat","Orichalcum","Anchor","TheAbacus","FrozenCore","Torii","Tough Bandages","Self Forming Clay","Ornamental Fan","PreservedInsect","Blood Vial","MawBank","Orichalcum","Astrolabe","Tiny Chest","Sling","Anchor","Sundial","Lizard Tail","Molten Egg 2","StoneCalendar","Black Star","Old Coin","Pen Nib","Shuriken","Brimstone","Vajra","Nunchaku"],"acts_visited":["Exordium","TheCity","TheBeyond"],"potions_floor_usage":[46,46,46,50,50],"damage_taken":[{"damage":0.0,"enemies":"Small Slimes","floor":1.0,"turns":2.0},{"damage":0.0,"enemies":"2 Louse","floor":2.0,"turns":1.0},{"damage":0.0,"enemies":"Cultist","floor":3.0,"turns":1.0},{"damage":0.0,"enemies":"2 Fungi Beasts","floor":4.0,"turns":4.0},{"damage":0.0,"enemies":"3 Sentries","floor":6.0,"turns":11.0},{"damage":0.0,"enemies":"Lots of Slimes","floor":7.0,"turns":4.0},{"damage":0.0,"enemies":"Lagavulin","floor":8.0,"turns":7.0},{"damage":0.0,"enemies":"Red Slaver","floor":10.0,"turns":5.0},{"damage":0.0,"enemies":"Gremlin Nob","floor":13.0,"turns":4.0},{"damage":0.0,"enemies":"The Guardian","floor":16.0,"turns":11.0},{"damage":0.0,"enemies":"2 Thieves","floor":18.0,"turns":5.0},{"damage":0.0,"enemies":"3 Byrds","floor":19.0,"turns":7.0},{"damage":0.0,"enemies":"Snecko","floor":21.0,"turns":3.0},{"damage":8.0,"enemies":"3 Cultists","floor":22.0,"turns":7.0},{"damage":0.0,"enemies":"Gremlin Leader","floor":24.0,"turns":6.0},{"damage":1.0,"enemies":"Colosseum Slavers","floor":27.0,"turns":4.0},{"damage":0.0,"enemies":"Colosseum Nobs","floor":27.0,"turns":4.0},{"damage":2.0,"enemies":"Slavers","floor":29.0,"turns":6.0},{"damage":0.0,"enemies":"Cultist and Chosen","floor":31.0,"turns":4.0},{"damage":5.0,"enemies":"Automaton","floor":33.0,"turns":6.0},{"damage":0.0,"enemies":"Orb Walker","floor":35.0,"turns":2.0},{"damage":0.0,"enemies":"3 Shapes","floor":37.0,"turns":5.0},{"damage":12.0,"enemies":"Transient","floor":38.0,"turns":5.0},{"damage":1.0,"enemies":"Spire Growth","floor":39.0,"turns":4.0},{"damage":1.0,"enemies":"Giant Head","floor":41.0,"turns":6.0},{"damage":1.0,"enemies":"Jaw Worm Horde","floor":42.0,"turns":4.0},{"damage":0.0,"enemies":"4 Shapes","floor":45.0,"turns":5.0},{"damage":35,"enemies":"Writhing Mass","floor":46,"turns":6},{"damage":0,"enemies":"Spire Growth","floor":48,"turns":4},{"damage":63,"enemies":"Awakened One","floor":50,"turns":10}],"seed_played":"-3717906963229531339","potions_obtained":[{"floor":2.0,"key":"Fire Potion"},{"floor":4.0,"key":"BloodPotion"},{"floor":8.0,"key":"SpeedPotion"},{"floor":31.0,"key":"LiquidMemories"},{"floor":38.0,"key":"Energy Potion"},{"floor":46,"key":"LiquidBronze"},{"floor":48,"key":"ColorlessPotion"}],"is_trial":false,"path_per_floor":["M","M","M","M","$","E","M","E","T","M","R","?","E","$","R","B",null,"M","M","$","M","M","R","E","R","T","?","R","E","?","M","R","B",null,"M","$","M","M","M","R","E","M","T","$","M","M","T","M","R","B",null],"character_chosen":"IRONCLAD","items_purchased":["Tiny Chest","Sling","Rupture","Impervious","Metallicize","Brimstone","Vajra","BloodPotion","SkillPotion"],"campfire_rested":0,"item_purchase_floors":[20,20,36,44,44,44,44,44,44],"current_hp_per_floor":[80,80,80,80,80,80,80,80,80,80,80,80,80,80,80,80,80,80,80,80,80,78,78,80,80,80,80,80,80,80,80,80,80,80,80,80,80,80,80,80,80,80,80,80,80,67,67,75,75,20],"gold":109,"neow_bonus":"THREE_ENEMY_KILL","is_daily":false,"chose_seed":false,"campfire_upgraded":8,"win_rate":0.0,"timestamp":1608968517,"path_taken":["M","M","M","M","$","E","M","E","T","M","R","?","E","$","R","BOSS","M","M","$","M","M","R","E","R","T","?","R","E","?","M","R","BOSS","M","$","M","M","M","R","E","M","T","$","M","?","?","M","R","BOSS"],"items_purchased_type":["Relic","Relic","Card","Card","Card","Relic","Relic","Potion","Potion"],"build_version":"2020-12-22","purchased_purges":4,"victory":true,"max_hp_per_floor":[80,80,80,80,80,80,80,80,80,80,80,80,80,80,80,80,80,80,80,80,80,80,80,80,80,80,80,80,80,80,80,80,80,80,80,80,80,80,80,80,80,80,80,80,80,80,80,80,80,80],"card_choices":[{"not_picked":["Pommel Strike","Battle Trance","Thunderclap"],"picked":"SKIP","floor":1.0},{"not_picked":["Spot Weakness","Combust"],"picked":"Armaments","floor":2.0},{"not_picked":["Heavy Blade","Pommel Strike","Wild Strike"],"picked":"SKIP","floor":3.0},{"not_picked":["Clash","Sever Soul"],"picked":"Spot Weakness","floor":4.0},{"not_picked":["Battle Trance","Thunderclap"],"picked":"Berserk","floor":6.0},{"not_picked":["Rage","Pommel Strike","Clothesline"],"picked":"SKIP","floor":7.0},{"not_picked":["Shockwave","Inflame"],"picked":"Uppercut","floor":8.0},{"not_picked":["Armaments","Anger","Cleave"],"picked":"SKIP","floor":10.0},{"not_picked":["Rampage","Thunderclap"],"picked":"Body Slam","floor":13.0},{"not_picked":["Offering","Reaper"],"picked":"Limit Break","floor":16.0},{"not_picked":["Shrug It Off","Thunderclap"],"picked":"Evolve","floor":18.0},{"not_picked":["Armaments","Clash"],"picked":"Ghostly Armor+1","floor":19.0},{"not_picked":["Perfected Strike+1","Heavy Blade","Havoc"],"picked":"SKIP","floor":21.0},{"not_picked":["Warcry","Sword Boomerang"],"picked":"Iron Wave","floor":22.0},{"not_picked":["Offering","Rampage+1","Battle Trance"],"picked":"SKIP","floor":24.0},{"not_picked":["Infernal Blade","Heavy Blade+1"],"picked":"Inflame","floor":27.0},{"not_picked":["Thunderclap+1","Havoc+1","Pommel Strike+1"],"picked":"SKIP","floor":29.0},{"not_picked":["True Grit","Clash+1","Cleave+1"],"picked":"SKIP","floor":31.0},{"not_picked":["Offering","Immolate+1"],"picked":"Berserk","floor":33.0},{"not_picked":["Combust","Battle Trance+1","Carnage+1"],"picked":"SKIP","floor":35.0},{"not_picked":["Cleave+1","Rage","Clash+1"],"picked":"SKIP","floor":37.0},{"not_picked":["Anger+1","Pommel Strike+1"],"picked":"Body Slam+1","floor":38.0},{"not_picked":["Thunderclap+1","Clash+1","Cleave+1"],"picked":"SKIP","floor":39.0},{"not_picked":["Bloodletting+1","Iron Wave+1","Rage+1"],"picked":"SKIP","floor":41.0},{"not_picked":["Infernal Blade+1","Shrug It Off+1"],"picked":"Flex+1","floor":42.0},{"not_picked":["Sword Boomerang+1","Fire Breathing+1","Combust"],"picked":"SKIP","floor":45.0},{"not_picked":["Heavy Blade+1","Iron Wave+1","Searing Blow+1"],"picked":"SKIP","floor":46},{"not_picked":["Anger+1","Dual Wield","Battle Trance"],"picked":"SKIP","floor":48}],"player_experience":38654,"relics_obtained":[{"floor":6.0,"key":"PreservedInsect"},{"floor":8.0,"key":"Blood Vial"},{"floor":9.0,"key":"MawBank"},{"floor":13.0,"key":"Orichalcum"},{"floor":24.0,"key":"Anchor"},{"floor":26.0,"key":"Sundial"},{"floor":27.0,"key":"Lizard Tail"},{"floor":27.0,"key":"Molten Egg 2"},{"floor":29.0,"key":"StoneCalendar"},{"floor":41.0,"key":"Old Coin"},{"floor":41.0,"key":"Pen Nib"},{"floor":43.0,"key":"Shuriken"},{"floor":47,"key":"Nunchaku"}],"event_choices":[{"damage_healed":0.0,"max_hp_gain":0.0,"max_hp_loss":0.0,"gold_gain":175.0,"event_name":"Liars Game","player_choice":"AGREE","floor":12.0,"gold_loss":0.0,"damage_taken":0.0,"cards_obtained":["Doubt"]},{"damage_healed":0.0,"max_hp_gain":0.0,"max_hp_loss":0.0,"gold_gain":0.0,"event_name":"Colosseum","player_choice":"Fight","floor":27.0,"gold_loss":0.0,"damage_taken":0.0},{"damage_healed":0.0,"max_hp_gain":0.0,"max_hp_loss":0.0,"gold_gain":0.0,"event_name":"Colosseum","player_choice":"Fought Nobs","floor":27.0,"gold_loss":0.0,"damage_taken":0.0},{"damage_healed":0.0,"max_hp_gain":0.0,"max_hp_loss":0.0,"gold_gain":0.0,"event_name":"Match and Keep!","player_choice":"2 cards matched","floor":30.0,"gold_loss":0.0,"damage_taken":0.0,"cards_obtained":["Brutality","Swift Strike"]}],"is_beta":false,"boss_relics":[{"not_picked":["Coffee Dripper","Empty Cage"],"picked":"Astrolabe"},{"not_picked":["Runic Pyramid","Mark of Pain"],"picked":"Black Star"}],"items_purged_floors":[5,14,20,44],"is_endless":false,"potions_floor_spawned":[2,4,8,10,19,21,27,31,33,35,38,45,46,48],"ascension_level":1}}