{"host":"qc1sjgtdjonvdsd8","time":1608968386,"event":{"mods":["BaseMod","Colored Map","Colored Powertips","Curses Come First","Minty Spire (QoL Compilation)","Replay The Spire","StSLib","The Cursed","The Servant 0.9.4"],"gold_per_floor":[118,134,309,309,325,325,345,380,405,405,405,147,147,163,113,13,13,117,117,132,184,184,184,204,204,122,137,206,217,236,263,281,191,191,291,291,308,38,38,38,53,53,53,53],"floor_reached":43,"playtime":3753,"items_purged":["Defend_S","Strike_S","Strike_S"],"score":471,"play_id":"08817589-3c80-46cd-ae93-89ec5c6dad88","local_time":"20201225233946","is_ascension_mode":false,"campfire_choices":[{"floor":6,"key":"REST"},{"floor":17,"key":"REST"},{"floor":25,"key":"REST"},{"floor":42,"key":"REST"}],"circlet_count":0,"master_deck":["Strike_S","Defend_S","Defend_S","Defend_S","KidneyShot","Exchange","FloweringNight","InstantArmor","Desolation+1","GearUp","Rearm+1","Mayhem","Solidify","Barrier","Comet","SilverBlades","Advance","SilverBlades+1","SilverBlades+1","SurpressingFire","TheWorld","Dilation","Discovery","Comet"],"relics":["Uniform","Pen Nib","Juzu Bracelet","Cursed Key","Replay:Mystery Machine","Mercury Hourglass","PreservedInsect"],"acts_visited":["Exordium","TheCity","TheBeyond"],"potions_floor_usage":[18,18,20,24,31,31,37],"damage_taken":[{"damage":5,"enemies":"Cultist","floor":1,"turns":6},{"damage":0,"enemies":"2 Louse","floor":2,"turns":3},{"damage":0,"enemies":"Small Slimes","floor":5,"turns":2},{"damage":1,"enemies":"Looter","floor":7,"turns":2},{"damage":13,"enemies":"Gremlin Nob","floor":8,"turns":5},{"damage":7,"enemies":"Lots of Slimes","floor":14,"turns":5},{"damage":10,"enemies":"Slime Boss","floor":18,"turns":10},{"damage":14,"enemies":"2 Thieves","floor":20,"turns":5},{"damage":0,"enemies":"Spheric Guardian","floor":24,"turns":3},{"damage":4,"enemies":"Chosen and Byrds","floor":27,"turns":8},{"damage":5,"enemies":"Snecko","floor":29,"turns":5},{"damage":10,"enemies":"3 Cultists","floor":30,"turns":5},{"damage":30,"enemies":"Slavers","floor":31,"turns":8},{"damage":0,"enemies":"Centurion and Healer","floor":32,"turns":4},{"damage":0,"enemies":"Collector","floor":35,"turns":12},{"damage":18,"enemies":"3 Darklings","floor":37,"turns":5},{"damage":0,"enemies":"3 Shapes","floor":41,"turns":5},{"damage":73,"enemies":"Reptomancer","floor":43,"turns":2}],"seed_played":"-7186874628985079560","potions_obtained":[{"floor":1,"key":"Weak Potion"},{"floor":8,"key":"Explosive Potion"},{"floor":14,"key":"Toxic Potion"},{"floor":21,"key":"PowerPotion"},{"floor":27,"key":"Milkshake"},{"floor":29,"key":"Explosive Potion"},{"floor":31,"key":"Weak Potion"},{"floor":35,"key":"Elixir"}],"is_trial":false,"path_per_floor":["M","M","?","?","M","R","M","E","T","PTL","PTL","$","?","M","?","$","R","B",null,"M","?","?","?","M","R","$","M","T","M","M","E","M","?","R_BF","B",null,"M","$","?","?","M","R","E"],"character_chosen":"THE_SERVANT","items_purchased":["Mayhem","SilverBlades","Dilation"],"campfire_rested":4,"item_purchase_floors":[12,26,38],"current_hp_per_floor":[42,42,42,42,42,61,60,47,47,47,47,47,52,45,45,45,66,56,70,56,56,56,49,49,70,70,66,66,61,51,21,21,21,42,42,70,52,52,52,52,52,70,0,0],"gold":53,"neow_bonus":"THREE_RARE_CARDS","is_daily":false,"chose_seed":false,"campfire_upgraded":0,"win_rate":0.0,"timestamp":1608968386,"path_taken":["M","M","?","?","M","R","M","E","T","PTL","PTL","$","?","M","?","$","R","BOSS","M","?","?","?","M","R","$","M","T","M","M","E","M","?","R_BF","BOSS","M","$","?","?","M","R","E"],"items_purchased_type":["Card","Card","Card"],"build_version":"2020-12-22","purchased_purges":3,"victory":false,"max_hp_per_floor":[65,65,65,65,65,65,65,65,65,65,65,65,70,70,70,70,70,70,70,70,70,70,70,70,70,70,70,70,70,70,70,70,70,70,70,70,70,70,70,70,70,70,70,70],"card_choices":[{"not_picked":["FlawlessForm","PendulumOfEternity"],"picked":"FloweringNight","floor":0},{"not_picked":["Unruled","Defy"],"picked":"InstantArmor","floor":1},{"not_picked":["ShatteredReality","Unruled"],"picked":"Desolation","floor":2},{"not_picked":["Replace","FastForward"],"picked":"GearUp","floor":5},{"not_picked":["Starlight","Revamp"],"picked":"Rearm","floor":7},{"not_picked":["TimeWarp","Unruled","Replace"],"picked":"SKIP","floor":8},{"not_picked":["ShatteredReality","Replace","Spin"],"picked":"SKIP","floor":14},{"not_picked":["KillingDoll","Embodiment"],"picked":"Solidify","floor":18},{"not_picked":["GearUp","Alleviate+1"],"picked":"Barrier","floor":20},{"not_picked":["Spin+1","Replace+1"],"picked":"Comet","floor":21},{"not_picked":["ShatteredReality","Alleviate","Hightail+1"],"picked":"SKIP","floor":24},{"not_picked":["ShatteredReality+1","Misdirection"],"picked":"Advance","floor":27},{"not_picked":["StarChef","Defy"],"picked":"SilverBlades+1","floor":29},{"not_picked":["Moondial","Initiator"],"picked":"SilverBlades+1","floor":30},{"not_picked":["Gouge","BestPractice"],"picked":"SurpressingFire","floor":31},{"not_picked":["Contraction","Misdirection+1","Potential+1"],"picked":"SKIP","floor":32},{"not_picked":["LightFlow","Solidify"],"picked":"TheWorld","floor":35},{"not_picked":["Alleviate+1","Spin+1","Advance"],"picked":"SKIP","floor":37},{"not_picked":["ReplayUltimateDefense","Madness"],"picked":"Discovery","floor":39},{"not_picked":["Reset+1","Snipe+1"],"picked":"Comet","floor":41}],"player_experience":176557,"relics_obtained":[{"floor":8,"key":"Pen Nib"},{"floor":9,"key":"Juzu Bracelet"},{"floor":21,"key":"Replay:Mystery Machine"},{"floor":28,"key":"Mercury Hourglass"},{"floor":31,"key":"PreservedInsect"}],"event_choices":[{"damage_healed":0,"gold_gain":175,"player_choice":"AGREE","damage_taken":0,"max_hp_gain":0,"max_hp_loss":0,"event_name":"Liars Game","floor":3,"gold_loss":0,"cards_obtained":["Doubt"]},{"cards_removed":["Doubt"],"damage_healed":0,"gold_gain":0,"player_choice":"Forget","damage_taken":0,"max_hp_gain":0,"max_hp_loss":0,"event_name":"Living Wall","floor":4,"gold_loss":0},{"damage_healed":0,"gold_gain":0,"player_choice":"Donut","damage_taken":0,"max_hp_gain":5,"max_hp_loss":0,"event_name":"Big Fish","floor":13,"gold_loss":0},{"cards_removed":["Strike_S"],"damage_healed":0,"gold_gain":0,"player_choice":"Card Removal","damage_taken":0,"max_hp_gain":0,"max_hp_loss":0,"event_name":"The Cleric","floor":15,"gold_loss":50},{"damage_healed":0,"gold_gain":0,"player_choice":"Damaged","damage_taken":7,"max_hp_gain":0,"max_hp_loss":0,"event_name":"Wheel of Change","floor":23,"gold_loss":0},{"cards_removed":["Clumsy"],"damage_healed":0,"gold_gain":0,"player_choice":"Upgrade and Remove","damage_taken":0,"max_hp_gain":0,"max_hp_loss":0,"event_name":"Designer","floor":33,"gold_loss":90,"cards_upgraded":["Rearm"]},{"damage_healed":0,"gold_gain":0,"player_choice":"Memory 1","damage_taken":0,"max_hp_gain":0,"max_hp_loss":0,"event_name":"SensoryStone","floor":39,"gold_loss":0},{"damage_healed":0,"gold_gain":0,"player_choice":"Ignored","damage_taken":0,"max_hp_gain":0,"max_hp_loss":0,"event_name":"Mysterious Sphere","floor":40,"gold_loss":0}],"is_beta":false,"boss_relics":[{"not_picked":["Tiny House","MysterySword"],"picked":"Cursed Key"},{"not_picked":["Coffee Dripper","Velvet Choker","Snecko Eye"]}],"items_purged_floors":[12,16,38],"is_endless":false,"potions_floor_spawned":[1,8,14,27,29,31,35],"killed_by":"Reptomancer","ascension_level":0}}