{"host":"7k2a2omxz3voj5ax","time":1608981277,"event":{"mods":["BaseMod","Marisa£¨ìFÓê¡¡Ä§ÀíÉ³£©","Minty Spire (QoL Compilation)","Quick Restart","Spicy Shops","StSLib","Starting Relic: Pandora\u0027s Box","óô»ðÖ¸ÄÏ"],"gold_per_floor":[118,43,55,65,78,106,106,132,157,157,157,157],"floor_reached":11,"playtime":431,"items_purged":[],"score":166,"play_id":"5935802a-d8cc-4c72-a2f4-b544cabe1eed","local_time":"20201226201437","is_ascension_mode":true,"campfire_choices":[{"floor":10,"key":"REST"}],"circlet_count":0,"master_deck":["AscendersBane","Power Through","Sword Boomerang","Metallicize","Bloodletting","Ghostly Armor","Dark Embrace","Evolve","Body Slam","Feed","True Grit"],"relics":["Pandora\u0027s Box","NeowsBlessing","Vajra","Smiling Mask"],"acts_visited":["Exordium"],"potions_floor_usage":[8],"damage_taken":[{"damage":0.0,"enemies":"2 Louse","floor":1.0,"turns":1.0},{"damage":0.0,"enemies":"Cultist","floor":3.0,"turns":1.0},{"damage":0.0,"enemies":"Jaw Worm","floor":4.0,"turns":1.0},{"damage":20.0,"enemies":"Exordium Thugs","floor":5.0,"turns":6.0},{"damage":39.0,"enemies":"Gremlin Nob","floor":6.0,"turns":5.0},{"damage":11,"enemies":"3 Sentries","floor":8,"turns":6},{"damage":44,"enemies":"Gremlin Nob","floor":11,"turns":4}],"seed_played":"-4068032689100599139","potions_obtained":[{"floor":3.0,"key":"ElixirPotion"},{"floor":4.0,"key":"Strength Potion"},{"floor":5.0,"key":"LiquidBronze"}],"is_trial":false,"path_per_floor":["M","?","M","M","M","E","?","E","T","R","E"],"character_chosen":"IRONCLAD","items_purchased":[],"campfire_rested":1,"item_purchase_floors":[],"current_hp_per_floor":[68,68,68,68,48,9,9,1,1,24,0,0],"gold":157,"neow_bonus":"THREE_ENEMY_KILL","is_daily":false,"chose_seed":false,"campfire_upgraded":0,"win_rate":0.0,"timestamp":1608981277,"path_taken":["M","?","M","M","M","E","?","E","T","R","E"],"items_purchased_type":[],"build_version":"2020-12-22","purchased_purges":0,"victory":false,"max_hp_per_floor":[75,75,75,75,75,75,75,78,78,78,78,78],"card_choices":[{"not_picked":["Spot Weakness","Clothesline","Shrug It Off"],"picked":"SKIP","floor":1.0},{"not_picked":["Pommel Strike","Thunderclap","Pummel"],"picked":"SKIP","floor":3.0},{"not_picked":["Dual Wield","Cleave","Havoc"],"picked":"SKIP","floor":4.0},{"not_picked":["Bludgeon","Twin Strike","Clash"],"picked":"SKIP","floor":5.0},{"not_picked":["Heavy Blade","Cleave"],"picked":"Feed","floor":6.0},{"not_picked":["Shockwave","Rage"],"picked":"True Grit","floor":8}],"player_experience":359512,"relics_obtained":[{"floor":6.0,"key":"Vajra"},{"floor":8,"key":"Smiling Mask"}],"event_choices":[{"cards_removed":["Bash"],"damage_healed":0.0,"max_hp_gain":0.0,"max_hp_loss":0.0,"gold_gain":0.0,"event_name":"The Cleric","player_choice":"Card Removal","floor":2.0,"gold_loss":75.0,"damage_taken":0.0},{"cards_removed":["Thunderclap"],"damage_healed":0.0,"max_hp_gain":0.0,"max_hp_loss":0.0,"gold_gain":0.0,"event_name":"Purifier","player_choice":"Purged","floor":7.0,"gold_loss":0.0,"damage_taken":0.0}],"is_beta":false,"boss_relics":[],"items_purged_floors":[],"is_endless":false,"potions_floor_spawned":[3,4,5],"killed_by":"Gremlin Nob","ascension_level":20}}