{"host":"lvhfn8l5bvc4nolx","time":1608966266,"event":{"mods":["AchievementEnabler","BaseMod","Colored Map","Keyboard Shortcuts","Minty Spire (QoL Compilation)","Permanent Neow","Quick Restart","SuperFastMode"],"gold_per_floor":[19,37,66,83,83,126,76,95,149,168,168,188,188,231,231,355,355,380,138,108,129,112,112,112,151,151,151,186,201,201,201,201,325,388,406,420,438,1,20,58,58,81,127,127,460,460,473,473,473,473,473,473,245,272,272,272],"floor_reached":55,"playtime":1887,"items_purged":["Strike_R","Bash","Defend_R","Defend_R","Corruption+1"],"score":1188,"play_id":"a38e786c-ddfc-465b-9e48-6d639af40ff1","local_time":"20201226160426","is_ascension_mode":true,"campfire_choices":[{"data":"Body Slam","floor":11.0,"key":"SMITH"},{"floor":13.0,"key":"REST"},{"data":"Immolate","floor":15.0,"key":"SMITH"},{"data":"Evolve","floor":23.0,"key":"SMITH"},{"floor":27.0,"key":"REST"},{"floor":30.0,"key":"RECALL"},{"floor":32.0,"key":"REST"},{"floor":41.0,"key":"REST"},{"data":"Fire Breathing","floor":44.0,"key":"SMITH"},{"data":"Defend_R","floor":46.0,"key":"SMITH"},{"data":"Defend_R","floor":49,"key":"SMITH"},{"floor":52,"key":"REST"}],"circlet_count":0,"master_deck":["Defend_R+1","Defend_R+1","Headbutt+1","Body Slam+1","Ghostly Armor+1","Power Through+1","Shrug It Off+1","Sentinel+1","Exhume+1","Dark Embrace+1","Feel No Pain+1","Second Wind+1","Evolve+1","Power Through+1","Sentinel+1","Shrug It Off+1","Entrench+1","Barricade+1","Fire Breathing+1","Shrug It Off+1","Seeing Red+1","Shrug It Off+1","Dark Embrace+1","Power Through+1","Body Slam","Impervious+1"],"relics":["Burning Blood","Toxic Egg 2","Vajra","StrikeDummy","Regal Pillow","Happy Flower","Astrolabe","DollysMirror","Bottled Tornado","Bottled Flame","Ornamental Fan","Nilry\u0027s Codex","Tiny House","Incense Burner","Frozen Egg 2","Bronze Scales"],"acts_visited":["Exordium","TheCity","TheBeyond","TheEnding"],"potions_floor_usage":[55,55,55,55],"damage_taken":[{"damage":7.0,"enemies":"Jaw Worm","floor":1.0,"turns":3.0},{"damage":1.0,"enemies":"Small Slimes","floor":2.0,"turns":2.0},{"damage":0.0,"enemies":"Cultist","floor":4.0,"turns":2.0},{"damage":35.0,"enemies":"Lagavulin","floor":6.0,"turns":5.0},{"damage":0.0,"enemies":"Large Slime","floor":8.0,"turns":4.0},{"damage":0.0,"enemies":"3 Louse","floor":10.0,"turns":1.0},{"damage":11.0,"enemies":"Looter","floor":12.0,"turns":2.0},{"damage":7.0,"enemies":"Gremlin Nob","floor":14.0,"turns":5.0},{"damage":25.0,"enemies":"The Guardian","floor":16.0,"turns":10.0},{"damage":22.0,"enemies":"Spheric Guardian","floor":18.0,"turns":10.0},{"damage":0.0,"enemies":"Chosen","floor":21.0,"turns":5.0},{"damage":42.0,"enemies":"Gremlin Leader","floor":25.0,"turns":6.0},{"damage":9.0,"enemies":"Book of Stabbing","floor":28.0,"turns":6.0},{"damage":0.0,"enemies":"Sentry and Sphere","floor":29.0,"turns":6.0},{"damage":3.0,"enemies":"Automaton","floor":33.0,"turns":6.0},{"damage":2.0,"enemies":"3 Shapes","floor":35.0,"turns":4.0},{"damage":2.0,"enemies":"3 Darklings","floor":36.0,"turns":7.0},{"damage":12.0,"enemies":"Writhing Mass","floor":37.0,"turns":7.0},{"damage":11.0,"enemies":"Jaw Worm Horde","floor":39.0,"turns":5.0},{"damage":33.0,"enemies":"Reptomancer","floor":40.0,"turns":4.0},{"damage":7.0,"enemies":"Sphere and 2 Shapes","floor":42.0,"turns":6.0},{"damage":8.0,"enemies":"Writhing Mass","floor":47.0,"turns":4.0},{"damage":31,"enemies":"Awakened One","floor":50,"turns":4},{"damage":55,"enemies":"Shield and Spear","floor":54,"turns":7},{"damage":40,"enemies":"The Heart","floor":55,"turns":3}],"seed_played":"761057847892295711","potions_obtained":[{"floor":1.0,"key":"Swift Potion"},{"floor":4.0,"key":"AttackPotion"},{"floor":6.0,"key":"DistilledChaos"},{"floor":10.0,"key":"Dexterity Potion"},{"floor":20.0,"key":"Block Potion"},{"floor":20.0,"key":"SmokeBomb"},{"floor":21.0,"key":"FearPotion"},{"floor":25.0,"key":"Swift Potion"},{"floor":34.0,"key":"EntropicBrew"}],"is_trial":false,"path_per_floor":["M","M","$","M","?","E","?","M","T","M","R","M","R","E","R","B",null,"M","$","?","M","$","R","?","E","T","R","E","M","R","?","R","B",null,"M","M","M","$","M","E","R","M","T","R","?","R","M","?","R","B",null,"R","$","E","B"],"character_chosen":"IRONCLAD","items_purchased":["Toxic Egg 2","Vajra","Second Wind+1","Evolve","DollysMirror","Shrug It Off+1","Incense Burner","Body Slam"],"campfire_rested":5,"item_purchase_floors":[3,3,19,19,22,22,38,53],"current_hp_per_floor":[71,76,76,80,60,31,31,37,37,43,43,38,77,76,76,57,74,58,58,58,64,64,64,64,28,28,67,64,70,70,54,80,80,85,85,85,79,79,74,47,85,84,84,84,84,84,82,82,82,57,78,85,85,36,0,0],"gold":272,"neow_bonus":"THREE_RARE_CARDS","is_daily":false,"chose_seed":false,"campfire_upgraded":6,"win_rate":0.0,"timestamp":1608966266,"path_taken":["M","M","$","M","?","E","?","M","T","?","R","M","R","E","R","BOSS","M","$","?","?","$","R","?","E","T","R","E","M","R","?","R","BOSS","M","M","M","$","M","E","R","M","T","R","?","R","M","?","R","BOSS","R","$","E","BOSS"],"items_purchased_type":["Relic","Relic","Card","Card","Relic","Card","Relic","Card"],"build_version":"2020-12-22","purchased_purges":5,"victory":false,"max_hp_per_floor":[80,80,80,80,80,80,80,80,80,80,80,80,80,80,80,80,80,80,80,80,80,80,80,80,80,80,80,80,80,80,80,80,80,85,85,85,85,85,85,85,85,85,85,85,85,85,85,85,85,85,85,85,85,85,85,85],"card_choices":[{"not_picked":["Bludgeon","Reaper"],"picked":"Immolate","floor":0.0},{"not_picked":["Sever Soul","Twin Strike","Clash"],"picked":"SKIP","floor":1.0},{"not_picked":["Battle Trance","Uppercut"],"picked":"Headbutt","floor":2.0},{"not_picked":["Warcry+1","Bludgeon"],"picked":"Body Slam","floor":4.0},{"not_picked":["Body Slam","Clash"],"picked":"Ghostly Armor+1","floor":6.0},{"not_picked":["Flex+1","Headbutt"],"picked":"Power Through+1","floor":8.0},{"not_picked":["Combust","Thunderclap"],"picked":"Shrug It Off+1","floor":10.0},{"not_picked":["Body Slam","Clash"],"picked":"Sentinel+1","floor":12.0},{"not_picked":["Whirlwind","Corruption","Havoc+1"],"picked":"SKIP","floor":14.0},{"not_picked":["Fiend Fire","Corruption"],"picked":"Exhume+1","floor":16.0},{"not_picked":["Infernal Blade+1","Shockwave+1"],"picked":"Feel No Pain+1","floor":18.0},{"not_picked":["Twin Strike","Dark Embrace"],"picked":"Power Through+1","floor":21.0},{"not_picked":["Headbutt","Armaments+1","Shockwave+1"],"picked":"SKIP","floor":25.0},{"not_picked":["Headbutt","Armaments+1","Shockwave+1"],"picked":"SKIP","floor":25.0},{"not_picked":["Anger+1","Cleave","Iron Wave"],"picked":"SKIP","floor":28.0},{"not_picked":["Headbutt+1","Iron Wave","Heavy Blade"],"picked":"SKIP","floor":29.0},{"not_picked":["Clash","Hemokinesis"],"picked":"Fire Breathing","floor":34.0},{"not_picked":["Iron Wave+1","Clash+1"],"picked":"Shrug It Off+1","floor":35.0},{"not_picked":["Hemokinesis+1","Second Wind+1","Iron Wave"],"picked":"SKIP","floor":36.0},{"not_picked":["Perfected Strike+1","Wild Strike+1"],"picked":"Seeing Red+1","floor":37.0},{"not_picked":["Limit Break+1","Perfected Strike+1","Dropkick"],"picked":"SKIP","floor":39.0},{"not_picked":["Sever Soul","Armaments+1"],"picked":"Shrug It Off+1","floor":40.0},{"not_picked":["Flex+1","Pummel"],"picked":"Dark Embrace+1","floor":42.0},{"not_picked":["Pommel Strike","Iron Wave+1"],"picked":"Power Through+1","floor":47.0},{"not_picked":["Offering+1","Carnage"],"picked":"Impervious+1","floor":54}],"player_experience":330959,"relics_obtained":[{"floor":6.0,"key":"StrikeDummy"},{"floor":9.0,"key":"Regal Pillow"},{"floor":14.0,"key":"Happy Flower"},{"floor":25.0,"key":"Bottled Tornado"},{"floor":26.0,"key":"Bottled Flame"},{"floor":28.0,"key":"Ornamental Fan"},{"floor":31.0,"key":"Nilry\u0027s Codex"},{"floor":40.0,"key":"Frozen Egg 2"},{"floor":54,"key":"Bronze Scales"}],"event_choices":[{"damage_healed":0.0,"max_hp_gain":0.0,"max_hp_loss":0.0,"gold_gain":0.0,"event_name":"Golden Idol","player_choice":"Take Damage","floor":5.0,"gold_loss":0.0,"damage_taken":20.0,"relics_obtained":["Golden Idol"]},{"cards_removed":["Strike_R"],"damage_healed":0.0,"max_hp_gain":0.0,"max_hp_loss":0.0,"gold_gain":0.0,"event_name":"The Cleric","player_choice":"Card Removal","floor":7.0,"gold_loss":50.0,"damage_taken":0.0},{"damage_healed":0.0,"max_hp_gain":0.0,"max_hp_loss":0.0,"gold_gain":0.0,"event_name":"The Woman in Blue","player_choice":"Bought 2 Potions","floor":20.0,"gold_loss":0.0,"damage_taken":0.0},{"damage_healed":0.0,"max_hp_gain":0.0,"max_hp_loss":0.0,"gold_gain":0.0,"event_name":"The Library","player_choice":"Read","floor":24.0,"gold_loss":0.0,"damage_taken":0.0,"cards_obtained":["Entrench"]},{"damage_healed":0.0,"max_hp_gain":0.0,"max_hp_loss":0.0,"gold_gain":0.0,"event_name":"Cursed Tome","player_choice":"Obtained Book","floor":31.0,"gold_loss":0.0,"damage_taken":16.0},{"damage_healed":0.0,"max_hp_gain":0.0,"max_hp_loss":0.0,"gold_gain":333.0,"event_name":"The Moai Head","player_choice":"Gave Idol","floor":45.0,"relics_lost":["Golden Idol"],"gold_loss":0.0,"damage_taken":0.0},{"damage_healed":0,"gold_gain":0,"player_choice":"1 cards matched","damage_taken":0,"max_hp_gain":0,"max_hp_loss":0,"event_name":"Match and Keep!","floor":48,"gold_loss":0,"cards_obtained":["Corruption"]}],"is_beta":false,"boss_relics":[{"not_picked":["SacredBark","Runic Dome"],"picked":"Astrolabe"},{"not_picked":["SlaversCollar","Snecko Eye"],"picked":"Tiny House"}],"items_purged_floors":[3,19,22,38,53],"is_endless":false,"potions_floor_spawned":[1,4,6,10,14,21,25,37,39,40,42,47,54],"killed_by":"The Heart","ascension_level":8}}