{"host":"od099uxc49ip1k8b","time":1608942414,"event":{"mods":["Act Like it!","BaseMod","Downfall","Gensokyo","Hermit","Highlight Path","Koishi","Marisa????????","Minty Spire (QoL Compilation)","Rare Cards Sparkle","Remilia??????","StSLib","Td1madao Mod","The Administrix","The Animator","The Cursed","The Gatherer","The Servant 0.9.4","The Wild Card","Waifu the Spire","WarShipGirlsR/????R mod","Yuyuko"],"gold_per_floor":[115,115,29,44,44,44,62,62,62,73,106,119,133,148,148,246,246,261,277,202,202,216,245,261,261,285,285,285,296,296,312,312,414,414,429,444,454,504,504,504,519,519,519,539,65,77,77,93,93,93],"floor_reached":51,"playtime":3741,"items_purged":["Doubt"],"score":625,"play_id":"51abbfe5-9686-4ac2-8c7e-393440385bc4","local_time":"20201225192654","is_ascension_mode":false,"campfire_choices":[{"data":"Sword Boomerang","floor":6,"key":"SMITH"},{"data":"Ghostly Armor","floor":8,"key":"SMITH"},{"data":"Infernal Blade","floor":15,"key":"SMITH"},{"floor":25,"key":"REST"},{"data":"Demon Form","floor":28,"key":"SMITH"},{"data":"Demon Form","floor":30,"key":"SMITH"},{"floor":32,"key":"REST"},{"data":"Double Tap","floor":40,"key":"SMITH"},{"data":"Perfected Strike","floor":42,"key":"SMITH"},{"data":"Shrug It Off","floor":47,"key":"SMITH"},{"floor":49,"key":"REST"}],"circlet_count":0,"master_deck":["Strike_R","Strike_R","Strike_R","Strike_R","Strike_R","Defend_R","Defend_R","Defend_R","Sword Boomerang+1","Ghostly Armor+1","Shrug It Off+1","Infernal Blade+1","Twin Strike","Twin Strike","Demon Form+1","Perfected Strike+1","Pommel Strike","Demon Form+1","Iron Wave","Shrug It Off","Perfected Strike+1","Double Tap+1","Metallicize+1","Twin Strike+1","Parasite"],"relics":["Burning Blood","Meat on the Bone","Regal Pillow","Sozu","Juzu Bracelet","PreservedInsect","Cursed Key","Bird Faced Urn","Self Forming Clay","Ornamental Fan","Orichalcum"],"acts_visited":["Exordium","TheCity","TheBeyond"],"potions_floor_usage":[11,11],"damage_taken":[{"damage":6,"enemies":"2 Louse","floor":1,"turns":2},{"damage":1,"enemies":"Cultist","floor":4,"turns":4},{"damage":3,"enemies":"Jaw Worm","floor":7,"turns":4},{"damage":14,"enemies":"Large Slime","floor":10,"turns":11},{"damage":21,"enemies":"Lagavulin","floor":11,"turns":12},{"damage":0,"enemies":"2 Fungi Beasts","floor":12,"turns":3},{"damage":37,"enemies":"Exordium Thugs","floor":13,"turns":4},{"damage":15,"enemies":"3 Louse","floor":14,"turns":3},{"damage":51,"enemies":"The Guardian","floor":16,"turns":8},{"damage":14,"enemies":"Spheric Guardian","floor":18,"turns":4},{"damage":8,"enemies":"Shell Parasite","floor":19,"turns":5},{"damage":35,"enemies":"Centurion and Healer","floor":22,"turns":5},{"damage":40,"enemies":"Gremlin Leader","floor":23,"turns":7},{"damage":31,"enemies":"Shelled Parasite and Fungi","floor":24,"turns":6},{"damage":10,"enemies":"Snecko","floor":29,"turns":3},{"damage":5,"enemies":"3 Cultists","floor":31,"turns":4},{"damage":48,"enemies":"Champ","floor":33,"turns":7},{"damage":0,"enemies":"3 Shapes","floor":35,"turns":3},{"damage":10,"enemies":"Orb Walker","floor":36,"turns":3},{"damage":4,"enemies":"Writhing Mass","floor":37,"turns":4},{"damage":12,"enemies":"Mind Bloom Boss Battle","floor":38,"turns":7},{"damage":23,"enemies":"Transient","floor":41,"turns":5},{"damage":24,"enemies":"Sphere and 2 Shapes","floor":44,"turns":4},{"damage":17,"enemies":"Maw","floor":46,"turns":6},{"damage":9,"enemies":"Writhing Mass","floor":48,"turns":5},{"damage":57,"enemies":"Time Eater","floor":50,"turns":7}],"seed_played":"-6688652458322764781","potions_obtained":[{"floor":4,"key":"Weak Potion"},{"floor":10,"key":"Dexterity Potion"},{"floor":13,"key":"sneckomod:MuddlingPotion"}],"is_trial":false,"path_per_floor":["M","?","$","M","?","R","M","R","T","M","E","M","M","M","R","B",null,"M","M","?","?","M","E","M","R","T","$","R","M","R","M","R","B",null,"M","M","M","?","$","R","M","R","T","M","$","M","R","M","R","B",null],"character_chosen":"IRONCLAD","items_purchased":["Ghostly Armor","Shrug It Off","Ornamental Fan","Orichalcum"],"campfire_rested":3,"item_purchase_floors":[3,3,45,45],"current_hp_per_floor":[88,88,88,88,88,88,88,88,88,80,65,71,52,55,55,22,88,80,78,78,78,61,39,26,67,67,67,67,63,63,64,88,58,88,88,84,86,80,80,80,69,69,69,55,55,62,62,65,88,55],"gold":93,"neow_bonus":"TEN_PERCENT_HP_BONUS","is_daily":false,"chose_seed":false,"campfire_upgraded":8,"win_rate":0.0,"timestamp":1608942414,"path_taken":["M","?","$","?","?","R","?","R","T","M","E","M","M","M","R","BOSS","M","M","?","?","M","E","M","R","T","$","R","M","R","M","R","BOSS","M","M","M","?","?","R","M","R","T","M","$","M","R","M","R","BOSS"],"items_purchased_type":["Card","Card","Relic","Relic"],"build_version":"2020-12-22","purchased_purges":1,"victory":true,"max_hp_per_floor":[88,88,88,88,88,88,88,88,88,88,88,88,88,88,88,88,88,88,88,88,88,88,88,88,88,88,88,88,88,88,88,88,88,88,88,88,88,88,88,88,88,88,88,88,88,88,88,88,88,88],"card_choices":[{"not_picked":["Iron Wave","Clash"],"picked":"Sword Boomerang","floor":1},{"not_picked":["Blood for Blood","Clothesline"],"picked":"Infernal Blade","floor":4},{"not_picked":["Headbutt","True Grit","Hemokinesis"],"picked":"SKIP","floor":7},{"not_picked":["Body Slam","Heavy Blade"],"picked":"Twin Strike","floor":10},{"not_picked":["Thunderclap","Dual Wield"],"picked":"Twin Strike","floor":11},{"not_picked":["Dual Wield","Anger"],"picked":"Demon Form","floor":12},{"not_picked":["Cleave","Carnage"],"picked":"Perfected Strike","floor":13},{"not_picked":["Entrench","Body Slam"],"picked":"Pommel Strike","floor":14},{"not_picked":["Juggernaut","Brutality"],"picked":"Demon Form","floor":16},{"not_picked":["Reckless Charge","Dropkick+1"],"picked":"Iron Wave","floor":18},{"not_picked":["Iron Wave","Burning Pact","True Grit"],"picked":"SKIP","floor":19},{"not_picked":["Battle Trance","Carnage","Headbutt"],"picked":"SKIP","floor":22},{"not_picked":["Armaments","Sever Soul+1"],"picked":"Shrug It Off","floor":23},{"not_picked":["Demon Form","Shockwave","Burning Pact+1"],"picked":"SKIP","floor":24},{"not_picked":["Second Wind","Headbutt+1","Whirlwind"],"picked":"SKIP","floor":29},{"not_picked":["Whirlwind","Disarm"],"picked":"Perfected Strike+1","floor":31},{"not_picked":["Fiend Fire","Offering"],"picked":"Double Tap","floor":33},{"not_picked":["True Grit","Feel No Pain+1"],"picked":"Metallicize+1","floor":35},{"not_picked":["Anger+1","Disarm+1"],"picked":"Twin Strike+1","floor":36},{"not_picked":["Blood for Blood","Twin Strike+1","Spot Weakness+1"],"picked":"SKIP","floor":37},{"not_picked":["Whirlwind","Twin Strike+1","Uppercut"],"picked":"SKIP","floor":41},{"not_picked":["Flex","Dual Wield","Feed"],"picked":"SKIP","floor":44},{"not_picked":["Shrug It Off","Body Slam+1","Flex+1"],"picked":"SKIP","floor":46},{"not_picked":["Thunderclap","Perfected Strike","Intimidate+1"],"picked":"SKIP","floor":48}],"player_experience":114530,"relics_obtained":[{"floor":9,"key":"Meat on the Bone"},{"floor":11,"key":"Regal Pillow"},{"floor":23,"key":"Juzu Bracelet"},{"floor":26,"key":"PreservedInsect"},{"floor":38,"key":"Bird Faced Urn"},{"floor":43,"key":"Self Forming Clay"}],"event_choices":[{"damage_healed":0,"gold_gain":0,"player_choice":"Ignored","damage_taken":0,"max_hp_gain":0,"max_hp_loss":0,"event_name":"NoteForYourself","floor":2,"gold_loss":0},{"cards_removed":["Bash"],"damage_healed":0,"gold_gain":0,"player_choice":"Purged","damage_taken":0,"max_hp_gain":0,"max_hp_loss":0,"event_name":"Purifier","floor":5,"gold_loss":0},{"cards_removed":["Defend_R"],"damage_healed":0,"gold_gain":0,"player_choice":"Gave Gold","damage_taken":0,"max_hp_gain":0,"max_hp_loss":0,"event_name":"Beggar","floor":20,"gold_loss":75},{"damage_healed":0,"gold_gain":0,"player_choice":"Ignored","damage_taken":0,"max_hp_gain":0,"max_hp_loss":0,"event_name":"The Mausoleum","floor":21,"gold_loss":0},{"damage_healed":0,"gold_gain":0,"player_choice":"Fight","damage_taken":0,"max_hp_gain":0,"max_hp_loss":0,"event_name":"MindBloom","floor":38,"gold_loss":0}],"is_beta":false,"boss_relics":[{"not_picked":["Empty Cage","Calling Bell"],"picked":"Sozu"},{"not_picked":["Runic Pyramid","Fusion Hammer"],"picked":"Cursed Key"}],"items_purged_floors":[45],"is_endless":false,"potions_floor_spawned":[4,10,13,19,24,36,38,44,48],"ascension_level":0}}