{"host":"5fasz840ryq7obdf","time":1608977606,"event":{"mods":["AchievementEnabler","BaseMod","Bestiary","Better Altar","Better Skull","Better Third Choice","BetterRewards","Block Reminder","Colored Powertips","Curses Come First","Minty Spire (QoL Compilation)","Quick Restart","Relic Stats","Shop Mod","Spicy Shops","StSLib"],"gold_per_floor":[116,129,20,20,20,20,53,67,67,93,93,128,128,128,128,221,221,236,254,270,290,290,328,24,71,71,111,26,26,26,54,54,158,158,180,220,252,270,60,113,136,184,211,259,311,341,341,390,390,390,390],"floor_reached":52,"playtime":3683,"items_purged":["Defend_G","Strike_G"],"score":3348,"play_id":"68e8707d-c2f8-4d74-8d5d-be29af3d9d27","local_time":"20201226101326","is_ascension_mode":true,"campfire_choices":[{"data":"Well Laid Plans","floor":6.0,"key":"SMITH"},{"data":"Envenom","floor":15.0,"key":"SMITH"},{"data":"A Thousand Cuts","floor":29.0,"key":"SMITH"},{"data":"Terror","floor":32.0,"key":"SMITH"},{"data":"Burst","floor":47,"key":"SMITH"},{"data":"Infinite Blades","floor":49,"key":"SMITH"}],"circlet_count":0,"master_deck":["AscendersBane","Strike_G","Strike_G","Defend_G","Defend_G","Defend_G","Defend_G","Survivor","Neutralize","Footwork","Trip","Well Laid Plans+1","Blade Dance","Slice+1","Burst+1","Flash of Steel+1","Accuracy","Footwork","Sucker Punch+1","Crippling Poison","Envenom+1","Blade Dance","Dagger Spray+1","Leg Sweep","Slice+1","Corpse Explosion","Backflip","Blade Dance","Terror+1","Blur","Accuracy","Slice+1","Cloak And Dagger+1","A Thousand Cuts+1","Infinite Blades+1","Blade Dance+1","Adrenaline+1","Concentrate+1","Footwork","Outmaneuver+1","Madness+1","Madness+1","Outmaneuver+1","Adrenaline+1","Parasite","Blur+1","Tools of the Trade","Envenom","Night Terror+1","Prepared+1","Backflip+1","Prepared+1","Blade Dance+1","PiercingWail+1","Envenom"],"relics":["Ring of the Serpent","Molten Egg 2","Ninja Scroll","Shuriken","Sling","Calipers","Vajra","Pen Nib","PreservedInsect","Membership Card","Gremlin Horn","Bottled Tornado","InkBottle","Paper Crane","TungstenRod","Lee\u0027s Waffle","Omamori","CaptainsWheel","Strawberry","Bag of Preparation","WarpedTongs","Juzu Bracelet","Golden Idol","Calling Bell","Lantern","Sundial","Pocketwatch","Question Card","Snake Skull","CeramicFish","TwistedFunnel","Toxic Egg 2","Blue Candle","Blood Vial","FossilizedHelix","Mummified Hand","DollysMirror","Orrery","WingedGreaves","Ornamental Fan","Blood Vial","Peace Pipe","StrikeDummy","White Beast Statue"],"acts_visited":["Exordium","TheCity","TheBeyond"],"potions_floor_usage":[],"damage_taken":[{"damage":0.0,"enemies":"Jaw Worm","floor":1.0,"turns":2.0},{"damage":0.0,"enemies":"Small Slimes","floor":2.0,"turns":1.0},{"damage":0.0,"enemies":"3 Sentries","floor":7.0,"turns":2.0},{"damage":0.0,"enemies":"Cultist","floor":8.0,"turns":1.0},{"damage":0.0,"enemies":"Gremlin Nob","floor":10.0,"turns":2.0},{"damage":0.0,"enemies":"Lagavulin","floor":12.0,"turns":4.0},{"damage":0.0,"enemies":"Slime Boss","floor":16.0,"turns":3.0},{"damage":0.0,"enemies":"Chosen","floor":18.0,"turns":2.0},{"damage":0.0,"enemies":"Spheric Guardian","floor":19.0,"turns":3.0},{"damage":0.0,"enemies":"Snake Plant","floor":20.0,"turns":2.0},{"damage":0.0,"enemies":"Centurion and Healer","floor":21.0,"turns":2.0},{"damage":0.0,"enemies":"Gremlin Leader","floor":23.0,"turns":3.0},{"damage":2.0,"enemies":"Book of Stabbing","floor":25.0,"turns":4.0},{"damage":0.0,"enemies":"Gremlin Leader","floor":27.0,"turns":1.0},{"damage":0.0,"enemies":"Snecko","floor":31.0,"turns":4.0},{"damage":14.0,"enemies":"Automaton","floor":33.0,"turns":5.0},{"damage":0.0,"enemies":"3 Darklings","floor":35.0,"turns":1.0},{"damage":0.0,"enemies":"Mind Bloom Boss Battle","floor":36.0,"turns":4.0},{"damage":0.0,"enemies":"Orb Walker","floor":37.0,"turns":1.0},{"damage":23.0,"enemies":"Nemesis","floor":40.0,"turns":5.0},{"damage":0.0,"enemies":"3 Darklings","floor":41.0,"turns":3.0},{"damage":0.0,"enemies":"Giant Head","floor":42.0,"turns":2.0},{"damage":0.0,"enemies":"Nemesis","floor":44.0,"turns":3.0},{"damage":0,"enemies":"Reptomancer","floor":45,"turns":2},{"damage":0,"enemies":"Maw","floor":46,"turns":4},{"damage":0,"enemies":"Nemesis","floor":48,"turns":3},{"damage":14,"enemies":"Donu and Deca","floor":50,"turns":4},{"damage":2,"enemies":"Awakened One","floor":51,"turns":5}],"seed_played":"-5096430692176067653","potions_obtained":[{"floor":2.0,"key":"BlessingOfTheForge"},{"floor":8.0,"key":"ColorlessPotion"},{"floor":10.0,"key":"CunningPotion"},{"floor":16.0,"key":"FairyPotion"},{"floor":27.0,"key":"FairyPotion"}],"is_trial":false,"path_per_floor":["M","M","$","?","$","R","E","M","T","E","?","E","?","?","R","B",null,"M","M","M","M","?","E","$","E","T","E","$","R","?","M","R","B",null,"M","?","M","?","$","E","M","E","T","E","E","M","R","E","R","B","B",null],"character_chosen":"THE_SILENT","items_purchased":["Molten Egg 2","Ninja Scroll","Shuriken","Footwork","Sling","Calipers","Vajra","Pen Nib","PreservedInsect","Trip","Well Laid Plans","Blade Dance","Slice+1","Membership Card","Burst","Flash of Steel+1","Gremlin Horn","Accuracy","Bottled Tornado","InkBottle","Paper Crane","TungstenRod","Footwork","Lee\u0027s Waffle","Envenom","Blade Dance","Snake Skull","CeramicFish","Terror","Blur","Accuracy","TwistedFunnel","Slice+1","Infinite Blades","Outmaneuver+1","Mummified Hand","DollysMirror","Orrery"],"campfire_rested":0,"item_purchase_floors":[0,0,0,0,0,0,0,0,0,0,0,0,0,0,0,0,0,0,0,0,0,0,0,0,3,3,24,24,24,24,24,24,24,28,39,39,39,39],"current_hp_per_floor":[73,73,73,34,34,34,34,34,41,41,41,41,41,35,35,35,63,63,63,63,63,63,63,63,61,61,61,61,61,40,42,42,30,62,64,66,68,56,56,35,37,39,39,43,47,51,51,55,55,45,47],"gold":390,"neow_bonus":"","is_daily":false,"chose_seed":false,"campfire_upgraded":6,"win_rate":0.0,"timestamp":1608977606,"path_taken":["M","M","$","?","$","R","E","M","T","E","?","E","?","?","R","BOSS","M","M","M","M","?","E","$","E","T","E","?","R","?","M","R","BOSS","M","?","M","?","$","E","M","E","T","E","E","M","R","E","R","BOSS","BOSS"],"items_purchased_type":["Relic","Relic","Relic","Card","Relic","Relic","Relic","Relic","Relic","Card","Card","Card","Card","Relic","Card","Card","Relic","Card","Relic","Relic","Relic","Relic","Card","Relic","Card","Card","Relic","Relic","Card","Card","Card","Relic","Card","Card","Card","Relic","Relic","Relic"],"build_version":"2020-12-22","purchased_purges":2,"victory":true,"max_hp_per_floor":[73,73,73,73,73,73,73,73,80,80,80,80,72,72,72,72,72,72,72,72,72,72,72,72,72,72,72,72,72,72,72,72,72,72,72,72,72,72,72,72,72,72,72,72,72,72,72,72,72,72,72],"relic_stats":{"Lee\u0027s Waffle":55,"Gremlin Horn":[16,16],"counters":[138,419],"Golden Idol":178,"CeramicFish":243,"Blue Candle":[6],"Pen Nib":[67],"PreservedInsect":1053,"Snake Skull":[379],"Bag of Preparation":[12],"Juzu Bracelet":2,"Question Card":19,"WarpedTongs":[70],"Blood Vial":40,"Peace Pipe":0,"Shuriken":[113],"Sundial":[0],"Mummified Hand":[66],"Ornamental Fan":[120],"obtain_stats":[{"TwistedFunnel":0,"Calipers":14,"Gremlin Horn":0,"CeramicFish":0,"HoveringKite":34,"Vajra":0,"Ginger":0,"Whetstone":40,"Bottled Tornado":0,"Sling":0,"Blood Vial":7,"Centennial Puzzle":2,"HornCleat":0,"DollysMirror":8,"Sundial":17,"Strawberry":40,"HandDrill":0,"Kunai":26,"Toxic Egg 2":0,"Happy Flower":0,"Blue Candle":9,"Tingsha":42,"Pen Nib":25,"Letter Opener":0,"War Paint":9,"Paper Crane":0,"Question Card":23,"WarpedTongs":11,"OrangePellets":19,"Bottled Flame":23,"Shuriken":55,"MutagenicStrength":28,"Bird Faced Urn":14,"Molten Egg 2":27,"Pandora\u0027s Box":34,"StrikeDummy":45,"Unceasing Top":0,"Ring of the Serpent":34,"Meat on the Bone":23,"Pocketwatch":17,"Darkstone Periapt":22,"Lantern":0,"Singing Bowl":26,"StoneCalendar":11,"Mango":45,"Snake Skull":0,"Bag of Preparation":8,"Juzu Bracelet":21,"Incense Burner":8,"Ancient Tea Set":39,"Smiling Mask":28,"Nunchaku":23,"Matryoshka":17,"WristBlade":17,"Mummified Hand":8,"Ninja Scroll":45,"Pantograph":27,"Gambling Chip":0,"Toolbox":54,"Tiny Chest":8,"WingedGreaves":40,"Red Mask":22,"InkBottle":0,"Ring of the Snake":0,"Lee\u0027s Waffle":0,"The Specimen":0,"Golden Idol":13,"Thread and Needle":17,"PreservedInsect":0,"Omamori":21,"Orichalcum":24,"White Beast Statue":42,"Mercury Hourglass":21,"Calling Bell":17,"Peace Pipe":44,"Anchor":6,"CaptainsWheel":7,"Ornamental Fan":42,"Orrery":0,"Bag of Marbles":14,"Coffee Dripper":34,"Art of War":46,"Membership Card":0,"Bottled Lightning":26,"TungstenRod":0,"FossilizedHelix":36},{"TwistedFunnel":31,"Calipers":38,"Gremlin Horn":0,"CeramicFish":31,"HoveringKite":19,"Vajra":44,"Ginger":79,"Whetstone":102,"Bottled Tornado":110,"Sling":110,"Blood Vial":35,"Centennial Puzzle":32,"HornCleat":31,"DollysMirror":49,"Sundial":117,"Strawberry":23,"HandDrill":44,"Kunai":16,"Toxic Egg 2":44,"Happy Flower":0,"Blue Candle":5,"Tingsha":25,"Pen Nib":16,"Letter Opener":44,"War Paint":35,"Paper Crane":110,"Question Card":122,"WarpedTongs":115,"OrangePellets":12,"Bottled Flame":14,"Shuriken":78,"MutagenicStrength":16,"Bird Faced Urn":52,"Molten Egg 2":95,"Pandora\u0027s Box":99,"StrikeDummy":134,"Unceasing Top":44,"Ring of the Serpent":126,"Meat on the Bone":57,"Pocketwatch":117,"Darkstone Periapt":41,"Lantern":0,"Singing Bowl":43,"StoneCalendar":7,"Mango":27,"Snake Skull":79,"Bag of Preparation":5,"Juzu Bracelet":41,"Incense Burner":84,"Ancient Tea Set":22,"Smiling Mask":60,"Nunchaku":92,"Matryoshka":89,"WristBlade":11,"Mummified Hand":35,"Ninja Scroll":105,"Pantograph":59,"Gambling Chip":79,"Toolbox":77,"Tiny Chest":35,"WingedGreaves":130,"Red Mask":56,"InkBottle":44,"Ring of the Snake":0,"Lee\u0027s Waffle":110,"The Specimen":31,"Golden Idol":116,"Thread and Needle":89,"PreservedInsect":79,"Omamori":55,"Orichalcum":42,"White Beast Statue":70,"Mercury Hourglass":13,"Calling Bell":89,"Peace Pipe":133,"Anchor":83,"CaptainsWheel":113,"Ornamental Fan":132,"Orrery":0,"Bag of Marbles":10,"Coffee Dripper":63,"Art of War":105,"Membership Card":31,"Bottled Lightning":59,"TungstenRod":110,"FossilizedHelix":128},{"TwistedFunnel":91,"Calipers":114,"Gremlin Horn":0,"CeramicFish":91,"HoveringKite":58,"Vajra":144,"Ginger":239,"Whetstone":311,"Bottled Tornado":341,"Sling":341,"Blood Vial":102,"Centennial Puzzle":92,"HornCleat":91,"DollysMirror":160,"Sundial":356,"Strawberry":73,"HandDrill":144,"Kunai":48,"Toxic Egg 2":144,"Happy Flower":0,"Blue Candle":15,"Tingsha":75,"Pen Nib":48,"Letter Opener":144,"War Paint":102,"Paper Crane":341,"Question Card":368,"WarpedTongs":349,"OrangePellets":36,"Bottled Flame":44,"Shuriken":232,"MutagenicStrength":48,"Bird Faced Urn":166,"Molten Egg 2":287,"Pandora\u0027s Box":301,"StrikeDummy":403,"Unceasing Top":144,"Ring of the Serpent":382,"Meat on the Bone":175,"Pocketwatch":356,"Darkstone Periapt":130,"Lantern":0,"Singing Bowl":141,"StoneCalendar":20,"Mango":80,"Snake Skull":239,"Bag of Preparation":15,"Juzu Bracelet":130,"Incense Burner":253,"Ancient Tea Set":69,"Smiling Mask":181,"Nunchaku":277,"Matryoshka":270,"WristBlade":35,"Mummified Hand":102,"Ninja Scroll":321,"Pantograph":179,"Gambling Chip":239,"Toolbox":228,"Tiny Chest":102,"WingedGreaves":393,"Red Mask":174,"InkBottle":144,"Ring of the Snake":0,"Lee\u0027s Waffle":341,"The Specimen":91,"Golden Idol":353,"Thread and Needle":270,"PreservedInsect":239,"Omamori":173,"Orichalcum":136,"White Beast Statue":207,"Mercury Hourglass":41,"Calling Bell":270,"Peace Pipe":401,"Anchor":251,"CaptainsWheel":346,"Ornamental Fan":398,"Orrery":0,"Bag of Marbles":28,"Coffee Dripper":191,"Art of War":321,"Membership Card":91,"Bottled Lightning":179,"TungstenRod":341,"FossilizedHelix":387}],"InkBottle":[90],"TungstenRod":20,"Pocketwatch":[7]},"card_choices":[{"not_picked":["Footwork","Caltrops"],"picked":"Sucker Punch+1","floor":1.0},{"not_picked":["Catalyst","Caltrops"],"picked":"Crippling Poison","floor":2.0},{"not_picked":["Bane+1","Heel Hook+1","Caltrops"],"picked":"SKIP","floor":7.0},{"not_picked":["Sucker Punch+1","Dodge and Roll"],"picked":"Dagger Spray+1","floor":8.0},{"not_picked":["Bullet Time","Dagger Throw+1"],"picked":"Leg Sweep","floor":10.0},{"not_picked":["Quick Slash+1","All Out Attack+1"],"picked":"Slice+1","floor":12.0},{"not_picked":["Die Die Die+1","After Image"],"picked":"Corpse Explosion","floor":16.0},{"not_picked":["Endless Agony+1","Eviscerate+1"],"picked":"Backflip","floor":18.0},{"not_picked":["Acrobatics","Masterful Stab+1","Dash+1"],"picked":"SKIP","floor":19.0},{"not_picked":["Setup+1","Masterful Stab+1"],"picked":"Blade Dance","floor":20.0},{"not_picked":["Sucker Punch+1","Underhanded Strike+1","Poisoned Stab+1"],"picked":"SKIP","floor":21.0},{"not_picked":["Sucker Punch+1","Dagger Spray+1","Deflect"],"picked":"SKIP","floor":23.0},{"not_picked":["Quick Slash+1","Corpse Explosion+1","Choke+1"],"picked":"Cloak And Dagger+1","floor":25.0},{"not_picked":["Distraction+1","Bane+1","Acrobatics+1"],"picked":"A Thousand Cuts","floor":27.0},{"not_picked":["Bane+1","Setup+1","Well Laid Plans"],"picked":"Blade Dance+1","floor":31.0},{"not_picked":["Venomology+1","Doppelganger+1","Malaise+1"],"picked":"Adrenaline+1","floor":33.0},{"not_picked":["Predator+1","Slice+1","Heel Hook+1"],"picked":"Concentrate+1","floor":35.0},{"not_picked":["Blade Dance+1","Skewer+1","Quick Slash+1"],"picked":"Footwork","floor":36.0},{"not_picked":["Poisoned Stab+1","Flying Knee+1","Dagger Throw+1"],"picked":"Outmaneuver+1","floor":37.0},{"not_picked":["Leg Sweep+1","Prepared+1","Slice+1"],"picked":"Blur+1","floor":39.0},{"not_picked":["Acrobatics+1","Deflect+1","Masterful Stab+1"],"picked":"Tools of the Trade","floor":39.0},{"not_picked":["Prepared+1","PiercingWail+1","Caltrops"],"picked":"Envenom","floor":39.0},{"not_picked":["Blade Dance+1","Quick Slash+1","Backstab+1"],"picked":"Night Terror+1","floor":40.0},{"not_picked":["Sucker Punch+1","Dagger Throw+1","Dodge and Roll+1"],"picked":"Prepared+1","floor":41.0},{"not_picked":["Slice+1","Quick Slash+1","Flechettes+1"],"picked":"Backflip+1","floor":42.0},{"not_picked":["PiercingWail+1","Dagger Spray+1","Deflect+1"],"picked":"Prepared+1","floor":44.0},{"not_picked":["Underhanded Strike+1","All Out Attack+1","Reflex+1"],"picked":"Blade Dance+1","floor":45},{"not_picked":["Dagger Throw+1","Escape Plan+1","Well Laid Plans"],"picked":"PiercingWail+1","floor":46},{"not_picked":["Acrobatics+1","Flying Knee+1","Dodge and Roll+1"],"picked":"Envenom","floor":48}],"player_experience":1109548,"relics_obtained":[{"floor":7.0,"key":"CaptainsWheel"},{"floor":9.0,"key":"Strawberry"},{"floor":10.0,"key":"Bag of Preparation"},{"floor":12.0,"key":"Juzu Bracelet"},{"floor":17.0,"key":"Lantern"},{"floor":17.0,"key":"Sundial"},{"floor":17.0,"key":"Pocketwatch"},{"floor":23.0,"key":"Question Card"},{"floor":25.0,"key":"Toxic Egg 2"},{"floor":27.0,"key":"Blue Candle"},{"floor":36.0,"key":"FossilizedHelix"},{"floor":40.0,"key":"WingedGreaves"},{"floor":42.0,"key":"Ornamental Fan"},{"floor":43.0,"key":"Blood Vial"},{"floor":44.0,"key":"Peace Pipe"},{"floor":45,"key":"StrikeDummy"},{"floor":48,"key":"White Beast Statue"}],"event_choices":[{"damage_healed":0.0,"max_hp_gain":0.0,"max_hp_loss":0.0,"gold_gain":0.0,"event_name":"betterThird:BetterScrap","player_choice":"Relic ","floor":4.0,"gold_loss":0.0,"damage_taken":45.0,"cards_obtained":["Chill"]},{"damage_healed":0.0,"max_hp_gain":0.0,"max_hp_loss":0.0,"gold_gain":0.0,"event_name":"Accursed Blacksmith","player_choice":"Rummage","floor":11.0,"gold_loss":0.0,"damage_taken":0.0,"relics_obtained":["WarpedTongs"],"cards_obtained":["Pain"]},{"damage_healed":0.0,"max_hp_gain":0.0,"max_hp_loss":8.0,"gold_gain":0.0,"event_name":"Golden Idol","player_choice":"Lose Max HP","floor":13.0,"gold_loss":0.0,"damage_taken":0.0,"relics_obtained":["Golden Idol"]},{"cards_removed":["Strike_G"],"damage_healed":0.0,"max_hp_gain":0.0,"max_hp_loss":0.0,"gold_gain":0.0,"event_name":"Golden Wing","player_choice":"Card Removal","floor":14.0,"gold_loss":0.0,"damage_taken":7.0},{"cards_removed":["Strike_G"],"damage_healed":0.0,"max_hp_gain":0.0,"max_hp_loss":0.0,"gold_gain":0.0,"event_name":"Purifier","player_choice":"Purged","floor":22.0,"gold_loss":0.0,"damage_taken":0.0},{"damage_healed":0.0,"max_hp_gain":61.0,"max_hp_loss":40.0,"gold_gain":0.0,"event_name":"betterAltar:BetterAltar","player_choice":" Vial ","floor":30.0,"potions_obtained":[],"relics_lost":[],"gold_loss":0.0,"damage_taken":22.0,"relics_obtained":["Blood Vial"]},{"damage_healed":0.0,"max_hp_gain":0.0,"max_hp_loss":0.0,"gold_gain":0.0,"event_name":"MindBloom","player_choice":"Fight","floor":36.0,"gold_loss":0.0,"damage_taken":0.0},{"damage_healed":0.0,"max_hp_gain":0.0,"max_hp_loss":0.0,"gold_gain":0.0,"event_name":"Winding Halls","player_choice":"Embrace Madness","floor":38.0,"gold_loss":0.0,"damage_taken":13.0,"cards_obtained":["Madness","Madness"]}],"is_beta":false,"boss_relics":[{"not_picked":["Busted Crown","Snecko Eye"],"picked":"Calling Bell"},{"not_picked":["HoveringKite","Fusion Hammer"],"picked":"Ring of the Serpent"}],"items_purged_floors":[0,28],"is_endless":false,"potions_floor_spawned":[2,8,10,16,19,27,31,33,35,41,44],"ascension_level":20}}