{"host":"efbmiwe3kdtynlc6","time":1608986374,"event":{"mods":["BaseMod","Colored Map","Minty Spire (QoL Compilation)","Permanent Neow","Quick Restart","Rare Cards Sparkle","StSLib","SuperFastMode","UnlockEverythingMod","everything is the same but u backflip on backflip"],"gold_per_floor":[17,28,28,44,119,119,119],"floor_reached":6,"playtime":186,"items_purged":[],"score":72,"play_id":"df503a3f-1bad-40c6-90af-ffbbc99b3330","local_time":"20201226213934","is_ascension_mode":true,"campfire_choices":[],"circlet_count":0,"master_deck":["AscendersBane","Strike_G","Strike_G","Strike_G","Strike_G","Strike_G","Defend_G","Defend_G","Defend_G","Defend_G","Defend_G","Survivor","Neutralize","Deadly Poison+1","Footwork","Dagger Spray"],"relics":["Ring of the Snake","Torii"],"acts_visited":["Exordium"],"potions_floor_usage":[6],"damage_taken":[{"damage":0.0,"enemies":"Cultist","floor":1.0,"turns":4.0},{"damage":0.0,"enemies":"Jaw Worm","floor":2.0,"turns":4.0},{"damage":7.0,"enemies":"2 Louse","floor":4.0,"turns":3.0},{"damage":15,"enemies":"Gremlin Nob","floor":6,"turns":4}],"seed_played":"-6191603674085209494","potions_obtained":[{"floor":1.0,"key":"SpeedPotion"}],"is_trial":false,"path_per_floor":["M","M","?","M","?","E"],"character_chosen":"THE_SILENT","items_purchased":[],"campfire_rested":0,"item_purchase_floors":[],"current_hp_per_floor":[59,59,59,52,41,26,26],"gold":119,"neow_bonus":"ONE_RARE_RELIC","is_daily":false,"chose_seed":false,"campfire_upgraded":0,"win_rate":0.0,"timestamp":1608986374,"path_taken":["M","M","?","M","?","E"],"items_purchased_type":[],"build_version":"2020-12-22","purchased_purges":0,"victory":false,"max_hp_per_floor":[66,66,66,66,66,66,66],"card_choices":[{"not_picked":["Backstab","PiercingWail"],"picked":"Deadly Poison","floor":1.0},{"not_picked":["Escape Plan","Leg Sweep"],"picked":"Footwork","floor":2.0},{"not_picked":["Flechettes","Dagger Throw"],"picked":"Dagger Spray","floor":4.0}],"player_experience":324547,"relics_obtained":[],"event_choices":[{"damage_healed":0.0,"max_hp_gain":0.0,"max_hp_loss":0.0,"gold_gain":0.0,"event_name":"Living Wall","player_choice":"Grow","floor":3.0,"gold_loss":0.0,"damage_taken":0.0,"cards_upgraded":["Deadly Poison"]},{"damage_healed":0.0,"max_hp_gain":0.0,"max_hp_loss":0.0,"gold_gain":75.0,"event_name":"World of Goop","player_choice":"Gather Gold","floor":5.0,"gold_loss":0.0,"damage_taken":11.0}],"is_beta":false,"boss_relics":[],"items_purged_floors":[],"is_endless":false,"potions_floor_spawned":[1],"killed_by":"Gremlin Nob","ascension_level":20}}