{"host":"oy4pyvr762z5n0bb","time":1608952117,"event":{"mods":["AchievementEnabler","BaseMod","Colored Map","Colored Powertips","Googly Eyes","Key Reminder","Minty Spire (QoL Compilation)","Quick Restart","Relic Sorter","StSLib","SuperFastMode","Unceasing Turn Reminder","slay the spire mod where everything is the same but ironclad has a cowboy hat"],"gold_per_floor":[114,189,38,38,52,95,95,131,131,131,155,191,0,14,14,138,138,153,166,179,179,179,179,218,236,308,2,0,0,0,24,24,24,24],"floor_reached":33,"playtime":586,"items_purged":[],"score":400,"play_id":"2a98ec38-7a92-49c8-b948-c2881f11a2f7","local_time":"20201225190837","is_ascension_mode":true,"campfire_choices":[{"data":"Heavy Blade","floor":7.0,"key":"SMITH"},{"data":"Burning Pact","floor":10.0,"key":"SMITH"},{"data":"Exhume","floor":15.0,"key":"SMITH"},{"data":"Armaments","floor":23.0,"key":"SMITH"},{"floor":29.0,"key":"REST"},{"data":"Pummel","floor":32.0,"key":"SMITH"}],"circlet_count":0,"master_deck":["Strike_R","Strike_R","Strike_R","Strike_R","Strike_R","Defend_R","Defend_R","Defend_R","Defend_R","Bash","Heavy Blade+1","Sever Soul","Twin Strike","Warcry","Burning Pact+1","Wild Strike","Feed","Exhume+1","Heavy Blade","Metallicize","Corruption","Shrug It Off","Armaments+1","Cleave","Writhe","Pommel Strike","Pummel+1","Reaper","Warcry","Sword Boomerang+1"],"relics":["Burning Blood","Brimstone","Golden Idol","Charon\u0027s Ashes","Akabeko","Shuriken","Bag of Marbles","Sozu","Anchor","Blue Candle","The Courier","Bottled Lightning"],"acts_visited":["Exordium","TheCity"],"potions_floor_usage":[],"damage_taken":[{"damage":4.0,"enemies":"Small Slimes","floor":1.0,"turns":4.0},{"damage":2.0,"enemies":"2 Louse","floor":5.0,"turns":2.0},{"damage":0.0,"enemies":"Gremlin Nob","floor":6.0,"turns":2.0},{"damage":18.0,"enemies":"3 Sentries","floor":8.0,"turns":4.0},{"damage":8.0,"enemies":"Jaw Worm","floor":11.0,"turns":2.0},{"damage":0.0,"enemies":"Gremlin Nob","floor":12.0,"turns":2.0},{"damage":0.0,"enemies":"Looter","floor":14.0,"turns":1.0},{"damage":12.0,"enemies":"Slime Boss","floor":16.0,"turns":5.0},{"damage":22.0,"enemies":"2 Thieves","floor":18.0,"turns":3.0},{"damage":13.0,"enemies":"Spheric Guardian","floor":19.0,"turns":3.0},{"damage":9.0,"enemies":"Cultist and Chosen","floor":20.0,"turns":3.0},{"damage":5.0,"enemies":"Slavers","floor":24.0,"turns":3.0},{"damage":9.0,"enemies":"Shelled Parasite and Fungi","floor":25.0,"turns":3.0},{"damage":0.0,"enemies":"Snake Plant","floor":31.0,"turns":2.0},{"damage":103,"enemies":"Champ","floor":33,"turns":6}],"seed_played":"3425499911483331407","potions_obtained":[{"floor":5.0,"key":"LiquidMemories"},{"floor":8.0,"key":"Fire Potion"},{"floor":12.0,"key":"ColorlessPotion"}],"is_trial":false,"path_per_floor":["M","?","$","?","M","E","R","E","T","R","M","E","$","M","R","B",null,"M","M","M","?","?","R","E","M","T","$","?","R","$","M","R","B"],"character_chosen":"IRONCLAD","items_purchased":["Brimstone","Exhume","Heavy Blade","Bottled Lightning","Reaper","Warcry"],"campfire_rested":1,"item_purchase_floors":[3,13,13,27,27,27],"current_hp_per_floor":[80,69,69,49,53,59,59,47,47,47,45,51,51,57,57,54,83,67,63,63,63,63,63,64,61,61,61,61,87,87,89,89,0,0],"gold":24,"neow_bonus":"THREE_CARDS","is_daily":false,"chose_seed":false,"campfire_upgraded":5,"win_rate":0.0,"timestamp":1608952117,"path_taken":["M","?","$","?","M","E","R","E","T","R","M","E","$","M","R","BOSS","M","M","M","?","?","R","E","M","T","$","?","R","?","M","R","BOSS"],"items_purchased_type":["Relic","Card","Card","Relic","Card","Card"],"build_version":"2020-12-22","purchased_purges":0,"victory":false,"max_hp_per_floor":[80,80,80,80,80,80,80,80,80,80,80,80,80,80,80,83,83,83,86,89,89,89,89,89,89,89,89,89,89,89,89,89,89,89],"card_choices":[{"not_picked":["Shrug It Off","Burning Pact"],"picked":"Heavy Blade","floor":0.0},{"not_picked":["Warcry","Dark Embrace"],"picked":"Sever Soul","floor":1.0},{"not_picked":["Power Through","Armaments"],"picked":"Twin Strike","floor":5.0},{"not_picked":["Power Through","Perfected Strike"],"picked":"Warcry","floor":6.0},{"not_picked":["Clothesline","True Grit"],"picked":"Burning Pact","floor":8.0},{"not_picked":["Iron Wave","True Grit"],"picked":"Wild Strike","floor":11.0},{"not_picked":["Iron Wave","Armaments"],"picked":"Feed","floor":12.0},{"not_picked":["Warcry","Iron Wave"],"picked":"Metallicize","floor":14.0},{"not_picked":["Brutality","Barricade"],"picked":"Corruption","floor":16.0},{"not_picked":["Flex","Headbutt"],"picked":"Shrug It Off","floor":18.0},{"not_picked":["Wild Strike+1","Rupture"],"picked":"Armaments","floor":19.0},{"not_picked":["Inflame+1","Havoc"],"picked":"Cleave","floor":20.0},{"not_picked":["Second Wind","Uppercut"],"picked":"Pommel Strike","floor":24.0},{"not_picked":["Flame Barrier+1","Armaments+1"],"picked":"Pummel","floor":25.0},{"not_picked":["Twin Strike","Shockwave"],"picked":"Sword Boomerang+1","floor":31.0}],"player_experience":557833,"relics_obtained":[{"floor":6.0,"key":"Charon\u0027s Ashes"},{"floor":8.0,"key":"Akabeko"},{"floor":9.0,"key":"Shuriken"},{"floor":12.0,"key":"Bag of Marbles"},{"floor":24.0,"key":"Blue Candle"},{"floor":26.0,"key":"The Courier"}],"event_choices":[{"damage_healed":0.0,"max_hp_gain":0.0,"max_hp_loss":0.0,"gold_gain":75.0,"event_name":"World of Goop","player_choice":"Gather Gold","floor":2.0,"gold_loss":0.0,"damage_taken":11.0},{"damage_healed":0.0,"max_hp_gain":0.0,"max_hp_loss":0.0,"gold_gain":0.0,"event_name":"Golden Idol","player_choice":"Take Damage","floor":4.0,"gold_loss":0.0,"damage_taken":20.0,"relics_obtained":["Golden Idol"]},{"damage_healed":0.0,"max_hp_gain":0.0,"max_hp_loss":0.0,"gold_gain":0.0,"event_name":"Vampires","player_choice":"Ignored","floor":21.0,"gold_loss":0.0,"damage_taken":0.0},{"damage_healed":0.0,"max_hp_gain":0.0,"max_hp_loss":0.0,"gold_gain":0.0,"event_name":"The Mausoleum","player_choice":"Opened","floor":22.0,"gold_loss":0.0,"damage_taken":0.0,"relics_obtained":["Anchor"],"cards_obtained":["Writhe"]},{"damage_healed":0.0,"max_hp_gain":0.0,"max_hp_loss":0.0,"gold_gain":0.0,"event_name":"Masked Bandits","player_choice":"Paid Fearfully","floor":28.0,"gold_loss":2.0,"damage_taken":0.0}],"is_beta":false,"boss_relics":[{"not_picked":["Philosopher\u0027s Stone","Cursed Key"],"picked":"Sozu"}],"items_purged_floors":[],"is_endless":false,"potions_floor_spawned":[5,8,12,19,31],"killed_by":"Champ","ascension_level":4}}