{"host":"6pgtslebjnyv5xmi","time":1608984926,"event":{"mods":["AchievementEnabler","BaseMod","Colored Map","Minty Spire (QoL Compilation)","Rare Cards Sparkle","StSLib","SuperFastMode","Td1madao Mod","everything is the same but u backflip on backflip"],"gold_per_floor":[112,112,37,56,76,106,106,106,130,42,59,59,59,9,9,9,9],"floor_reached":16,"playtime":706,"items_purged":["Defend_R","Strike_R"],"score":137,"play_id":"12c617e1-90fb-46dc-9d91-6ad6c90dca7e","local_time":"20201226211526","is_ascension_mode":true,"campfire_choices":[{"data":"Searing Blow","floor":7,"key":"SMITH"},{"data":"Searing Blow+1","floor":13,"key":"SMITH"},{"data":"Searing Blow+2","floor":15,"key":"SMITH"}],"circlet_count":0,"master_deck":["Strike_R","Strike_R","Strike_R","Defend_R","Defend_R","Defend_R","Bash","Searing Blow+3","Impervious","Headbutt","Flex","Offering","Enlightenment+1"],"relics":["Burning Blood","NeowsBlessing","Smiling Mask","FaceOfCleric","Tiny Chest"],"acts_visited":["Exordium"],"potions_floor_usage":[],"damage_taken":[{"damage":0.0,"enemies":"Cultist","floor":1.0,"turns":1.0},{"damage":0.0,"enemies":"Jaw Worm","floor":4.0,"turns":1.0},{"damage":0.0,"enemies":"2 Louse","floor":5.0,"turns":1.0},{"damage":45,"enemies":"3 Sentries","floor":6,"turns":9},{"damage":31,"enemies":"Lots of Slimes","floor":11,"turns":5},{"damage":18,"enemies":"The Guardian","floor":16,"turns":7}],"seed_played":"-6387096991409630101","potions_obtained":[{"floor":5,"key":"ElixirPotion"}],"is_trial":false,"path_per_floor":["M","?","$","M","M","E","R","?","T","$","M","?","R","$","R","B"],"character_chosen":"IRONCLAD","items_purchased":["Enlightenment"],"campfire_rested":0,"item_purchase_floors":[10],"current_hp_per_floor":[78,78,78,80,80,41,41,41,41,41,17,17,17,17,17,0,0],"gold":9,"neow_bonus":"THREE_ENEMY_KILL","is_daily":false,"chose_seed":false,"campfire_upgraded":3,"win_rate":0.0,"timestamp":1608984926,"path_taken":["M","?","?","M","?","E","R","?","T","$","?","?","R","?","R","BOSS"],"items_purchased_type":["Card"],"build_version":"2020-12-22","purchased_purges":2,"victory":false,"max_hp_per_floor":[80,80,80,80,80,80,80,80,80,80,81,81,81,81,81,81,81],"card_choices":[{"not_picked":["Sword Boomerang","Intimidate"],"picked":"Searing Blow","floor":1.0},{"not_picked":["Havoc","Warcry"],"picked":"Headbutt","floor":4.0},{"not_picked":["True Grit","Inflame"],"picked":"Flex","floor":5},{"not_picked":["Shrug It Off","Evolve"],"picked":"Offering","floor":6},{"not_picked":["Pummel","Thunderclap","Anger"],"picked":"SKIP","floor":11}],"player_experience":488372,"relics_obtained":[{"floor":6,"key":"Smiling Mask"},{"floor":9,"key":"Tiny Chest"}],"event_choices":[{"damage_healed":0.0,"max_hp_gain":0.0,"max_hp_loss":0.0,"gold_gain":0.0,"cards_transformed":["Strike_R"],"event_name":"Transmorgrifier","player_choice":"Transformed","floor":2.0,"gold_loss":0.0,"damage_taken":0.0,"cards_obtained":["Impervious"]},{"damage_healed":0,"gold_gain":0,"player_choice":"Trade","damage_taken":0,"relics_obtained":["FaceOfCleric"],"max_hp_gain":0,"max_hp_loss":0,"event_name":"FaceTrader","floor":8,"gold_loss":0},{"damage_healed":0,"gold_gain":0,"player_choice":"Grow","damage_taken":0,"max_hp_gain":0,"max_hp_loss":0,"event_name":"Living Wall","floor":12,"gold_loss":0,"cards_upgraded":["Enlightenment"]}],"is_beta":false,"boss_relics":[],"items_purged_floors":[3,14],"is_endless":false,"potions_floor_spawned":[5],"killed_by":"The Guardian","ascension_level":8}}