{"host":"lix655q3qm1o3wym","time":1608947512,"event":{"mods":["Act Like it!","BaseMod","Colored Powertips","Downfall","Minty Spire (QoL Compilation)","StSLib"],"gold_per_floor":[99,99,99,99,99,99,99,99,48,66,82,113,113,124,140,235,235,235,246,264,264,264,264,290,307,327,327,337,337,17,28,28,132,132,132,146,159,159,259,273,273,273,304,304,318,318,0,0,18,18],"floor_reached":51,"playtime":4706,"items_purged":["sneckomod:Strike","sneckomod:Defend"],"score":701,"play_id":"439fe105-29bc-4f5e-9428-6843a8b72e2a","local_time":"20201225185152","is_ascension_mode":false,"campfire_choices":[{"data":"sneckomod:TailWhip","floor":1,"key":"SMITH"},{"data":"sneckomod:WideSting","floor":6,"key":"SMITH"},{"data":"sneckomod:UnknownUncommonPower","floor":13,"key":"SMITH"},{"data":"sneckomod:SerpentMind","floor":18,"key":"SMITH"},{"data":"sneckomod:UnknownRarePower","floor":23,"key":"SMITH"},{"floor":27,"key":"REST"},{"data":"sneckomod:UnknownRareSkill","floor":35,"key":"SMITH"},{"floor":42,"key":"DIG"},{"floor":44,"key":"REST"},{"floor":46,"key":"REST"}],"circlet_count":0,"master_deck":["sneckomod:Defend","sneckomod:Defend","sneckomod:TailWhip+1","sneckomod:SnekBite","sneckomod:Unknown","sneckomod:Unknown","sneckomod:WideSting+1","sneckomod:ImprovisedGuard","sneckomod:UnknownStrike","sneckomod:UnknownUncommonPower+1","sneckomod:SoulDraw","sneckomod:QuickBite","sneckomod:ImprovisedAttack","sneckomod:SerpentMind+1","sneckomod:UnknownUncommonAttack","sneckomod:UnknownRarePower+1","sneckomod:SerpentIdol","sneckomod:QuickMove+1","sneckomod:UnknownX","sneckomod:UnknownRareSkill+1","sneckomod:UnknownBlock+1","sneckomod:Unknown0Cost+1","sneckomod:UnknownRareAttack","Dark Shackles","sneckomod:UnknownRareAttack","sneckomod:DiceBlock+1","sneckomod:Nope+1","sneckomod:DangerNoodle","sneckomod:DiceBlock+1","sneckomod:SoulDraw+1","Violence","sneckomod:UnknownCommonSkill+1"],"relics":["sneckomod:SneckoSoul","downfall:HeartsMalice","StrikeDummy","Question Card","Spirit Poop","Ginger","SlaversCollar","Shovel","Membership Card","Sozu","Red Mask","downfall:RedIOUUpgrade","White Beast Statue","Mango","Guardian:PocketSentry","InkBottle","Thread and Needle"],"acts_visited":["Exordium","TheCity","TheBeyond"],"potions_floor_usage":[14,16,16,31,32,36,43],"damage_taken":[{"damage":0,"enemies":"Cultist","floor":2,"turns":1},{"damage":0,"enemies":"2 Louse","floor":3,"turns":1},{"damage":0,"enemies":"Jaw Worm","floor":5,"turns":1},{"damage":3,"enemies":"downfall:FleeingMerchant","floor":9,"turns":4},{"damage":7,"enemies":"2 Fungi Beasts","floor":10,"turns":3},{"damage":2,"enemies":"Red Slaver","floor":11,"turns":4},{"damage":29,"enemies":"3 Sentries","floor":12,"turns":6},{"damage":0,"enemies":"Large Slime","floor":14,"turns":4},{"damage":13,"enemies":"3 Louse","floor":15,"turns":2},{"damage":36,"enemies":"downfall:Ironclad","floor":16,"turns":8},{"damage":16,"enemies":"Spheric Guardian","floor":19,"turns":4},{"damage":35,"enemies":"Snecko","floor":20,"turns":6},{"damage":18,"enemies":"3 Cultists","floor":25,"turns":4},{"damage":21,"enemies":"Sentry and Sphere","floor":26,"turns":4},{"damage":13,"enemies":"Snecko","floor":28,"turns":6},{"damage":3,"enemies":"downfall:FleeingMerchant","floor":30,"turns":4},{"damage":9,"enemies":"Snake Plant","floor":31,"turns":5},{"damage":0,"enemies":"Shelled Parasite and Fungi","floor":32,"turns":1},{"damage":0,"enemies":"downfall:Silent","floor":33,"turns":11},{"damage":17,"enemies":"3 Shapes","floor":36,"turns":4},{"damage":8,"enemies":"Orb Walker","floor":37,"turns":3},{"damage":0,"enemies":"downfall:LadyInBlue","floor":39,"turns":6},{"damage":15,"enemies":"3 Darklings","floor":40,"turns":3},{"damage":60,"enemies":"Nemesis","floor":43,"turns":9},{"damage":24,"enemies":"4 Shapes","floor":45,"turns":6},{"damage":0,"enemies":"downfall:FleeingMerchant","floor":47,"turns":4},{"damage":0,"enemies":"Spire Growth","floor":49,"turns":4},{"damage":7,"enemies":"downfall:Watcher","floor":50,"turns":7}],"seed_played":"-6880461807909175961","potions_obtained":[{"floor":10,"key":"ColorlessPotion"},{"floor":12,"key":"Swift Potion"},{"floor":14,"key":"SkillPotion"},{"floor":15,"key":"SmokeBomb"},{"floor":20,"key":"FearPotion"},{"floor":28,"key":"sneckomod:DiceRollPotion"},{"floor":33,"key":"AttackPotion"}],"is_trial":false,"path_per_floor":["R","M","M","?","M","R","T","?","$","M","M","E","R","M","M","B",null,"R","M","M","?","?","R","T","M","M","R","M","?","$","M","M","B",null,"R","M","M","?","?","M","T","R","E","R","M","R","$","?","M","B",null],"character_chosen":"THE_SNECKO","items_purchased":["sneckomod:UnknownUncommonPower","Membership Card","sneckomod:UnknownRareAttack","Dark Shackles","Thread and Needle","Violence"],"campfire_rested":3,"item_purchase_floors":[9,30,30,30,47,47],"current_hp_per_floor":[90,90,90,90,91,91,91,91,89,82,80,73,73,73,61,26,94,94,78,43,45,45,45,45,27,7,51,39,39,37,28,28,29,100,100,83,75,75,75,60,74,74,19,53,29,63,65,65,66,59],"gold":18,"neow_bonus":"THREE_ENEMY_KILL","is_daily":false,"chose_seed":false,"campfire_upgraded":6,"win_rate":0.0,"timestamp":1608947512,"path_taken":["R","M","M","?","M","R","T","?","$","M","M","E","R","?","M","BOSS","R","M","M","?","?","R","T","M","M","R","?","?","$","M","M","BOSS","R","M","M","?","?","M","T","R","E","R","?","R","$","?","M","BOSS"],"items_purchased_type":["Card","Relic","Card","Card","Relic","Card"],"build_version":"2020-12-22","purchased_purges":2,"victory":true,"max_hp_per_floor":[90,90,90,90,91,91,91,91,92,92,92,92,92,92,93,94,94,94,94,94,96,96,96,96,96,97,97,98,98,99,99,99,100,100,100,100,100,100,100,100,114,114,115,115,115,115,115,115,116,116],"card_choices":[{"not_picked":["sneckomod:DiceBlock","sneckomod:UnknownCommonSkill"],"picked":"sneckomod:WideSting","floor":2},{"not_picked":["sneckomod:UnknownClassGREEN","sneckomod:UnknownStrike"],"picked":"sneckomod:ImprovisedGuard","floor":3},{"not_picked":["sneckomod:SoulRoll","sneckomod:WideSting"],"picked":"sneckomod:UnknownStrike","floor":5},{"not_picked":["sneckomod:UnknownCommonSkill","sneckomod:DiceBoulder","sneckomod:UnknownCommonAttack","sneckomod:SoulRoll"],"picked":"SKIP","floor":9},{"not_picked":["sneckomod:RainOfDice","sneckomod:UnknownCommonSkill","sneckomod:UnknownExhaust"],"picked":"sneckomod:SoulDraw","floor":10},{"not_picked":["sneckomod:SoulRoll","sneckomod:SoulDraw","sneckomod:UnknownBlock"],"picked":"sneckomod:QuickBite","floor":11},{"not_picked":["sneckomod:QuickMove","sneckomod:UnknownClassBLUE","sneckomod:WideSting"],"picked":"sneckomod:ImprovisedAttack","floor":12},{"not_picked":["sneckomod:UnknownVulnerable","sneckomod:SlitherStrike","sneckomod:DiceCrush"],"picked":"sneckomod:SerpentMind","floor":14},{"not_picked":["sneckomod:DiceCrush","sneckomod:DefensiveFlair","sneckomod:RainOfDice"],"picked":"sneckomod:UnknownUncommonAttack","floor":15},{"not_picked":["sneckomod:Restock","sneckomod:DangerNoodle","sneckomod:SerpentMind"],"picked":"sneckomod:UnknownRarePower","floor":16},{"not_picked":["sneckomod:UnknownVulnerable+1","sneckomod:DiceBoulder","sneckomod:UnknownX+1"],"picked":"sneckomod:SerpentIdol","floor":19},{"not_picked":["sneckomod:WideSting","sneckomod:Nope+1","sneckomod:RainOfDice+1"],"picked":"sneckomod:QuickMove+1","floor":20},{"not_picked":["sneckomod:UnknownCommonSkill","sneckomod:UnknownWeak+1","sneckomod:DiceCrush","sneckomod:Unknown2Cost"],"picked":"SKIP","floor":25},{"not_picked":["sneckomod:UnknownStrike","sneckomod:DiceBlock+1","sneckomod:Restock"],"picked":"sneckomod:UnknownBlock+1","floor":26},{"not_picked":["sneckomod:RainOfDice","sneckomod:UnknownVulnerable","sneckomod:UnknownX+1"],"picked":"sneckomod:Unknown0Cost+1","floor":28},{"not_picked":["sneckomod:CheapStock","sneckomod:SerpentIdol","sneckomod:UnknownCommonAttack"],"picked":"sneckomod:SnekBeam+1","floor":30},{"not_picked":["sneckomod:UnknownClassGREEN","sneckomod:UnknownCommonAttack+1","sneckomod:UnknownUncommonAttack","sneckomod:Unknown1Cost"],"picked":"SKIP","floor":31},{"not_picked":["sneckomod:Restock","sneckomod:Mudshield","sneckomod:MorePower"],"picked":"sneckomod:UnknownRareAttack","floor":33},{"not_picked":["sneckomod:UnknownCommonAttack+1","sneckomod:DiceBoulder","sneckomod:UnknownClassGREEN"],"picked":"sneckomod:DiceBlock+1","floor":36},{"not_picked":["sneckomod:UnknownUncommonAttack","sneckomod:SoulDraw+1","sneckomod:RainOfDice+1"],"picked":"sneckomod:Nope+1","floor":37},{"not_picked":["sneckomod:UnknownClassGUARDIAN+1","sneckomod:Unknown2Cost","sneckomod:UnknownVulnerable+1"],"picked":"sneckomod:DangerNoodle","floor":40},{"not_picked":["sneckomod:UnknownClassTHE_CHAMP_GRAY+1","sneckomod:SoulRoll","sneckomod:UnknownBlock"],"picked":"sneckomod:UnknownUncommonSkill","floor":43},{"not_picked":["sneckomod:WideSting+1","sneckomod:Nope","sneckomod:DiceCrush+1"],"picked":"sneckomod:DiceBlock+1","floor":45},{"not_picked":["sneckomod:DiceCrush","sneckomod:IronFang","sneckomod:UnknownUncommonPower+1"],"picked":"sneckomod:SoulDraw+1","floor":47},{"not_picked":["sneckomod:Nope","sneckomod:UnknownVulnerable","sneckomod:Unknown1Cost"],"picked":"sneckomod:UnknownCommonSkill+1","floor":49}],"player_experience":570050,"relics_obtained":[{"floor":7,"key":"Question Card"},{"floor":12,"key":"Ginger"},{"floor":22,"key":"Shovel"},{"floor":24,"key":"Regal Pillow"},{"floor":39,"key":"White Beast Statue"},{"floor":41,"key":"Mango"},{"floor":42,"key":"Guardian:PocketSentry"},{"floor":43,"key":"InkBottle"}],"event_choices":[{"damage_healed":0,"gold_gain":0,"player_choice":"Box","damage_taken":0,"relics_obtained":["StrikeDummy"],"max_hp_gain":0,"max_hp_loss":0,"event_name":"Big Fish","floor":4,"gold_loss":0,"cards_obtained":["Regret"]},{"cards_removed":["Regret"],"damage_healed":0,"gold_gain":0,"player_choice":"Offered Curse","damage_taken":0,"relics_obtained":["Spirit Poop"],"max_hp_gain":0,"max_hp_loss":0,"event_name":"Bonfire Elementals","floor":8,"gold_loss":0},{"damage_healed":0,"gold_gain":0,"cards_transformed":["sneckomod:Strike","sneckomod:Strike"],"player_choice":"Became Test Subject","damage_taken":0,"max_hp_gain":0,"max_hp_loss":0,"event_name":"Drug Dealer","floor":21,"gold_loss":0,"cards_obtained":["sneckomod:UnknownX","sneckomod:UnknownRareSkill"]},{"damage_healed":0,"gold_gain":0,"player_choice":"Relic","damage_taken":0,"max_hp_gain":0,"max_hp_loss":0,"event_name":"Wheel of Change","floor":22,"gold_loss":0},{"cards_removed":["sneckomod:UnknownUncommonSkill"],"damage_healed":0,"gold_gain":0,"player_choice":"Removed Skill","damage_taken":0,"max_hp_gain":0,"max_hp_loss":0,"event_name":"Falling","floor":48,"gold_loss":0}],"is_beta":false,"boss_relics":[{"not_picked":["Runic Dome","Busted Crown"],"picked":"SlaversCollar"},{"not_picked":["Runic Pyramid","Snecko Eye"],"picked":"Sozu"}],"items_purged_floors":[30,47],"is_endless":false,"potions_floor_spawned":[10,12,14,15,20,28,33,36,37,40,43,45,47,49],"ascension_level":0}}