{"host":"2tomtqbg6oyju2cq","time":1608981854,"event":{"mods":["BaseMod","Colored Map","Colored Powertips","Minty Spire (QoL Compilation)","StSLib","SuperFastMode"],"gold_per_floor":[114,129,144,159,159,189,204,219,219,234,234,34,49,124,124,224,224,239,239,51,31,46,46,76,91,116,116,116,116],"floor_reached":28,"playtime":1180,"items_purged":[],"score":267,"play_id":"df7ddf09-c2ff-4916-8ca4-db36a853a569","local_time":"20201226032414","daily_mods":["SealedDeck","Diverse","Binary"],"is_ascension_mode":false,"campfire_choices":[{"floor":11,"key":"REST"},{"data":"Streamline","floor":15,"key":"SMITH"},{"data":"Whirlwind","floor":23,"key":"SMITH"}],"circlet_count":0,"master_deck":["Skim","Iron Wave","Deadly Poison","Dropkick","Acrobatics","SashWhip","Warcry","Quick Slash","Thunderclap","Streamline+1","Riddle With Holes","CarveReality","TalkToTheHand","Dagger Throw","Outmaneuver","Cleave","Inflame","Rainbow","Bite","Bite","Bite","Bite","Bite","Whirlwind+1","ForeignInfluence"],"relics":["Burning Blood","PreservedInsect","Sundial","Runic Cube","Red Skull","Champion Belt","Bronze Scales","Nloth\u0027s Gift"],"acts_visited":["Exordium","TheCity"],"potions_floor_usage":[4,7,10,22,24],"damage_taken":[{"damage":0,"enemies":"Cultist","floor":1,"turns":2},{"damage":0,"enemies":"Small Slimes","floor":2,"turns":2},{"damage":0,"enemies":"2 Louse","floor":3,"turns":2},{"damage":12,"enemies":"Large Slime","floor":4,"turns":4},{"damage":26,"enemies":"Lagavulin","floor":6,"turns":5},{"damage":16,"enemies":"Gremlin Gang","floor":7,"turns":4},{"damage":9,"enemies":"2 Fungi Beasts","floor":8,"turns":3},{"damage":15,"enemies":"Exordium Thugs","floor":10,"turns":3},{"damage":11,"enemies":"Exordium Wildlife","floor":13,"turns":3},{"damage":42,"enemies":"Slime Boss","floor":16,"turns":9},{"damage":14,"enemies":"Chosen","floor":18,"turns":5},{"damage":39,"enemies":"Shell Parasite","floor":22,"turns":5},{"damage":45,"enemies":"Book of Stabbing","floor":24,"turns":4},{"damage":26,"enemies":"Chosen and Byrds","floor":25,"turns":4},{"damage":32,"enemies":"Centurion and Healer","floor":28,"turns":4}],"seed_played":"5451747836825439005","potions_obtained":[{"floor":3,"key":"Energy Potion"},{"floor":4,"key":"ElixirPotion"},{"floor":6,"key":"Fire Potion"},{"floor":7,"key":"AttackPotion"},{"floor":10,"key":"FearPotion"}],"is_trial":false,"path_per_floor":["M","M","M","M","?","E","M","M","T","M","R","$","M","?","R","B",null,"M","?","$","?","M","R","E","M","T","?","M"],"character_chosen":"IRONCLAD","items_purchased":["Sling","BloodPotion","Red Skull","Whirlwind"],"campfire_rested":1,"item_purchase_floors":[12,12,20,20],"current_hp_per_floor":[80,80,80,74,74,56,48,47,47,40,64,64,61,50,50,16,80,72,72,72,72,51,51,36,22,22,22,0,0],"gold":116,"neow_bonus":"","is_daily":true,"chose_seed":false,"campfire_upgraded":2,"win_rate":0.0,"timestamp":1608981854,"path_taken":["M","?","M","M","?","E","M","M","T","M","R","?","M","?","R","BOSS","M","?","$","?","M","R","E","?","T","?","M"],"items_purchased_type":["Relic","Potion","Relic","Card"],"build_version":"2020-12-22","purchased_purges":0,"victory":false,"max_hp_per_floor":[80,80,80,80,80,80,80,80,80,80,80,80,80,80,80,80,80,80,80,80,80,80,80,80,80,80,80,80,80],"card_choices":[{"not_picked":["Turbo"],"picked":"Riddle With Holes","floor":1},{"not_picked":["Streamline"],"picked":"CarveReality","floor":2},{"not_picked":["Pommel Strike"],"picked":"TalkToTheHand","floor":3},{"not_picked":["PathToVictory"],"picked":"Dagger Throw","floor":4},{"not_picked":["Sunder"],"picked":"Outmaneuver","floor":6},{"not_picked":["Turbo"],"picked":"Cleave","floor":7},{"not_picked":["Pray"],"picked":"Inflame","floor":8},{"not_picked":["Acrobatics","CarveReality"],"picked":"SKIP","floor":10},{"not_picked":["Redo","Deflect"],"picked":"SKIP","floor":13},{"not_picked":["DevaForm"],"picked":"Rainbow","floor":16},{"not_picked":["Coolheaded","Concentrate+1"],"picked":"SKIP","floor":18},{"not_picked":["Outmaneuver","Dropkick"],"picked":"SKIP","floor":22},{"not_picked":["SandsOfTime"],"picked":"ForeignInfluence","floor":24},{"not_picked":["Catalyst","Ball Lightning"],"picked":"SKIP","floor":25}],"player_experience":313202,"relics_obtained":[{"floor":6,"key":"PreservedInsect"},{"floor":9,"key":"Sundial"},{"floor":24,"key":"Champion Belt"},{"floor":26,"key":"Bronze Scales"}],"event_choices":[{"damage_healed":0,"gold_gain":0,"player_choice":"Gave Potion","damage_taken":0,"relics_obtained":["Blood Vial"],"max_hp_gain":0,"max_hp_loss":0,"event_name":"WeMeetAgain","floor":5,"gold_loss":0},{"damage_healed":0,"gold_gain":75,"player_choice":"Gather Gold","damage_taken":11,"max_hp_gain":0,"max_hp_loss":0,"event_name":"World of Goop","floor":14,"gold_loss":0},{"damage_healed":0,"gold_gain":0,"player_choice":"Became a vampire (Vial)","damage_taken":0,"max_hp_gain":0,"max_hp_loss":0,"event_name":"Vampires","floor":19,"relics_lost":["Blood Vial"],"gold_loss":0,"cards_obtained":["Bite","Bite","Bite","Bite","Bite"]},{"damage_healed":0,"gold_gain":0,"player_choice":"Bought 1 Potion","damage_taken":0,"max_hp_gain":0,"max_hp_loss":0,"event_name":"The Woman in Blue","floor":21,"gold_loss":0},{"damage_healed":0,"gold_gain":0,"player_choice":"Traded Relic","damage_taken":0,"relics_obtained":["Nloth\u0027s Gift"],"max_hp_gain":0,"max_hp_loss":0,"event_name":"N\u0027loth","floor":27,"relics_lost":["Sling"],"gold_loss":0}],"is_beta":false,"boss_relics":[{"not_picked":["Cursed Key","Velvet Choker"],"picked":"Runic Cube"}],"items_purged_floors":[],"is_endless":false,"potions_floor_spawned":[3,4,6,7,10],"killed_by":"Centurion and Healer","ascension_level":0}}