{"host":"aaqofma31c3gm2hj","time":1608957651,"event":{"mods":["BaseMod","GungeonMod","Minty Spire (QoL Compilation)","Replay The Spire","Spicy Shops","StSLib"],"gold_per_floor":[109,125,125,157,157,157,176,176,201,201,241,9,254,267,267,396,396,419,419,293,334,352,386,386,386,410,430,474,537,563,617,617,752,752,785,420,448,448,472,516,540,540,585,918,918,952,993,993,993,993,993,993,137,164,164,164],"floor_reached":55,"playtime":1989,"items_purged":["DemoMod:Strike_Huntress","DemoMod:Strike_Huntress","DemoMod:CrossBow","Writhe"],"score":1159,"play_id":"cb87f897-74d2-4394-adaa-87d2b7358e27","local_time":"20201226124051","is_ascension_mode":false,"campfire_choices":[{"data":"DemoMod:DirectionalPad","floor":6.0,"key":"SMITH"},{"data":"DemoMod:AWP","floor":10.0,"key":"SMITH"},{"floor":15.0,"key":"RECALL"},{"data":"DemoMod:ManualReload","floor":24.0,"key":"SMITH"},{"data":"DemoMod:ShadowBullets","floor":32.0,"key":"SMITH"},{"data":"DemoMod:BlankBullets","floor":42.0,"key":"SMITH"},{"data":"DemoMod:BalloonGun","floor":45.0,"key":"SMITH"},{"data":"DemoMod:Defend_Huntress","floor":49.0,"key":"PURGE"},{"data":"DemoMod:FinishedGun","floor":52.0,"key":"SMITH"}],"circlet_count":0,"master_deck":["DemoMod:Defend_Huntress","DemoMod:Roll","DemoMod:ManualReload+1","DemoMod:PotionOfGunFriendShip+1","DemoMod:AWP+1","DemoMod:BattleInHaste+1","Apotheosis+1","DemoMod:HardPowerCard+1","DemoMod:FinishedGun+1","DemoMod:SniperShot+1","DemoMod:BlankBullets+1","DemoMod:GunslingerForm","DemoMod:ShadowBullets+1","DemoMod:BalloonGun+1","DemoMod:FeignSurrender+1","DemoMod:ShadowBullets+1","DemoMod:FastSwitch+1","Madness+1","Madness+1","Secret Technique+1","Madness+1","DemoMod:HuntsMan"],"relics":["DemoMod:Dog","NeowsBlessing","Toxic Egg 2","Smiling Mask","DemoMod:GundromedaStrain","DemoMod:PoisonVial","SlaversCollar","Blue Doll","ReplayTheSpireMod:Shallot","Eternal Feather","Ancient Tea Set","DemoMod:DecoyRelic","Replay:Rubber Ducky","Replay:Bottled Snecko","ChewingGum","DemoMod:WeirdEgg","Torii","DollysMirror","DemoMod:VorpalBullet","Blood Vial","Lizard Tail","Potion Belt","Replay:Wax Seal","Gambling Chip","Toolbox","ReplayTheSpireMod:ShopPack","Anchor","Thread and Needle","DemoMod:RedGuonStone"],"acts_visited":["Exordium","TheCity","TheBeyond","TheEnding"],"potions_floor_usage":[55,55,55],"damage_taken":[{"damage":0.0,"enemies":"Small Slimes","floor":1.0,"turns":1.0},{"damage":0.0,"enemies":"Cultist","floor":2.0,"turns":2.0},{"damage":0.0,"enemies":"2 Louse","floor":4.0,"turns":2.0},{"damage":0.0,"enemies":"2 Louse","floor":7.0,"turns":2.0},{"damage":0.0,"enemies":"3 Sentries","floor":11.0,"turns":4.0},{"damage":0.0,"enemies":"Blue Slaver","floor":14.0,"turns":1.0},{"damage":0.0,"enemies":"Hexaghost","floor":16.0,"turns":8.0},{"damage":0.0,"enemies":"2 Thieves","floor":18.0,"turns":2.0},{"damage":0.0,"enemies":"Spheric Guardian","floor":21.0,"turns":3.0},{"damage":0.0,"enemies":"Spheric Guardian","floor":22.0,"turns":2.0},{"damage":0.0,"enemies":"Book of Stabbing","floor":23.0,"turns":2.0},{"damage":0.0,"enemies":"Chosen and Byrds","floor":27.0,"turns":3.0},{"damage":0.0,"enemies":"Snake Plant","floor":28.0,"turns":4.0},{"damage":0.0,"enemies":"Snake Plant","floor":29.0,"turns":1.0},{"damage":0.0,"enemies":"Gremlin Leader","floor":31.0,"turns":4.0},{"damage":0.0,"enemies":"Collector","floor":33.0,"turns":3.0},{"damage":0.0,"enemies":"3 Darklings","floor":35.0,"turns":2.0},{"damage":0.0,"enemies":"Orb Walker","floor":37.0,"turns":1.0},{"damage":0.0,"enemies":"Sphere and 2 Shapes","floor":39.0,"turns":4.0},{"damage":0.0,"enemies":"R_Hoarder","floor":40.0,"turns":4.0},{"damage":0.0,"enemies":"Spire Growth","floor":41.0,"turns":3.0},{"damage":0.0,"enemies":"Jaw Worm Horde","floor":46.0,"turns":3.0},{"damage":0.0,"enemies":"Reptomancer","floor":47.0,"turns":4.0},{"damage":0.0,"enemies":"Time Eater","floor":50.0,"turns":7.0},{"damage":0.0,"enemies":"Shield and Spear","floor":54.0,"turns":3.0},{"damage":43,"enemies":"The Heart","floor":55,"turns":5}],"seed_played":"6998430080361828084","potions_obtained":[{"floor":1.0,"key":"Weak Potion"},{"floor":3.0,"key":"Block Potion"},{"floor":3.0,"key":"BlessingOfTheForge"},{"floor":11.0,"key":"FairyPotion"},{"floor":14.0,"key":"Elixir"},{"floor":22.0,"key":"Energy Potion"},{"floor":23.0,"key":"ColorlessPotion"},{"floor":29.0,"key":"Weak Potion"},{"floor":35.0,"key":"SkillPotion"},{"floor":47.0,"key":"AttackPotion"}],"is_trial":false,"path_per_floor":["M","M","?","?","?","R","M","?","T","R","E","$","?","M","R","B",null,"M","?","$","?","M","E","R","?","T","M","?","M","T","E","R","B",null,"M","$","M","?","M","E","M","R","T","?","R","?","E","?","R","B",null,"R","$","E","B"],"character_chosen":"HUNTRESS","items_purchased":["Apotheosis+1","Blue Doll","DemoMod:WeirdEgg","Torii","DollysMirror","Replay:Wax Seal","Gambling Chip","Toolbox","ReplayTheSpireMod:ShopPack","Anchor","Thread and Needle","Elixir","SpeedPotion","Ancient Potion"],"campfire_rested":0,"item_purchase_floors":[12,20,36,36,36,53,53,53,53,53,53,53,53,53],"current_hp_per_floor":[70,70,70,70,53,53,53,53,53,53,53,53,36,36,36,36,70,70,70,70,70,70,70,70,70,70,70,70,70,70,70,70,70,70,70,70,70,70,70,70,70,70,70,70,70,70,70,61,70,70,70,70,70,70,27,27],"gold":164,"neow_bonus":"THREE_ENEMY_KILL","is_daily":false,"chose_seed":false,"campfire_upgraded":7,"win_rate":0.0,"timestamp":1608957651,"path_taken":["M","M","?","?","?","R","M","?","T","R","E","?","?","?","R","BOSS","M","?","$","?","M","E","R","?","T","M","?","M","?","E","R","BOSS","M","$","M","?","M","E","M","R","T","?","R","?","E","?","R","BOSS","R","$","E","BOSS"],"items_purchased_type":["Card","Relic","Relic","Relic","Relic","Relic","Relic","Relic","Relic","Relic","Relic","Potion","Potion","Potion"],"build_version":"2020-12-22","purchased_purges":4,"victory":false,"max_hp_per_floor":[70,70,70,70,70,70,70,70,70,70,70,70,70,70,70,70,70,70,70,70,70,70,70,70,70,70,70,70,70,70,70,70,70,70,70,70,70,70,70,70,70,70,70,70,70,70,70,70,70,70,70,70,70,70,70,70],"card_choices":[{"not_picked":["DemoMod:JK47","DemoMod:RadGun","DemoMod:AbyssalTentacle"],"picked":"SKIP","floor":1.0},{"not_picked":["DemoMod:AbyssalTentacle","DemoMod:Ejector+1"],"picked":"DemoMod:PotionOfGunFriendShip+1","floor":2.0},{"not_picked":["DemoMod:ShadowBullets","DemoMod:Ejector+1"],"picked":"DemoMod:DirectionalPad","floor":4.0},{"not_picked":["DemoMod:CursedBullets","DemoMod:GunslingerForm"],"picked":"DemoMod:AWP","floor":7.0},{"not_picked":["DemoMod:AC15","DemoMod:FortunesFavor+1"],"picked":"DemoMod:BattleInHaste+1","floor":11.0},{"not_picked":["DemoMod:GunstockTap","DemoMod:Unmoved+1"],"picked":"DemoMod:HardPowerCard+1","floor":13.0},{"not_picked":["DemoMod:ConditionalReflex+1","DemoMod:TeaPot","DemoMod:Ejector+1"],"picked":"SKIP","floor":14.0},{"not_picked":["DemoMod:FightSabre","DemoMod:Elimentaler"],"picked":"DemoMod:FinishedGun","floor":16.0},{"not_picked":["DemoMod:PotionOfGunFriendShip+1","DemoMod:HardPowerCard+1"],"picked":"DemoMod:SniperShot+1","floor":18.0},{"not_picked":["DemoMod:HuntsMan","DemoMod:Ejector+1","DemoMod:ConditionalReflex+1"],"picked":"SKIP","floor":21.0},{"not_picked":["DemoMod:BattleInHaste+1","DemoMod:EasyReloadBullets+1","DemoMod:HardPowerCard+1"],"picked":"SKIP","floor":22.0},{"not_picked":["DemoMod:AC15","DemoMod:BoxingGlove","DemoMod:HuntsMan+1"],"picked":"SKIP","floor":23.0},{"not_picked":["DemoMod:MachoBrace+1","DemoMod:AC15","DemoMod:SuppressiveFire+1"],"picked":"SKIP","floor":27.0},{"not_picked":["DemoMod:AbyssalTentacle","DemoMod:SAA","DemoMod:CombinedRifle"],"picked":"SKIP","floor":28.0},{"not_picked":["DemoMod:CursedBullets","DemoMod:FortunesFavor+1","DemoMod:Ejector+1"],"picked":"SKIP","floor":29.0},{"not_picked":["DemoMod:JK47","DemoMod:ConditionalReflex+1"],"picked":"DemoMod:ShadowBullets","floor":31.0},{"not_picked":["DemoMod:BulletBore","DemoMod:Slinger"],"picked":"DemoMod:BalloonGun","floor":33.0},{"not_picked":["DemoMod:AbyssalTentacle+1","DemoMod:ConditionalReflex+1"],"picked":"DemoMod:FeignSurrender+1","floor":35.0},{"not_picked":["DemoMod:Camera+1","DemoMod:SAA+1","DemoMod:AC15+1"],"picked":"SKIP","floor":37.0},{"not_picked":["DemoMod:DoubleSwitch+1","DemoMod:SkilledReload+1"],"picked":"DemoMod:Purify+1","floor":39.0},{"not_picked":["DemoMod:TeaPot+1","DemoMod:Slinger"],"picked":"DemoMod:FastSwitch+1","floor":40.0},{"not_picked":["DemoMod:FortunesFavor+1","DemoMod:Ejector+1","DemoMod:HuntsMan"],"picked":"SKIP","floor":41.0},{"not_picked":["DemoMod:DoubleSwitch+1","DemoMod:ConditionalReflex+1","DemoMod:DirectionalPad"],"picked":"SKIP","floor":46.0},{"not_picked":["DemoMod:ConditionalReflex+1","DemoMod:FortunesFavor+1","DemoMod:SAA+1"],"picked":"SKIP","floor":47.0},{"not_picked":["Apotheosis","Crow Ritual"],"picked":"Secret Technique","floor":53.0},{"not_picked":["Purity","Blind"],"picked":"Madness","floor":53.0},{"not_picked":["DemoMod:DoubleVision+1","DemoMod:HighKaliber"],"picked":"DemoMod:HuntsMan","floor":54.0}],"player_experience":535845,"relics_obtained":[{"floor":1.0,"key":"Toxic Egg 2"},{"floor":4.0,"key":"Smiling Mask"},{"floor":11.0,"key":"DemoMod:GundromedaStrain"},{"floor":16.0,"key":"DemoMod:PoisonVial"},{"floor":21.0,"key":"ReplayTheSpireMod:Shallot"},{"floor":23.0,"key":"Eternal Feather"},{"floor":26.0,"key":"Ancient Tea Set"},{"floor":28.0,"key":"DemoMod:DecoyRelic"},{"floor":30.0,"key":"Replay:Rubber Ducky"},{"floor":31.0,"key":"Replay:Bottled Snecko"},{"floor":40.0,"key":"DemoMod:VorpalBullet"},{"floor":43.0,"key":"Blood Vial"},{"floor":46.0,"key":"Lizard Tail"},{"floor":47.0,"key":"Potion Belt"},{"floor":54.0,"key":"DemoMod:RedGuonStone"}],"event_choices":[{"damage_healed":0.0,"max_hp_gain":0.0,"max_hp_loss":0.0,"gold_gain":0.0,"event_name":"Lab","player_choice":"Got Potions","floor":3.0,"gold_loss":0.0,"damage_taken":0.0},{"damage_healed":0.0,"max_hp_gain":0.0,"max_hp_loss":0.0,"gold_gain":0.0,"event_name":"Golden Idol","player_choice":"Take Damage","floor":5.0,"gold_loss":0.0,"damage_taken":17.0,"relics_obtained":["Golden Idol"]},{"damage_healed":0.0,"max_hp_gain":0.0,"max_hp_loss":0.0,"gold_gain":0.0,"event_name":"Vampires","player_choice":"Ignored","floor":19.0,"gold_loss":0.0,"damage_taken":0.0},{"damage_healed":0.0,"max_hp_gain":0.0,"max_hp_loss":0.0,"gold_gain":0.0,"cards_transformed":["DemoMod:Defend_Huntress","DemoMod:Strike_Huntress"],"event_name":"Drug Dealer","player_choice":"Became Test Subject","floor":25.0,"gold_loss":0.0,"damage_taken":0.0,"cards_obtained":["DemoMod:BlankBullets","DemoMod:GunslingerForm"]},{"damage_healed":0.0,"max_hp_gain":0.0,"max_hp_loss":0.0,"gold_gain":333.0,"event_name":"The Moai Head","player_choice":"Gave Idol","floor":44.0,"relics_lost":["Golden Idol"],"gold_loss":0.0,"damage_taken":0.0},{"damage_healed":0.0,"max_hp_gain":0.0,"max_hp_loss":0.0,"gold_gain":0.0,"event_name":"Winding Halls","player_choice":"Embrace Madness","floor":48.0,"gold_loss":0.0,"damage_taken":9.0,"cards_obtained":["Madness","Madness"]}],"is_beta":false,"boss_relics":[{"not_picked":["Tiny House","Astrolabe"],"picked":"SlaversCollar"},{"not_picked":["Replay:Ancient Bell","Replay:Drink Me"],"picked":"ChewingGum"}],"items_purged_floors":[12,20,53,53],"is_endless":false,"potions_floor_spawned":[1,11,14,16,22,23,29,35,39,47],"killed_by":"The Heart","ascension_level":0}}