{"host":"htqwg582tjjtn9p7","time":1608969420,"event":{"mods":["2.2 Compatiblity","AchievementEnabler","Act Like it!","Aspiration","BaseMod","Better Third Choice","Colored Map","Conspire","Curses Come First","Displayed Cursed Tome","Energized Spire","Force Act Four","GifTheSpireLib","Hermit","Highlight Path","JesterMod","Mad Scientist","Minty Spire (QoL Compilation)","Pale of the Ancients","Permanent Neow","Random Character Button","Relic Stats","Replay The Spire","Robot Space Explorer","Somnambulant","Spicy Shops","Spikes Relics","StSLib","Stuff the Spire","The Blue Laboratory","The Disciple","The Dragon Tamer","The Forsaken","The Gatherer","The Judge","The Jungle","The Marked","The Runesmith","The Servant 0.9.4"],"gold_per_floor":[115,126,126,70,70,102,122,148,148,174,188,188,205,205,205,302,302,313,333,333,40,53,53,53],"floor_reached":23,"playtime":929,"items_purged":["theMarked:Defend"],"score":268,"play_id":"dd6096d0-ad2a-413c-a561-540ffdb9e22b","local_time":"20201226085700","is_ascension_mode":true,"campfire_choices":[{"floor":12,"key":"REST"},{"floor":15,"key":"REST"}],"circlet_count":0,"master_deck":["theMarked:Defend","theMarked:Defend","theMarked:SoldierOfQuellstein","theMarked:FavorableWinds","theMarked:HeightenedSenses","theMarked:BanishingStrike","theMarked:Frustration","theMarked:DispelDoubt+1","theMarked:WardOff","theMarked:ParalyzingBlade","theMarked:HeightenedSenses","theMarked:EmpowerWeapon","theMarked:TakeOffHeels+1","theMarked:HeightenedSenses","Bite","Bite","Bite","Bite","Bite","theMarked:DeterminationOfTheMarked+1","theMarked:SelfDefenseTraining+1"],"relics":["theMarked:ArtifactOfAir","Golden Egg","Pear","InkBottle","conspire:DecoderRing","theForsaken:PaleLantern","Runesmith:AutoHammer"],"acts_visited":["Exordium","TheCity"],"potions_floor_usage":[7,10,22,23],"damage_taken":[{"damage":1,"enemies":"Cultist","floor":1,"turns":4},{"damage":0,"enemies":"2 Louse","floor":2,"turns":3},{"damage":10,"enemies":"Replay:BlueRogue","floor":6,"turns":5},{"damage":0,"enemies":"Small Slimes","floor":7,"turns":3},{"damage":5,"enemies":"Lagavulin","floor":8,"turns":5},{"damage":28,"enemies":"Gremlin Nob","floor":10,"turns":4},{"damage":0,"enemies":"3 Louse","floor":11,"turns":3},{"damage":24,"enemies":"Exordium Thugs","floor":13,"turns":7},{"damage":22,"enemies":"The Guardian","floor":16,"turns":11},{"damage":18,"enemies":"Spheric Guardian","floor":18,"turns":4},{"damage":25,"enemies":"3 Byrds","floor":19,"turns":9},{"damage":35,"enemies":"Cultist and Chosen","floor":22,"turns":6},{"damage":13,"enemies":"Book of Stabbing","floor":23,"turns":3}],"seed_played":"7861406384897770891","potions_obtained":[{"floor":1,"key":"blueLaboratory:StoneskinPotion"},{"floor":8,"key":"Strength Potion"},{"floor":10,"key":"blueLaboratory:AbyssPotion"},{"floor":11,"key":"SpeedPotion"},{"floor":13,"key":"Ancient Potion"},{"floor":19,"key":"blueLaboratory:BottledHope"},{"floor":22,"key":"blueLaboratory:FruitPunch"}],"is_trial":false,"path_per_floor":["M","M","?","$","?","E","M","E","T","E","M","R","M","?","R","B",null,"M","M","?","$","M","E"],"character_chosen":"THE_DEFAULT","items_purchased":["theMarked:Frustration","theMarked:DeterminationOfTheMarked","Runesmith:AutoHammer"],"campfire_rested":2,"item_purchase_floors":[4,21,21],"current_hp_per_floor":[69,69,62,62,62,52,52,57,57,29,29,53,29,37,61,39,80,62,37,37,37,14,9,9],"gold":53,"neow_bonus":"ONE_RANDOM_RARE_CARD","is_daily":false,"chose_seed":false,"campfire_upgraded":0,"win_rate":0.0,"timestamp":1608969420,"path_taken":["M","?","?","$","?","E","M","E","T","E","M","R","M","?","R","BOSS","M","M","?","$","M","E"],"items_purchased_type":["Card","Card","Relic"],"build_version":"2020-12-22","purchased_purges":1,"victory":false,"max_hp_per_floor":[70,70,70,70,70,70,70,80,80,80,80,80,80,80,80,80,80,80,80,56,56,56,58,58],"relic_stats":{"counters":[13,67],"obtain_stats":[{"theMarked:ArtifactOfAir":0,"Golden Egg":6,"Pear":8,"conspire:DecoderRing":10,"theForsaken:PaleLantern":17,"Runesmith:AutoHammer":21,"InkBottle":9},{"theMarked:ArtifactOfAir":0,"Golden Egg":3,"Pear":5,"conspire:DecoderRing":6,"theForsaken:PaleLantern":9,"Runesmith:AutoHammer":11,"InkBottle":5},{"theMarked:ArtifactOfAir":0,"Golden Egg":12,"Pear":20,"conspire:DecoderRing":24,"theForsaken:PaleLantern":45,"Runesmith:AutoHammer":58,"InkBottle":20}],"InkBottle":[14]},"card_choices":[{"not_picked":["theMarked:Frustration","theMarked:Improvise"],"picked":"theMarked:HeightenedSenses","floor":1},{"not_picked":["theMarked:HeightenedSenses","theMarked:ResourceFulStrike"],"picked":"theMarked:BanishingStrike","floor":2},{"not_picked":["theMarked:Electrocute","theMarked:WastefulAttack"],"picked":"theMarked:DispelDoubt","floor":6},{"not_picked":["theMarked:Panic","theMarked:Static"],"picked":"theMarked:WardOff","floor":7},{"not_picked":["theMarked:SwordAndMagic","theMarked:ReduceFriction"],"picked":"theMarked:ParalyzingBlade","floor":8},{"not_picked":["theMarked:ShockingTouch","theMarked:Aftermath"],"picked":"theMarked:HeightenedSenses","floor":10},{"not_picked":["theMarked:WastefulAttack","theMarked:KeepCalmAndFightOn"],"picked":"theMarked:EmpowerWeapon","floor":11},{"not_picked":["theMarked:TwofoldDefense","theMarked:EnhanceMovement","theMarked:WastefulAttack"],"picked":"SKIP","floor":13},{"not_picked":["theMarked:Defy","theMarked:UnarmedFury"],"picked":"theMarked:TakeOffHeels","floor":16},{"not_picked":["theMarked:SwordAndMagic","theMarked:EmpowerWeapon"],"picked":"theMarked:HeightenedSenses","floor":18},{"not_picked":["theMarked:LightningStrikesTwice+1","theMarked:ElectricStrings","theMarked:WastefulAttack"],"picked":"SKIP","floor":19},{"not_picked":["theMarked:ShockingTouch","theMarked:Electrocute"],"picked":"theMarked:SelfDefenseTraining+1","floor":22}],"player_experience":1789032,"relics_obtained":[{"floor":6,"key":"Golden Egg"},{"floor":8,"key":"Pear"},{"floor":9,"key":"InkBottle"},{"floor":10,"key":"conspire:DecoderRing"}],"event_choices":[{"cards_removed":["theMarked:Defend"],"damage_healed":0,"gold_gain":0,"player_choice":"Card Removal","damage_taken":7,"max_hp_gain":0,"max_hp_loss":0,"event_name":"Golden Wing","floor":3,"gold_loss":0},{"damage_healed":0,"gold_gain":0,"player_choice":"Leave","damage_taken":0,"max_hp_gain":0,"max_hp_loss":0,"event_name":"conspire:Investor","floor":5,"gold_loss":0},{"damage_healed":0,"gold_gain":0,"player_choice":"Became a vampire","damage_taken":0,"max_hp_gain":0,"max_hp_loss":24,"event_name":"Vampires","floor":20,"gold_loss":0,"cards_obtained":["Bite","Bite","Bite","Bite","Bite"]}],"is_beta":false,"boss_relics":[{"not_picked":["energizedSpire:MagnifyingGlass","StuffTheSpire:ModemDavis"],"picked":"theForsaken:PaleLantern"}],"items_purged_floors":[21],"is_endless":false,"potions_floor_spawned":[1,8,10,11,13,19,22],"killed_by":"Book of Stabbing","ascension_level":3}}