{"host":"6xsbn6ynqlzwllfm","time":1608994331,"event":{"mods":["2.2 Compatiblity","BaseMod","Bestiary","Colored Map","Colored Powertips","Curses Come First","Downfall","Highlight Path","Keyboard Shortcuts","Minty Spire (QoL Compilation)","Quick Restart","Relic Stats","Slay the Relics Exporter","StSLib","SuperFastMode"],"gold_per_floor":[111,111,130,146,160,193,193,224,224,238,258,274,274,289,289,361,361,381,381,381],"floor_reached":19,"playtime":737,"items_purged":[],"score":366,"play_id":"920a426e-5bd0-4a6f-b393-80cd1a693e3f","local_time":"20201226095211","is_ascension_mode":true,"campfire_choices":[{"data":"Whirlwind","floor":7,"key":"SMITH"},{"floor":13,"key":"REST"},{"data":"Disarm","floor":15,"key":"SMITH"}],"circlet_count":0,"master_deck":["AscendersBane","Strike_R","Strike_R","Strike_R","Strike_R","Defend_R","Defend_R","Defend_R","Defend_R","Bash","Dark Embrace","Wild Strike","Battle Trance","Flame Barrier","Whirlwind+1","Disarm+1","Burning Pact","Immolate","Evolve"],"relics":["Burning Blood","Potion Belt","Bag of Marbles","MealTicket","Mark of Pain"],"acts_visited":["Exordium","TheCity"],"potions_floor_usage":[8,14,16,16],"damage_taken":[{"damage":4,"enemies":"Jaw Worm","floor":1,"turns":4},{"damage":1,"enemies":"Cultist","floor":3,"turns":3},{"damage":0,"enemies":"2 Louse","floor":4,"turns":3},{"damage":30,"enemies":"Lots of Slimes","floor":5,"turns":7},{"damage":26,"enemies":"3 Sentries","floor":6,"turns":15},{"damage":28,"enemies":"Gremlin Nob","floor":8,"turns":4},{"damage":6,"enemies":"Looter","floor":10,"turns":3},{"damage":6,"enemies":"Red Slaver","floor":11,"turns":3},{"damage":0,"enemies":"2 Fungi Beasts","floor":12,"turns":1},{"damage":1,"enemies":"3 Louse","floor":14,"turns":3},{"damage":49,"enemies":"The Guardian","floor":16,"turns":20},{"damage":22,"enemies":"2 Thieves","floor":18,"turns":3},{"damage":42,"enemies":"Spheric Guardian","floor":19,"turns":7}],"seed_played":"-2374728465328127482","potions_obtained":[{"floor":4,"key":"BloodPotion"},{"floor":6,"key":"PowerPotion"},{"floor":8,"key":"ElixirPotion"},{"floor":10,"key":"Fire Potion"},{"floor":11,"key":"Energy Potion"},{"floor":16,"key":"PowerPotion"},{"floor":18,"key":"EssenceOfSteel"}],"is_trial":false,"path_per_floor":["M","?","M","M","M","E","R","E","T","M","M","M","R","M","R","B",null,"M","M"],"character_chosen":"IRONCLAD","items_purchased":[],"campfire_rested":1,"item_purchase_floors":[],"current_hp_per_floor":[77,77,82,82,58,38,38,16,16,16,16,22,46,51,51,24,68,52,10,10],"gold":381,"neow_bonus":"TEN_PERCENT_HP_BONUS","is_daily":false,"chose_seed":false,"campfire_upgraded":2,"win_rate":0.0,"timestamp":1608994331,"path_taken":["M","?","?","M","?","E","R","E","T","M","M","?","R","M","R","BOSS","M","M"],"items_purchased_type":[],"build_version":"2020-12-22","purchased_purges":0,"victory":false,"max_hp_per_floor":[82,82,82,82,82,82,82,82,82,82,82,82,82,82,82,82,82,82,82,82],"relic_stats":{"counters":[13,76],"MealTicket":0,"obtain_stats":[{"Potion Belt":6,"MealTicket":9,"Mark of Pain":17,"Bag of Marbles":8,"Burning Blood":0},{"Potion Belt":5,"MealTicket":6,"Mark of Pain":11,"Bag of Marbles":6,"Burning Blood":0},{"Potion Belt":32,"MealTicket":36,"Mark of Pain":66,"Bag of Marbles":36,"Burning Blood":0}],"Burning Blood":66},"card_choices":[{"not_picked":["Havoc","Dual Wield"],"picked":"Dark Embrace","floor":1},{"not_picked":["Rage","Armaments"],"picked":"Wild Strike","floor":3},{"not_picked":["Pummel","Uppercut"],"picked":"Battle Trance","floor":4},{"not_picked":["Headbutt","Pummel"],"picked":"Flame Barrier","floor":5},{"not_picked":["Clash","Impervious"],"picked":"Whirlwind","floor":6},{"not_picked":["Wild Strike","Sentinel","Thunderclap"],"picked":"SKIP","floor":8},{"not_picked":["Infernal Blade","Entrench"],"picked":"Disarm","floor":11},{"not_picked":["Dark Embrace","Carnage"],"picked":"Burning Pact","floor":12},{"not_picked":["Clash","Clothesline","Searing Blow"],"picked":"SKIP","floor":14},{"not_picked":["Exhume","Bludgeon"],"picked":"Immolate","floor":16},{"not_picked":["Intimidate","Thunderclap"],"picked":"Evolve","floor":18}],"player_experience":1262811,"relics_obtained":[{"floor":6,"key":"Potion Belt"},{"floor":8,"key":"Bag of Marbles"},{"floor":9,"key":"MealTicket"}],"event_choices":[{"cards_removed":["Strike_R"],"damage_healed":0,"gold_gain":0,"player_choice":"Purged","damage_taken":0,"max_hp_gain":0,"max_hp_loss":0,"event_name":"Purifier","floor":2,"gold_loss":0}],"is_beta":false,"boss_relics":[{"not_picked":["Runic Cube","Black Blood"],"picked":"Mark of Pain"}],"items_purged_floors":[],"is_endless":false,"potions_floor_spawned":[4,6,8,10,11,16,18],"killed_by":"Spheric Guardian","ascension_level":20}}