{"host":"zivz6e0vf73jivdq","time":1608996849,"event":{"mods":["ATMod(°¢èªMod)","Act Like it!","BaseMod","Friendly Minions","Gensokyo","HololiveMod","Koishi","Marisa£¨ìFÓê¡¡Ä§ÀíÉ³£©","Minty Spire (QoL Compilation)","MostiFishMod","Pale of the Ancients","Prisma Mod","Reimu£¨²©ÀöÁéÃÎ£©","Remilia£¨ÀÙÃ×ÀòÑÇ£©","Replay The Spire","RumiaBox-Â¶Ã×æ«µÄÉñÃØºÐ×Ó","StSLib","The Jungle","The Servant 0.9.4","Yakumo Yukari mod","Youmu£¨»êÆÇÑýÃÎ£©","¡¾ÒÅÎï¿¨ÅÆ¡¿REMEMod"],"gold_per_floor":[119,119,136,11,11,11,23,23,23,54,216,228,289,312,312,408,408,427,29,39,52,62,93,0,27,27,39,67,81,81,101,101,204,204,216,234,234,174,174,174,207,227,227,263,121,156,56,69,69,69,69,69,21,52,52],"floor_reached":56,"playtime":6743,"items_purged":["Strike_B","Defend_B+1"],"score":2303,"play_id":"6ab18a4a-e8ae-442e-b725-216f1a614123","local_time":"20201226233408","is_ascension_mode":true,"campfire_choices":[{"data":"Genetic Algorithm","floor":6.0,"key":"SMITH"},{"data":"AT_FamilyPortrait","floor":8.0,"key":"SMITH"},{"data":"Recycle","floor":15.0,"key":"SMITH"},{"data":"AT_StudyProgram","floor":30.0,"key":"SMITH"},{"floor":32.0,"key":"RECALL"},{"data":"Skim","floor":40.0,"key":"SMITH"},{"data":"Zap","floor":49,"key":"PURGE"},{"data":"AT_DarkMatter","floor":52,"key":"SMITH"}],"circlet_count":0,"master_deck":["Defend_B+1","Defend_B+1","Dualcast","Genetic Algorithm+1","AT_FamilyPortrait+1","Gash","Sweeping Beam","Chill","Self Repair","Gensokyo:SummonJeweledCobra","AT_StudyProgram+1","Recycle+1","Echo Form","Hologram","All For One","Leap","Go for the Eyes+1","REME_Shoggoth+1","Skim+1","Double Energy+1","MostiFishMod:InterfaceCompatibility+1","ReplayTheSpireMod:Calculation Training","Coolheaded+1","Defragment","Turbo+1","MostiFishMod:Culaccino+1","Gash","MostiFishMod:ActiveDefenseSystem+1","AT_EMC2+1","Gensokyo:CustomPotion","Meteor Strike+1","AT_DarkMatter+1","Double Energy+1"],"relics":["Cracked Core","DaveBox","REME_ComplimentaryCards","AT_ATBox","NeowsBlessing","MetatronsCube","SynthV:TestCard","Hololive_LightStick","Replay:Bottled Eggs","Gensokyo:Companionship","Prayer Wheel","MagicDraw2","GuanYuAspect","BirthdayGift-Tetrahedron","BrkXgEgg","Toy Ornithopter","Prayer Wheel","ZombieArmy","MealTicket","AT_ForceNature","Runic Pyramid","Anchor","Replay:Bottled Steam","Torii","Replay:Wax Seal"],"acts_visited":["Exordium","Gensokyo:Gensokyo","Gensokyo:Gensokyoer","TheEnding"],"potions_floor_usage":[55,55,55,55,55],"damage_taken":[{"damage":0.0,"enemies":"Gensokyo:2_Kodama","floor":1.0,"turns":2.0},{"damage":0.0,"enemies":"Gensokyo:3_Fairies","floor":3.0,"turns":1.0},{"damage":0.0,"enemies":"Gensokyo:Python","floor":7.0,"turns":1.0},{"damage":0.0,"enemies":"Gensokyo:Cirno","floor":10.0,"turns":4.0},{"damage":0.0,"enemies":"Gensokyo:Kitsune","floor":11.0,"turns":4.0},{"damage":0.0,"enemies":"Gensokyo:3_Kodama","floor":12.0,"turns":3.0},{"damage":0.0,"enemies":"Gensokyo:Aya","floor":13.0,"turns":4.0},{"damage":0.0,"enemies":"Gensokyo:VengefulSpirit","floor":14.0,"turns":3.0},{"damage":0.0,"enemies":"Gensokyo:Reimu","floor":16.0,"turns":7.0},{"damage":8.0,"enemies":"Gensokyo:CosmicMonolith","floor":18.0,"turns":3.0},{"damage":6.0,"enemies":"Gensokyo:3_Dogs","floor":20.0,"turns":3.0},{"damage":0.0,"enemies":"Gensokyo:Slime_Group","floor":21.0,"turns":3.0},{"damage":0.0,"enemies":"Gensokyo:Monolith_and_Dog","floor":22.0,"turns":3.0},{"damage":0.0,"enemies":"Gensokyo:Koishi","floor":23.0,"turns":2.0},{"damage":21.0,"enemies":"Gensokyo:Tenshi","floor":25.0,"turns":2.0},{"damage":0.0,"enemies":"Gensokyo:Chomper_and_Gloop","floor":27.0,"turns":3.0},{"damage":0.0,"enemies":"Gensokyo:Reisen","floor":28.0,"turns":2.0},{"damage":0.0,"enemies":"Gensokyo:Slime_Group","floor":29.0,"turns":2.0},{"damage":14.0,"enemies":"Gensokyo:Swordslinger","floor":31.0,"turns":2.0},{"damage":0.0,"enemies":"Gensokyo:Eternal_Rivals","floor":33.0,"turns":6.0},{"damage":0.0,"enemies":"Gensokyo:AncientGuardian","floor":35.0,"turns":2.0},{"damage":0.0,"enemies":"Gensokyo:3_Boulders","floor":36.0,"turns":1.0},{"damage":0.0,"enemies":"Gensokyo:Marisa","floor":41.0,"turns":1.0},{"damage":0.0,"enemies":"Gensokyo:AtlasGolem","floor":42.0,"turns":2.0},{"damage":0.0,"enemies":"Gensokyo:Doremy","floor":44.0,"turns":2.0},{"damage":0,"enemies":"Gensokyo:Kasen","floor":46,"turns":2},{"damage":0,"enemies":"Gensokyo:Rafflesia","floor":48,"turns":1},{"damage":0,"enemies":"Gensokyo:Yuyuko","floor":50,"turns":1},{"damage":0,"enemies":"Shield and Spear","floor":54,"turns":1},{"damage":0,"enemies":"The Heart","floor":55,"turns":3}],"seed_played":"-9041952271297534495","potions_obtained":[{"floor":3.0,"key":"Explosive Potion"},{"floor":12.0,"key":"REME_GoldPotion"},{"floor":14.0,"key":"Dexterity Potion"},{"floor":16.0,"key":"LiquidMemories"},{"floor":27.0,"key":"ColorlessPotion"},{"floor":28.0,"key":"PotionOfCapacity"},{"floor":31.0,"key":"SkillPotion"},{"floor":41.0,"key":"ZuzhouPotion:ReiMu"},{"floor":46,"key":"BlessingOfTheForge"}],"is_trial":false,"path_per_floor":["M","?","M","COS","?","R","M","R","T","E","M","M","E","M","R","B",null,"M","COS","M","M","M","E","?","E","T","M","E","M","R","M","R","B",null,"M","M","?","?","?","R","E","M","T","E","$","E","$","M","R","B",null,"R","$","E","B",null],"character_chosen":"DEFECT","items_purchased":["AT_DarkMatter","Swift Potion"],"campfire_rested":0,"item_purchase_floors":[45,53],"current_hp_per_floor":[68,38,38,38,38,38,38,38,38,38,45,52,59,66,66,73,38,38,38,38,38,38,38,38,38,38,38,38,38,38,35,35,38,38,38,38,38,38,38,38,38,38,38,38,38,38,38,38,38,38,38,38,38,38,38],"gold":52,"neow_bonus":"THREE_ENEMY_KILL","is_daily":false,"chose_seed":false,"campfire_upgraded":6,"win_rate":0.0,"timestamp":1608996848,"path_taken":["M","?","M","COS","?","R","M","R","T","E","M","M","E","M","R","BOSS","M","COS","M","M","M","E","?","E","T","M","E","?","R","M","R","BOSS","M","M","?","?","?","R","E","M","T","E","$","E","?","M","R","BOSS","R","$","E","BOSS"],"items_purchased_type":["Card","Potion"],"build_version":"2020-12-22","purchased_purges":2,"victory":true,"max_hp_per_floor":[75,75,75,75,75,75,75,75,75,75,75,75,75,75,75,75,38,38,38,38,38,38,38,38,38,38,38,38,38,38,38,38,38,38,38,38,38,38,38,38,38,38,38,38,38,38,38,38,38,38,38,38,38,38,38],"card_choices":[{"not_picked":["Beam Cell","AT_ThunderBolt"],"picked":"Gash","floor":1.0},{"not_picked":["Ball Lightning","Panic Button","Go for the Eyes","Streamline"],"picked":"Sweeping Beam","floor":3.0},{"not_picked":["Streamline","Redo","Rip and Tear","Hologram"],"picked":"Chill","floor":7.0},{"not_picked":["Leap","Cold Snap","ReplayTheSpireMod:Reroute Power","Rebound"],"picked":"Self Repair","floor":10.0},{"not_picked":["Leap","AT_ThunderBolt","Auto Shields","Beam Cell"],"picked":"AT_StudyProgram","floor":11.0},{"not_picked":["Leap","Go for the Eyes","Rebound","REME_Whirling"],"picked":"Recycle","floor":12.0},{"not_picked":["Fusion","Skim","REME_DataAnalysis","Steam"],"picked":"Echo Form","floor":13.0},{"not_picked":["Go for the Eyes","Storm","Panic Button","REME_Whirling"],"picked":"Hologram","floor":14.0},{"not_picked":["Force Field","ReplayTheSpireMod:Repulse","Darkness","Redo","Leap"],"picked":"SKIP","floor":14.0},{"not_picked":["Force Field","ReplayTheSpireMod:Repulse","Darkness","Redo","Leap"],"picked":"SKIP","floor":14.0},{"not_picked":["MostiFishMod:IceShield","MostiFishMod:Culaccino","MostiFishMod:SeaWaves","MostiFishMod:InterfaceCompatibility"],"picked":"All For One","floor":16.0},{"not_picked":["Auto Shields","Panic Button+1","Steam","Genetic Algorithm"],"picked":"Leap","floor":18.0},{"not_picked":["AT_ThunderBolt","Steam","Sweeping Beam","MostiFishMod:PushDownKick"],"picked":"Go for the Eyes","floor":18.0},{"not_picked":["Darkness","AT_StudyProgram","Barrage","Hyperbeam+1","Redo"],"picked":"SKIP","floor":20.0},{"not_picked":["Barrage+1","Rebound","FTL","BasicCrystalCard+1","Force Field"],"picked":"SKIP","floor":20.0},{"not_picked":["Darkness","AT_StudyProgram","Barrage","Hyperbeam+1","Redo"],"picked":"SKIP","floor":20.0},{"not_picked":["Barrage+1","Rebound","FTL","BasicCrystalCard+1","Force Field"],"picked":"SKIP","floor":20.0},{"not_picked":["Sweeping Beam","Redo","Hologram","Loop"],"picked":"Skim","floor":21.0},{"not_picked":["Capacitor","White Noise","Sweeping Beam","Leap+1"],"picked":"Double Energy+1","floor":21.0},{"not_picked":["Recycle","Sweeping Beam","Barrage","Gash"],"picked":"MostiFishMod:InterfaceCompatibility+1","floor":21.0},{"not_picked":["Gash","Ball Lightning","Coolheaded","MostiFishMod:Impulse"],"picked":"ReplayTheSpireMod:Calculation Training","floor":22.0},{"not_picked":["Streamline","Coolheaded+1","Leap","Genetic Algorithm","Reprogram"],"picked":"SKIP","floor":22.0},{"not_picked":["Coolheaded","Conserve Battery","Leap+1","Fusion","Self Repair"],"picked":"SKIP","floor":22.0},{"not_picked":["Streamline","Leap","Genetic Algorithm","Reprogram"],"picked":"Coolheaded+1","floor":22.0},{"not_picked":["Coolheaded","Conserve Battery","Leap+1","Fusion","Self Repair"],"picked":"SKIP","floor":22.0},{"not_picked":["Barrage","Coolheaded+1","Leap","All For One+1","FTL+1"],"picked":"SKIP","floor":23.0},{"not_picked":["Fusion","Recycle+1","Conserve Battery+1","Steam","Panic Button+1"],"picked":"SKIP","floor":25.0},{"not_picked":["Fusion","Recycle+1","Conserve Battery+1","Steam","Panic Button+1"],"picked":"SKIP","floor":25.0},{"not_picked":["Streamline","AT_HeatAcrobatics+1","Coolheaded","Sweeping Beam"],"picked":"Defragment","floor":27.0},{"not_picked":["ReplaySolidLightProjector","Hello World","FIFO Queue","Recycle"],"picked":"Turbo+1","floor":27.0},{"not_picked":["AT_HeatAcrobatics","Stack","Ball Lightning+1","Reprogram+1","Barrage+1"],"picked":"SKIP","floor":27.0},{"not_picked":["Lockon+1","AT_RobotInSpace","Force Field+1","MostiFishMod:PushDownKick"],"picked":"MostiFishMod:Culaccino+1","floor":28.0},{"not_picked":["Hologram","Sunder","Streamline","Sweeping Beam"],"picked":"Gash","floor":29.0},{"not_picked":["Loop","REME_DataAnalysis","Recycle","Redo","Panic Button"],"picked":"SKIP","floor":29.0},{"not_picked":["Hologram","Sweeping Beam","Chaos","Beam Cell","Darkness"],"picked":"SKIP","floor":29.0},{"not_picked":["MostiFishMod:GatherIntelligence","ReplaySolidLightProjector","Scrape+1","Streamline","Coolheaded"],"picked":"SKIP","floor":31.0},{"not_picked":["Beam Cell+1","Turbo+1","Melter","Coolheaded+1","Cold Snap"],"picked":"SKIP","floor":31.0},{"not_picked":["Heatsinks","Cold Snap","ReplayTheSpireMod:Calculation Training","Panic Button","Barrage+1"],"picked":"SKIP","floor":31.0},{"not_picked":["Machine Learning+1","Multi-Cast+1","MostiFishMod:TalkingToTheRain+1","Amplify+1"],"picked":"MostiFishMod:ActiveDefenseSystem+1","floor":33.0},{"not_picked":["Streamline+1","ReplayTheSpireMod:GoodbyeWorld+1","Panic Button+1","Leap+1","REME_Shoggoth+1"],"picked":"SKIP","floor":35.0},{"not_picked":["Steam Power","REME_Compress","Streamline+1","Tempest","Gash"],"picked":"SKIP","floor":35.0},{"not_picked":["Gash","Redo+1","Loop","BasicCrystalCard","Sweeping Beam+1"],"picked":"SKIP","floor":35.0},{"not_picked":["MostiFishMod:Impulse+1","Meteor Strike+1","Glacier","MostiFishMod:LinkProtocol"],"picked":"AT_EMC2+1","floor":36.0},{"not_picked":["Compile Driver","Chaos+1","Turbo","ReplayTheSpireMod:Reroute Power","Go for the Eyes+1"],"picked":"SKIP","floor":36.0},{"not_picked":["MostiFishMod:Impulse","Cold Snap","Static Discharge+1","Leap","Heatsinks"],"picked":"SKIP","floor":36.0},{"not_picked":["Fusion","Coolheaded+1","Rip and Tear","Redo+1","Hyperbeam+1"],"picked":"SKIP","floor":41.0},{"not_picked":["AT_HeatAcrobatics","Aggregate","ReplaySolidLightProjector+1","Barrage+1","Turbo"],"picked":"SKIP","floor":42.0},{"not_picked":["AT_HeatAcrobatics","Cold Snap+1","Turbo","Stack","Blizzard"],"picked":"SKIP","floor":42.0},{"not_picked":["Streamline+1","Cold Snap+1","Rebound","Barrage","Steam"],"picked":"SKIP","floor":42.0},{"not_picked":["Barrage+1","MostiFishMod:LinkProtocol+1","Leap+1","Turbo","ReplayRNGCard+1"],"picked":"SKIP","floor":44},{"not_picked":["Compile Driver","Lockon","ReplayTheSpireMod:System Scan","Gash+1","Double Energy"],"picked":"SKIP","floor":46},{"not_picked":["Recycle","Genetic Algorithm+1","Steam","Darkness+1","FTL+1"],"picked":"SKIP","floor":48},{"not_picked":["Conserve Battery","BasicCrystalCard+1","Streamline","AT_RobotInSpace+1","Ball Lightning+1"],"picked":"SKIP","floor":48},{"not_picked":["Redo+1","Coolheaded","Electrodynamics+1","REME_Whirling+1","Barrage+1"],"picked":"SKIP","floor":48},{"not_picked":["Barrage","Turbo","AT_HeatAcrobatics","ReplayTheSpireMod:GoodbyeWorld"],"picked":"Double Energy+1","floor":54}],"player_experience":751643,"relics_obtained":[{"floor":1.0,"key":"SynthV:TestCard"},{"floor":9.0,"key":"Hololive_LightStick"},{"floor":10.0,"key":"Replay:Bottled Eggs"},{"floor":13.0,"key":"MagicDraw2"},{"floor":23.0,"key":"ZombieArmy"},{"floor":25.0,"key":"MealTicket"},{"floor":28.0,"key":"AT_ForceNature"},{"floor":41.0,"key":"Anchor"},{"floor":43.0,"key":"Replay:Bottled Steam"},{"floor":46,"key":"Torii"},{"floor":54,"key":"Replay:Wax Seal"}],"event_choices":[],"is_beta":false,"boss_relics":[{"not_picked":["FixedStarFall","Busted Crown"],"picked":"GuanYuAspect"},{"not_picked":["Snecko Heart","Painkiller Herb"],"picked":"Runic Pyramid"}],"items_purged_floors":[45,47],"is_endless":false,"potions_floor_spawned":[3,12,14,16,21,23,27,28,29,31,36,41,46],"ascension_level":9}}