{"host":"m6h67kf6cz80m3yv","time":1608992163,"event":{"mods":["BaseMod","Better Third Choice","BetterRewards","CatGirl Mod","Colored Powertips","Downfall","Duelist Mod","Hermit","Luminous","Marisa????????","Minty Spire (QoL Compilation)","Quick Restart","Shade Mod","Shop Mod","StSLib","SuperFastMode","Td1madao Mod","The Alterego","The Marked","The Servant 0.9.4"],"gold_per_floor":[110,385,399,399,1,1,27,47,117,151,151,171,171,498,498,605,605,628,628,637,637,660,687,687,705,755,774,774,789,317,336,336,441,441,454,472,490,172,186,220,220,261,261,313,325,337,349,380,392,404,404],"floor_reached":50,"playtime":2560,"items_purged":[],"score":827,"play_id":"46e53c7a-b0fd-48fb-9cbb-ad5cdeaa5949","local_time":"20201226121603","is_ascension_mode":true,"campfire_choices":[{"floor":6.0,"key":"REST"},{"floor":11.0,"key":"REST"},{"data":"theMarked:Seal","floor":13.0,"key":"SMITH"},{"floor":15.0,"key":"REST"},{"floor":24.0,"key":"REST"},{"data":"theMarked:MuscleMemory","floor":28.0,"key":"SMITH"},{"floor":32.0,"key":"REST"},{"data":"theMarked:DispelDoubt","floor":41.0,"key":"SMITH"},{"floor":46.0,"key":"REST"},{"data":"theMarked:HeritageOfTheMarked","floor":49.0,"key":"SMITH"}],"circlet_count":0,"master_deck":["theMarked:Strike","theMarked:Strike","theMarked:Strike","theMarked:Defend","theMarked:Defend","theMarked:Defend","theMarked:Defend","theMarked:SoldierOfQuellstein+1","theMarked:ParalyzingBlade","theMarked:BanishingStrike","theMarked:BanishingStrike","Regret","theMarked:ContemptForTheProud","Seek","theMarked:WardOff","theMarked:ResourceFulStrike","theMarked:EmpowerWeapon","theMarked:Seal+1","theMarked:SuspiciousRaven","theMarked:MagicAdept","Necronomicurse","theMarked:EmpowerWeapon","theMarked:ReduceFriction","theMarked:MuscleMemory+1","theMarked:Aftermath","theMarked:SwordAndMagic","Bandage Up","theMarked:BanishingStrike+1","theMarked:DispelDoubt+1","theMarked:Generate","theMarked:Improvise","theMarked:RogueSparks","theMarked:PowerFlow","theMarked:ComboAttacks+1","theMarked:HeritageOfTheMarked+1"],"relics":["theMarked:ArtifactOfAir","Thread and Needle","Chemical X","Bag of Marbles","MerchantsRug","Gremlin Horn","Sundial","CeramicFish","Old Coin","theMarked:SpiritSword","Necronomicon","Bronze Scales","Vajra","Medical Kit","Nunchaku","Busted Crown","Shuriken","Mummified Hand","Art of War","MawBank","Dream Catcher","theMarked:Gun"],"acts_visited":["Exordium","TheCity","TheBeyond"],"potions_floor_usage":[50,50,50],"damage_taken":[{"damage":0.0,"enemies":"Jaw Worm","floor":1.0,"turns":3.0},{"damage":2.0,"enemies":"Cultist","floor":3.0,"turns":3.0},{"damage":35.0,"enemies":"Lagavulin","floor":7.0,"turns":6.0},{"damage":0.0,"enemies":"Small Slimes","floor":8.0,"turns":2.0},{"damage":11.0,"enemies":"3 Sentries","floor":10.0,"turns":8.0},{"damage":0.0,"enemies":"Blue Slaver","floor":12.0,"turns":4.0},{"damage":15.0,"enemies":"Gremlin Nob","floor":14.0,"turns":4.0},{"damage":37.0,"enemies":"Hexaghost","floor":16.0,"turns":8.0},{"damage":3.0,"enemies":"Chosen","floor":18.0,"turns":4.0},{"damage":20.0,"enemies":"Spheric Guardian","floor":22.0,"turns":4.0},{"damage":23.0,"enemies":"theDuelist:KaibaA2","floor":23.0,"turns":4.0},{"damage":2.0,"enemies":"Cultist and Chosen","floor":27.0,"turns":4.0},{"damage":20.0,"enemies":"Shelled Parasite and Fungi","floor":29.0,"turns":3.0},{"damage":1.0,"enemies":"3 Cultists","floor":31.0,"turns":3.0},{"damage":25.0,"enemies":"Automaton","floor":33.0,"turns":5.0},{"damage":0.0,"enemies":"3 Shapes","floor":35.0,"turns":4.0},{"damage":10.0,"enemies":"Orb Walker","floor":36.0,"turns":2.0},{"damage":0.0,"enemies":"Transient","floor":39.0,"turns":5.0},{"damage":20.0,"enemies":"Giant Head","floor":40.0,"turns":6.0},{"damage":18.0,"enemies":"Reptomancer","floor":42.0,"turns":4.0},{"damage":9.0,"enemies":"Giant Head","floor":44.0,"turns":6.0},{"damage":0.0,"enemies":"Spire Growth","floor":48.0,"turns":2.0},{"damage":76,"enemies":"Time Eater","floor":50,"turns":6}],"seed_played":"-7667235019746738876","potions_obtained":[{"floor":8.0,"key":"hexamod:EctoCoolerPotion"},{"floor":12.0,"key":"Fire Potion"},{"floor":14.0,"key":"SkillPotion"},{"floor":16.0,"key":"Strength Potion"},{"floor":29.0,"key":"champ:CounterPotion"},{"floor":33.0,"key":"ColorlessPotion"},{"floor":42.0,"key":"GamblersBrew"},{"floor":48.0,"key":"EssenceOfSteel"}],"is_trial":false,"path_per_floor":["M","?","M","?","$","R","E","M","T","E","R","M","R","E","R","B",null,"M","?","?","?","M","E","R","?","T","M","R","M","$","M","R","B",null,"M","M","?","$","M","E","R","E","T","E","?","R","T","M","R","B"],"character_chosen":"THE_DEFAULT","items_purchased":["Chemical X","theMarked:ParalyzingBlade","theMarked:BanishingStrike","Pear","MerchantsRug","Medical Kit","theMarked:SwordAndMagic","Nunchaku","Fruit Juice","Bandage Up","Shuriken","theMarked:RogueSparks"],"campfire_rested":6,"item_purchase_floors":[0,0,0,5,5,30,30,30,30,30,38,38],"current_hp_per_floor":[44,44,42,30,40,64,29,29,29,18,42,42,42,27,51,14,80,77,77,61,61,41,18,42,42,42,40,40,20,20,23,47,31,85,85,75,75,75,79,63,63,45,45,40,40,65,65,65,65,0,0],"gold":404,"neow_bonus":"","is_daily":false,"chose_seed":false,"campfire_upgraded":4,"win_rate":0.0,"timestamp":1608992163,"path_taken":["M","?","?","?","$","R","E","M","T","E","R","M","R","E","R","BOSS","M","?","?","?","?","E","R","?","T","M","R","M","$","M","R","BOSS","M","M","?","$","?","E","R","E","T","E","?","R","?","M","R","BOSS"],"items_purchased_type":["Relic","Card","Card","Relic","Relic","Relic","Card","Relic","Potion","Card","Relic","Card"],"build_version":"2020-12-22","purchased_purges":0,"victory":false,"max_hp_per_floor":[70,70,70,70,80,80,80,80,80,80,80,80,80,80,80,80,80,80,80,80,80,80,80,80,80,80,80,80,80,80,80,80,85,85,85,85,85,85,85,85,85,85,85,85,85,85,85,85,85,85,85],"card_choices":[{"not_picked":["theMarked:TwofoldDefense","theMarked:ElectricStrings"],"picked":"theMarked:BanishingStrike","floor":1.0},{"not_picked":["theMarked:Static","theMarked:ShockingTouch"],"picked":"theMarked:ContemptForTheProud","floor":3.0},{"not_picked":["theMarked:TunnelVision","theMarked:RepellingDischarge"],"picked":"theMarked:WardOff","floor":7.0},{"not_picked":["theMarked:Electrify","theMarked:Overthink"],"picked":"theMarked:ResourceFulStrike","floor":8.0},{"not_picked":["theMarked:LightningStrikesTwice","theMarked:Parkour"],"picked":"theMarked:EmpowerWeapon","floor":10.0},{"not_picked":["theMarked:ChainLightning","theMarked:BanishingWave"],"picked":"theMarked:Seal","floor":12.0},{"not_picked":["theMarked:HeightenedSenses","theMarked:Electrocute","theMarked:RepellingDischarge"],"picked":"SKIP","floor":14.0},{"not_picked":["theMarked:ChannelForce","theMarked:Challenge"],"picked":"theMarked:SuspiciousRaven","floor":16.0},{"not_picked":["theMarked:ResourceFulStrike","theMarked:Seal"],"picked":"theMarked:MagicAdept","floor":18.0},{"not_picked":["theMarked:Opportunist","theMarked:BanishingStrike"],"picked":"theMarked:EmpowerWeapon","floor":22.0},{"not_picked":["theMarked:EnhanceMovement+1","theMarked:HeightenedSenses","theMarked:TwofoldDefense+1"],"picked":"SKIP","floor":23.0},{"not_picked":["theMarked:BanishingStrike","theMarked:Frustration+1"],"picked":"theMarked:Aftermath","floor":27.0},{"not_picked":["theMarked:ElectricStrings+1","theMarked:Opportunist","theMarked:ChannelForce"],"picked":"SKIP","floor":29.0},{"not_picked":["theMarked:Overthink","theMarked:TwofoldDefense"],"picked":"theMarked:BanishingStrike+1","floor":31.0},{"not_picked":["theMarked:FavorableWinds","theMarked:Levitate"],"picked":"theMarked:DispelDoubt","floor":33.0},{"not_picked":["theMarked:WastefulAttack"],"picked":"SKIP","floor":35.0},{"not_picked":["theMarked:WastefulAttack+1"],"picked":"SKIP","floor":36.0},{"not_picked":["theMarked:Static"],"picked":"SKIP","floor":39.0},{"not_picked":[],"picked":"theMarked:PowerFlow","floor":40.0},{"not_picked":[],"picked":"theMarked:ComboAttacks+1","floor":42.0},{"not_picked":[],"picked":"theMarked:HeritageOfTheMarked","floor":44.0},{"not_picked":["theMarked:Seal"],"picked":"SKIP","floor":48.0}],"player_experience":304363,"relics_obtained":[{"floor":7.0,"key":"Gremlin Horn"},{"floor":9.0,"key":"Sundial"},{"floor":10.0,"key":"CeramicFish"},{"floor":14.0,"key":"Old Coin"},{"floor":20.0,"key":"Necronomicon"},{"floor":23.0,"key":"Bronze Scales"},{"floor":26.0,"key":"Vajra"},{"floor":40.0,"key":"Mummified Hand"},{"floor":42.0,"key":"Art of War"},{"floor":43.0,"key":"MawBank"},{"floor":44.0,"key":"Dream Catcher"},{"floor":47.0,"key":"theMarked:Gun"}],"event_choices":[{"damage_healed":0.0,"max_hp_gain":0.0,"max_hp_loss":0.0,"gold_gain":275.0,"event_name":"Golden Shrine","player_choice":"Desecrate","floor":2.0,"gold_loss":0.0,"damage_taken":0.0,"cards_obtained":["Regret"]},{"damage_healed":0.0,"max_hp_gain":0.0,"max_hp_loss":0.0,"gold_gain":0.0,"event_name":"Vampires","player_choice":"Ignored","floor":19.0,"gold_loss":0.0,"damage_taken":0.0},{"damage_healed":0.0,"max_hp_gain":0.0,"max_hp_loss":0.0,"gold_gain":0.0,"event_name":"Cursed Tome","player_choice":"Obtained Book","floor":20.0,"gold_loss":0.0,"damage_taken":16.0},{"damage_healed":0.0,"max_hp_gain":0.0,"max_hp_loss":0.0,"gold_gain":0.0,"event_name":"Upgrade Shrine","player_choice":"Upgraded","floor":21.0,"gold_loss":0.0,"damage_taken":0.0,"cards_upgraded":["theMarked:SoldierOfQuellstein"]},{"damage_healed":0.0,"max_hp_gain":0.0,"max_hp_loss":0.0,"gold_gain":0.0,"cards_transformed":["theMarked:Strike","theMarked:Strike"],"event_name":"Drug Dealer","player_choice":"Became Test Subject","floor":25.0,"gold_loss":0.0,"damage_taken":0.0,"cards_obtained":["theMarked:ReduceFriction","theMarked:MuscleMemory"]},{"damage_healed":0.0,"max_hp_gain":0.0,"max_hp_loss":0.0,"gold_gain":0.0,"event_name":"Match and Keep!","player_choice":"2 cards matched","floor":37.0,"gold_loss":0.0,"damage_taken":0.0,"cards_obtained":["theMarked:Generate","theMarked:Improvise"]},{"damage_healed":0.0,"max_hp_gain":0.0,"max_hp_loss":0.0,"gold_gain":0.0,"event_name":"The Moai Head","player_choice":"Ignored","floor":45.0,"gold_loss":0.0,"damage_taken":0.0}],"is_beta":false,"boss_relics":[{"not_picked":["Empty Cage","Sozu"],"picked":"theMarked:SpiritSword"},{"not_picked":["Fusion Hammer","SacredBark"],"picked":"Busted Crown"}],"items_purged_floors":[],"is_endless":false,"potions_floor_spawned":[8,12,14,16,18,27,29,31,33,36,42,48],"killed_by":"Time Eater","ascension_level":1}}