{"host":"qhhcmep1unj6mpf7","time":1608979196,"event":{"mods":["2.2 Compatiblity","AchievementEnabler","BaseMod","Colored Map","DeckTracker","Highlight Path","Keyboard Shortcuts","Minty Spire (QoL Compilation)","Permanent Neow","Quick Restart","Random Character Button","StSLib","SuperFastMode","everything is the same but u backflip on backflip"],"gold_per_floor":[111,122,141,159,171,171,46,46,69,98,98,110,127,156,156,156,156],"floor_reached":16,"playtime":478,"items_purged":[],"score":165,"play_id":"0844553d-9971-475b-98ce-504c2e8f3dff","local_time":"20201226193956","is_ascension_mode":true,"campfire_choices":[{"data":"Zap","floor":6.0,"key":"SMITH"},{"data":"Coolheaded","floor":8.0,"key":"SMITH"},{"floor":11.0,"key":"REST"},{"data":"Coolheaded","floor":15.0,"key":"SMITH"}],"circlet_count":0,"master_deck":["Strike_B","Strike_B","Strike_B","Strike_B","Defend_B","Defend_B","Defend_B","Defend_B","Zap+1","Dualcast","Cold Snap","Genetic Algorithm","Genetic Algorithm","Electrodynamics","Consume","Coolheaded+1","Coolheaded+1","Loop"],"relics":["Cracked Core","Prayer Wheel","Happy Flower","Orichalcum"],"acts_visited":["Exordium"],"potions_floor_usage":[16],"damage_taken":[{"damage":0.0,"enemies":"2 Louse","floor":1.0,"turns":3.0},{"damage":7.0,"enemies":"Small Slimes","floor":2.0,"turns":3.0},{"damage":7.0,"enemies":"Jaw Worm","floor":3.0,"turns":3.0},{"damage":10.0,"enemies":"Looter","floor":4.0,"turns":4.0},{"damage":6.0,"enemies":"Exordium Wildlife","floor":5.0,"turns":5.0},{"damage":16.0,"enemies":"3 Sentries","floor":10.0,"turns":6.0},{"damage":8.0,"enemies":"Blue Slaver","floor":12.0,"turns":3.0},{"damage":0.0,"enemies":"Large Slime","floor":13.0,"turns":4.0},{"damage":7.0,"enemies":"Lagavulin","floor":14.0,"turns":9.0},{"damage":0,"enemies":"The Guardian","floor":16,"turns":2}],"seed_played":"1668182621266594282","potions_obtained":[{"floor":2.0,"key":"Strength Potion"},{"floor":4.0,"key":"Swift Potion"},{"floor":5.0,"key":"EssenceOfDarkness"}],"is_trial":false,"path_per_floor":["M","M","M","M","M","R","$","R","T","E","R","M","M","E","R","B"],"character_chosen":"DEFECT","items_purchased":["Consume","Coolheaded"],"campfire_rested":1,"item_purchase_floors":[7,7],"current_hp_per_floor":[68,61,54,44,38,38,38,38,38,22,42,34,34,27,27,27,27],"gold":156,"neow_bonus":"ONE_RARE_RELIC","is_daily":false,"chose_seed":false,"campfire_upgraded":3,"win_rate":0.0,"timestamp":1608979196,"path_taken":["M","M","M","M","M","R","$","R","T","E","R","M","M","E","R","BOSS"],"items_purchased_type":["Card","Card"],"build_version":"2020-12-22","purchased_purges":0,"victory":false,"max_hp_per_floor":[68,68,68,68,68,68,68,68,68,68,68,68,68,68,68,68,68],"card_choices":[{"not_picked":["Steam","Force Field","Redo"],"picked":"SKIP","floor":1.0},{"not_picked":["Turbo","Gash","Beam Cell"],"picked":"SKIP","floor":1.0},{"not_picked":["Stack","Compile Driver"],"picked":"Cold Snap","floor":2.0},{"not_picked":["Rebound","Force Field","Stack"],"picked":"SKIP","floor":2.0},{"not_picked":["Stack","Static Discharge"],"picked":"Genetic Algorithm","floor":3.0},{"not_picked":["Force Field","Hologram"],"picked":"Genetic Algorithm","floor":3.0},{"not_picked":["Hologram","Scrape","Sunder"],"picked":"SKIP","floor":4.0},{"not_picked":["Compile Driver","Rebound","Barrage"],"picked":"SKIP","floor":4.0},{"not_picked":["Static Discharge","Turbo"],"picked":"Electrodynamics","floor":5.0},{"not_picked":["Go for the Eyes","Darkness","Leap"],"picked":"SKIP","floor":5.0},{"not_picked":["Barrage","Leap","Storm"],"picked":"SKIP","floor":10.0},{"not_picked":["Sweeping Beam","Hello World"],"picked":"Coolheaded","floor":12.0},{"not_picked":["Turbo","Steam","Cold Snap"],"picked":"SKIP","floor":12.0},{"not_picked":["All For One","Conserve Battery"],"picked":"Loop","floor":13.0},{"not_picked":["Reinforced Body","Redo","Reprogram"],"picked":"SKIP","floor":13.0},{"not_picked":["Meteor Strike","All For One","Redo"],"picked":"SKIP","floor":14.0}],"player_experience":320336,"relics_obtained":[{"floor":10.0,"key":"Happy Flower"},{"floor":14.0,"key":"Orichalcum"}],"event_choices":[],"is_beta":false,"boss_relics":[],"items_purged_floors":[],"is_endless":false,"potions_floor_spawned":[2,4,5,12,14],"killed_by":"The Guardian","ascension_level":9}}