{"host":"hgkb2zpbo2dcws21","time":1608983796,"event":{"mods":["AchievementEnabler","BaseMod","Colored Map","Colored Powertips","Custom Start","DeckTracker","KOR Keyword Fix","Minty Spire (QoL Compilation)","Relic Stats","StSLib","SuperFastMode"],"gold_per_floor":[112,125,125,125,148,148,184,184,484,189,212,212,233,266,266,355,355,368,7,20,43,57,57,97,97,147,147,166,91,91,91,91],"floor_reached":31,"playtime":475,"items_purged":["Pain"],"score":522,"play_id":"68c27d88-a204-47b5-927f-1f6eb9d4160e","local_time":"20201226205636","is_ascension_mode":true,"campfire_choices":[{"data":"Vigilance","floor":6,"key":"SMITH"},{"data":"Tantrum","floor":8,"key":"SMITH"},{"data":"Adaptation","floor":15,"key":"SMITH"},{"data":"Adaptation","floor":23,"key":"SMITH"},{"floor":27,"key":"REST"}],"circlet_count":0,"master_deck":["AscendersBane","Strike_P","Strike_P","Strike_P","Defend_P","Defend_P","Defend_P","Defend_P","Eruption+1","Vigilance+1","FlurryOfBlows","FollowUp","Tantrum+1","EmptyFist","Adaptation+1","DeusExMachina","CurseOfTheBell","Adaptation+1","TalkToTheHand","Wallop"],"relics":["PureWater","Bloody Idol","WarpedTongs","CloakClasp","Old Coin","HandDrill","Regal Pillow","Calling Bell","Happy Flower","Mercury Hourglass","Du-Vu Doll","Shuriken","WingedGreaves","CeramicFish"],"acts_visited":["Exordium","TheCity"],"potions_floor_usage":[28],"damage_taken":[{"damage":1,"enemies":"2 Louse","floor":1,"turns":2},{"damage":0,"enemies":"Small Slimes","floor":2,"turns":3},{"damage":0,"enemies":"Cultist","floor":5,"turns":2},{"damage":14,"enemies":"Gremlin Nob","floor":7,"turns":3},{"damage":14,"enemies":"Gremlin Gang","floor":11,"turns":3},{"damage":0,"enemies":"Blue Slaver","floor":13,"turns":2},{"damage":0,"enemies":"Lagavulin","floor":14,"turns":2},{"damage":7,"enemies":"Hexaghost","floor":16,"turns":7},{"damage":16,"enemies":"Shell Parasite","floor":18,"turns":4},{"damage":0,"enemies":"Chosen","floor":20,"turns":3},{"damage":8,"enemies":"Shelled Parasite and Fungi","floor":21,"turns":2},{"damage":0,"enemies":"Centurion and Healer","floor":22,"turns":3},{"damage":15,"enemies":"Gremlin Leader","floor":24,"turns":4},{"damage":17,"enemies":"Cultist and Chosen","floor":28,"turns":3},{"damage":31,"enemies":"Slavers","floor":31,"turns":2}],"seed_played":"-6465497671223471304","potions_obtained":[{"floor":2,"key":"ColorlessPotion"},{"floor":11,"key":"PowerPotion"},{"floor":12,"key":"LiquidMemories"}],"is_trial":false,"path_per_floor":["M","M","?","?","M","R","E","R","T","$","M","?","M","E","R","B",null,"M","$","M","M","M","R","E","$","T","R","M","?","?","E"],"character_chosen":"WATCHER","items_purchased":["HandDrill","EmptyFist","Adaptation","Shuriken"],"campfire_rested":1,"item_purchase_floors":[10,10,19,19],"current_hp_per_floor":[60,60,60,60,60,60,46,46,46,46,32,32,32,32,32,25,53,37,37,37,29,29,29,14,14,14,47,30,30,30,0,0],"gold":91,"neow_bonus":"UPGRADE_CARD","is_daily":false,"chose_seed":false,"campfire_upgraded":4,"win_rate":0.0,"timestamp":1608983796,"path_taken":["M","M","?","?","?","R","E","R","T","$","?","?","?","E","R","BOSS","M","$","M","M","M","R","E","$","T","R","M","?","?","E"],"items_purchased_type":["Relic","Card","Card","Relic"],"build_version":"2020-12-22","purchased_purges":1,"victory":false,"max_hp_per_floor":[68,68,62,62,62,62,62,62,62,62,62,62,62,62,62,62,62,62,62,62,62,62,62,62,62,62,62,62,62,62,62,62],"relic_stats":{"Regal Pillow":15,"Happy Flower":[7],"counters":[15,44],"Shuriken":[13],"Bloody Idol":0,"CeramicFish":0,"CloakClasp":[63],"HandDrill":[24],"obtain_stats":[{"Regal Pillow":14,"Happy Flower":17,"Golden Idol":3,"CeramicFish":26,"CloakClasp":7,"WarpedTongs":4,"Old Coin":9,"Mercury Hourglass":17,"Calling Bell":17,"Du-Vu Doll":17,"Shuriken":19,"Bloody Idol":30,"WingedGreaves":24,"HandDrill":10,"PureWater":0},{"Regal Pillow":7,"Happy Flower":8,"Golden Idol":2,"CeramicFish":13,"CloakClasp":4,"WarpedTongs":2,"Old Coin":4,"Mercury Hourglass":8,"Calling Bell":8,"Du-Vu Doll":8,"Shuriken":9,"Bloody Idol":14,"WingedGreaves":13,"HandDrill":4,"PureWater":0},{"Regal Pillow":17,"Happy Flower":24,"Golden Idol":5,"CeramicFish":40,"CloakClasp":10,"WarpedTongs":5,"Old Coin":10,"Mercury Hourglass":24,"Calling Bell":24,"Du-Vu Doll":24,"Shuriken":28,"Bloody Idol":42,"WingedGreaves":40,"HandDrill":10,"PureWater":0}],"WarpedTongs":[39],"Mercury Hourglass":[85]},"card_choices":[{"not_picked":["JustLucky","FollowUp"],"picked":"FlurryOfBlows","floor":1},{"not_picked":["Evaluate","Crescendo"],"picked":"FollowUp","floor":2},{"not_picked":["ClearTheMind","FlurryOfBlows"],"picked":"Tantrum","floor":5},{"not_picked":["PathToVictory","Crescendo","Tantrum"],"picked":"SKIP","floor":7},{"not_picked":["Ragnarok","FollowUp","JustLucky"],"picked":"SKIP","floor":11},{"not_picked":["JustLucky","ReachHeaven"],"picked":"Adaptation","floor":13},{"not_picked":["SashWhip","BattleHymn","FlurryOfBlows"],"picked":"SKIP","floor":14},{"not_picked":["Ragnarok","Alpha"],"picked":"DeusExMachina","floor":16},{"not_picked":["Protect","EmptyBody","Crescendo+1"],"picked":"SKIP","floor":18},{"not_picked":["Blasphemy","InnerPeace"],"picked":"TalkToTheHand","floor":20},{"not_picked":["LikeWater","Evaluate","ReachHeaven"],"picked":"SKIP","floor":21},{"not_picked":["FollowUp","FlurryOfBlows"],"picked":"Wallop","floor":22},{"not_picked":["EmptyBody","EmptyMind","Wish"],"picked":"SKIP","floor":24},{"not_picked":["FlyingSleeves","FollowUp","PathToVictory"],"picked":"SKIP","floor":28}],"player_experience":1108580,"relics_obtained":[{"floor":7,"key":"CloakClasp"},{"floor":9,"key":"Old Coin"},{"floor":14,"key":"Regal Pillow"},{"floor":17,"key":"Happy Flower"},{"floor":17,"key":"Mercury Hourglass"},{"floor":17,"key":"Du-Vu Doll"},{"floor":24,"key":"WingedGreaves"},{"floor":26,"key":"CeramicFish"}],"event_choices":[{"damage_healed":0,"gold_gain":0,"player_choice":"Lose Max HP","damage_taken":0,"relics_obtained":["Golden Idol"],"max_hp_gain":0,"max_hp_loss":6,"event_name":"Golden Idol","floor":3,"gold_loss":0},{"damage_healed":0,"gold_gain":0,"player_choice":"Rummage","damage_taken":0,"relics_obtained":["WarpedTongs"],"max_hp_gain":0,"max_hp_loss":0,"event_name":"Accursed Blacksmith","floor":4,"gold_loss":0,"cards_obtained":["Pain"]},{"damage_healed":0,"gold_gain":0,"player_choice":"Got Potions","damage_taken":0,"max_hp_gain":0,"max_hp_loss":0,"event_name":"Lab","floor":12,"gold_loss":0},{"cards_removed":["Strike_P"],"damage_healed":0,"gold_gain":0,"player_choice":"Gave Gold","damage_taken":0,"max_hp_gain":0,"max_hp_loss":0,"event_name":"Beggar","floor":29,"gold_loss":75},{"damage_healed":0,"gold_gain":0,"player_choice":"Gave Idol","damage_taken":0,"relics_obtained":["Bloody Idol"],"max_hp_gain":0,"max_hp_loss":0,"event_name":"Forgotten Altar","floor":30,"relics_lost":["Golden Idol"],"gold_loss":0}],"is_beta":false,"boss_relics":[{"not_picked":["Ectoplasm","Coffee Dripper"],"picked":"Calling Bell"}],"items_purged_floors":[10],"is_endless":false,"potions_floor_spawned":[2,11,14,21,22,24],"killed_by":"Slavers","ascension_level":16}}