{"host":"mjau5a91be6b66g4","time":1608957392,"event":{"mods":["BaseMod","Minty Spire (QoL Compilation)","StSLib","The Bug Knight","The Jungle"],"gold_per_floor":[217,227,227,238,81,81,115,115,115,115,129,45,45,63,63,167,167,180,180,193,225,125,125,151,151,203,203,217,237,253,263,263,263,263],"floor_reached":33,"playtime":1747,"items_purged":["Defend_B","Blizzard"],"score":358,"play_id":"b72e5e9f-985e-414e-ba87-4fbcb9ce1c0c","local_time":"20201226123632","is_ascension_mode":true,"campfire_choices":[{"data":"Zap","floor":6,"key":"SMITH"},{"data":"Dualcast","floor":8,"key":"SMITH"},{"data":"Fusion","floor":10,"key":"SMITH"},{"data":"Double Energy","floor":15,"key":"SMITH"},{"data":"Double Energy","floor":23,"key":"SMITH"},{"floor":27,"key":"REST"},{"floor":32,"key":"REST"}],"circlet_count":0,"master_deck":["Zap+1","Dualcast+1","Coolheaded","Conserve Battery","Double Energy+1","Fusion+1","Skim","Ball Lightning","Sunder","Streamline","Go for the Eyes","Echo Form","Chaos","Meteor Strike","Rainbow","Double Energy+1","Coolheaded","Skim","Hyperbeam","Turbo","Recycle","Go for the Eyes+1","Bite","Bite","Bite","Bite","Bite","Hologram","Reprogram","Gash"],"relics":["Cracked Core","Mercury Hourglass","Orichalcum","Pandora\u0027s Box","Red Mask","HollowMod:LifeEnderRelic","PreservedInsect"],"acts_visited":["Exordium","TheCity"],"potions_floor_usage":[7,16,16,18,18,20,21,29,30,31],"damage_taken":[{"damage":3,"enemies":"Jaw Worm","floor":1,"turns":3},{"damage":3,"enemies":"Small Slimes","floor":2,"turns":3},{"damage":0,"enemies":"Cultist","floor":4,"turns":4},{"damage":8,"enemies":"HollowMod:MossKnight","floor":7,"turns":12},{"damage":3,"enemies":"Blue Slaver","floor":11,"turns":3},{"damage":0,"enemies":"3 Louse","floor":14,"turns":2},{"damage":0,"enemies":"Slime Boss","floor":16,"turns":7},{"damage":8,"enemies":"2 Thieves","floor":18,"turns":3},{"damage":1,"enemies":"Chosen","floor":20,"turns":3},{"damage":0,"enemies":"Masked Bandits","floor":21,"turns":2},{"damage":47,"enemies":"Book of Stabbing","floor":24,"turns":5},{"damage":12,"enemies":"3 Cultists","floor":28,"turns":3},{"damage":16,"enemies":"Chosen and Byrds","floor":29,"turns":5},{"damage":0,"enemies":"Cultist and Chosen","floor":30,"turns":3},{"damage":7,"enemies":"Snake Plant","floor":31,"turns":3},{"damage":67,"enemies":"Automaton","floor":33,"turns":6}],"seed_played":"-1389232431259965442","potions_obtained":[{"floor":2,"key":"PotionOfCapacity"},{"floor":7,"key":"Block Potion"},{"floor":11,"key":"DuplicationPotion"},{"floor":14,"key":"Weak Potion"},{"floor":16,"key":"LiquidBronze"},{"floor":18,"key":"SkillPotion"},{"floor":20,"key":"CultistPotion"},{"floor":24,"key":"Weak Potion"},{"floor":29,"key":"FearPotion"},{"floor":30,"key":"Energy Potion"}],"is_trial":false,"path_per_floor":["M","M","?","M","$","R","E","R","T","R","M","$","?","M","R","B",null,"M","?","M","?","$","R","E","?","T","R","M","M","M","M","R","B"],"character_chosen":"DEFECT","items_purchased":["Fusion","Sunder","Streamline"],"campfire_rested":2,"item_purchase_floors":[5,12,12],"current_hp_per_floor":[72,69,69,69,69,69,61,61,61,61,58,58,58,58,58,58,75,67,67,66,66,66,66,19,19,19,34,30,24,26,25,40,0,0],"gold":263,"neow_bonus":"HUNDRED_GOLD","is_daily":false,"chose_seed":false,"campfire_upgraded":5,"win_rate":0.0,"timestamp":1608957392,"path_taken":["M","M","?","M","$","R","E","R","T","R","M","$","?","M","R","BOSS","M","?","M","?","?","R","E","?","T","R","M","M","?","M","R","BOSS"],"items_purchased_type":["Card","Card","Card"],"build_version":"2020-12-22","purchased_purges":2,"victory":false,"max_hp_per_floor":[75,75,75,75,75,75,75,75,75,75,75,75,75,75,75,75,75,75,75,75,75,75,75,75,52,52,52,52,52,52,52,52,52,52],"card_choices":[{"not_picked":["Beam Cell","Genetic Algorithm"],"picked":"Coolheaded","floor":1},{"not_picked":["Sweeping Beam","Streamline"],"picked":"Conserve Battery","floor":2},{"not_picked":["Compile Driver","Heatsinks"],"picked":"Double Energy","floor":4},{"not_picked":["Steam","BootSequence"],"picked":"Skim","floor":7},{"not_picked":["Turbo","Compile Driver"],"picked":"Ball Lightning","floor":11},{"not_picked":["Loop","Melter"],"picked":"Go for the Eyes","floor":14},{"not_picked":["Electrodynamics","Machine Learning"],"picked":"Echo Form","floor":16},{"not_picked":["Streamline","Rebound"],"picked":"Coolheaded","floor":18},{"not_picked":["Darkness","White Noise"],"picked":"Turbo","floor":20},{"not_picked":["Scrape","White Noise"],"picked":"Recycle","floor":21},{"not_picked":["Consume+1","Darkness"],"picked":"Go for the Eyes+1","floor":24},{"not_picked":["Double Energy","Sweeping Beam"],"picked":"Hologram","floor":28},{"not_picked":["Fusion","Leap"],"picked":"Reprogram","floor":29},{"not_picked":["Barrage","Steam+1"],"picked":"Gash","floor":30},{"not_picked":["Cold Snap","Aggregate","Go for the Eyes+1"],"picked":"SKIP","floor":31}],"player_experience":226359,"relics_obtained":[{"floor":7,"key":"Mercury Hourglass"},{"floor":9,"key":"Orichalcum"},{"floor":21,"key":"Red Mask"},{"floor":24,"key":"HollowMod:LifeEnderRelic"},{"floor":26,"key":"PreservedInsect"}],"event_choices":[{"damage_healed":0,"gold_gain":0,"player_choice":"Ignored","damage_taken":0,"max_hp_gain":0,"max_hp_loss":0,"event_name":"Golden Wing","floor":3,"gold_loss":0},{"damage_healed":0,"gold_gain":0,"player_choice":"Ignored","damage_taken":0,"max_hp_gain":0,"max_hp_loss":0,"event_name":"Liars Game","floor":13,"gold_loss":0},{"damage_healed":0,"gold_gain":0,"cards_transformed":["Storm","Double Energy"],"player_choice":"Became Test Subject","damage_taken":0,"max_hp_gain":0,"max_hp_loss":0,"event_name":"Drug Dealer","floor":19,"gold_loss":0,"cards_obtained":["Skim","Hyperbeam"]},{"damage_healed":0,"gold_gain":0,"player_choice":"Fought Bandits","damage_taken":0,"max_hp_gain":0,"max_hp_loss":0,"event_name":"Masked Bandits","floor":21,"gold_loss":0},{"damage_healed":0,"gold_gain":0,"player_choice":"Became a vampire","damage_taken":0,"max_hp_gain":0,"max_hp_loss":23,"event_name":"Vampires","floor":25,"gold_loss":0,"cards_obtained":["Bite","Bite","Bite","Bite","Bite"]}],"is_beta":false,"boss_relics":[{"not_picked":["Philosopher\u0027s Stone","Velvet Choker"],"picked":"Pandora\u0027s Box"}],"items_purged_floors":[5,22],"is_endless":false,"potions_floor_spawned":[2,7,11,14,16,18,20,24,29,30],"killed_by":"Automaton","ascension_level":1}}