{"host":"4edbuligkc8x13l4","time":1608959647,"event":{"mods":["BaseMod","Minty Spire (QoL Compilation)","StSLib","SuperFastMode"],"gold_per_floor":[112,132,29,29,29,58,58,58,85,135,153,183,243,243,243,243,243],"floor_reached":16,"playtime":283,"items_purged":["Strike_R"],"score":249,"play_id":"5467fbd6-1307-4641-9264-6ffc3696ccc9","local_time":"20201226131407","is_ascension_mode":true,"campfire_choices":[{"data":"Armaments","floor":7.0,"key":"SMITH"},{"data":"Havoc","floor":15,"key":"SMITH"}],"circlet_count":0,"master_deck":["AscendersBane","Strike_R+1","Strike_R","Strike_R+1","Defend_R","Defend_R","Defend_R","Defend_R","Bash","Sword Boomerang","Infernal Blade","Armaments+1","Double Tap","Second Wind","Rage","Havoc+1","Evolve"],"relics":["Burning Blood","NeowsBlessing","Question Card","PreservedInsect","Regal Pillow","Whetstone","Strawberry","Charon\u0027s Ashes"],"acts_visited":["Exordium"],"potions_floor_usage":[13],"damage_taken":[{"damage":0.0,"enemies":"Cultist","floor":1.0,"turns":1.0},{"damage":0.0,"enemies":"2 Louse","floor":2.0,"turns":1.0},{"damage":0.0,"enemies":"Gremlin Nob","floor":6.0,"turns":1.0},{"damage":6.0,"enemies":"Small Slimes","floor":11.0,"turns":3.0},{"damage":23,"enemies":"Lagavulin","floor":12,"turns":5},{"damage":0,"enemies":"Gremlin Nob","floor":13,"turns":2},{"damage":67,"enemies":"Slime Boss","floor":16,"turns":8}],"seed_played":"3097800864467117810","potions_obtained":[{"floor":11.0,"key":"GamblersBrew"}],"is_trial":false,"path_per_floor":["M","M","$","T","?","E","R","?","T","?","M","E","?","T","R","B"],"character_chosen":"IRONCLAD","items_purchased":["Armaments"],"campfire_rested":0,"item_purchase_floors":[3],"current_hp_per_floor":[74,75,75,75,75,75,75,75,75,68,68,51,64,64,64,0,0],"gold":243,"neow_bonus":"THREE_ENEMY_KILL","is_daily":false,"chose_seed":false,"campfire_upgraded":2,"win_rate":0.0,"timestamp":1608959647,"path_taken":["M","M","$","?","?","E","R","?","T","?","?","E","?","?","R","BOSS"],"items_purchased_type":["Card"],"build_version":"2020-12-22","purchased_purges":1,"victory":false,"max_hp_per_floor":[75,75,75,75,75,75,75,75,75,75,75,75,82,82,82,82,82],"card_choices":[{"not_picked":["Clash","Fire Breathing"],"picked":"Sword Boomerang","floor":1.0},{"not_picked":["Clothesline","Warcry"],"picked":"Infernal Blade","floor":2.0},{"not_picked":["True Grit","Entrench","Shrug It Off"],"picked":"Double Tap","floor":6.0},{"not_picked":["Second Wind","Intimidate","Shrug It Off"],"picked":"Rage","floor":11.0},{"not_picked":["Armaments","Clothesline","Carnage"],"picked":"Havoc","floor":12},{"not_picked":["Disarm","Flame Barrier","Twin Strike"],"picked":"Evolve","floor":13}],"player_experience":920435,"relics_obtained":[{"floor":4.0,"key":"Question Card"},{"floor":6.0,"key":"PreservedInsect"},{"floor":9.0,"key":"Regal Pillow"},{"floor":12,"key":"Whetstone"},{"floor":13,"key":"Strawberry"},{"floor":14,"key":"Charon\u0027s Ashes"}],"event_choices":[{"damage_healed":0.0,"max_hp_gain":0.0,"max_hp_loss":0.0,"gold_gain":0.0,"event_name":"Liars Game","player_choice":"Ignored","floor":5.0,"gold_loss":0.0,"damage_taken":0.0},{"damage_healed":0.0,"max_hp_gain":0.0,"max_hp_loss":0.0,"gold_gain":0.0,"cards_transformed":["Strike_R"],"event_name":"Living Wall","player_choice":"Change","floor":8.0,"gold_loss":0.0,"damage_taken":0.0,"cards_obtained":["Second Wind"]},{"damage_healed":0.0,"max_hp_gain":0.0,"max_hp_loss":0.0,"gold_gain":50.0,"event_name":"FaceTrader","player_choice":"Touch","floor":10.0,"gold_loss":0.0,"damage_taken":7.0},{"damage_healed":0,"gold_gain":0,"player_choice":"Searched \u00272\u0027 times","damage_taken":0,"max_hp_gain":0,"max_hp_loss":0,"event_name":"Dead Adventurer","floor":13,"gold_loss":0}],"is_beta":false,"boss_relics":[],"items_purged_floors":[3],"is_endless":false,"potions_floor_spawned":[11],"killed_by":"Slime Boss","ascension_level":18}}