{"host":"97k5lqmr6aaz1p9r","time":1608975357,"event":{"mods":["BaseMod","Colored Map","Downfall","Jorbs\u0027s Wanderer Trilogy","Minty Spire (QoL Compilation)","StSLib"],"gold_per_floor":[149,164,183,183,200,200,200,220,670,595,695,709,737,34,44,44,44,44],"floor_reached":16,"playtime":1202,"items_purged":["Slimebound:Icky"],"score":102,"play_id":"4d923c3b-c993-4169-8db6-bcf62ec55350","local_time":"20201226093557","is_ascension_mode":false,"campfire_choices":[{"floor":1,"key":"RECALL"},{"data":"Guardian:Reroute","floor":10,"key":"SMITH"}],"circlet_count":0,"master_deck":["Guardian:Strike_Guardian","Guardian:Strike_Guardian","Guardian:Strike_Guardian","Guardian:Defend_Guardian","Guardian:Defend_Guardian+1","Guardian:Defend_Guardian","Guardian:Defend_Guardian","Guardian:CurlUp","Guardian:TwinSlam","Guardian:Reroute+1","Guardian:FloatingOrbs+1","Guardian:Incinerate","Guardian:Incinerate","Slimebound:Icky","Slimebound:Icky","Guardian:CrystalBeam","Guardian:DonusPower","Guardian:Suspension","Guardian:WalkerClaw","expansioncontent:StudyTheSpire","Guardian:ShieldCharger","Guardian:Gem_White","Guardian:ChargeCore","Guardian:TemporalStrike"],"relics":["Tiny House","MealTicket","Question Card","The Courier","downfall:HeartBlessingRed","Orichalcum","Membership Card","StoneCalendar","Prayer Wheel","Blue Candle","Vajra"],"acts_visited":["Exordium"],"potions_floor_usage":[11,11,13,16],"damage_taken":[{"damage":0,"enemies":"2 Louse","floor":2,"turns":3},{"damage":0,"enemies":"Small Slimes","floor":3,"turns":3},{"damage":0,"enemies":"Cultist","floor":5,"turns":2},{"damage":6,"enemies":"Blue Slaver","floor":8,"turns":4},{"damage":29,"enemies":"downfall:Heads","floor":11,"turns":6},{"damage":0,"enemies":"Large Slime","floor":12,"turns":4},{"damage":27,"enemies":"Gremlin Nob","floor":13,"turns":4},{"damage":0,"enemies":"downfall:FleeingMerchant","floor":14,"turns":4},{"damage":1,"enemies":"3 Louse","floor":15,"turns":3},{"damage":31,"enemies":"downfall:Silent","floor":16,"turns":4}],"seed_played":"-8710125970678344792","potions_obtained":[{"floor":0,"key":"Block Potion"},{"floor":5,"key":"PowerPotion"},{"floor":8,"key":"Guardian:AcceleratePotion"},{"floor":12,"key":"Energy Potion"},{"floor":15,"key":"SneckoOil"}],"is_trial":false,"path_per_floor":["R","M","M","?","M","?","T","M","?","R","?","M","E","$","M","B"],"character_chosen":"GUARDIAN","items_purchased":["Membership Card","expansioncontent:StudyTheSpire","StoneCalendar","Guardian:ShieldCharger","Guardian:Gem_White","Prayer Wheel","Blue Candle","Vajra"],"campfire_rested":0,"item_purchase_floors":[14,14,14,14,14,14,14,14],"current_hp_per_floor":[85,85,85,78,78,78,78,72,72,72,43,43,16,31,30,0,0,0],"gold":44,"neow_bonus":"BOSS_RELIC","is_daily":false,"chose_seed":false,"campfire_upgraded":1,"win_rate":0.0,"timestamp":1608975357,"path_taken":["R","M","M","?","M","?","T","M","?","R","?","M","E","?","M","BOSS"],"items_purchased_type":["Relic","Card","Relic","Card","Card","Relic","Relic","Relic"],"build_version":"2020-12-22","purchased_purges":1,"victory":false,"max_hp_per_floor":[85,85,85,85,85,85,85,85,85,85,85,85,85,85,85,85,85,85],"card_choices":[{"not_picked":["Guardian:Gem_Lightblue","Guardian:PiercingHide"],"picked":"Guardian:Reroute","floor":0},{"not_picked":["Guardian:SphericShield","Guardian:CrystalBeam"],"picked":"Guardian:FloatingOrbs","floor":2},{"not_picked":["Guardian:VentSteam","Guardian:TimeBomb"],"picked":"Guardian:Incinerate","floor":3},{"not_picked":["Guardian:Gem_Green","Guardian:RollAttack"],"picked":"Guardian:Incinerate","floor":5},{"not_picked":["Guardian:RollAttack","Guardian:Recover","Guardian:Preprogram"],"picked":"Guardian:Gem_White","floor":8},{"not_picked":["Guardian:TimeCapacitor","Guardian:PrismaticBarrier","Guardian:Gem_Red"],"picked":"Guardian:DonusPower","floor":11},{"not_picked":["Guardian:TemporalShield","Guardian:PiercingHide","Guardian:Reroute"],"picked":"Guardian:Suspension","floor":12},{"not_picked":["Guardian:RevengeProtocol","Guardian:CrystalBeam","Guardian:ExploitGems","Guardian:RefractedBeam"],"picked":"SKIP","floor":13},{"not_picked":["Guardian:PrimingBeam","Guardian:Suspension","Guardian:Gem_Lightblue"],"picked":"Guardian:WalkerClaw","floor":14},{"not_picked":["Guardian:Gem_Green","Guardian:PiercingHide","Guardian:Clone"],"picked":"Guardian:ChargeCore","floor":15},{"not_picked":["Guardian:PiercingHide","Guardian:EvasiveProtocol","Guardian:Gem_Red"],"picked":"Guardian:TemporalStrike","floor":15}],"player_experience":543263,"relics_obtained":[{"floor":7,"key":"The Courier"},{"floor":13,"key":"Orichalcum"}],"event_choices":[{"damage_healed":0,"gold_gain":0,"player_choice":"Success","damage_taken":7,"relics_obtained":["MealTicket"],"max_hp_gain":0,"max_hp_loss":0,"event_name":"Scrap Ooze","floor":4,"gold_loss":0},{"damage_healed":0,"gold_gain":0,"player_choice":"Box","damage_taken":0,"relics_obtained":["Question Card"],"max_hp_gain":0,"max_hp_loss":0,"event_name":"Big Fish","floor":6,"gold_loss":0,"cards_obtained":["Regret"]}],"is_beta":false,"boss_relics":[],"items_purged_floors":[14],"is_endless":false,"potions_floor_spawned":[5,8,12,15],"killed_by":"downfall:Silent","ascension_level":0}}