{"host":"rmsq46plbpwfbxcc","time":1608982256,"event":{"mods":["AchievementEnabler","BaseMod","Colored Map","DeckTracker","Minty Spire (QoL Compilation)","Permanent Neow","SuperFastMode"],"gold_per_floor":[110,126,145,145,54,54,79,89,115,115,115,125,125,159,159,235,285,300,318,131,331,331,331],"floor_reached":22,"playtime":736,"items_purged":["Strike_G"],"score":359,"play_id":"2a63f8ef-4a39-4124-9f9e-a3c1f044f32d","local_time":"20201226203056","is_ascension_mode":true,"campfire_choices":[{"data":"Neutralize","floor":6.0,"key":"SMITH"},{"data":"Blade Dance","floor":10.0,"key":"SMITH"},{"data":"Cloak And Dagger","floor":13.0,"key":"SMITH"},{"data":"Bandage Up","floor":15.0,"key":"SMITH"}],"circlet_count":0,"master_deck":["AscendersBane","Strike_G","Strike_G","Strike_G","Strike_G","Defend_G","Defend_G","Defend_G","Defend_G+1","Defend_G","Survivor","Neutralize+1","Cloak And Dagger+1","Blade Dance+1","Well Laid Plans","Bandage Up+1","PiercingWail","PiercingWail","Corpse Explosion","Choke"],"relics":["Coffee Dripper","Boot","Vajra","Regal Pillow","Tiny House"],"acts_visited":["Exordium","TheCity"],"potions_floor_usage":[],"damage_taken":[{"damage":7.0,"enemies":"Jaw Worm","floor":1.0,"turns":4.0},{"damage":0.0,"enemies":"2 Louse","floor":2.0,"turns":4.0},{"damage":0.0,"enemies":"Small Slimes","floor":3.0,"turns":3.0},{"damage":42.0,"enemies":"3 Sentries","floor":7.0,"turns":13.0},{"damage":5.0,"enemies":"Exordium Wildlife","floor":8.0,"turns":5.0},{"damage":5.0,"enemies":"Red Slaver","floor":12.0,"turns":5.0},{"damage":9.0,"enemies":"Gremlin Nob","floor":14.0,"turns":4.0},{"damage":32.0,"enemies":"Slime Boss","floor":16.0,"turns":13.0},{"damage":18.0,"enemies":"Spheric Guardian","floor":18.0,"turns":5.0},{"damage":31.0,"enemies":"Chosen","floor":19.0,"turns":7.0},{"damage":35,"enemies":"Snecko","floor":22,"turns":5}],"seed_played":"-4103889186126182441","potions_obtained":[{"floor":2.0,"key":"FearPotion"},{"floor":7.0,"key":"LiquidMemories"},{"floor":12.0,"key":"Block Potion"},{"floor":17.0,"key":"GamblersBrew"},{"floor":19.0,"key":"BlessingOfTheForge"}],"is_trial":false,"path_per_floor":["M","M","M","?","$","R","E","M","T","R","?","M","R","E","R","B",null,"M","M","$","?","M"],"character_chosen":"THE_SILENT","items_purchased":["Bandage Up","Fruit Juice"],"campfire_rested":0,"item_purchase_floors":[5,20],"current_hp_per_floor":[52,52,52,52,52,52,14,13,13,13,35,34,34,29,29,3,55,43,18,23,23,0,0],"gold":331,"neow_bonus":"BOSS_RELIC","is_daily":false,"chose_seed":false,"campfire_upgraded":4,"win_rate":0.0,"timestamp":1608982256,"path_taken":["M","M","M","?","$","R","E","M","T","R","?","M","R","E","R","BOSS","M","M","$","?","?"],"items_purchased_type":["Card","Potion"],"build_version":"2020-12-22","purchased_purges":1,"victory":false,"max_hp_per_floor":[66,66,66,66,66,66,66,66,66,66,66,66,66,66,66,66,71,71,71,76,76,76,76],"card_choices":[{"not_picked":["Bane","Sucker Punch"],"picked":"Cloak And Dagger","floor":1.0},{"not_picked":["Blur","Eviscerate"],"picked":"Blade Dance","floor":2.0},{"not_picked":["Dodge and Roll","Acrobatics"],"picked":"Well Laid Plans","floor":3.0},{"not_picked":["Deadly Poison","Blade Dance"],"picked":"PiercingWail","floor":7.0},{"not_picked":["Flying Knee","Wraith Form v2","Riddle With Holes"],"picked":"SKIP","floor":8.0},{"not_picked":["Skewer","Dagger Throw"],"picked":"PiercingWail","floor":12.0},{"not_picked":["Riddle With Holes","Deadly Poison","Deflect"],"picked":"SKIP","floor":14.0},{"not_picked":["Unload","Night Terror"],"picked":"Corpse Explosion","floor":16.0},{"not_picked":["Outmaneuver","Underhanded Strike","Flying Knee"],"picked":"SKIP","floor":18.0},{"not_picked":["Concentrate","Prepared"],"picked":"Choke","floor":19.0}],"player_experience":1384690,"relics_obtained":[{"floor":7.0,"key":"Boot"},{"floor":9.0,"key":"Vajra"},{"floor":14.0,"key":"Regal Pillow"}],"event_choices":[{"damage_healed":0.0,"max_hp_gain":0.0,"max_hp_loss":0.0,"gold_gain":0.0,"event_name":"Shining Light","player_choice":"Ignored","floor":4.0,"gold_loss":0.0,"damage_taken":0.0},{"damage_healed":22.0,"max_hp_gain":0.0,"max_hp_loss":0.0,"gold_gain":0.0,"event_name":"Big Fish","player_choice":"Banana","floor":11.0,"gold_loss":0.0,"damage_taken":0.0},{"damage_healed":0,"gold_gain":250,"player_choice":"Bet on Owner","damage_taken":0,"max_hp_gain":0,"max_hp_loss":0,"event_name":"The Joust","floor":21,"gold_loss":50}],"is_beta":false,"boss_relics":[{"not_picked":["Fusion Hammer","Snecko Eye"],"picked":"Tiny House"}],"items_purged_floors":[20],"is_endless":false,"potions_floor_spawned":[2,7,12,19],"killed_by":"Snecko","ascension_level":17}}