{"host":"2lrkmsuh7nz013qb","time":1608966781,"event":{"mods":["BaseMod","Colored Map","DeckTracker","Minty Spire (QoL Compilation)","SuperFastMode","everything is the same but u backflip on backflip"],"gold_per_floor":[210,23,35,45,57,57,57,57,112,144,144,174,74,85,85,164,164,184,106,124,124,124,124,154,154,181,97,97,47,61,61,61],"floor_reached":31,"playtime":879,"items_purged":["Strike_G","Defend_G"],"score":502,"play_id":"4c2ffaa7-d11d-4266-ade8-d6f7c09ca1b6","local_time":"20201226161301","is_ascension_mode":true,"campfire_choices":[{"data":"Phantasmal Killer","floor":6,"key":"SMITH"},{"data":"Terror","floor":8,"key":"SMITH"},{"data":"Neutralize","floor":11,"key":"SMITH"},{"data":"Acrobatics","floor":15,"key":"SMITH"},{"floor":23,"key":"REST"},{"floor":25,"key":"REST"},{"floor":28,"key":"REST"}],"circlet_count":0,"master_deck":["AscendersBane","Strike_G","Strike_G","Strike_G","Strike_G","Defend_G","Defend_G","Defend_G","Defend_G","Survivor","Neutralize+1","Quick Slash","Blade Dance","Dagger Spray","Backflip","Phantasmal Killer+1","Terror+1","Acrobatics+1","A Thousand Cuts","Tactician","Prepared","Footwork","Concentrate+1"],"relics":["Ring of the Snake","Oddly Smooth Stone","Juzu Bracelet","WristBlade","Omamori","Lantern"],"acts_visited":["Exordium","TheCity"],"potions_floor_usage":[10,16,24,30],"damage_taken":[{"damage":28,"enemies":"Jaw Worm","floor":1,"turns":10},{"damage":1,"enemies":"2 Louse","floor":3,"turns":3},{"damage":1,"enemies":"Small Slimes","floor":4,"turns":4},{"damage":13,"enemies":"Red Slaver","floor":5,"turns":4},{"damage":4,"enemies":"Lagavulin","floor":10,"turns":5},{"damage":0,"enemies":"2 Fungi Beasts","floor":14,"turns":3},{"damage":3,"enemies":"The Guardian","floor":16,"turns":12},{"damage":7,"enemies":"Shell Parasite","floor":18,"turns":5},{"damage":22,"enemies":"3 Byrds","floor":20,"turns":4},{"damage":45,"enemies":"Slavers","floor":24,"turns":4},{"damage":24,"enemies":"Cultist and Chosen","floor":30,"turns":7},{"damage":19,"enemies":"Snake Plant","floor":31,"turns":2}],"seed_played":"2871955472747497918","potions_obtained":[{"floor":3,"key":"Swift Potion"},{"floor":4,"key":"Dexterity Potion"},{"floor":10,"key":"FearPotion"},{"floor":14,"key":"BlessingOfTheForge"},{"floor":18,"key":"BlessingOfTheForge"}],"is_trial":false,"path_per_floor":["M","$","M","M","M","R","?","R","T","E","R","?","$","M","R","B",null,"M","$","M","?","?","R","E","R","T","$","R","?","M","M"],"character_chosen":"THE_SILENT","items_purchased":["Blade Dance","Dagger Spray","Tactician","Footwork"],"campfire_rested":3,"item_purchase_floors":[2,2,19,27],"current_hp_per_floor":[31,31,30,29,16,16,38,38,38,34,34,34,34,34,34,31,57,50,50,28,28,28,47,2,21,21,21,40,40,16,0,0],"gold":61,"neow_bonus":"HUNDRED_GOLD","is_daily":false,"chose_seed":false,"campfire_upgraded":4,"win_rate":0.0,"timestamp":1608966781,"path_taken":["M","$","M","M","M","R","?","R","T","E","R","?","$","M","R","BOSS","M","$","M","?","?","R","E","R","T","$","R","?","M","M"],"items_purchased_type":["Card","Card","Card","Card"],"build_version":"2020-12-22","purchased_purges":2,"victory":false,"max_hp_per_floor":[66,66,66,66,66,66,66,66,66,66,66,66,66,66,66,66,66,66,66,66,66,66,66,66,66,66,66,66,66,66,66,66],"card_choices":[{"not_picked":["Backflip","Sucker Punch"],"picked":"Quick Slash","floor":1},{"not_picked":["Bane","Outmaneuver"],"picked":"Backflip","floor":3},{"not_picked":["Finisher","Prepared"],"picked":"Phantasmal Killer","floor":4},{"not_picked":["Backstab","Deadly Poison"],"picked":"Terror","floor":5},{"not_picked":["Endless Agony","Caltrops","Deadly Poison"],"picked":"SKIP","floor":10},{"not_picked":["Outmaneuver","Sucker Punch"],"picked":"Acrobatics","floor":14},{"not_picked":["Venomology","Doppelganger"],"picked":"A Thousand Cuts","floor":16},{"not_picked":["Poisoned Stab","Distraction","Crippling Poison"],"picked":"SKIP","floor":18},{"not_picked":["Sucker Punch","Eviscerate","Poisoned Stab"],"picked":"SKIP","floor":20},{"not_picked":["Heel Hook","Dagger Throw"],"picked":"Prepared","floor":24},{"not_picked":["Dagger Throw","PiercingWail"],"picked":"Concentrate+1","floor":30}],"player_experience":696250,"relics_obtained":[{"floor":9,"key":"Oddly Smooth Stone"},{"floor":10,"key":"Juzu Bracelet"},{"floor":24,"key":"Omamori"},{"floor":26,"key":"Lantern"}],"event_choices":[{"damage_healed":22,"gold_gain":0,"player_choice":"Banana","damage_taken":0,"max_hp_gain":0,"max_hp_loss":0,"event_name":"Big Fish","floor":7,"gold_loss":0},{"damage_healed":0,"gold_gain":30,"player_choice":"Searched \u00271\u0027 times","damage_taken":0,"max_hp_gain":0,"max_hp_loss":0,"event_name":"Dead Adventurer","floor":12,"gold_loss":0},{"damage_healed":0,"gold_gain":0,"player_choice":"Ignored","damage_taken":0,"max_hp_gain":0,"max_hp_loss":0,"event_name":"Ghosts","floor":21,"gold_loss":0},{"damage_healed":0,"gold_gain":0,"player_choice":"Ignored","damage_taken":0,"max_hp_gain":0,"max_hp_loss":0,"event_name":"Cursed Tome","floor":22,"gold_loss":0},{"damage_healed":0,"gold_gain":0,"player_choice":"Bet on Murderer","damage_taken":0,"max_hp_gain":0,"max_hp_loss":0,"event_name":"The Joust","floor":29,"gold_loss":50}],"is_beta":false,"boss_relics":[{"not_picked":["Velvet Choker","HoveringKite"],"picked":"WristBlade"}],"items_purged_floors":[2,13],"is_endless":false,"potions_floor_spawned":[3,4,10,14,18],"killed_by":"Snake Plant","ascension_level":20}}