{"host":"6ld56ls1xbe0aj21","time":1608978922,"event":{"mods":["AchievementEnabler","BaseMod","Colored Powertips","Minty Spire (QoL Compilation)","Quick Restart","Rare Cards Sparkle","StSLib","SuperFastMode","everything is the same but u backflip on backflip","slay the spire mod where everything is the same but ironclad has a cowboy hat"],"gold_per_floor":[114,214,226,245,262,262,293,293,293,293,303,332,44,56,56,152,152,165,165,165,177,195,220,230,248,248,279,279,279,279],"floor_reached":29,"playtime":927,"items_purged":[],"score":416,"play_id":"d134588f-16b0-45b1-b453-6ec7cff48c6a","local_time":"20201226213522","is_ascension_mode":true,"campfire_choices":[{"data":"Eruption","floor":6.0,"key":"SMITH"},{"floor":8.0,"key":"REST"},{"data":"Wallop","floor":15.0,"key":"SMITH"}],"circlet_count":0,"master_deck":["AscendersBane","Strike_P","Strike_P+1","Strike_P+1","Strike_P","Defend_P","Defend_P","Defend_P+1","Defend_P","Eruption+1","Vigilance","Adaptation","SashWhip","CutThroughFate","CutThroughFate+1","Tantrum","Wallop+1","Conclude","ReachHeaven","LessonLearned","CurseOfTheBell","LikeWater","LessonLearned","EmptyFist+1","Meditate","Perseverance"],"relics":["Philosopher\u0027s Stone","Dead Branch","White Beast Statue","Lizard Tail","Letter Opener","Incense Burner","Calling Bell","Orichalcum","Eternal Feather","Torii","MutagenicStrength","Gremlin Horn","Singing Bowl","WingedGreaves","Boot"],"acts_visited":["Exordium","TheCity"],"potions_floor_usage":[27,27],"damage_taken":[{"damage":6.0,"enemies":"Jaw Worm","floor":1.0,"turns":4.0},{"damage":0.0,"enemies":"Cultist","floor":3.0,"turns":3.0},{"damage":0.0,"enemies":"2 Louse","floor":4.0,"turns":1.0},{"damage":5.0,"enemies":"Exordium Thugs","floor":5.0,"turns":3.0},{"damage":13.0,"enemies":"Lagavulin","floor":7.0,"turns":5.0},{"damage":12.0,"enemies":"Lots of Slimes","floor":11.0,"turns":3.0},{"damage":22.0,"enemies":"3 Sentries","floor":12.0,"turns":3.0},{"damage":0.0,"enemies":"Blue Slaver","floor":14.0,"turns":2.0},{"damage":18.0,"enemies":"The Guardian","floor":16.0,"turns":6.0},{"damage":7.0,"enemies":"Spheric Guardian","floor":18.0,"turns":3.0},{"damage":0.0,"enemies":"Chosen","floor":21.0,"turns":3.0},{"damage":19.0,"enemies":"3 Cultists","floor":22.0,"turns":5.0},{"damage":22.0,"enemies":"Book of Stabbing","floor":23.0,"turns":4.0},{"damage":0.0,"enemies":"Cultist and Chosen","floor":24.0,"turns":3.0},{"damage":34,"enemies":"Snake Plant","floor":25,"turns":2},{"damage":14,"enemies":"Slavers","floor":27,"turns":5},{"damage":20,"enemies":"Book of Stabbing","floor":29,"turns":1}],"seed_played":"7039767799550750830","potions_obtained":[{"floor":3.0,"key":"Fire Potion"},{"floor":4.0,"key":"Ambrosia"},{"floor":7.0,"key":"FearPotion"},{"floor":11.0,"key":"Ancient Potion"},{"floor":12.0,"key":"Fire Potion"},{"floor":16.0,"key":"Strength Potion"},{"floor":18.0,"key":"Swift Potion"},{"floor":21.0,"key":"SkillPotion"},{"floor":23.0,"key":"FearPotion"},{"floor":24.0,"key":"Fruit Juice"},{"floor":25,"key":"Strength Potion"},{"floor":27,"key":"Swift Potion"}],"is_trial":false,"path_per_floor":["M","?","M","M","M","R","E","R","T","T","M","E","$","M","R","B",null,"M","?","?","M","M","E","M","M","T","E","?","E"],"character_chosen":"WATCHER","items_purchased":["Incense Burner"],"campfire_rested":1,"item_purchase_floors":[13],"current_hp_per_floor":[59,59,59,59,54,54,41,62,62,62,50,28,28,28,28,10,57,50,50,50,50,31,9,9,23,23,16,16,0,0],"gold":279,"neow_bonus":"BOSS_RELIC","is_daily":false,"chose_seed":false,"campfire_upgraded":2,"win_rate":0.0,"timestamp":1608978922,"path_taken":["M","?","?","M","M","R","E","R","T","?","M","E","$","M","R","BOSS","M","?","?","?","?","E","M","M","T","E","?","E"],"items_purchased_type":["Relic"],"build_version":"2020-12-22","purchased_purges":0,"victory":false,"max_hp_per_floor":[72,72,72,72,72,72,72,72,72,72,72,72,72,72,72,72,72,72,72,72,72,72,72,72,72,72,79,79,79,79],"card_choices":[{"not_picked":["EmptyBody","Fasting2"],"picked":"Adaptation","floor":1.0},{"not_picked":["Protect","Sanctity"],"picked":"SashWhip","floor":3.0},{"not_picked":["CrushJoints","FollowUp"],"picked":"CutThroughFate","floor":4.0},{"not_picked":["Halt","SashWhip"],"picked":"CutThroughFate","floor":5.0},{"not_picked":["Wallop","TalkToTheHand"],"picked":"Tantrum","floor":7.0},{"not_picked":["Consecrate","BattleHymn"],"picked":"Wallop","floor":11.0},{"not_picked":["Prostrate","CrushJoints"],"picked":"Conclude","floor":12.0},{"not_picked":["EmptyFist","PathToVictory"],"picked":"ReachHeaven","floor":14.0},{"not_picked":["Alpha","Blasphemy"],"picked":"LessonLearned","floor":16.0},{"not_picked":["Study+1","ThirdEye"],"picked":"LikeWater","floor":18.0},{"not_picked":["FollowUp","WheelKick","Adaptation"],"picked":"SKIP","floor":21.0},{"not_picked":["EmptyBody","Prostrate+1"],"picked":"EmptyFist+1","floor":22.0},{"not_picked":["Adaptation+1","Prostrate"],"picked":"Meditate","floor":23.0},{"not_picked":["Protect+1","Collect"],"picked":"Perseverance","floor":24.0},{"not_picked":["PathToVictory","Crescendo","SashWhip+1"],"picked":"SKIP","floor":25},{"not_picked":["EmptyBody","Crescendo+1","ClearTheMind"],"picked":"Singing Bowl","floor":27}],"player_experience":263279,"relics_obtained":[{"floor":7.0,"key":"Dead Branch"},{"floor":9.0,"key":"White Beast Statue"},{"floor":10.0,"key":"Lizard Tail"},{"floor":12.0,"key":"Letter Opener"},{"floor":17.0,"key":"Orichalcum"},{"floor":17.0,"key":"Eternal Feather"},{"floor":17.0,"key":"Torii"},{"floor":23.0,"key":"Gremlin Horn"},{"floor":26,"key":"Singing Bowl"},{"floor":27,"key":"WingedGreaves"}],"event_choices":[{"damage_healed":0.0,"max_hp_gain":0.0,"max_hp_loss":0.0,"gold_gain":100.0,"event_name":"Golden Shrine","player_choice":"Pray","floor":2.0,"gold_loss":0.0,"damage_taken":0.0},{"damage_healed":0.0,"max_hp_gain":0.0,"max_hp_loss":0.0,"gold_gain":0.0,"event_name":"Drug Dealer","player_choice":"Inject Mutagens","floor":19.0,"gold_loss":0.0,"damage_taken":0.0,"relics_obtained":["MutagenicStrength"]},{"damage_healed":0.0,"max_hp_gain":0.0,"max_hp_loss":0.0,"gold_gain":0.0,"event_name":"Duplicator","player_choice":"Copied","floor":20.0,"gold_loss":0.0,"damage_taken":0.0,"cards_obtained":["LessonLearned"]},{"damage_healed":0,"gold_gain":0,"player_choice":"Opened","damage_taken":0,"relics_obtained":["Boot"],"max_hp_gain":0,"max_hp_loss":0,"event_name":"The Mausoleum","floor":28,"gold_loss":0}],"is_beta":false,"boss_relics":[{"not_picked":["Empty Cage","Busted Crown"],"picked":"Calling Bell"}],"items_purged_floors":[],"is_endless":false,"potions_floor_spawned":[3,4,7,11,12,14,16,18,21,22,23,24,25,27],"killed_by":"Book of Stabbing","ascension_level":10}}