{"host":"ssbj2e5691x5ub3h","time":1608955736,"event":{"mods":["BaseMod","Duelist Mod","Minty Spire (QoL Compilation)","StSLib"],"gold_per_floor":[136,136,136,149,160,160,191,201,201,201,237,261,261,591,591,717,717,731,433,433,452,484,519,519,540,560,560,580,601,601,616,616,616,616],"floor_reached":33,"playtime":1202,"items_purged":[],"score":379,"play_id":"bab80070-78db-49f3-833b-e4a66fda0f59","local_time":"20201226020856","is_ascension_mode":true,"campfire_choices":[{"data":"theDuelist:InfernoFireBlast","floor":6,"key":"SMITH"},{"data":"theDuelist:InfernoFireBlast+1","floor":15,"key":"SMITH"},{"data":"theDuelist:Yami","floor":27,"key":"SMITH"},{"data":"theDuelist:GiantTrunade","floor":30,"key":"SMITH"},{"data":"theDuelist:Relinquished","floor":32,"key":"SMITH"}],"circlet_count":0,"master_deck":["theDuelist:CastleWalls","theDuelist:CastleWalls","theDuelist:DarkMagician","theDuelist:MysticalElf","theDuelist:MysticalElf","theDuelist:NeoMagic","theDuelist:NeoMagic","theDuelist:Sparks","theDuelist:Sparks","theDuelist:Sparks","theDuelist:Relinquished","theDuelist:GeminiElf","theDuelist:InfernoFireBlast+2","theDuelist:BlueDragonSummoner","theDuelist:InjectionFairy","theDuelist:BlizzardPrincess","theDuelist:WhiteMagicalHat","theDuelist:ThousandEyesRestrict","Writhe","theDuelist:Yami+1","theDuelist:LegendaryFlameLord","theDuelist:ThousandEyesIdol","theDuelist:GiantTrunade+1","theDuelist:BlueDragonSummoner+1","theDuelist:Relinquished+1","theDuelist:GeminiElf"],"relics":["theDuelist:MillenniumPuzzle","theDuelist:CardPoolRelic","theDuelist:CardPoolBasicRelic","theDuelist:BoosterPackPoolRelic","theDuelist:CardPoolAddRelic","theDuelist:CardPoolMinusRelic","theDuelist:CardPoolSaveRelic","theDuelist:CardPoolOptionsRelic","Juzu Bracelet","White Beast Statue","theDuelist:KaibaToken","theDuelist:MillenniumArmor","theDuelist:MillenniumCoin","Philosopher\u0027s Stone","theDuelist:ArmorPlateB","Lee\u0027s Waffle","Dream Catcher","Lantern","theDuelist:YugiMirror"],"acts_visited":["Exordium","TheCity"],"potions_floor_usage":[12,16,16,21,22,23,23,23,29,29,33],"damage_taken":[{"damage":0,"enemies":"Small Slimes","floor":1,"turns":3},{"damage":0,"enemies":"2 Louse","floor":4,"turns":3},{"damage":2,"enemies":"Cultist","floor":5,"turns":4},{"damage":14,"enemies":"Gremlin Nob","floor":7,"turns":4},{"damage":3,"enemies":"Looter","floor":8,"turns":2},{"damage":0,"enemies":"2 Fungi Beasts","floor":11,"turns":3},{"damage":0,"enemies":"Exordium Thugs","floor":12,"turns":3},{"damage":24,"enemies":"Slime Boss","floor":16,"turns":7},{"damage":12,"enemies":"Chosen","floor":18,"turns":5},{"damage":0,"enemies":"Shell Parasite","floor":21,"turns":5},{"damage":0,"enemies":"Cultist and Chosen","floor":22,"turns":6},{"damage":25,"enemies":"Slavers","floor":23,"turns":4},{"damage":8,"enemies":"Snake Plant","floor":25,"turns":5},{"damage":0,"enemies":"Snecko","floor":28,"turns":4},{"damage":0,"enemies":"Chosen and Byrds","floor":29,"turns":4},{"damage":4,"enemies":"Centurion and Healer","floor":31,"turns":5},{"damage":93,"enemies":"Collector","floor":33,"turns":5}],"seed_played":"-7351884605245897385","potions_obtained":[{"floor":1,"key":"theDuelist:MillenniumElixir"},{"floor":8,"key":"theDuelist:FireBottle"},{"floor":11,"key":"theDuelist:FlamingBottle"},{"floor":12,"key":"Weak Potion"},{"floor":16,"key":"theDuelist:LavaBottle"},{"floor":18,"key":"Explosive Potion"},{"floor":21,"key":"theDuelist:SealedPack"},{"floor":22,"key":"Weak Potion"},{"floor":23,"key":"theDuelist:BottledKuriboh"},{"floor":25,"key":"Fire Potion"},{"floor":28,"key":"theDuelist:MillenniumElixir"},{"floor":29,"key":"BlessingOfTheForge"},{"floor":31,"key":"SteroidPotion"}],"is_trial":false,"path_per_floor":["M","?","?","M","M","R","E","M","T","?","M","M","?","?","R","B",null,"M","$","?","M","M","E","?","M","T","R","M","M","R","M","R","B"],"character_chosen":"THE_DUELIST","items_purchased":["theDuelist:ArmorPlateB","Lee\u0027s Waffle"],"campfire_rested":0,"item_purchase_floors":[19,19],"current_hp_per_floor":[72,77,77,77,75,75,61,58,58,58,62,66,66,66,66,50,76,68,92,92,92,92,71,71,71,71,71,71,71,71,71,71,0,0],"gold":616,"neow_bonus":"RANDOM_COMMON_RELIC","is_daily":false,"chose_seed":false,"campfire_upgraded":5,"win_rate":0.0,"timestamp":1608955736,"path_taken":["M","?","?","M","M","R","E","M","T","?","M","M","?","?","R","BOSS","M","$","?","M","M","E","?","M","T","R","M","M","R","M","R","BOSS"],"items_purchased_type":["Relic","Relic"],"build_version":"2020-12-22","purchased_purges":0,"victory":false,"max_hp_per_floor":[80,85,85,85,85,85,85,85,85,85,85,85,85,85,85,85,85,85,92,92,92,92,92,92,92,92,92,92,92,92,92,92,92,92],"card_choices":[{"not_picked":["theDuelist:DarkMagician","theDuelist:LordD","theDuelist:TimeWizard","theDuelist:GoblinSecret"],"picked":"theDuelist:Relinquished","floor":1},{"not_picked":["theDuelist:SangaThunder","theDuelist:MysticalElf","theDuelist:ThousandEyesIdol","theDuelist:AlienTelepath"],"picked":"theDuelist:GeminiElf","floor":4},{"not_picked":["theDuelist:GuardianAngel","theDuelist:CallAtlanteans","theDuelist:BlueDragonSummoner","theDuelist:InariFire"],"picked":"theDuelist:InfernoFireBlast","floor":5},{"not_picked":["theDuelist:NeoMagic","theDuelist:DarkMagicianGirl","theDuelist:AncientElf","theDuelist:IcyCrevasse"],"picked":"theDuelist:BlueDragonSummoner","floor":7},{"not_picked":["theDuelist:DarkMagician","theDuelist:FlyingSaucer","theDuelist:LordD","theDuelist:GeminiElf"],"picked":"theDuelist:InjectionFairy","floor":8},{"not_picked":["theDuelist:InjectionFairy","theDuelist:GiantTrunade","theDuelist:AncientElf","theDuelist:CosmoBrain"],"picked":"theDuelist:BlizzardPrincess","floor":11},{"not_picked":["theDuelist:DarkMagician","theDuelist:DarkMagicianGirl","theDuelist:SpellShatteringArrow","theDuelist:Mudballman"],"picked":"theDuelist:WhiteMagicalHat","floor":12},{"not_picked":["theDuelist:Wildfire","theDuelist:RainbowMagician","theDuelist:QueenDragunDjinn","theDuelist:IceQueen"],"picked":"theDuelist:ThousandEyesRestrict","floor":16},{"not_picked":["theDuelist:MagiciansRod","theDuelist:TimeWizard","theDuelist:BadReaction","theDuelist:WonderWand","theDuelist:MagiciansRobe"],"picked":"SKIP","floor":18},{"not_picked":["theDuelist:StatueAnguishPattern","theDuelist:BadReaction","theDuelist:WonderWand"],"picked":"theDuelist:Yami","floor":21},{"not_picked":["theDuelist:BlizzardWarrior","theDuelist:SangaThunder","theDuelist:NeoMagic","theDuelist:DarkMagician"],"picked":"theDuelist:LegendaryFlameLord","floor":22},{"not_picked":["theDuelist:LegendaryFlameLord","theDuelist:MythicalBeast","theDuelist:CrystalWingDragon","theDuelist:SpiritHarp+1"],"picked":"theDuelist:ThousandEyesIdol","floor":23},{"not_picked":["theDuelist:GuardianAngel","theDuelist:Illusionist","theDuelist:CharcoalInpachi","theDuelist:SkilledDarkMagician"],"picked":"theDuelist:BlueDragonSummoner+1","floor":25},{"not_picked":["theDuelist:BlizzardWarrior","theDuelist:LordD","theDuelist:NeoMagic","theDuelist:SpellShatteringArrow","theDuelist:MagiciansRobe+1"],"picked":"SKIP","floor":28},{"not_picked":["theDuelist:SangaThunder","theDuelist:LordD","theDuelist:DarkMagicianGirl","theDuelist:SpellShatteringArrow"],"picked":"theDuelist:GeminiElf","floor":29},{"not_picked":["theDuelist:SpellShatteringArrow+1","theDuelist:DarkMagician","theDuelist:LordD","theDuelist:ThousandEyesIdol","theDuelist:CrystalWingDragon"],"picked":"SKIP","floor":31}],"player_experience":232882,"relics_obtained":[{"floor":7,"key":"White Beast Statue"},{"floor":9,"key":"theDuelist:KaibaToken"},{"floor":23,"key":"Lantern"},{"floor":26,"key":"theDuelist:YugiMirror"}],"event_choices":[{"damage_healed":0,"gold_gain":0,"player_choice":"Donut","damage_taken":0,"max_hp_gain":5,"max_hp_loss":0,"event_name":"Big Fish","floor":2,"gold_loss":0},{"damage_healed":0,"gold_gain":0,"player_choice":"Leave","duelist":true,"damage_taken":0,"max_hp_gain":0,"max_hp_loss":0,"event_name":"Tomb of the Nameless","floor":3,"gold_loss":0},{"damage_healed":0,"gold_gain":0,"player_choice":"Took item - Received: Millennium Armor","duelist":true,"damage_taken":0,"max_hp_gain":0,"max_hp_loss":0,"event_name":"Millennium Items","floor":10,"gold_loss":0},{"cards_removed":["theDuelist:VampireCurse"],"damage_healed":0,"gold_gain":0,"player_choice":"Card Removal","damage_taken":0,"max_hp_gain":0,"max_hp_loss":0,"event_name":"Wheel of Change","floor":13,"gold_loss":0},{"damage_healed":0,"gold_gain":30,"player_choice":"Searched \u00272\u0027 times","damage_taken":0,"relics_obtained":["theDuelist:MillenniumCoin"],"max_hp_gain":0,"max_hp_loss":0,"event_name":"Dead Adventurer","floor":14,"gold_loss":0},{"damage_healed":0,"gold_gain":0,"player_choice":"Opened","damage_taken":0,"relics_obtained":["Dream Catcher"],"max_hp_gain":0,"max_hp_loss":0,"event_name":"The Mausoleum","floor":20,"gold_loss":0,"cards_obtained":["Writhe"]},{"damage_healed":0,"gold_gain":0,"player_choice":"1 cards matched","damage_taken":0,"max_hp_gain":0,"max_hp_loss":0,"event_name":"Match and Keep!","floor":24,"gold_loss":0,"cards_obtained":["theDuelist:GiantTrunade"]}],"is_beta":false,"boss_relics":[{"not_picked":["Calling Bell","HoveringKite"],"picked":"Philosopher\u0027s Stone"}],"items_purged_floors":[],"is_endless":false,"potions_floor_spawned":[1,8,11,12,16,18,21,22,23,25,28,29,31],"killed_by":"Collector","ascension_level":8}}