{"host":"BK","time":1608954629,"event":{"mods":["BaseMod","Highlight Path","Minty Spire (QoL Compilation)","StSLib"],"gold_per_floor":[116,135,148,73,91,91,110,141,141,155,155,171,171,192,192,291,291,310,235,235,34,0,0,39,52,101,101,101,101],"floor_reached":28,"playtime":1268,"items_purged":["Strike_R"],"score":480,"play_id":"ed92c958-972b-49a1-b118-06bed66a1c8a","local_time":"20201225205029","is_ascension_mode":true,"campfire_choices":[{"data":"Bash","floor":6.0,"key":"SMITH"},{"data":"Iron Wave","floor":11.0,"key":"SMITH"},{"floor":15.0,"key":"REST"},{"data":"1","floor":23.0,"key":"LIFT"},{"data":"2","floor":27,"key":"LIFT"}],"circlet_count":0,"master_deck":["AscendersBane","Strike_R","Strike_R","Strike_R","Defend_R","Defend_R","Defend_R","Defend_R","Bash+1","Shrug It Off","Sword Boomerang","Iron Wave+1","Twin Strike","CurseOfTheBell","True Grit","Apotheosis"],"relics":["Busted Crown","MealTicket","Meat on the Bone","Golden Idol","Calling Bell","Anchor","White Beast Statue","Girya","Molten Egg 2","Bag of Preparation"],"acts_visited":["Exordium","TheCity"],"potions_floor_usage":[24,28,28],"damage_taken":[{"damage":4.0,"enemies":"2 Louse","floor":1.0,"turns":3.0},{"damage":4.0,"enemies":"Jaw Worm","floor":2.0,"turns":4.0},{"damage":0.0,"enemies":"Cultist","floor":3.0,"turns":3.0},{"damage":8.0,"enemies":"Blue Slaver","floor":5.0,"turns":3.0},{"damage":8.0,"enemies":"Lots of Slimes","floor":7.0,"turns":5.0},{"damage":8.0,"enemies":"Gremlin Nob","floor":8.0,"turns":3.0},{"damage":4.0,"enemies":"3 Louse","floor":10.0,"turns":5.0},{"damage":1.0,"enemies":"2 Fungi Beasts","floor":12.0,"turns":3.0},{"damage":4.0,"enemies":"Lots of Slimes","floor":14.0,"turns":5.0},{"damage":33.0,"enemies":"The Guardian","floor":16.0,"turns":16.0},{"damage":39.0,"enemies":"Chosen","floor":18.0,"turns":6.0},{"damage":44,"enemies":"Book of Stabbing","floor":24,"turns":5},{"damage":3,"enemies":"Shell Parasite","floor":25,"turns":7},{"damage":32,"enemies":"Gremlin Leader","floor":28,"turns":6}],"seed_played":"-1622803962532732173","potions_obtained":[{"floor":2.0,"key":"Strength Potion"},{"floor":3.0,"key":"FearPotion"},{"floor":8.0,"key":"Weak Potion"},{"floor":16.0,"key":"ColorlessPotion"},{"floor":18.0,"key":"SkillPotion"},{"floor":24,"key":"Ancient Potion"},{"floor":25,"key":"DistilledChaos"}],"is_trial":false,"path_per_floor":["M","M","M","$","M","R","M","E","T","M","R","M","?","M","R","B",null,"M","?","?","$","?","R","E","M","T","R","E"],"character_chosen":"IRONCLAD","items_purchased":["Apotheosis"],"campfire_rested":1,"item_purchase_floors":[21],"current_hp_per_floor":[64,60,60,60,52,52,44,36,36,44,44,43,43,39,59,38,61,34,34,34,49,49,49,17,26,26,26,0,0],"gold":101,"neow_bonus":"BOSS_RELIC","is_daily":false,"chose_seed":false,"campfire_upgraded":2,"win_rate":0.0,"timestamp":1608954629,"path_taken":["M","M","M","$","M","R","M","E","T","M","R","M","?","M","R","BOSS","M","?","?","$","?","R","E","M","T","R","E"],"items_purchased_type":["Card"],"build_version":"2020-12-18","purchased_purges":1,"victory":false,"max_hp_per_floor":[75,75,75,75,75,75,75,75,75,75,75,75,68,68,68,68,68,68,68,68,68,68,68,68,68,68,68,68,68],"card_choices":[{"not_picked":[],"picked":"Shrug It Off","floor":1.0},{"not_picked":[],"picked":"Sword Boomerang","floor":2.0},{"not_picked":[],"picked":"Iron Wave","floor":3.0},{"not_picked":["Headbutt"],"picked":"SKIP","floor":5.0},{"not_picked":[],"picked":"Twin Strike","floor":7.0},{"not_picked":["Sword Boomerang"],"picked":"SKIP","floor":8.0},{"not_picked":["Thunderclap"],"picked":"SKIP","floor":10.0},{"not_picked":["Heavy Blade"],"picked":"SKIP","floor":12.0},{"not_picked":["Fire Breathing"],"picked":"SKIP","floor":14.0},{"not_picked":[],"picked":"True Grit","floor":18.0},{"not_picked":["Anger+1"],"picked":"SKIP","floor":24},{"not_picked":["True Grit"],"picked":"SKIP","floor":25}],"player_experience":2434206,"relics_obtained":[{"floor":8.0,"key":"MealTicket"},{"floor":9.0,"key":"Meat on the Bone"},{"floor":17.0,"key":"Anchor"},{"floor":17.0,"key":"White Beast Statue"},{"floor":17.0,"key":"Girya"},{"floor":24,"key":"Molten Egg 2"},{"floor":26,"key":"Bag of Preparation"}],"event_choices":[{"damage_healed":0.0,"max_hp_gain":0.0,"max_hp_loss":7.0,"gold_gain":0.0,"event_name":"Golden Idol","player_choice":"Lose Max HP","floor":13.0,"gold_loss":0.0,"damage_taken":0.0,"relics_obtained":["Golden Idol"]},{"cards_removed":["Strike_R"],"damage_healed":0.0,"max_hp_gain":0.0,"max_hp_loss":0.0,"gold_gain":0.0,"event_name":"Beggar","player_choice":"Gave Gold","floor":19.0,"gold_loss":75.0,"damage_taken":0.0},{"damage_healed":0.0,"max_hp_gain":0.0,"max_hp_loss":0.0,"gold_gain":0.0,"event_name":"The Mausoleum","player_choice":"Ignored","floor":20.0,"gold_loss":0.0,"damage_taken":0.0},{"damage_healed":0.0,"max_hp_gain":0.0,"max_hp_loss":0.0,"gold_gain":0.0,"event_name":"Masked Bandits","player_choice":"Paid Fearfully","floor":22.0,"gold_loss":34.0,"damage_taken":0.0}],"is_beta":true,"boss_relics":[{"not_picked":["Tiny House","Mark of Pain"],"picked":"Calling Bell"}],"items_purged_floors":[4],"is_endless":false,"potions_floor_spawned":[2,3,8,14,16,18,24,25],"killed_by":"Gremlin Leader","ascension_level":20}}