{"host":"qhhcmep1unj6mpf7","time":1608965997,"event":{"mods":["2.2 Compatiblity","AchievementEnabler","BaseMod","Colored Map","DeckTracker","Highlight Path","Keyboard Shortcuts","Minty Spire (QoL Compilation)","Permanent Neow","Quick Restart","Random Character Button","StSLib","SuperFastMode","everything is the same but u backflip on backflip"],"gold_per_floor":[114,127,127,195,370,370,21,41,41,51,83,94,120,135,135,237,237,252,272,371,168,221,253,253,286,286,298,308,208,227,245,245,340,340,355,373,31,48,48,80,94,94,94,94,125,144,160,160,160,160,160,160,34,68,68,68],"floor_reached":55,"playtime":3331,"items_purged":["Doubt","Strike_B","Strike_B","Strike_B","Defend_B"],"score":1389,"play_id":"8f5e2119-e39b-4280-bb73-c60e35d41876","local_time":"20201226155957","is_ascension_mode":true,"campfire_choices":[{"data":"Zap","floor":6.0,"key":"SMITH"},{"data":"Enlightenment","floor":15.0,"key":"SMITH"},{"data":"Thinking Ahead","floor":24.0,"key":"SMITH"},{"data":"Coolheaded","floor":32.0,"key":"SMITH"},{"data":"Coolheaded","floor":42.0,"key":"SMITH"},{"floor":49.0,"key":"RECALL"},{"data":"Defragment","floor":52.0,"key":"SMITH"}],"circlet_count":0,"master_deck":["Defend_B","Defend_B","Defend_B","Zap+1","Dualcast+1","Meteor Strike+1","Compile Driver+1","Skim","Enlightenment+1","Defragment+1","Thinking Ahead+1","Undo","Skim","Meteor Strike","Coolheaded+1","Machine Learning","Coolheaded+1","Defragment","Impatience+1"],"relics":["Cracked Core","Lizard Tail","Membership Card","Bottled Lightning","Centennial Puzzle","HornCleat","SacredBark","Omamori","Anchor","Bronze Scales","Smiling Mask","Tiny Chest","Black Star","Prayer Wheel","StoneCalendar","MealTicket","Matryoshka","Toy Ornithopter","Emotion Chip","Happy Flower","Strawberry","Bird Faced Urn","War Paint","Whetstone","Mercury Hourglass"],"acts_visited":["Exordium","TheCity","TheBeyond","TheEnding"],"potions_floor_usage":[],"damage_taken":[{"damage":3.0,"enemies":"Small Slimes","floor":1.0,"turns":3.0},{"damage":11.0,"enemies":"2 Louse","floor":2.0,"turns":2.0},{"damage":8.0,"enemies":"Jaw Worm","floor":8.0,"turns":4.0},{"damage":26.0,"enemies":"Exordium Thugs","floor":10.0,"turns":7.0},{"damage":7.0,"enemies":"Lagavulin","floor":11.0,"turns":5.0},{"damage":9.0,"enemies":"Red Slaver","floor":12.0,"turns":3.0},{"damage":2.0,"enemies":"3 Sentries","floor":13.0,"turns":5.0},{"damage":4.0,"enemies":"3 Louse","floor":14.0,"turns":2.0},{"damage":12.0,"enemies":"The Guardian","floor":16.0,"turns":6.0},{"damage":0.0,"enemies":"Shell Parasite","floor":18.0,"turns":3.0},{"damage":7.0,"enemies":"3 Byrds","floor":19.0,"turns":2.0},{"damage":0.0,"enemies":"Gremlin Leader","floor":23.0,"turns":4.0},{"damage":0.0,"enemies":"Slavers","floor":25.0,"turns":5.0},{"damage":0.0,"enemies":"Snecko","floor":27.0,"turns":2.0},{"damage":1.0,"enemies":"Snake Plant","floor":28.0,"turns":2.0},{"damage":5.0,"enemies":"Sentry and Sphere","floor":30.0,"turns":3.0},{"damage":0.0,"enemies":"Shelled Parasite and Fungi","floor":31.0,"turns":4.0},{"damage":0.0,"enemies":"Collector","floor":33.0,"turns":5.0},{"damage":0.0,"enemies":"3 Darklings","floor":35.0,"turns":3.0},{"damage":0.0,"enemies":"3 Shapes","floor":36.0,"turns":7.0},{"damage":2.0,"enemies":"3 Darklings","floor":38.0,"turns":5.0},{"damage":0.0,"enemies":"Giant Head","floor":40.0,"turns":4.0},{"damage":0.0,"enemies":"Jaw Worm Horde","floor":41.0,"turns":3.0},{"damage":21.0,"enemies":"Nemesis","floor":45.0,"turns":7.0},{"damage":0.0,"enemies":"Maw","floor":46.0,"turns":2.0},{"damage":0.0,"enemies":"3 Darklings","floor":47.0,"turns":2.0},{"damage":14.0,"enemies":"Donu and Deca","floor":50.0,"turns":4.0},{"damage":0.0,"enemies":"Shield and Spear","floor":54.0,"turns":3.0},{"damage":93,"enemies":"The Heart","floor":55,"turns":3}],"seed_played":"-175224827756452170","potions_obtained":[{"floor":8.0,"key":"LiquidMemories"},{"floor":11.0,"key":"Energy Potion"},{"floor":12.0,"key":"Fire Potion"},{"floor":18.0,"key":"Explosive Potion"},{"floor":25.0,"key":"Strength Potion"},{"floor":27.0,"key":"Energy Potion"},{"floor":41.0,"key":"SkillPotion"},{"floor":45.0,"key":"Fire Potion"},{"floor":47.0,"key":"Fire Potion"},{"floor":54.0,"key":"SkillPotion"}],"is_trial":false,"path_per_floor":["M","M","?","?","?","R","$","M","T","M","E","M","E","M","R","B",null,"M","M","?","$","T","E","R","E","T","M","M","$","M","M","R","B",null,"M","M","$","M","?","E","M","R","T","?","E","M","M","T","R","B",null,"R","$","E","B"],"character_chosen":"DEFECT","items_purchased":["Membership Card","Enlightenment","Defragment","Thinking Ahead","Omamori","Anchor","Coolheaded","Defragment","Prayer Wheel","StoneCalendar","War Paint"],"campfire_rested":0,"item_purchase_floors":[7,7,7,7,21,21,29,29,37,37,53],"current_hp_per_floor":[65,54,47,47,47,47,47,39,39,13,6,34,32,28,28,16,55,55,48,48,48,48,48,48,48,48,48,47,47,42,42,42,42,62,62,62,62,60,50,50,50,50,50,50,41,41,41,41,41,33,65,65,75,75,0,0],"gold":68,"neow_bonus":"THREE_RARE_CARDS","is_daily":false,"chose_seed":false,"campfire_upgraded":6,"win_rate":0.0,"timestamp":1608965997,"path_taken":["M","M","?","?","?","R","$","M","T","M","E","M","E","M","R","BOSS","M","M","?","$","?","E","R","E","T","?","M","$","M","M","R","BOSS","M","M","$","M","?","E","M","R","T","?","E","M","M","?","R","BOSS","R","$","E","BOSS"],"items_purchased_type":["Relic","Card","Card","Card","Relic","Relic","Card","Card","Relic","Relic","Relic"],"build_version":"2020-12-22","purchased_purges":5,"victory":false,"max_hp_per_floor":[68,68,68,68,68,68,68,68,68,68,68,68,68,68,68,68,68,68,68,68,68,68,68,68,68,68,68,68,68,68,68,68,68,68,68,68,68,68,68,68,68,68,68,68,75,75,75,75,75,75,75,75,75,75,75,75],"card_choices":[{"not_picked":["Amplify","Thunder Strike"],"picked":"Meteor Strike","floor":0.0},{"not_picked":["Redo","Beam Cell"],"picked":"Compile Driver","floor":1.0},{"not_picked":["Go for the Eyes","Recycle"],"picked":"Skim","floor":2.0},{"not_picked":["Heatsinks","Steam"],"picked":"Undo","floor":8.0},{"not_picked":["Self Repair","Gash"],"picked":"Skim","floor":10.0},{"not_picked":["Redo","Recycle"],"picked":"Meteor Strike","floor":11.0},{"not_picked":["Go for the Eyes","Chill"],"picked":"Coolheaded","floor":12.0},{"not_picked":["Stack","Force Field","Tempest"],"picked":"SKIP","floor":13.0},{"not_picked":["Steam","Beam Cell","Redo"],"picked":"SKIP","floor":14.0},{"not_picked":["All For One","Reboot"],"picked":"Machine Learning","floor":16.0},{"not_picked":["Cold Snap","Stack","Streamline"],"picked":"SKIP","floor":18.0},{"not_picked":["Aggregate","Barrage+1","Loop"],"picked":"SKIP","floor":19.0},{"not_picked":["Barrage","Melter","Cold Snap"],"picked":"SKIP","floor":23.0},{"not_picked":["Barrage","Melter","Cold Snap"],"picked":"SKIP","floor":23.0},{"not_picked":["Stack","Meteor Strike","Conserve Battery"],"picked":"SKIP","floor":25.0},{"not_picked":["Cold Snap","Gash+1","Beam Cell"],"picked":"SKIP","floor":27.0},{"not_picked":["Storm","Reprogram","Auto Shields"],"picked":"SKIP","floor":28.0},{"not_picked":["Turbo","Reinforced Body","Stack"],"picked":"SKIP","floor":30.0},{"not_picked":["Sweeping Beam","Redo+1","Streamline"],"picked":"SKIP","floor":31.0},{"not_picked":["Rip and Tear+1","Leap+1","Barrage"],"picked":"SKIP","floor":35.0},{"not_picked":["Heatsinks+1","Conserve Battery+1","Steam"],"picked":"SKIP","floor":36.0},{"not_picked":["Steam Power+1","Conserve Battery+1","Ball Lightning"],"picked":"SKIP","floor":38.0},{"not_picked":["Genetic Algorithm+1","Ball Lightning+1","Core Surge"],"picked":"SKIP","floor":38.0},{"not_picked":["Finesse","Magnetism"],"picked":"Impatience","floor":39.0},{"not_picked":["Chaos","Scrape","Sunder"],"picked":"SKIP","floor":40.0},{"not_picked":["Chaos","Scrape","Sunder"],"picked":"SKIP","floor":40.0},{"not_picked":["Cold Snap","Turbo+1","Reinforced Body+1"],"picked":"SKIP","floor":41.0},{"not_picked":["Cold Snap","Compile Driver","Sweeping Beam"],"picked":"SKIP","floor":41.0},{"not_picked":["Beam Cell+1","Blizzard+1","Chill"],"picked":"SKIP","floor":45.0},{"not_picked":["Force Field","Cold Snap","Undo"],"picked":"SKIP","floor":46.0},{"not_picked":["Scrape","Conserve Battery","Cold Snap+1"],"picked":"SKIP","floor":46.0},{"not_picked":["Hologram","Consume","Leap"],"picked":"SKIP","floor":47.0},{"not_picked":["Sunder+1","Sweeping Beam+1","Multi-Cast"],"picked":"SKIP","floor":47.0},{"not_picked":["Fusion","Beam Cell","Gash+1"],"picked":"SKIP","floor":54.0}],"player_experience":313133,"relics_obtained":[{"floor":9.0,"key":"Bottled Lightning"},{"floor":11.0,"key":"Centennial Puzzle"},{"floor":13.0,"key":"HornCleat"},{"floor":22.0,"key":"Bronze Scales"},{"floor":23.0,"key":"Smiling Mask"},{"floor":25.0,"key":"Tiny Chest"},{"floor":40.0,"key":"MealTicket"},{"floor":40.0,"key":"Matryoshka"},{"floor":43.0,"key":"Toy Ornithopter"},{"floor":43.0,"key":"Emotion Chip"},{"floor":45.0,"key":"Happy Flower"},{"floor":45.0,"key":"Strawberry"},{"floor":48.0,"key":"Bird Faced Urn"},{"floor":54.0,"key":"Whetstone"},{"floor":54.0,"key":"Mercury Hourglass"}],"event_choices":[{"damage_healed":0.0,"max_hp_gain":0.0,"max_hp_loss":0.0,"gold_gain":0.0,"event_name":"Scrap Ooze","player_choice":"Success","floor":3.0,"gold_loss":0.0,"damage_taken":7.0,"relics_obtained":["Lizard Tail"]},{"damage_healed":0.0,"max_hp_gain":0.0,"max_hp_loss":0.0,"gold_gain":68.0,"event_name":"Golden Wing","player_choice":"Gained Gold","floor":4.0,"gold_loss":0.0,"damage_taken":0.0},{"damage_healed":0.0,"max_hp_gain":0.0,"max_hp_loss":0.0,"gold_gain":175.0,"event_name":"Liars Game","player_choice":"AGREE","floor":5.0,"gold_loss":0.0,"damage_taken":0.0,"cards_obtained":["Doubt"]},{"damage_healed":0.0,"max_hp_gain":0.0,"max_hp_loss":0.0,"gold_gain":99.0,"event_name":"Nest","player_choice":"Stole From Cult","floor":20.0,"gold_loss":0.0,"damage_taken":0.0},{"damage_healed":0.0,"max_hp_gain":0.0,"max_hp_loss":0.0,"gold_gain":0.0,"event_name":"SensoryStone","player_choice":"Memory 3","floor":39.0,"gold_loss":0.0,"damage_taken":10.0},{"cards_removed":["Strike_B"],"damage_healed":0.0,"max_hp_gain":0.0,"max_hp_loss":0.0,"gold_gain":0.0,"event_name":"Bonfire Elementals","player_choice":"Offered Basic","floor":44.0,"gold_loss":0.0,"damage_taken":0.0}],"is_beta":false,"boss_relics":[{"not_picked":["Busted Crown","Inserter"],"picked":"SacredBark"},{"not_picked":["Sozu","Cursed Key"],"picked":"Black Star"}],"items_purged_floors":[7,21,29,37,53],"is_endless":false,"potions_floor_spawned":[8,11,12,18,25,27,30,31,41,45,47,54],"killed_by":"The Heart","ascension_level":9}}