{"host":"ywt8u9kq80n9hc8s","time":1608960567,"event":{"mods":["AchievementEnabler","Alarm Clock","BaseMod","Better Altar","Better Match","Better Note","Better Sensory Stone","Better Skull","Better Third Choice","BetterRewards","Filter the Spire","Minty Spire (QoL Compilation)","Permanent Neow","Rare Cards Sparkle","StSLib"],"gold_per_floor":[109,109,34,34,34,62,62,96,96,431,431,457,52,87,87,185,185,201,201,201,101,135,135,166,193,246,275,70,105,55,88,88,185,185,204,204,233,0,15,42,42,76,130,160,192,48,75,109,109,109],"floor_reached":51,"playtime":5273,"items_purged":["Strike_G","Blizzard+1","Strike_B","Strike_R"],"score":1268,"play_id":"90187c27-c300-4bd3-af5a-6302c8a10666","local_time":"20201226072927","daily_mods":["Chimera","Red Cards","Green Cards","Blue Cards","Purple Cards","Heirloom","Time Dilation","Flight","DeadlyEvents","Elite Swarm"],"is_ascension_mode":false,"campfire_choices":[{"floor":7,"key":"REST"},{"data":"Devotion","floor":11,"key":"SMITH"},{"floor":15,"key":"REST"},{"data":"Adrenaline","floor":23,"key":"SMITH"},{"data":"Double Tap","floor":32,"key":"SMITH"},{"data":"Predator","floor":41,"key":"SMITH"},{"data":"Creative AI","floor":49,"key":"SMITH"}],"circlet_count":0,"master_deck":["Bash+1","Survivor+1","Zap+1","Eruption+1","Defend_P+1","Predator+1","Vault+1","Exhume+1","Devotion+1","Double Tap+1","Reaper+1","Creative AI+1","ForeignInfluence+1","Berserk+1","Adrenaline+1","Feed+1","LessonLearned+1","Adrenaline+1","Demon Form+1"],"relics":["Snecko Eye","StoneCalendar","Vajra","Omamori","War Paint","White Beast Statue","Old Coin","Champion Belt","Bag of Marbles","Molten Egg 2","Paper Frog","Black Star","MealTicket","StrikeDummy","Bag of Preparation","Unceasing Top","Regal Pillow","Bronze Scales","Dream Catcher","Smiling Mask","Turnip","Strange Spoon","Mummified Hand","Orichalcum","Oddly Smooth Stone","Question Card","Calling Bell","Anchor","Frozen Egg 2","Bird Faced Urn","Singing Bowl","Boot","PreservedInsect","Red Mask","Eternal Feather","Pen Nib","CeramicFish","Lantern","Red Skull","Shovel","Shuriken","Blood Vial","Pocketwatch","Lee\u0027s Waffle","Bottled Flame","Magic Flower","Art of War","Letter Opener"],"acts_visited":["Exordium","TheCity","TheBeyond"],"potions_floor_usage":[10,10],"damage_taken":[{"damage":0,"enemies":"Jaw Worm","floor":1,"turns":3},{"damage":36,"enemies":"Lagavulin","floor":6,"turns":3},{"damage":28,"enemies":"Gremlin Nob","floor":8,"turns":4},{"damage":3,"enemies":"3 Sentries","floor":10,"turns":5},{"damage":12,"enemies":"Lagavulin","floor":12,"turns":4},{"damage":13,"enemies":"3 Sentries","floor":14,"turns":4},{"damage":17,"enemies":"Slime Boss","floor":16,"turns":5},{"damage":15,"enemies":"Spheric Guardian","floor":18,"turns":5},{"damage":83,"enemies":"Slavers","floor":22,"turns":5},{"damage":33,"enemies":"Book of Stabbing","floor":24,"turns":4},{"damage":32,"enemies":"Slavers","floor":25,"turns":5},{"damage":12,"enemies":"Book of Stabbing","floor":27,"turns":3},{"damage":19,"enemies":"Slavers","floor":29,"turns":3},{"damage":0,"enemies":"Book of Stabbing","floor":31,"turns":2},{"damage":19,"enemies":"Collector","floor":33,"turns":6},{"damage":0,"enemies":"3 Darklings","floor":35,"turns":2},{"damage":19,"enemies":"Reptomancer","floor":37,"turns":5},{"damage":0,"enemies":"3 Shapes","floor":39,"turns":1},{"damage":44,"enemies":"Nemesis","floor":40,"turns":7},{"damage":1,"enemies":"Reptomancer","floor":42,"turns":3},{"damage":0,"enemies":"Nemesis","floor":44,"turns":1},{"damage":0,"enemies":"Reptomancer","floor":45,"turns":2},{"damage":11,"enemies":"Nemesis","floor":47,"turns":3},{"damage":0,"enemies":"Giant Head","floor":48,"turns":4},{"damage":0,"enemies":"Time Eater","floor":50,"turns":3}],"seed_played":"8269985400416664484","potions_obtained":[{"floor":1,"key":"Regen Potion"},{"floor":6,"key":"HeartOfIron"},{"floor":10,"key":"LiquidBronze"},{"floor":12,"key":"Dexterity Potion"},{"floor":14,"key":"DistilledChaos"},{"floor":16,"key":"BloodPotion"},{"floor":25,"key":"SpeedPotion"},{"floor":29,"key":"DuplicationPotion"},{"floor":37,"key":"ColorlessPotion"},{"floor":39,"key":"Regen Potion"},{"floor":40,"key":"HeartOfIron"}],"is_trial":true,"path_per_floor":["M","?","$","?","?","E","R","E","T","E","R","E","$","E","R","B",null,"M","?","?","$","E","R","E","E","T","E","$","E","$","E","R","B",null,"M","?","E","?","M","E","R","E","T","E","E","$","E","E","R","B",null],"character_chosen":"IRONCLAD","items_purchased":["Bag of Marbles","Molten Egg 2","Strange Spoon","Lee\u0027s Waffle"],"campfire_rested":2,"item_purchase_floors":[13,13,28,46],"current_hp_per_floor":[80,62,62,67,67,31,56,28,28,39,39,27,27,14,39,83,85,76,76,76,76,56,56,35,85,85,73,85,85,85,85,85,81,85,85,85,70,70,76,48,57,91,91,93,95,102,101,114,114,114],"gold":109,"neow_bonus":"","is_daily":false,"chose_seed":false,"campfire_upgraded":5,"win_rate":0.0,"timestamp":1608960567,"path_taken":["M","?","$","?","?","E","R","E","T","E","R","E","$","E","R","BOSS","M","?","?","$","?","R","E","E","T","E","$","E","$","E","R","BOSS","M","?","?","?","?","E","R","E","T","E","E","$","E","E","R","BOSS"],"items_purchased_type":["Relic","Relic","Relic","Relic"],"build_version":"2020-12-22","purchased_purges":4,"victory":true,"max_hp_per_floor":[80,80,80,85,85,85,85,85,85,85,85,85,85,85,85,85,85,85,85,85,85,85,85,85,85,85,85,85,85,85,85,85,85,85,85,85,87,87,89,89,89,91,91,93,95,102,108,114,114,114],"card_choices":[{"not_picked":["Cleave","Ball Lightning"],"picked":"Predator","floor":1},{"not_picked":["Multi-Cast","Omniscience"],"picked":"Vault","floor":6},{"not_picked":["Judgement","Core Surge"],"picked":"Exhume","floor":8},{"not_picked":["Burst","SpiritShield"],"picked":"Devotion","floor":10},{"not_picked":["Reboot","Multi-Cast"],"picked":"Double Tap","floor":12},{"not_picked":["Immolate+1","Machine Learning"],"picked":"Reaper+1","floor":14},{"not_picked":["Omniscience","Impervious"],"picked":"Creative AI","floor":16},{"not_picked":["Dropkick+1","LikeWater"],"picked":"ForeignInfluence","floor":18},{"not_picked":["Multi-Cast","Venomology"],"picked":"Adrenaline","floor":22},{"not_picked":["Creative AI","Fiend Fire+1","Limit Break"],"picked":"SKIP","floor":24},{"not_picked":["Scrawl","Rainbow"],"picked":"Feed+1","floor":25},{"not_picked":["Unload+1","Creative AI"],"picked":"LessonLearned+1","floor":27},{"not_picked":["Offering","Envenom","Bludgeon+1"],"picked":"SKIP","floor":29},{"not_picked":["DeusExMachina","Offering","Hyperbeam+1"],"picked":"SKIP","floor":31},{"not_picked":["Envenom","Rainbow","Omniscience"],"picked":"Adrenaline","floor":33},{"not_picked":["Prepared+1","Wild Strike+1","Dodge and Roll","Warcry"],"picked":"SKIP","floor":35},{"not_picked":["Wraith Form v2+1","SpiritShield","Fission","Devotion+1"],"picked":"Singing Bowl","floor":37},{"not_picked":["Deflect+1","Barrage+1","Sucker Punch+1","BowlingBash+1"],"picked":"Singing Bowl","floor":39},{"not_picked":["Reaper+1","After Image+1","Hyperbeam+1"],"picked":"Demon Form+1","floor":40},{"not_picked":["Immolate+1","Unload+1","Malaise","Wish"],"picked":"Singing Bowl","floor":42},{"not_picked":["Multi-Cast","Exhume","Omniscience","Rainbow"],"picked":"Singing Bowl","floor":44},{"not_picked":["Creative AI+1","Fission","Offering","ConjureBlade"],"picked":"Singing Bowl","floor":45},{"not_picked":["Reaper+1","Vault","Judgement","Fiend Fire+1"],"picked":"Singing Bowl","floor":47},{"not_picked":["Fission","Ragnarok+1","A Thousand Cuts+1","Buffer+1"],"picked":"Singing Bowl","floor":48}],"player_experience":55251,"relics_obtained":[{"floor":6,"key":"Omamori"},{"floor":8,"key":"War Paint"},{"floor":9,"key":"White Beast Statue"},{"floor":10,"key":"Old Coin"},{"floor":12,"key":"Champion Belt"},{"floor":14,"key":"Paper Frog"},{"floor":22,"key":"MealTicket"},{"floor":22,"key":"StrikeDummy"},{"floor":24,"key":"Bag of Preparation"},{"floor":24,"key":"Unceasing Top"},{"floor":25,"key":"Regal Pillow"},{"floor":25,"key":"Bronze Scales"},{"floor":26,"key":"Dream Catcher"},{"floor":27,"key":"Smiling Mask"},{"floor":27,"key":"Turnip"},{"floor":29,"key":"Mummified Hand"},{"floor":29,"key":"Orichalcum"},{"floor":31,"key":"Oddly Smooth Stone"},{"floor":31,"key":"Question Card"},{"floor":34,"key":"Anchor"},{"floor":34,"key":"Frozen Egg 2"},{"floor":34,"key":"Bird Faced Urn"},{"floor":37,"key":"Boot"},{"floor":37,"key":"PreservedInsect"},{"floor":40,"key":"Eternal Feather"},{"floor":40,"key":"Pen Nib"},{"floor":42,"key":"CeramicFish"},{"floor":42,"key":"Lantern"},{"floor":43,"key":"Red Skull"},{"floor":44,"key":"Shovel"},{"floor":44,"key":"Shuriken"},{"floor":45,"key":"Blood Vial"},{"floor":45,"key":"Pocketwatch"},{"floor":47,"key":"Bottled Flame"},{"floor":47,"key":"Magic Flower"},{"floor":48,"key":"Art of War"},{"floor":48,"key":"Letter Opener"}],"event_choices":[{"damage_healed":0,"gold_gain":0,"player_choice":"Relic ","damage_taken":18,"max_hp_gain":0,"max_hp_loss":0,"event_name":"betterThird:BetterScrap","floor":2,"gold_loss":0,"cards_obtained":["Predator"]},{"damage_healed":0,"gold_gain":0,"player_choice":"Donut","damage_taken":0,"max_hp_gain":5,"max_hp_loss":0,"event_name":"Big Fish","floor":4,"gold_loss":0},{"cards_removed":["Defend_R"],"damage_healed":0,"gold_gain":0,"player_choice":"Offered Basic","damage_taken":0,"max_hp_gain":0,"max_hp_loss":0,"event_name":"Bonfire Elementals","floor":5,"gold_loss":0},{"damage_healed":0,"gold_gain":0,"cards_transformed":["Defend_G"],"player_choice":"Transformed","damage_taken":0,"max_hp_gain":0,"max_hp_loss":0,"event_name":"Transmorgrifier","floor":19,"gold_loss":0,"cards_obtained":["Blizzard"]},{"cards_removed":["Creative AI"],"damage_healed":0,"gold_gain":0,"player_choice":"Take \u0026 Give","damage_taken":0,"max_hp_gain":0,"max_hp_loss":0,"event_name":"betterNote:BetterNote","floor":20,"gold_loss":0,"cards_obtained":["Berserk"]},{"damage_healed":0,"gold_gain":0,"player_choice":"Gave Potion","damage_taken":0,"relics_obtained":["Singing Bowl"],"max_hp_gain":0,"max_hp_loss":0,"event_name":"WeMeetAgain","floor":36,"gold_loss":0},{"damage_healed":0,"gold_gain":0,"player_choice":"Paid","damage_taken":0,"relics_obtained":["Red Mask"],"max_hp_gain":0,"max_hp_loss":0,"event_name":"Tomb of Lord Red Mask","floor":38,"gold_loss":233}],"is_beta":false,"boss_relics":[{"not_picked":["Empty Cage","Fusion Hammer"],"picked":"Black Star"},{"not_picked":["Pandora\u0027s Box","SacredBark"],"picked":"Calling Bell"}],"items_purged_floors":[3,21,28,30],"is_endless":false,"potions_floor_spawned":[1,6,10,12,14,16,18,22,24,25,27,29,31,33,35,37,39,40,42,44,45,47,48],"ascension_level":0}}