{"host":"4nqeo0vu1vuav7gg","time":1608987185,"event":{"mods":["AchievementEnabler","BaseMod","Block Reminder","Colored Map","Colored Powertips","Highlight Path","Minty Spire (QoL Compilation)","Quick Restart","Rare Cards Sparkle","Relic Relevance Reorder","StSLib"],"gold_per_floor":[114,114,164,179,103,103,136,34,58,89,89,119,119,145,145,217,217,236,77,77,90,90,90],"floor_reached":22,"playtime":672,"items_purged":["Strike_B"],"score":413,"play_id":"7b8a2d78-9004-42f9-8fa6-bde1b4f8b3f0","local_time":"20201226135305","is_ascension_mode":true,"campfire_choices":[{"data":"Zap","floor":6.0,"key":"SMITH"},{"floor":11,"key":"REST"},{"floor":15,"key":"REST"}],"circlet_count":0,"master_deck":["AscendersBane","Strike_B","Strike_B","Strike_B","Defend_B","Defend_B","Defend_B","Defend_B","Zap+1","Dualcast","BootSequence","Go for the Eyes","Loop","Conserve Battery","Auto Shields","Go for the Eyes","Compile Driver","Steam","Rip and Tear","Defragment","Echo Form","Ball Lightning","White Noise","Self Repair"],"relics":["Cracked Core","Odd Mushroom","Sozu","NeowsBlessing","Darkstone Periapt","Dream Catcher","Juzu Bracelet","Strawberry","Boot"],"acts_visited":["Exordium","TheCity"],"potions_floor_usage":[10,16,18,22],"damage_taken":[{"damage":0.0,"enemies":"Cultist","floor":1.0,"turns":1.0},{"damage":0.0,"enemies":"Jaw Worm","floor":4.0,"turns":1.0},{"damage":0.0,"enemies":"3 Sentries","floor":7.0,"turns":1.0},{"damage":11,"enemies":"Gremlin Nob","floor":10,"turns":5},{"damage":29,"enemies":"The Mushroom Lair","floor":12,"turns":4},{"damage":9,"enemies":"Lagavulin","floor":14,"turns":9},{"damage":52,"enemies":"Hexaghost","floor":16,"turns":10},{"damage":26,"enemies":"Spheric Guardian","floor":18,"turns":5},{"damage":18,"enemies":"Shell Parasite","floor":21,"turns":5},{"damage":22,"enemies":"Masked Bandits","floor":22,"turns":2}],"seed_played":"7217217553111015663","potions_obtained":[{"floor":4.0,"key":"Regen Potion"},{"floor":13,"key":"Swift Potion"},{"floor":13,"key":"SteroidPotion"},{"floor":14,"key":"Energy Potion"},{"floor":16,"key":"FearPotion"}],"is_trial":false,"path_per_floor":["M","T","?","M","$","R","E","$","T","E","R","?","?","E","R","B",null,"M","$","?","M","?"],"character_chosen":"DEFECT","items_purchased":["Loop","Auto Shields","Go for the Eyes","White Noise"],"campfire_rested":2,"item_purchase_floors":[5,8,8,19],"current_hp_per_floor":[64,64,57,57,57,57,57,57,64,67,78,49,49,40,63,11,61,35,35,35,17,0,0],"gold":90,"neow_bonus":"THREE_ENEMY_KILL","is_daily":false,"chose_seed":false,"campfire_upgraded":1,"win_rate":0.0,"timestamp":1608987185,"path_taken":["M","?","?","M","$","R","E","$","T","E","R","?","?","E","R","BOSS","M","?","?","M","?"],"items_purchased_type":["Card","Card","Card","Card"],"build_version":"2020-12-22","purchased_purges":1,"victory":false,"max_hp_per_floor":[71,71,71,71,71,71,71,71,78,78,78,78,78,78,78,78,78,78,78,78,78,78,78],"card_choices":[{"not_picked":["Conserve Battery","Gash"],"picked":"BootSequence","floor":1.0},{"not_picked":["Barrage","Rebound"],"picked":"Go for the Eyes","floor":4.0},{"not_picked":["Sweeping Beam","Hyperbeam"],"picked":"Conserve Battery","floor":7.0},{"not_picked":["Hello World","Go for the Eyes"],"picked":"Compile Driver","floor":10},{"not_picked":["Gash","Hologram"],"picked":"Steam","floor":12},{"not_picked":["Go for the Eyes","Turbo"],"picked":"Rip and Tear","floor":14},{"not_picked":["Redo","Reprogram"],"picked":"Defragment","floor":15},{"not_picked":["Amplify","Hyperbeam"],"picked":"Echo Form","floor":16},{"not_picked":["Leap","Heatsinks"],"picked":"Ball Lightning","floor":18},{"not_picked":["Hologram","Steam"],"picked":"Self Repair","floor":21}],"player_experience":1013210,"relics_obtained":[{"floor":2.0,"key":"Darkstone Periapt"},{"floor":7.0,"key":"Boot"},{"floor":9.0,"key":"Strawberry"},{"floor":10,"key":"Juzu Bracelet"},{"floor":12,"key":"Odd Mushroom"},{"floor":14,"key":"Dream Catcher"}],"event_choices":[{"damage_healed":0.0,"max_hp_gain":0.0,"max_hp_loss":0.0,"gold_gain":50.0,"event_name":"FaceTrader","player_choice":"Touch","floor":3.0,"gold_loss":0.0,"damage_taken":7.0},{"damage_healed":0,"gold_gain":0,"player_choice":"Fought Mushrooms","damage_taken":0,"max_hp_gain":0,"max_hp_loss":0,"event_name":"Mushrooms","floor":12,"gold_loss":0},{"damage_healed":0,"gold_gain":0,"player_choice":"Got Potions","damage_taken":0,"max_hp_gain":0,"max_hp_loss":0,"event_name":"Lab","floor":13,"gold_loss":0},{"damage_healed":0,"gold_gain":0,"player_choice":"Ignored","damage_taken":0,"max_hp_gain":0,"max_hp_loss":0,"event_name":"Ghosts","floor":20,"gold_loss":0},{"damage_healed":0,"gold_gain":0,"player_choice":"Fought Bandits","damage_taken":0,"max_hp_gain":0,"max_hp_loss":0,"event_name":"Masked Bandits","floor":22,"gold_loss":0}],"is_beta":false,"boss_relics":[{"not_picked":["Ectoplasm","Fusion Hammer"],"picked":"Sozu"}],"items_purged_floors":[19],"is_endless":false,"potions_floor_spawned":[4,14,16],"killed_by":"Masked Bandits","ascension_level":17}}