{"host":"l017gercouzhorma","time":1608965574,"event":{"mods":["AchievementEnabler","Aspiration","BaseMod","Challenge The Spire","Conspire","Downfall","Halation","Hermit","Hubris","Infinite Spire","Jorbs\u0027s Wanderer Trilogy","Mad Scientist","Marisa????????","Mimic Mod","Minty Spire (QoL Compilation)","Random Character Button","Rare Cards Sparkle","Relic Stats","Replay The Spire","Shade Mod","StSLib","The Cursed","The Disciple","The Hierophant","The Jungle","The Runesmith","The Servant 0.9.4"],"gold_per_floor":[116,116,116,116,127,152,152,6,38,38,38,38,58,78,78,181,181,197,209,209,209],"floor_reached":20,"playtime":3345,"items_purged":["Strike_B"],"score":227,"play_id":"c83882a7-80d9-416e-990f-c7a795381470","local_time":"20201225235254","is_ascension_mode":true,"campfire_choices":[{"data":"Crystallizer","floor":7,"key":"SMITH"},{"data":"BasicCrystalCard","floor":15,"key":"SMITH"}],"circlet_count":0,"master_deck":["Strike_B","Strike_B","Strike_B","Defend_B","Defend_B","Defend_B","Defend_B","Zap","Dualcast+1","BasicCrystalCard","Crystallizer+1","Doom and Gloom","BasicCrystalCard+1","Self Repair","Barrage","Panic Button","Compile Driver","Blizzard","Panic Button+1"],"relics":["Cracked Core","NeowsBlessing","halation:EternalFortune","infinitespire:BottledMercury","Replay:Antivirus Software","ReplayTheSpireMod:Ring of Sloth","ReplayTheSpireMod:Ring of Challenge","Replay:Mystery Machine","Snecko Eye","Prayer Wheel"],"acts_visited":["Exordium","theJungle:Jungle"],"potions_floor_usage":[16,16,20],"damage_taken":[{"damage":0,"enemies":"Jaw Worm","floor":1,"turns":1},{"damage":0,"enemies":"2 Louse","floor":5,"turns":1},{"damage":0,"enemies":"Gremlin Nob","floor":6,"turns":1},{"damage":17,"enemies":"Small Slimes","floor":9,"turns":5},{"damage":0,"enemies":"Small Slimes","floor":13,"turns":2},{"damage":5,"enemies":"3 Louse","floor":14,"turns":3},{"damage":35,"enemies":"Slime Boss","floor":16,"turns":9},{"damage":29,"enemies":"theJungle:MUSHROOMGANG","floor":18,"turns":6},{"damage":40,"enemies":"theJungle:GiantWrat","floor":19,"turns":5},{"damage":28,"enemies":"theJungle:SlimyTreeVines","floor":20,"turns":4}],"seed_played":"-7318071329867266330","potions_obtained":[{"floor":5,"key":"Regen Potion"},{"floor":14,"key":"champ:CounterPotion"},{"floor":19,"key":"Reflective Coating"}],"is_trial":false,"path_per_floor":["M","?","?","?","M","E","R","$","MIM","?","?","T","M","M","R","B",null,"M","M","M"],"character_chosen":"DEFECT","items_purchased":["Self Repair"],"campfire_rested":0,"item_purchase_floors":[8],"current_hp_per_floor":[75,75,75,78,78,81,81,81,74,74,74,74,74,76,76,48,84,62,29,7,7],"gold":209,"neow_bonus":"THREE_ENEMY_KILL","is_daily":false,"chose_seed":false,"campfire_upgraded":2,"win_rate":0.0,"timestamp":1608965574,"path_taken":["M","?","?","?","M","E","R","$","MIM","?","?","?","M","?","R","BOSS","M","M","M"],"items_purchased_type":["Card"],"build_version":"2020-12-22","purchased_purges":1,"victory":false,"max_hp_per_floor":[75,75,75,78,78,81,81,81,84,84,84,84,84,84,84,84,84,84,84,84,84],"relic_stats":{"counters":[10,37],"Snecko Eye":[27,30,20,42],"Prayer Wheel":2,"obtain_stats":[{"infinitespire:BottledMercury":6,"NeowsBlessing":0,"ReplayTheSpireMod:Ring of Sloth":11,"halation:EternalFortune":4,"Snecko Eye":17,"Prayer Wheel":18,"Replay:Antivirus Software":9,"ReplayTheSpireMod:Ring of Challenge":11,"Replay:Mystery Machine":12,"Cracked Core":0},{"infinitespire:BottledMercury":3,"NeowsBlessing":0,"ReplayTheSpireMod:Ring of Sloth":4,"halation:EternalFortune":1,"Snecko Eye":7,"Prayer Wheel":8,"Replay:Antivirus Software":4,"ReplayTheSpireMod:Ring of Challenge":4,"Replay:Mystery Machine":4,"Cracked Core":0},{"infinitespire:BottledMercury":3,"NeowsBlessing":0,"ReplayTheSpireMod:Ring of Sloth":8,"halation:EternalFortune":1,"Snecko Eye":22,"Prayer Wheel":24,"Replay:Antivirus Software":8,"ReplayTheSpireMod:Ring of Challenge":8,"Replay:Mystery Machine":8,"Cracked Core":0}]},"card_choices":[{"not_picked":["ReplayTheSpireMod:System Scan","Gash"],"picked":"BasicCrystalCard","floor":1},{"not_picked":["Ball Lightning","Steam Power"],"picked":"Doom and Gloom","floor":5},{"not_picked":["hubris:Ukulele","ReplayTheSpireMod:GoodbyeWorld"],"picked":"BasicCrystalCard","floor":6},{"not_picked":["Rip and Tear","FTL"],"picked":"Barrage","floor":13},{"not_picked":["Barrage","Go for the Eyes"],"picked":"Panic Button","floor":14},{"not_picked":["Buffer","Multi-Cast"],"picked":"ReplayTheSpireMod:Fabricate Wheel","floor":16},{"not_picked":["Sweeping Beam+1","Tempest"],"picked":"Compile Driver","floor":18},{"not_picked":["Sweeping Beam","Barrage","Streamline"],"picked":"SKIP","floor":18},{"not_picked":["Sweeping Beam","Steam Power+1"],"picked":"Blizzard","floor":19},{"not_picked":["ReplayTheSpireMod:Repulse","Go for the Eyes"],"picked":"Panic Button+1","floor":19}],"player_experience":761738,"relics_obtained":[{"floor":6,"key":"halation:EternalFortune"},{"floor":6,"key":"infinitespire:BottledMercury"},{"floor":9,"key":"halation:EternalFortune"},{"floor":9,"key":"Replay:Antivirus Software"},{"floor":11,"key":"ReplayTheSpireMod:Ring of Sloth"},{"floor":11,"key":"ReplayTheSpireMod:Ring of Challenge"},{"floor":12,"key":"Replay:Mystery Machine"}],"event_choices":[{"damage_healed":0,"gold_gain":0,"player_choice":"Leave","damage_taken":0,"max_hp_gain":0,"max_hp_loss":0,"event_name":"conspire:Investor","floor":10,"gold_loss":0}],"is_beta":false,"boss_relics":[{"not_picked":["Replay:Wanted Poster","halation:ForbiddenBikini"],"picked":"Snecko Eye"}],"items_purged_floors":[8],"is_endless":false,"potions_floor_spawned":[5,14,19],"killed_by":"theJungle:SlimyTreeVines","ascension_level":3}}