{"host":"2461dio7vetlq1z3","time":1608983681,"event":{"mods":["2.2 Compatiblity","AchievementEnabler","Aspiration","BaseMod","Better Third Choice","Friendly Minions","Hermit","Minty Spire (QoL Compilation)","Relic Stats","Spicy Shops","StSLib","Waifu the Spire"],"gold_per_floor":[119,132,147,147,162,195,195,195,195],"floor_reached":8,"playtime":256,"items_purged":[],"score":116,"play_id":"75ad2ab2-d6e9-4df3-a1ae-4648bcc7545f","local_time":"20201226125441","is_ascension_mode":true,"campfire_choices":[{"floor":7,"key":"REST"}],"circlet_count":0,"master_deck":["AscendersBane","Strike_B","Strike_B","Strike_B","Strike_B","Defend_B","Defend_B","Defend_B","Defend_B","Zap","Dualcast","Static Discharge","Loop","Chaos","Redo","Consume"],"relics":["SlaversCollar","Kunai"],"acts_visited":["Exordium"],"potions_floor_usage":[6,6],"damage_taken":[{"damage":4,"enemies":"Jaw Worm","floor":1,"turns":4},{"damage":3,"enemies":"2 Louse","floor":2,"turns":3},{"damage":7,"enemies":"Cultist","floor":3,"turns":4},{"damage":18,"enemies":"Blue Slaver","floor":5,"turns":5},{"damage":18,"enemies":"Lagavulin","floor":6,"turns":7},{"damage":81,"enemies":"Gremlin Nob","floor":8,"turns":4}],"seed_played":"6541609318423235925","potions_obtained":[{"floor":2,"key":"SteroidPotion"},{"floor":3,"key":"FearPotion"},{"floor":5,"key":"Regen Potion"}],"is_trial":false,"path_per_floor":["M","M","M","?","M","E","R","E"],"character_chosen":"DEFECT","items_purchased":[],"campfire_rested":1,"item_purchase_floors":[],"current_hp_per_floor":[60,57,50,50,32,29,50,0,0],"gold":195,"neow_bonus":"BOSS_RELIC","is_daily":false,"chose_seed":false,"campfire_upgraded":0,"win_rate":0.0,"timestamp":1608983681,"path_taken":["M","M","M","?","M","E","R","E"],"items_purchased_type":[],"build_version":"2020-12-22","purchased_purges":0,"victory":false,"max_hp_per_floor":[71,71,71,71,71,71,71,71,71],"relic_stats":{"counters":[6,26],"Kunai":[0],"obtain_stats":[{"SlaversCollar":0,"Kunai":6,"Cracked Core":0},{"SlaversCollar":0,"Kunai":5,"Cracked Core":0},{"SlaversCollar":0,"Kunai":22,"Cracked Core":0}]},"card_choices":[{"not_picked":["Streamline","Stack"],"picked":"Static Discharge","floor":1},{"not_picked":["Reprogram","Turbo"],"picked":"Loop","floor":2},{"not_picked":["Rebound","Heatsinks"],"picked":"Chaos","floor":3},{"not_picked":["Coolheaded","Turbo"],"picked":"Redo","floor":5},{"not_picked":["Coolheaded","Go for the Eyes"],"picked":"Consume","floor":6}],"player_experience":935293,"relics_obtained":[{"floor":6,"key":"Kunai"}],"event_choices":[{"damage_healed":0,"gold_gain":0,"player_choice":"Ignored","damage_taken":147,"max_hp_gain":0,"max_hp_loss":0,"event_name":"betterThird:BetterSerpent","floor":4,"gold_loss":0}],"is_beta":false,"boss_relics":[],"items_purged_floors":[],"is_endless":false,"potions_floor_spawned":[2,3,5],"killed_by":"Gremlin Nob","ascension_level":20}}