{"host":"2461dio7vetlq1z3","time":1608958054,"event":{"mods":["2.2 Compatiblity","AchievementEnabler","Aspiration","BaseMod","Better Skull","Better Third Choice","Friendly Minions","Hermit","Minty Spire (QoL Compilation)","Relic Stats","Spicy Shops","StSLib","The Mystic","Waifu the Spire"],"gold_per_floor":[113,133,133,149,99,99,99,99,99,99,118,150,161,203,203,317,317,341,362,5,5,26,26,53,63,63,63,63,99,99,131,131,241,241,241],"floor_reached":34,"playtime":1990,"items_purged":["mysticmod:Strike_Mystic"],"score":543,"play_id":"fdb6be61-c226-4940-a584-d6a764813c77","local_time":"20201226054734","is_ascension_mode":false,"campfire_choices":[{"data":"mysticmod:Dedication+1","floor":6,"key":"SMITH"},{"data":"mysticmod:Dedication+2","floor":8,"key":"SMITH"},{"data":"mysticmod:Dedication+3","floor":10,"key":"SMITH"},{"data":"mysticmod:Dedication+4","floor":15,"key":"SMITH"},{"data":"mysticmod:Dedication+5","floor":23,"key":"SMITH"},{"data":"mysticmod:Dedication+6","floor":28,"key":"SMITH"},{"data":"mysticmod:Dedication+7","floor":32,"key":"SMITH"}],"circlet_count":0,"master_deck":["mysticmod:Strike_Mystic","mysticmod:Defend_Mystic","mysticmod:Defend_Mystic","mysticmod:Defend_Mystic","mysticmod:ArcaneDodge","mysticmod:ShockingGrasp","mysticmod:Snowball","mysticmod:Dedication+8","mysticmod:AllIn","mysticmod:Probe","mysticmod:SummonFamiliar","mysticmod:IllusionOfCalm","mysticmod:SuddenClarity","mysticmod:GeminiForm","mysticmod:Shield","mysticmod:Daze+1","mysticmod:Flourish+1","mysticmod:KeenEdge","mysticmod:MysticalShield"],"relics":["mysticmod:SpellBook","Smiling Mask","Ancient Tea Set","CeramicFish","aspiration:FutureDiary","Thread and Needle","Blood Vial","The Courier","aspiration:FrozenJewel","Omamori","Philosopher\u0027s Stone"],"acts_visited":["Exordium","TheCity"],"potions_floor_usage":[31,33],"damage_taken":[{"damage":0,"enemies":"Small Slimes","floor":1,"turns":4},{"damage":2,"enemies":"Jaw Worm","floor":2,"turns":2},{"damage":1,"enemies":"Cultist","floor":4,"turns":4},{"damage":2,"enemies":"Blue Slaver","floor":11,"turns":3},{"damage":0,"enemies":"Lagavulin","floor":12,"turns":5},{"damage":13,"enemies":"Lots of Slimes","floor":13,"turns":5},{"damage":8,"enemies":"Gremlin Nob","floor":14,"turns":4},{"damage":27,"enemies":"Hexaghost","floor":16,"turns":10},{"damage":0,"enemies":"3 Byrds","floor":18,"turns":6},{"damage":6,"enemies":"Chosen","floor":19,"turns":7},{"damage":8,"enemies":"Snake Plant","floor":22,"turns":4},{"damage":0,"enemies":"Book of Stabbing","floor":24,"turns":4},{"damage":5,"enemies":"Centurion and Healer","floor":25,"turns":5},{"damage":0,"enemies":"Gremlin Leader","floor":29,"turns":10},{"damage":15,"enemies":"Book of Stabbing","floor":31,"turns":5},{"damage":0,"enemies":"Champ","floor":33,"turns":8}],"seed_played":"-8110080397455189321","potions_obtained":[{"floor":1,"key":"Swift Potion"},{"floor":4,"key":"Fire Potion"},{"floor":13,"key":"Dexterity Potion"},{"floor":29,"key":"Fruit Juice"},{"floor":31,"key":"CultistPotion"}],"is_trial":false,"path_per_floor":["M","M","?","M","?","R","?","R","T","R","M","E","M","E","R","B",null,"M","M","$","?","M","R","E","M","T","?","R","E","?","E","R","B",null],"character_chosen":"MYSTIC_CLASS","items_purchased":["Thread and Needle"],"campfire_rested":0,"item_purchase_floors":[20],"current_hp_per_floor":[84,82,82,81,81,81,74,74,74,74,72,72,59,51,51,24,84,84,78,78,78,70,70,70,67,67,67,67,69,69,61,61,63,63,63],"gold":241,"neow_bonus":"TEN_PERCENT_HP_BONUS","is_daily":false,"chose_seed":false,"campfire_upgraded":7,"win_rate":0.0,"timestamp":1608958054,"path_taken":["M","M","?","M","?","R","?","R","T","R","M","E","M","E","R","BOSS","M","M","$","?","M","R","E","M","T","?","R","E","?","E","R","BOSS"],"items_purchased_type":["Relic"],"build_version":"2020-12-22","purchased_purges":1,"victory":false,"max_hp_per_floor":[84,84,84,84,84,84,84,84,84,84,84,84,84,84,84,84,84,84,84,84,84,84,84,84,84,84,84,84,84,84,89,89,89,89,89],"relic_stats":{"Blood Vial":8,"counters":[16,86],"CeramicFish":63,"Smiling Mask":25,"obtain_stats":[{"Blood Vial":24,"CeramicFish":14,"mysticmod:SpellBook":0,"Thread and Needle":20,"Philosopher\u0027s Stone":34,"The Courier":26,"Omamori":31,"aspiration:FutureDiary":17,"Smiling Mask":9,"Ancient Tea Set":12,"aspiration:FrozenJewel":29},{"Blood Vial":12,"CeramicFish":7,"mysticmod:SpellBook":0,"Thread and Needle":10,"Philosopher\u0027s Stone":16,"The Courier":13,"Omamori":15,"aspiration:FutureDiary":8,"Smiling Mask":3,"Ancient Tea Set":5,"aspiration:FrozenJewel":14},{"Blood Vial":58,"CeramicFish":27,"mysticmod:SpellBook":0,"Thread and Needle":50,"Philosopher\u0027s Stone":86,"The Courier":63,"Omamori":78,"aspiration:FutureDiary":37,"Smiling Mask":10,"Ancient Tea Set":18,"aspiration:FrozenJewel":73}]},"card_choices":[{"not_picked":["mysticmod:PreparedCaster","mysticmod:CureLightWounds"],"picked":"mysticmod:Snowball","floor":1},{"not_picked":["mysticmod:TomeOfSpells","mysticmod:IllusionOfCalm"],"picked":"mysticmod:Dedication","floor":2},{"not_picked":["mysticmod:MightyMagic","mysticmod:PunishingArmor"],"picked":"mysticmod:AllIn","floor":4},{"not_picked":["mysticmod:CureLightWounds","mysticmod:Feint"],"picked":"mysticmod:Probe","floor":11},{"not_picked":["mysticmod:ComponentsPouch","mysticmod:Flourish"],"picked":"mysticmod:SummonFamiliar","floor":12},{"not_picked":["mysticmod:AllIn","mysticmod:ComponentsPouch"],"picked":"mysticmod:IllusionOfCalm","floor":13},{"not_picked":["mysticmod:PreparedCaster","mysticmod:ComponentsPouch"],"picked":"mysticmod:SuddenClarity","floor":14},{"not_picked":["mysticmod:Lunge","mysticmod:MysticalShield"],"picked":"mysticmod:GeminiForm","floor":16},{"not_picked":["mysticmod:CorrosiveTouch","mysticmod:Grapple"],"picked":"mysticmod:Shield","floor":18},{"not_picked":["mysticmod:AllIn","mysticmod:CorrosiveTouch+1"],"picked":"mysticmod:Daze+1","floor":19},{"not_picked":["mysticmod:SummonFamiliar","mysticmod:CorrosiveTouch"],"picked":"mysticmod:Flourish+1","floor":22},{"not_picked":["mysticmod:Alacrity","mysticmod:MagicWeapon","mysticmod:Grease"],"picked":"SKIP","floor":24},{"not_picked":["mysticmod:FloatingDisk","mysticmod:SummonFamiliar+1","mysticmod:PreparedCaster"],"picked":"SKIP","floor":25},{"not_picked":["mysticmod:ComponentsPouch+1","mysticmod:Shield+1"],"picked":"mysticmod:KeenEdge","floor":29},{"not_picked":["mysticmod:PowerSlash","mysticmod:CorrosiveTouch","mysticmod:DiviningBlow"],"picked":"SKIP","floor":31},{"not_picked":["mysticmod:KnowledgePool","mysticmod:Haste"],"picked":"mysticmod:MysticalShield","floor":33}],"player_experience":924067,"relics_obtained":[{"floor":9,"key":"Smiling Mask"},{"floor":12,"key":"Ancient Tea Set"},{"floor":14,"key":"CeramicFish"},{"floor":24,"key":"Blood Vial"},{"floor":26,"key":"The Courier"},{"floor":29,"key":"aspiration:FrozenJewel"},{"floor":31,"key":"Omamori"}],"event_choices":[{"damage_healed":0,"gold_gain":0,"player_choice":"Grow","damage_taken":0,"max_hp_gain":0,"max_hp_loss":0,"event_name":"Living Wall","floor":3,"gold_loss":0,"cards_upgraded":["mysticmod:Dedication"]},{"cards_removed":["mysticmod:Strike_Mystic"],"damage_healed":0,"gold_gain":0,"player_choice":"Card Removal","damage_taken":0,"max_hp_gain":0,"max_hp_loss":0,"event_name":"The Cleric","floor":5,"gold_loss":50},{"cards_removed":["mysticmod:Strike_Mystic"],"damage_healed":0,"gold_gain":0,"player_choice":"Card Removal","damage_taken":7,"max_hp_gain":0,"max_hp_loss":0,"event_name":"Golden Wing","floor":7,"gold_loss":0},{"damage_healed":0,"gold_gain":0,"player_choice":"Ignored","damage_taken":0,"max_hp_gain":0,"max_hp_loss":0,"event_name":"The Mausoleum","floor":27,"gold_loss":0},{"cards_removed":["mysticmod:Defend_Mystic"],"damage_healed":0,"gold_gain":0,"player_choice":"Purged","damage_taken":0,"max_hp_gain":0,"max_hp_loss":0,"event_name":"Purifier","floor":30,"gold_loss":0}],"is_beta":false,"boss_relics":[{"not_picked":["aspiration:WatcherSkillbook","Astrolabe"],"picked":"aspiration:FutureDiary"},{"not_picked":["Empty Cage","mysticmod:DeckOfManyThings"],"picked":"Philosopher\u0027s Stone"}],"items_purged_floors":[20],"is_endless":false,"potions_floor_spawned":[1,4,13,14,18,22,29,31],"ascension_level":0}}