{"host":"Jackie","time":1608984083,"event":{"mods":["BaseMod","Highlight Path","Minty Spire (QoL Compilation)","Relic Stats","Slay the Relics Exporter","StSLib","Twitch Decklist"],"gold_per_floor":[112,130,150,170,170,170,170,204,204,236,259,259,270,287,287,358,358,369,369,369,389,406,438,438,468,518,537,537,537,537],"floor_reached":29,"playtime":1852,"items_purged":[],"score":650,"play_id":"f5e273e1-153b-4e7a-a34a-9a4412066180","local_time":"20201226040123","is_ascension_mode":true,"campfire_choices":[{"data":"Streamline","floor":6.0,"key":"SMITH"},{"data":"Sunder","floor":12,"key":"SMITH"},{"data":"Consume","floor":15,"key":"SMITH"},{"floor":24,"key":"REST"}],"circlet_count":0,"master_deck":["AscendersBane","Strike_B","Strike_B","Defend_B","Defend_B","Defend_B","Zap","Dualcast","Coolheaded","Sweeping Beam","Coolheaded","Beam Cell","Streamline+1","Sunder+1","Consume+1","Compile Driver","Creative AI","Force Field","Seek","Self Repair","Capacitor","Reprogram","Coolheaded"],"relics":["Cracked Core","FossilizedHelix","Gambling Chip","Mummified Hand","Bag of Marbles","Odd Mushroom","Velvet Choker","Turnip","Ornamental Fan","Anchor"],"acts_visited":["Exordium","TheCity"],"potions_floor_usage":[16,23,29],"damage_taken":[{"damage":0.0,"enemies":"2 Louse","floor":1.0,"turns":2.0},{"damage":0.0,"enemies":"Jaw Worm","floor":2.0,"turns":5.0},{"damage":8.0,"enemies":"Small Slimes","floor":3.0,"turns":3.0},{"damage":23.0,"enemies":"Exordium Thugs","floor":4.0,"turns":6.0},{"damage":0.0,"enemies":"3 Sentries","floor":8.0,"turns":7.0},{"damage":0.0,"enemies":"Gremlin Nob","floor":10.0,"turns":3.0},{"damage":0,"enemies":"The Mushroom Lair","floor":11,"turns":2},{"damage":0,"enemies":"3 Louse","floor":13,"turns":1},{"damage":0,"enemies":"2 Fungi Beasts","floor":14,"turns":2},{"damage":6,"enemies":"Slime Boss","floor":16,"turns":10},{"damage":20,"enemies":"2 Thieves","floor":18,"turns":4},{"damage":0,"enemies":"Spheric Guardian","floor":21,"turns":4},{"damage":0,"enemies":"Cultist and Chosen","floor":22,"turns":5},{"damage":40,"enemies":"Book of Stabbing","floor":23,"turns":6},{"damage":24,"enemies":"Slavers","floor":25,"turns":4},{"damage":10,"enemies":"Shelled Parasite and Fungi","floor":27,"turns":6},{"damage":24,"enemies":"Gremlin Leader","floor":29,"turns":5}],"seed_played":"-8428893333361978036","potions_obtained":[{"floor":1.0,"key":"Strength Potion"},{"floor":3.0,"key":"EntropicBrew"},{"floor":8.0,"key":"EssenceOfDarkness"},{"floor":13,"key":"SkillPotion"},{"floor":14,"key":"Weak Potion"},{"floor":25,"key":"Explosive Potion"},{"floor":27,"key":"DuplicationPotion"}],"is_trial":false,"path_per_floor":["M","M","M","M","?","R","T","E","T","E","?","R","M","M","R","B",null,"M","?","?","M","M","E","R","E","T","M","?","E"],"character_chosen":"DEFECT","items_purchased":[],"campfire_rested":1,"item_purchase_floors":[],"current_hp_per_floor":[71,71,63,40,40,40,40,40,40,40,40,40,40,40,40,34,67,47,47,47,47,47,7,30,13,13,10,10,0,0],"gold":537,"neow_bonus":"TEN_PERCENT_HP_BONUS","is_daily":false,"chose_seed":false,"campfire_upgraded":3,"win_rate":0.0,"timestamp":1608984083,"path_taken":["M","M","M","M","?","R","?","E","T","E","?","R","M","M","R","BOSS","M","?","?","M","M","E","R","E","T","M","?","E"],"items_purchased_type":[],"build_version":"2020-12-18","purchased_purges":0,"victory":false,"max_hp_per_floor":[78,78,78,78,78,78,78,78,78,78,78,78,78,78,78,78,78,78,78,78,78,78,78,78,78,78,78,78,78,78],"relic_stats":{"counters":[17,75],"Mummified Hand":[47],"Ornamental Fan":[8],"Gambling Chip":[46],"Turnip":[2],"obtain_stats":[{"Anchor":26,"Mummified Hand":9,"Ornamental Fan":25,"Gambling Chip":8,"Velvet Choker":17,"Turnip":23,"Bag of Marbles":10,"Odd Mushroom":11,"Cracked Core":0,"FossilizedHelix":7},{"Anchor":15,"Mummified Hand":5,"Ornamental Fan":15,"Gambling Chip":5,"Velvet Choker":10,"Turnip":14,"Bag of Marbles":6,"Odd Mushroom":7,"Cracked Core":0,"FossilizedHelix":4},{"Anchor":64,"Mummified Hand":23,"Ornamental Fan":64,"Gambling Chip":23,"Velvet Choker":41,"Turnip":60,"Bag of Marbles":26,"Odd Mushroom":28,"Cracked Core":0,"FossilizedHelix":16}]},"card_choices":[{"not_picked":["White Noise","Conserve Battery"],"picked":"Coolheaded","floor":1.0},{"not_picked":["Turbo","Go for the Eyes"],"picked":"Sweeping Beam","floor":2.0},{"not_picked":["Auto Shields","Genetic Algorithm"],"picked":"Coolheaded","floor":3.0},{"not_picked":["Storm","Recycle"],"picked":"Beam Cell","floor":4.0},{"not_picked":["Turbo","Rip and Tear"],"picked":"Sunder","floor":8.0},{"not_picked":["Steam","Stack","Conserve Battery"],"picked":"SKIP","floor":10.0},{"not_picked":["Darkness","Stack"],"picked":"Consume","floor":13},{"not_picked":["Cold Snap","Beam Cell"],"picked":"Compile Driver","floor":14},{"not_picked":["Rainbow","Reboot"],"picked":"Creative AI","floor":16},{"not_picked":["Redo","Gash","Leap"],"picked":"SKIP","floor":18},{"not_picked":["Static Discharge","Leap"],"picked":"Seek","floor":21},{"not_picked":["Aggregate","Stack","Double Energy+1"],"picked":"SKIP","floor":22},{"not_picked":["Conserve Battery","Gash"],"picked":"Self Repair","floor":23},{"not_picked":["Stack","Turbo"],"picked":"Capacitor","floor":25},{"not_picked":["Steam","Beam Cell","Coolheaded"],"picked":"SKIP","floor":27}],"player_experience":2135788,"relics_obtained":[{"floor":7.0,"key":"FossilizedHelix"},{"floor":8.0,"key":"Gambling Chip"},{"floor":9.0,"key":"Mummified Hand"},{"floor":10.0,"key":"Bag of Marbles"},{"floor":11,"key":"Odd Mushroom"},{"floor":23,"key":"Turnip"},{"floor":25,"key":"Ornamental Fan"},{"floor":26,"key":"Anchor"}],"event_choices":[{"damage_healed":0.0,"max_hp_gain":0.0,"max_hp_loss":0.0,"gold_gain":0.0,"cards_transformed":["Defend_B"],"event_name":"Living Wall","player_choice":"Change","floor":5.0,"gold_loss":0.0,"damage_taken":0.0,"cards_obtained":["Streamline"]},{"damage_healed":0,"gold_gain":0,"player_choice":"Fought Mushrooms","damage_taken":0,"max_hp_gain":0,"max_hp_loss":0,"event_name":"Mushrooms","floor":11,"gold_loss":0},{"damage_healed":0,"gold_gain":0,"player_choice":"Read","damage_taken":0,"max_hp_gain":0,"max_hp_loss":0,"event_name":"The Library","floor":19,"gold_loss":0,"cards_obtained":["Force Field"]},{"damage_healed":0,"gold_gain":0,"player_choice":"Ignored","damage_taken":0,"max_hp_gain":0,"max_hp_loss":0,"event_name":"The Mausoleum","floor":20,"gold_loss":0},{"damage_healed":0,"gold_gain":0,"cards_transformed":["Strike_B","Strike_B"],"player_choice":"Became Test Subject","damage_taken":0,"max_hp_gain":0,"max_hp_loss":0,"event_name":"Drug Dealer","floor":28,"gold_loss":0,"cards_obtained":["Reprogram","Coolheaded"]}],"is_beta":true,"boss_relics":[{"not_picked":["Pandora\u0027s Box","Tiny House"],"picked":"Velvet Choker"}],"items_purged_floors":[],"is_endless":false,"potions_floor_spawned":[1,3,8,13,14,25,27],"killed_by":"Gremlin Leader","ascension_level":20}}