{"host":"g53g9qlo34vrqi92","time":1608972949,"event":{"mods":["Aspiration","Bard","BaseMod","Beaked The Cultist","BetterRewards","Colored Map","Conspire","Energized Spire","Fiend Mod","GifTheSpireLib","Googly Eyes","Gremlin Skip","Halation","Hermit","Hubris","Infinite Spire","Jedi Mod","Minty Spire (QoL Compilation)","Permanent Neow","Quick Restart","Relic Filter","Replay The Spire","Spikes Relics","StSLib","Stuff the Spire","Synergy Search","The Bladedancer","The Bug Knight","The Construct","The Cursed","The Factory","The Forsaken","The Jungle","The Necromancer","The Spell Scribe","The Trickster","Trackpad","slay the spire mod where everything is the same but ironclad has a cowboy hat","vexMod"],"gold_per_floor":[118,128,143,143,143,143,48,48,48,48,58,76,76,103,103,200,200,210,210,210,220,232,232,257,257,257,257,272,330,348,367,367,471,471,482,498,509,509,523,551,551,569,569,569,569,588,601,601,601,601,601,601,13,48,48],"floor_reached":56,"playtime":3187,"items_purged":["Strike_W","Regret"],"score":1276,"play_id":"540b8e01-3ae7-441a-aefc-87cfc476c10f","local_time":"20201226005549","is_ascension_mode":false,"campfire_choices":[{"floor":6.0,"key":"REST"},{"data":"Vampiric_Strike","floor":10.0,"key":"SMITH"},{"data":"Bone_Wall","floor":13.0,"key":"SMITH"},{"data":"Summon_Undead_Army","floor":15.0,"key":"SMITH"},{"data":"Summon_Vampire_Lady","floor":23.0,"key":"SMITH"},{"data":"Uncharnel","floor":27.0,"key":"SMITH"},{"floor":32.0,"key":"RECALL"},{"data":"Necromantic_Selection","floor":41.0,"key":"SMITH"},{"data":"Corrupt","floor":44.0,"key":"SMITH"},{"floor":49,"key":"DIG"},{"data":"infinitespire:Gouge","floor":52,"key":"SMITH"}],"circlet_count":0,"master_deck":["Strike_W","Strike_W","Strike_W","Defend_W","Defend_W","Defend_W","Defend_W","Bone_Wall+1","Summon_Undead_Army+1","Vampiric_Strike","Summon_Lich","Corrupt+1","Violent_Necrosis","Summon_Lich","Necromantic_Selection+1","Spectral_Walk","Acid_Javelin","Acid_Javelin","Vampiric_Strike+1","Bone_Armor","Whirlwind_of_Bones","Spectral_Walk","Summon_Vampire_Lady+1","Uncharnel+1","Shade_Step+1","Bone_Bullets","blademaster:Stability","Beam Cell","Cloak And Dagger+1","Toxic_Smoke_Screen+1","Summon_Vampire_Lady+1","Pray+1","infinitespire:Gouge+1","Force Field+1","Bone_Armory","Negative_Energy_Shield"],"relics":["Vampire_Amulet","Oddly Smooth Stone","jedi:shrinkray","SnailShell","halation:EternalFortune","hubris:Towel","trackpad:DisasterInABottle","Rawhide","vexMod:CursedCompass","PrismaticShard","aspiration:RitualStick","halation:AfternoonTea","halation:Prosthetics","StuffTheSpire:Experiment12","trackpad:Trackpad","trackpad:BottledShadow","vexMod:InvisibilityCloak","hubris:ScarierMask","StuffTheSpire:GrapeVine","Replay:Baseball","theForsaken:Lifeblossom","Garlic"],"acts_visited":["Exordium","TheCity","TheBeyond","TheEnding"],"potions_floor_usage":[55,55,55],"damage_taken":[{"damage":9.0,"enemies":"Small Slimes","floor":1.0,"turns":3.0},{"damage":4.0,"enemies":"Jaw Worm","floor":2.0,"turns":4.0},{"damage":0.0,"enemies":"2 Louse","floor":3.0,"turns":2.0},{"damage":0.0,"enemies":"Blue Slaver","floor":11.0,"turns":3.0},{"damage":2.0,"enemies":"Looter","floor":12.0,"turns":3.0},{"damage":3.0,"enemies":"3 Sentries","floor":14.0,"turns":4.0},{"damage":22.0,"enemies":"The Guardian","floor":16.0,"turns":11.0},{"damage":3.0,"enemies":"3 Byrds","floor":18.0,"turns":3.0},{"damage":6.0,"enemies":"Shell Parasite","floor":21.0,"turns":5.0},{"damage":1.0,"enemies":"Snecko","floor":22.0,"turns":4.0},{"damage":12.0,"enemies":"Nightmare","floor":24.0,"turns":7.0},{"damage":2.0,"enemies":"Cultist and Chosen","floor":28.0,"turns":6.0},{"damage":1.0,"enemies":"Snake Plant","floor":30.0,"turns":4.0},{"damage":1.0,"enemies":"Shelled Parasite and Fungi","floor":31.0,"turns":5.0},{"damage":0.0,"enemies":"conspire:MysteriousRune","floor":33.0,"turns":10.0},{"damage":3.0,"enemies":"Orb Walker","floor":35.0,"turns":4.0},{"damage":0.0,"enemies":"3 Shapes","floor":36.0,"turns":4.0},{"damage":11.0,"enemies":"Jaw Worm Horde","floor":37.0,"turns":5.0},{"damage":19.0,"enemies":"3 Darklings","floor":39.0,"turns":5.0},{"damage":11.0,"enemies":"Nightmare","floor":40.0,"turns":7.0},{"damage":0.0,"enemies":"Writhing Mass","floor":42.0,"turns":5.0},{"damage":0,"enemies":"3 Darklings","floor":46,"turns":4},{"damage":0,"enemies":"Writhing Mass","floor":47,"turns":1},{"damage":33,"enemies":"Awakened One","floor":50,"turns":12},{"damage":0,"enemies":"Shield and Spear","floor":54,"turns":4},{"damage":70,"enemies":"The Heart","floor":55,"turns":13}],"seed_played":"-6294441324029392944","potions_obtained":[{"floor":2.0,"key":"Swift Potion"},{"floor":11.0,"key":"Explosive Potion"},{"floor":16.0,"key":"Elixir"},{"floor":22.0,"key":"Strength Potion"},{"floor":31.0,"key":"DuplicationPotion"},{"floor":33.0,"key":"jedi:wingpotion"}],"is_trial":false,"path_per_floor":["M","M","M","?","?","R","$","?","T","R","M","M","R","E","R","B",null,"M","?","?","M","M","R","NM","AVR","T","R","M","?","M","M","R_BF","B",null,"M","M","M","?","M","NM","R","M","T","R","AVR","M","M","?","R_BF","B",null,"R","$","E","B",null],"character_chosen":"NECROMANCER","items_purchased":["Summon_Undead_Army","Vampiric_Strike","Summon_Lich","Corrupt","Violent_Necrosis","Oddly Smooth Stone","jedi:shrinkray","Vampiric_Strike","Bone_Armor","Replay:Baseball","theForsaken:Lifeblossom","Regen Potion","Bone_Armory","Negative_Energy_Shield"],"campfire_rested":1,"item_purchase_floors":[0,0,0,0,0,0,0,7,7,53,53,53,53,53],"current_hp_per_floor":[35,33,37,37,40,63,63,63,63,63,65,68,68,73,73,59,78,78,70,54,67,78,78,78,43,43,43,43,33,37,43,43,43,43,43,43,41,41,41,43,43,43,43,43,43,43,43,43,43,43,43,43,43,43,35],"gold":48,"neow_bonus":"","is_daily":false,"chose_seed":false,"campfire_upgraded":8,"win_rate":0.0,"timestamp":1608972949,"path_taken":["M","M","M","?","?","R","$","?","T","R","M","M","R","E","R","BOSS","M","?","?","M","M","R","NM","AVR","T","R","M","?","M","M","R_BF","BOSS","M","M","M","?","M","NM","R","?","T","R","AVR","M","M","?","R_BF","BOSS","R","$","E","BOSS"],"items_purchased_type":["Card","Card","Card","Card","Card","Relic","Relic","Card","Card","Relic","Relic","Potion","Card","Card"],"build_version":"2020-12-22","purchased_purges":2,"victory":true,"max_hp_per_floor":[75,75,75,75,78,78,78,78,78,78,78,78,78,78,78,78,78,78,78,78,78,78,78,78,43,43,43,43,43,43,43,43,43,43,43,43,43,43,43,43,43,43,43,43,43,43,43,43,43,43,43,43,43,43,43],"card_choices":[{"not_picked":["Summon_Undead_Army","Summon_Undead"],"picked":"Spectral_Walk","floor":1.0},{"not_picked":["Death_March_Dance","Blood_Is_Power"],"picked":"Acid_Javelin","floor":2.0},{"not_picked":["Blood_Is_Power","Death_Coil"],"picked":"Acid_Javelin","floor":3.0},{"not_picked":["Negative_Energy_Javelin","Shackles_Of_Pain","Necrotic_Claws"],"picked":"SKIP","floor":11.0},{"not_picked":["Bone_Armor","Summon_Lich"],"picked":"Whirlwind_of_Bones","floor":12.0},{"not_picked":["Violent_Necrosis","Vampiric_Strike"],"picked":"Spectral_Walk","floor":14.0},{"not_picked":["Grasp_Heart","Hellfire"],"picked":"Summon_Vampire_Lady","floor":16.0},{"not_picked":["Summon_Lich","Vampiric_Strike+1"],"picked":"Uncharnel","floor":18.0},{"not_picked":["Plague_Bolt","Consume_Illness"],"picked":"Shade_Step+1","floor":19.0},{"not_picked":["HollowMod:GreatSlash","construct:SweepLaser","CrushJoints"],"picked":"SKIP","floor":21.0},{"not_picked":["HollowMod:GreatSlash","construct:SweepLaser","CrushJoints"],"picked":"SKIP","floor":21.0},{"not_picked":["Fiend:FiendSalvage","bard:Shout"],"picked":"Bone_Bullets","floor":22.0},{"not_picked":["WaveOfTheHand","theTrickster:TrickyStrike","theScribe:GatherComponents"],"picked":"SKIP","floor":24.0},{"not_picked":["theScribe:Frost","beaked:Tweet","Epidemic"],"picked":"SKIP","floor":28.0},{"not_picked":["FlyingSleeves","HollowMod:NewInfectedGuardian"],"picked":"blademaster:Stability","floor":29.0},{"not_picked":["Reflex","Anger"],"picked":"Beam Cell","floor":29.0},{"not_picked":["theTrickster:CreateAnOpening","blademaster:AirSlash"],"picked":"Cloak And Dagger+1","floor":30.0},{"not_picked":["blademaster:Thrust","Limit Break","Pray"],"picked":"SKIP","floor":31.0},{"not_picked":["TheCursedMod:Obscuration+1","theForsaken:RainingSunlight","HollowMod:DescendingDark"],"picked":"SKIP","floor":35.0},{"not_picked":["bard:TinyHut+1","jedi:studyshivs","theScribe:Frost+1"],"picked":"SKIP","floor":36.0},{"not_picked":["Whirlwind+1","WheelKick+1"],"picked":"Toxic_Smoke_Screen+1","floor":37.0},{"not_picked":["CarveReality","blademaster:DancingEdge","Cold Snap"],"picked":"SKIP","floor":39.0},{"not_picked":["Vault","HollowMod:InfectedAttack","Replay:DivineShield+1"],"picked":"SKIP","floor":40.0},{"not_picked":["hermit:Manifest","hermit:Desperado+1"],"picked":"Pray+1","floor":42.0},{"not_picked":["Perfected Strike","theTrickster:BetterSafe"],"picked":"Force Field+1","floor":46},{"not_picked":["HollowMod:AwokenDreamNail","ReplayTheSpireMod:Scrap Shanks","blademaster:Frenzy+1"],"picked":"SKIP","floor":47},{"not_picked":["DiskWipe","Fiend:FiendFiendishCharge+1","Dropkick"],"picked":"SKIP","floor":54}],"player_experience":1084245,"relics_obtained":[{"floor":9.0,"key":"trackpad:DisasterInABottle"},{"floor":14.0,"key":"Rawhide"},{"floor":19.0,"key":"PrismaticShard"},{"floor":24.0,"key":"halation:AfternoonTea"},{"floor":29.0,"key":"StuffTheSpire:Experiment12"},{"floor":40.0,"key":"trackpad:BottledShadow"},{"floor":43.0,"key":"vexMod:InvisibilityCloak"},{"floor":49,"key":"StuffTheSpire:GrapeVine"},{"floor":54,"key":"Garlic"}],"event_choices":[{"damage_healed":0.0,"max_hp_gain":0.0,"max_hp_loss":0.0,"gold_gain":0.0,"event_name":"Big Fish","player_choice":"Box","floor":4.0,"gold_loss":0.0,"damage_taken":0.0,"relics_obtained":["SnailShell"],"cards_obtained":["Regret"]},{"damage_healed":0.0,"max_hp_gain":0.0,"max_hp_loss":0.0,"gold_gain":0.0,"event_name":"Duplicator","player_choice":"Copied","floor":38.0,"gold_loss":0.0,"damage_taken":0.0,"cards_obtained":["Summon_Vampire_Lady"]}],"is_beta":false,"boss_relics":[{"not_picked":["vexMod:BigBerry","trackpad:Coffee"],"picked":"vexMod:CursedCompass"},{"not_picked":["halation:Risk","vexMod:MysteryBossChallenge"],"picked":"trackpad:Trackpad"}],"items_purged_floors":[0,53],"is_endless":false,"potions_floor_spawned":[2,11,16,22,31,33,40,42],"ascension_level":0}}