{"host":"tknto047uabgu3zm","time":1608955823,"event":{"mods":["AchievementEnabler","BaseMod","Block Reminder","Colored Map","Colored Powertips","Highlight Path","Minty Spire (QoL Compilation)","MonsterHotkey","Permanent Neow","Random Character Button","Rare Cards Sparkle","Relic Sorter","StSLib"],"gold_per_floor":[362,381,401,326,326,326,249,249,249,249,282,293,321,332,332,407,407,419,69,83,83,83,83,113,113,113,113,113],"floor_reached":27,"playtime":1239,"items_purged":[],"score":442,"play_id":"cd3d2b97-12c8-4b32-9f5b-06d1c06751f7","local_time":"20201225201023","is_ascension_mode":true,"campfire_choices":[{"data":"Darkness","floor":6.0,"key":"SMITH"},{"data":"Zap","floor":8.0,"key":"SMITH"},{"data":"Dualcast","floor":10.0,"key":"SMITH"},{"floor":15,"key":"REST"},{"floor":23,"key":"REST"},{"floor":25,"key":"REST"}],"circlet_count":0,"master_deck":["AscendersBane","Strike_B+1","Strike_B+1","Strike_B+1","Strike_B+1","Defend_B+1","Defend_B+1","Defend_B+1","Zap+1","Dualcast+1","Coolheaded+1","Darkness+1","Steam+1","Genetic Algorithm","BootSequence","FTL","Go for the Eyes","Beam Cell","Heatsinks","Multi-Cast","Genetic Algorithm+1","Cold Snap","Capacitor","Go for the Eyes","Writhe","Rebound","Compile Driver+1","Undo"],"relics":["Cracked Core","Oddly Smooth Stone","Dream Catcher","Ancient Tea Set","Fusion Hammer","PreservedInsect","Peace Pipe","Calipers","War Paint"],"acts_visited":["Exordium","TheCity"],"potions_floor_usage":[13,16,20,20,24],"damage_taken":[{"damage":1.0,"enemies":"Cultist","floor":1.0,"turns":3.0},{"damage":0.0,"enemies":"Small Slimes","floor":2.0,"turns":4.0},{"damage":0.0,"enemies":"Jaw Worm","floor":3.0,"turns":3.0},{"damage":18.0,"enemies":"Lagavulin","floor":11.0,"turns":6.0},{"damage":10.0,"enemies":"Exordium Thugs","floor":12.0,"turns":5.0},{"damage":16,"enemies":"Gremlin Nob","floor":13,"turns":4},{"damage":0,"enemies":"Red Slaver","floor":14,"turns":3},{"damage":33,"enemies":"Hexaghost","floor":16,"turns":10},{"damage":28,"enemies":"3 Byrds","floor":18,"turns":5},{"damage":20,"enemies":"Shell Parasite","floor":20,"turns":6},{"damage":20,"enemies":"Book of Stabbing","floor":24,"turns":4},{"damage":44,"enemies":"Slavers","floor":27,"turns":4}],"seed_played":"-635712660262986433","potions_obtained":[{"floor":1.0,"key":"SteroidPotion"},{"floor":2.0,"key":"SpeedPotion"},{"floor":12.0,"key":"SpeedPotion"},{"floor":13,"key":"PotionOfCapacity"},{"floor":18,"key":"PowerPotion"},{"floor":20,"key":"LiquidMemories"}],"is_trial":false,"path_per_floor":["M","M","M","?","$","R","$","R","T","R","E","M","E","M","R","B",null,"M","$","M","?","?","R","E","R","T","E"],"character_chosen":"DEFECT","items_purchased":["Genetic Algorithm","Cold Snap","PreservedInsect","Capacitor","Regen Potion"],"campfire_rested":3,"item_purchase_floors":[7,19,19,19,19],"current_hp_per_floor":[63,63,63,63,63,63,63,63,63,63,45,35,19,19,38,5,49,21,21,16,16,16,35,15,34,34,0,0],"gold":113,"neow_bonus":"TWO_FIFTY_GOLD","is_daily":false,"chose_seed":false,"campfire_upgraded":3,"win_rate":0.0,"timestamp":1608955823,"path_taken":["M","M","?","?","?","R","$","R","T","R","E","?","E","M","R","BOSS","M","?","M","?","?","R","E","R","T","E"],"items_purchased_type":["Card","Card","Relic","Card","Potion"],"build_version":"2020-12-22","purchased_purges":0,"victory":false,"max_hp_per_floor":[64,64,64,64,64,64,64,64,64,64,64,64,64,64,64,64,64,64,64,64,64,64,64,64,64,64,64,64],"card_choices":[{"not_picked":["Aggregate","Chaos"],"picked":"Coolheaded","floor":1.0},{"not_picked":["Compile Driver","Gash"],"picked":"Darkness","floor":2.0},{"not_picked":["Heatsinks","Scrape"],"picked":"Steam","floor":3.0},{"not_picked":["Beam Cell","Hologram"],"picked":"BootSequence","floor":11.0},{"not_picked":["Beam Cell","Leap"],"picked":"FTL","floor":12.0},{"not_picked":["Redo","Beam Cell"],"picked":"Go for the Eyes","floor":13},{"not_picked":["Stack","Darkness"],"picked":"Beam Cell","floor":14},{"not_picked":["Steam","Blizzard"],"picked":"Heatsinks","floor":15},{"not_picked":["Amplify","Rainbow"],"picked":"Multi-Cast","floor":16},{"not_picked":["Go for the Eyes","Recycle"],"picked":"Genetic Algorithm+1","floor":18},{"not_picked":["Hello World","Cold Snap"],"picked":"Go for the Eyes","floor":20},{"not_picked":["Lockon","Fusion"],"picked":"Rebound","floor":23},{"not_picked":["Streamline","Cold Snap"],"picked":"Compile Driver+1","floor":24},{"not_picked":["Steam","Redo"],"picked":"Undo","floor":25}],"player_experience":473702,"relics_obtained":[{"floor":9.0,"key":"Oddly Smooth Stone"},{"floor":11.0,"key":"Dream Catcher"},{"floor":13,"key":"Ancient Tea Set"},{"floor":24,"key":"Calipers"},{"floor":26,"key":"War Paint"}],"event_choices":[{"cards_removed":["Defend_B"],"damage_healed":0.0,"max_hp_gain":0.0,"max_hp_loss":0.0,"gold_gain":0.0,"event_name":"The Cleric","player_choice":"Card Removal","floor":4.0,"gold_loss":75.0,"damage_taken":0.0},{"damage_healed":0,"gold_gain":0,"player_choice":"Opened","damage_taken":0,"relics_obtained":["Peace Pipe"],"max_hp_gain":0,"max_hp_loss":0,"event_name":"The Mausoleum","floor":21,"gold_loss":0,"cards_obtained":["Writhe"]},{"damage_healed":0,"gold_gain":0,"player_choice":"Simplicity","damage_taken":0,"max_hp_gain":0,"max_hp_loss":0,"event_name":"Back to Basics","floor":22,"gold_loss":0,"cards_upgraded":["Strike_B","Strike_B","Strike_B","Strike_B","Defend_B","Defend_B","Defend_B"]}],"is_beta":false,"boss_relics":[{"not_picked":["SacredBark","Snecko Eye"],"picked":"Fusion Hammer"}],"items_purged_floors":[],"is_endless":false,"potions_floor_spawned":[1,2,12,13,18,20],"killed_by":"Slavers","ascension_level":17}}