{"host":"aq6j0shg22k0vr7s","time":1608972729,"event":{"mods":["2.2 Compatiblity","AchievementEnabler","BaseMod","Better Note","Colored Map","Hermit","Marisa????????","Minty Spire (QoL Compilation)","Quick Restart","StSLib","The Bug Knight","The Cursed"],"gold_per_floor":[110,35,112,112,17,50,50,93,393,393,416,430,430,445,445,445,445],"floor_reached":16,"playtime":522,"items_purged":[],"score":158,"play_id":"d6b61d7a-5326-45d9-b69f-7414ec270785","local_time":"20201226005209","is_ascension_mode":false,"campfire_choices":[{"data":"hermit:Combo","floor":7,"key":"SMITH"},{"data":"hermit:HighCaliber","floor":10,"key":"SMITH"},{"data":"hermit:BodyArmor","floor":15,"key":"SMITH"}],"circlet_count":0,"master_deck":["hermit:Strike_Hermit","hermit:Strike_Hermit","hermit:Strike_Hermit","hermit:Strike_Hermit","hermit:Defend_Hermit","hermit:Defend_Hermit","hermit:Defend_Hermit","hermit:Defend_Hermit","hermit:Snapshot","hermit:Covet","hermit:TrackingShot","hermit:Combo+1","Injury","hermit:Snipe","hermit:Coalescence","hermit:HighCaliber+1","hermit:BodyArmor+1","hermit:Ricochet","hermit:HighCaliber","Regret","hermit:Midnight"],"relics":["hermit:Momento","NeowsBlessing","Golden Idol","Toy Ornithopter","InkBottle","Old Coin","Centennial Puzzle"],"acts_visited":["Exordium"],"potions_floor_usage":[12,16],"damage_taken":[{"damage":1,"enemies":"2 Louse","floor":1,"turns":2},{"damage":0,"enemies":"Lagavulin","floor":6,"turns":1},{"damage":0,"enemies":"Gremlin Nob","floor":8,"turns":1},{"damage":0,"enemies":"Small Slimes","floor":11,"turns":3},{"damage":8,"enemies":"Jaw Worm","floor":12,"turns":2},{"damage":24,"enemies":"Blue Slaver","floor":14,"turns":4},{"damage":48,"enemies":"Hexaghost","floor":16,"turns":12}],"seed_played":"-657372833148267340","potions_obtained":[{"floor":8,"key":"Weak Potion"},{"floor":14,"key":"hermit:Tonic"}],"is_trial":false,"path_per_floor":["M","$","?","?","$","E","R","E","T","R","M","M","?","M","R","B"],"character_chosen":"HERMIT","items_purchased":["hermit:Combo","hermit:Snipe","hermit:Coalescence"],"campfire_rested":0,"item_purchase_floors":[2,5,5],"current_hp_per_floor":[74,74,74,74,74,74,74,74,74,74,74,67,67,43,43,0,0],"gold":445,"neow_bonus":"THREE_ENEMY_KILL","is_daily":false,"chose_seed":false,"campfire_upgraded":3,"win_rate":0.0,"timestamp":1608972729,"path_taken":["M","$","?","?","$","E","R","E","T","R","M","M","?","M","R","BOSS"],"items_purchased_type":["Card","Card","Card"],"build_version":"2020-12-22","purchased_purges":0,"victory":false,"max_hp_per_floor":[75,75,75,75,75,75,75,75,75,75,75,75,75,75,75,75,75],"card_choices":[{"not_picked":["hermit:LowProfile","hermit:SprayPray"],"picked":"hermit:TrackingShot","floor":1},{"not_picked":["hermit:Malice","hermit:Spite"],"picked":"hermit:HighCaliber","floor":6},{"not_picked":["hermit:Cheat","hermit:Combo"],"picked":"hermit:BodyArmor","floor":8},{"not_picked":["hermit:DeadMansHand","hermit:Virtue"],"picked":"hermit:Ricochet","floor":11},{"not_picked":["hermit:Shortfuse","hermit:Dive"],"picked":"hermit:HighCaliber","floor":12},{"not_picked":["hermit:BodyArmor","hermit:Dive"],"picked":"hermit:Midnight","floor":14}],"player_experience":65938,"relics_obtained":[{"floor":6,"key":"Toy Ornithopter"},{"floor":8,"key":"InkBottle"},{"floor":9,"key":"Old Coin"}],"event_choices":[{"damage_healed":0,"gold_gain":77,"player_choice":"Gained Gold","damage_taken":0,"max_hp_gain":0,"max_hp_loss":0,"event_name":"Golden Wing","floor":3,"gold_loss":0},{"damage_healed":0,"gold_gain":0,"player_choice":"Take Wound","damage_taken":0,"relics_obtained":["Golden Idol"],"max_hp_gain":0,"max_hp_loss":0,"event_name":"Golden Idol","floor":4,"gold_loss":0,"cards_obtained":["Injury"]},{"damage_healed":0,"gold_gain":0,"player_choice":"Box","damage_taken":0,"relics_obtained":["Centennial Puzzle"],"max_hp_gain":0,"max_hp_loss":0,"event_name":"Big Fish","floor":13,"gold_loss":0,"cards_obtained":["Regret"]}],"is_beta":false,"boss_relics":[],"items_purged_floors":[],"is_endless":false,"potions_floor_spawned":[8,14],"killed_by":"Hexaghost","ascension_level":0}}