{"host":"0i8dz4ityulxi1rd","time":1608995230,"event":{"mods":["BaseMod","Colored Map","Colored Powertips","Custom Start","Highlight Path","Infinite Spire","Keyboard Shortcuts","Minty Spire (QoL Compilation)","StSLib","SuperFastMode"],"gold_per_floor":[369,386,399,410,421,448,448,448,448],"floor_reached":8,"playtime":192,"items_purged":[],"score":120,"play_id":"2aa9620c-d890-4627-bde0-1d65d4fb930b","local_time":"20201227000710","is_ascension_mode":true,"campfire_choices":[{"floor":7,"key":"REST"}],"circlet_count":0,"master_deck":["AscendersBane","Strike_R","Strike_R","Strike_R","Strike_R","Strike_R","Defend_R","Defend_R","Defend_R","Defend_R","Bash","Wild Strike","Anger","infinitespire:OneForAll"],"relics":["Burning Blood","Blood Vial"],"acts_visited":["Exordium"],"potions_floor_usage":[6,6],"damage_taken":[{"damage":1,"enemies":"Cultist","floor":1,"turns":3},{"damage":12,"enemies":"Jaw Worm","floor":2,"turns":3},{"damage":10,"enemies":"Small Slimes","floor":3,"turns":3},{"damage":20,"enemies":"3 Louse","floor":4,"turns":4},{"damage":14,"enemies":"Red Slaver","floor":5,"turns":2},{"damage":35,"enemies":"Lagavulin","floor":6,"turns":7},{"damage":32,"enemies":"Gremlin Nob","floor":8,"turns":3}],"seed_played":"-1103082552837155704","potions_obtained":[{"floor":3,"key":"DistilledChaos"},{"floor":5,"key":"SkillPotion"}],"is_trial":false,"path_per_floor":["M","M","M","M","M","E","R","E"],"character_chosen":"IRONCLAD","items_purchased":[],"campfire_rested":1,"item_purchase_floors":[],"current_hp_per_floor":[68,62,58,44,36,7,27,0,0],"gold":448,"neow_bonus":"TWO_FIFTY_GOLD","is_daily":false,"chose_seed":false,"campfire_upgraded":0,"win_rate":0.0,"timestamp":1608995230,"path_taken":["M","M","M","M","M","E","R","E"],"items_purchased_type":[],"build_version":"2020-12-22","purchased_purges":0,"victory":false,"max_hp_per_floor":[68,68,68,68,68,68,68,68,68],"card_choices":[{"not_picked":["Intimidate","Clash"],"picked":"Wild Strike","floor":1},{"not_picked":["Perfected Strike","Twin Strike","Armaments"],"picked":"SKIP","floor":2},{"not_picked":["Body Slam","Clothesline"],"picked":"Anger","floor":3},{"not_picked":["Pommel Strike","Heavy Blade","Thunderclap"],"picked":"SKIP","floor":4},{"not_picked":["Intimidate","Cleave","Body Slam"],"picked":"SKIP","floor":5},{"not_picked":["Sentinel","Headbutt"],"picked":"infinitespire:OneForAll","floor":6}],"player_experience":1266493,"relics_obtained":[{"floor":6,"key":"Blood Vial"}],"event_choices":[],"is_beta":false,"boss_relics":[],"items_purged_floors":[],"is_endless":false,"potions_floor_spawned":[3,5],"killed_by":"Gremlin Nob","ascension_level":20}}