{"host":"ir6vojma30jz6tvk","time":1608978279,"event":{"mods":["AchievementEnabler","BaseMod","Colored Map","Minty Spire (QoL Compilation)","StSLib","SuperFastMode"],"gold_per_floor":[117,117,137,237,252,286,286,304,304,229,239,274,119,148,148,244,244,258,158,158,10,10,40,57,68,92,117,134,134,151,185,185,289,289,302,329,56,109,118,162,192,206,253,253,266,294,294,313,313,313,313,313,40,68,68],"floor_reached":56,"playtime":2710,"items_purged":["Strike_B","Turbo+1","Steam"],"score":1714,"play_id":"b5e3c61d-5aa4-4de8-9854-cadff13d4f6c","local_time":"20201226192439","is_ascension_mode":true,"campfire_choices":[{"data":"Redo","floor":7.0,"key":"SMITH"},{"floor":15.0,"key":"REST"},{"floor":29.0,"key":"REST"},{"data":"Coolheaded","floor":32.0,"key":"SMITH"},{"data":"Reboot","floor":44.0,"key":"SMITH"},{"data":"Chaos","floor":49.0,"key":"SMITH"},{"data":"Defragment","floor":52,"key":"SMITH"}],"circlet_count":0,"master_deck":["Defend_B+1","Defend_B+1","Dualcast","Rebound","Sweeping Beam","Static Discharge","Meteor Strike","Redo+1","Defragment+1","Buffer","Creative AI","Loop+1","BootSequence+1","Steam Power","Genetic Algorithm","Coolheaded+1","Chaos+1","Hologram","Reboot+1","Coolheaded","Seek","Compile Driver+1","Glacier","Compile Driver+1","Meteor Strike","Storm+1","Tempest","Defragment"],"relics":["Snecko Eye","PreservedInsect","War Paint","Gremlin Horn","Orrery","Nunchaku","Astrolabe","Medical Kit","Mummified Hand","Singing Bowl","Juzu Bracelet","Nuclear Battery","CeramicFish","Membership Card","Pantograph","StoneCalendar","HornCleat","MealTicket","Regal Pillow","Chemical X","Anchor","Pen Nib"],"acts_visited":["Exordium","TheCity","TheBeyond","TheEnding"],"potions_floor_usage":[50,50,50,55],"damage_taken":[{"damage":14.0,"enemies":"Cultist","floor":1.0,"turns":5.0},{"damage":2.0,"enemies":"Jaw Worm","floor":3.0,"turns":3.0},{"damage":0.0,"enemies":"Small Slimes","floor":5.0,"turns":3.0},{"damage":12.0,"enemies":"Gremlin Nob","floor":6.0,"turns":3.0},{"damage":14.0,"enemies":"Gremlin Gang","floor":8.0,"turns":3.0},{"damage":9.0,"enemies":"Red Slaver","floor":11.0,"turns":2.0},{"damage":5.0,"enemies":"Lagavulin","floor":12.0,"turns":3.0},{"damage":0.0,"enemies":"3 Sentries","floor":14.0,"turns":3.0},{"damage":0.0,"enemies":"Slime Boss","floor":16.0,"turns":6.0},{"damage":36.0,"enemies":"2 Thieves","floor":18.0,"turns":3.0},{"damage":0.0,"enemies":"Book of Stabbing","floor":23.0,"turns":5.0},{"damage":7.0,"enemies":"Shell Parasite","floor":24.0,"turns":5.0},{"damage":11.0,"enemies":"Sentry and Sphere","floor":25.0,"turns":5.0},{"damage":4.0,"enemies":"Slavers","floor":27.0,"turns":6.0},{"damage":0.0,"enemies":"3 Cultists","floor":28.0,"turns":5.0},{"damage":0.0,"enemies":"Snake Plant","floor":30.0,"turns":3.0},{"damage":27.0,"enemies":"Gremlin Leader","floor":31.0,"turns":4.0},{"damage":0.0,"enemies":"Automaton","floor":33.0,"turns":6.0},{"damage":19.0,"enemies":"3 Darklings","floor":35.0,"turns":6.0},{"damage":28.0,"enemies":"2 Orb Walkers","floor":38.0,"turns":6.0},{"damage":0.0,"enemies":"Giant Head","floor":40.0,"turns":5.0},{"damage":0.0,"enemies":"3 Shapes","floor":41.0,"turns":3.0},{"damage":0.0,"enemies":"Jaw Worm Horde","floor":42.0,"turns":3.0},{"damage":17.0,"enemies":"Transient","floor":45.0,"turns":5.0},{"damage":0.0,"enemies":"Nemesis","floor":46.0,"turns":5.0},{"damage":0.0,"enemies":"Writhing Mass","floor":48.0,"turns":3.0},{"damage":0,"enemies":"Awakened One","floor":50,"turns":6},{"damage":43,"enemies":"Shield and Spear","floor":54,"turns":6},{"damage":2,"enemies":"The Heart","floor":55,"turns":7}],"seed_played":"6518252982125328490","potions_obtained":[{"floor":1.0,"key":"Strength Potion"},{"floor":3.0,"key":"ColorlessPotion"},{"floor":6.0,"key":"FearPotion"},{"floor":22.0,"key":"PotionOfCapacity"},{"floor":22.0,"key":"Swift Potion"},{"floor":38.0,"key":"Weak Potion"},{"floor":41.0,"key":"EntropicBrew"},{"floor":54,"key":"Weak Potion"}],"is_trial":false,"path_per_floor":["M","?","M","?","M","E","R","M","T","$","M","E","$","E","R","B",null,"M","$","?","$","?","E","M","M","T","E","M","R","M","E","R","B",null,"M","T","$","?","?","E","M","M","T","R","M","E","?","M","R","B",null,"R","$","E","B",null],"character_chosen":"DEFECT","items_purchased":["Orrery","Medical Kit","Membership Card","Pantograph","Tempest","Chemical X","Defragment","Anchor"],"campfire_rested":2,"item_purchase_floors":[13,21,37,37,53,53,53,53],"current_hp_per_floor":[61,54,52,52,52,40,40,26,26,26,17,12,12,12,34,34,75,39,39,39,39,39,39,32,21,21,17,17,39,41,14,14,14,77,58,58,58,32,32,32,32,34,34,34,19,21,21,21,21,46,81,81,81,40,63],"gold":68,"neow_bonus":"BOSS_RELIC","is_daily":false,"chose_seed":false,"campfire_upgraded":5,"win_rate":0.0,"timestamp":1608978279,"path_taken":["M","?","M","?","M","E","R","M","T","$","?","E","$","E","R","BOSS","M","$","?","$","?","E","?","M","T","E","M","R","M","E","R","BOSS","M","?","$","?","?","E","M","M","T","R","M","E","?","M","R","BOSS","R","$","E","BOSS"],"items_purchased_type":["Relic","Relic","Relic","Relic","Card","Relic","Card","Relic"],"build_version":"2020-12-22","purchased_purges":3,"victory":true,"max_hp_per_floor":[75,75,75,75,75,75,75,75,75,75,75,75,75,75,75,75,75,75,75,75,75,75,75,75,75,75,75,75,75,77,77,77,77,77,77,77,77,79,79,79,79,81,81,81,83,85,81,81,81,81,81,81,81,83,83],"card_choices":[{"not_picked":["Undo","Static Discharge"],"picked":"Rebound","floor":1.0},{"not_picked":["Conserve Battery","Chill"],"picked":"Sweeping Beam","floor":3.0},{"not_picked":["Rebound","Heatsinks"],"picked":"Static Discharge","floor":5.0},{"not_picked":["Undo","Electrodynamics"],"picked":"Redo","floor":6.0},{"not_picked":["Leap","Rebound","Turbo"],"picked":"SKIP","floor":8.0},{"not_picked":["Cold Snap","Chaos"],"picked":"FTL","floor":11.0},{"not_picked":["Leap","Sweeping Beam","Cold Snap"],"picked":"SKIP","floor":12.0},{"not_picked":["Ball Lightning","Consume"],"picked":"Defragment","floor":13.0},{"not_picked":["Darkness","Rebound"],"picked":"Buffer","floor":13.0},{"not_picked":["Redo","Rebound","Reprogram"],"picked":"SKIP","floor":14.0},{"not_picked":["Buffer","Echo Form"],"picked":"Creative AI","floor":16.0},{"not_picked":["Rip and Tear+1","Loop","Steam Power"],"picked":"SKIP","floor":18.0},{"not_picked":["Rip and Tear+1","Loop"],"picked":"Steam Power","floor":18.0},{"not_picked":["BootSequence","Gash"],"picked":"Coolheaded","floor":23.0},{"not_picked":["Reinforced Body+1","Stack"],"picked":"Chaos","floor":24.0},{"not_picked":["Stack","White Noise"],"picked":"Hologram","floor":25.0},{"not_picked":["Stack","Compile Driver"],"picked":"Gash","floor":27.0},{"not_picked":["Conserve Battery+1","Consume"],"picked":"Reboot","floor":28.0},{"not_picked":["Conserve Battery","White Noise+1","Steam+1"],"picked":"Singing Bowl","floor":30.0},{"not_picked":["Conserve Battery+1","Cold Snap"],"picked":"Coolheaded","floor":31.0},{"not_picked":["Buffer","Core Surge"],"picked":"Seek","floor":33.0},{"not_picked":["Coolheaded","Barrage+1"],"picked":"Compile Driver","floor":35.0},{"not_picked":["Sweeping Beam+1","Lockon+1","Redo"],"picked":"Singing Bowl","floor":38.0},{"not_picked":["Leap","Turbo+1"],"picked":"Glacier","floor":40.0},{"not_picked":["Gash","Conserve Battery"],"picked":"Meteor Strike","floor":41.0},{"not_picked":["Coolheaded+1","Barrage","Sunder"],"picked":"Singing Bowl","floor":42.0},{"not_picked":["Rebound+1","Recycle","Fusion"],"picked":"Singing Bowl","floor":45.0},{"not_picked":["Melter+1","Steam+1","Beam Cell+1"],"picked":"Singing Bowl","floor":46.0},{"not_picked":["Echo Form","Ball Lightning+1"],"picked":"Storm+1","floor":48.0},{"not_picked":["Conserve Battery+1","Barrage","BootSequence"],"picked":"Singing Bowl","floor":54}],"player_experience":625660,"relics_obtained":[{"floor":6.0,"key":"PreservedInsect"},{"floor":9.0,"key":"War Paint"},{"floor":12.0,"key":"Gremlin Horn"},{"floor":14.0,"key":"Nunchaku"},{"floor":23.0,"key":"Mummified Hand"},{"floor":27.0,"key":"Singing Bowl"},{"floor":31.0,"key":"Juzu Bracelet"},{"floor":36.0,"key":"CeramicFish"},{"floor":38.0,"key":"StoneCalendar"},{"floor":40.0,"key":"HornCleat"},{"floor":43.0,"key":"MealTicket"},{"floor":46.0,"key":"Regal Pillow"},{"floor":54,"key":"Pen Nib"}],"event_choices":[{"cards_removed":["Strike_B"],"damage_healed":0.0,"max_hp_gain":0.0,"max_hp_loss":0.0,"gold_gain":0.0,"event_name":"Golden Wing","player_choice":"Card Removal","floor":2.0,"gold_loss":0.0,"damage_taken":7.0},{"damage_healed":0.0,"max_hp_gain":0.0,"max_hp_loss":0.0,"gold_gain":100.0,"event_name":"Golden Shrine","player_choice":"Pray","floor":4.0,"gold_loss":0.0,"damage_taken":0.0},{"damage_healed":0.0,"max_hp_gain":0.0,"max_hp_loss":0.0,"gold_gain":0.0,"cards_transformed":["Defend_B","Zap"],"event_name":"Drug Dealer","player_choice":"Became Test Subject","floor":20.0,"gold_loss":0.0,"damage_taken":0.0,"cards_obtained":["Steam","Genetic Algorithm"]},{"damage_healed":0.0,"max_hp_gain":0.0,"max_hp_loss":0.0,"gold_gain":0.0,"event_name":"Lab","player_choice":"Got Potions","floor":22.0,"gold_loss":0.0,"damage_taken":0.0},{"damage_healed":0.0,"max_hp_gain":0.0,"max_hp_loss":0.0,"gold_gain":0.0,"event_name":"Mysterious Sphere","player_choice":"Fight","floor":38.0,"gold_loss":0.0,"damage_taken":0.0},{"cards_removed":["Compile Driver"],"damage_healed":0.0,"max_hp_gain":0.0,"max_hp_loss":0.0,"gold_gain":0.0,"event_name":"Falling","player_choice":"Removed Attack","floor":39.0,"gold_loss":0.0,"damage_taken":0.0},{"damage_healed":0.0,"max_hp_gain":0.0,"max_hp_loss":4.0,"gold_gain":0.0,"event_name":"Winding Halls","player_choice":"Max HP","floor":47.0,"gold_loss":0.0,"damage_taken":0.0}],"is_beta":false,"boss_relics":[{"not_picked":["Empty Cage","Philosopher\u0027s Stone"],"picked":"Astrolabe"},{"not_picked":["Velvet Choker","Runic Pyramid"],"picked":"Nuclear Battery"}],"items_purged_floors":[10,19,53],"is_endless":false,"potions_floor_spawned":[1,3,6,23,24,27,31,38,41,42,54],"ascension_level":2}}