{"host":"c5j8t0wyh2hvx9ju","time":1608995564,"event":{"mods":["Astrologer","BaseMod","BetterRewards","HololiveMod","Minty Spire (QoL Compilation)","Prisma Mod","StSLib"],"gold_per_floor":[118,118,43,43,55,55,85,105,105,124,144,144,144,71,71,173,173,192,202,202,216,234,234,234,254,254,254,254],"floor_reached":27,"playtime":1446,"items_purged":["Defend_B"],"score":280,"play_id":"31970046-6d28-49a3-8ad6-0d2c3df2acc2","local_time":"20201227001244","is_ascension_mode":true,"campfire_choices":[{"data":"Dualcast","floor":6.0,"key":"SMITH"},{"data":"Zap","floor":13.0,"key":"SMITH"},{"data":"Sunder","floor":15,"key":"SMITH"},{"floor":24,"key":"REST"}],"circlet_count":0,"master_deck":["Strike_B+1","Strike_B","Strike_B","Strike_B","Defend_B+1","Defend_B","Defend_B","Zap+1","Dualcast+1","Conserve Battery","Coolheaded","Sunder+1","Capacitor","Fission","Pain","Genetic Algorithm","Clumsy"],"relics":["Cracked Core","HornCleat","Thread and Needle","Cursed Key","Nloth\u0027s Gift","WarpedTongs","Unceasing Top"],"acts_visited":["Exordium","TheCity"],"potions_floor_usage":[22],"damage_taken":[{"damage":0.0,"enemies":"Small Slimes","floor":1.0,"turns":2.0},{"damage":0.0,"enemies":"Cultist","floor":5.0,"turns":4.0},{"damage":13.0,"enemies":"3 Sentries","floor":7.0,"turns":10.0},{"damage":7.0,"enemies":"Jaw Worm","floor":8.0,"turns":3.0},{"damage":0.0,"enemies":"Exordium Wildlife","floor":10.0,"turns":2.0},{"damage":0.0,"enemies":"Blue Slaver","floor":11.0,"turns":3.0},{"damage":13,"enemies":"Hexaghost","floor":16,"turns":11},{"damage":0,"enemies":"Chosen","floor":18,"turns":6},{"damage":22,"enemies":"Shell Parasite","floor":19,"turns":5},{"damage":8,"enemies":"Centurion and Healer","floor":21,"turns":8},{"damage":7,"enemies":"Shelled Parasite and Fungi","floor":22,"turns":7},{"damage":5,"enemies":"Snecko","floor":25,"turns":5},{"damage":42,"enemies":"Chosen and Byrds","floor":27,"turns":6}],"seed_played":"4541089430429524869","potions_obtained":[{"floor":7.0,"key":"FearPotion"},{"floor":11.0,"key":"EssenceOfSteel"},{"floor":19,"key":"Explosive Potion"}],"is_trial":false,"path_per_floor":["M","?","$","T","M","R","E","M","T","M","M","?","R","$","R","B",null,"M","M","?","M","M","?","R","M","T","M"],"character_chosen":"DEFECT","items_purchased":["Conserve Battery","Coolheaded","Capacitor"],"campfire_rested":1,"item_purchase_floors":[0,0,14],"current_hp_per_floor":[68,68,68,68,68,68,55,48,48,48,48,33,33,33,33,20,61,61,39,39,31,24,24,46,41,41,0,0],"gold":254,"neow_bonus":"","is_daily":false,"chose_seed":false,"campfire_upgraded":3,"win_rate":0.0,"timestamp":1608995564,"path_taken":["M","?","?","?","M","R","E","M","T","?","M","?","R","?","R","BOSS","M","M","?","M","?","?","R","?","T","M"],"items_purchased_type":["Card","Card","Card"],"build_version":"2020-12-22","purchased_purges":1,"victory":false,"max_hp_per_floor":[75,75,75,75,75,75,75,75,75,75,75,75,75,75,75,75,75,75,75,75,75,75,75,75,75,75,75,75],"card_choices":[{"not_picked":["Conserve Battery","Melter","Compile Driver"],"picked":"SKIP","floor":1.0},{"not_picked":["Beam Cell","Leap","Stack"],"picked":"SKIP","floor":5.0},{"not_picked":["Compile Driver","Stack","Skim"],"picked":"SKIP","floor":7.0},{"not_picked":["Hologram","Steam Power"],"picked":"Sunder","floor":8.0},{"not_picked":["Lockon","Cold Snap","Chill"],"picked":"SKIP","floor":10.0},{"not_picked":["Ball Lightning","Turbo","Coolheaded"],"picked":"SKIP","floor":11.0},{"not_picked":["Thunder Strike","Hyperbeam"],"picked":"Fission","floor":16},{"not_picked":["Go for the Eyes+1","Self Repair","Compile Driver"],"picked":"SKIP","floor":18},{"not_picked":["Stack","Go for the Eyes+1","Ball Lightning"],"picked":"SKIP","floor":19},{"not_picked":["Beam Cell","Rebound","Ball Lightning+1"],"picked":"SKIP","floor":21},{"not_picked":["Steam","All For One","Lockon"],"picked":"SKIP","floor":22},{"not_picked":["Heatsinks","Ball Lightning"],"picked":"Genetic Algorithm","floor":25}],"player_experience":863257,"relics_obtained":[{"floor":4.0,"key":"HornCleat"},{"floor":7.0,"key":"Gremlin Horn"},{"floor":9.0,"key":"Thread and Needle"},{"floor":26,"key":"Unceasing Top"}],"event_choices":[{"damage_healed":0.0,"max_hp_gain":0.0,"max_hp_loss":0.0,"gold_gain":0.0,"event_name":"The Woman in Blue","player_choice":"Bought 0 Potions","floor":2.0,"gold_loss":0.0,"damage_taken":0.0},{"damage_healed":0.0,"max_hp_gain":0.0,"max_hp_loss":0.0,"gold_gain":0.0,"event_name":"Shining Light","player_choice":"Entered Light","floor":12.0,"gold_loss":0.0,"damage_taken":15.0,"cards_upgraded":["Strike_B","Defend_B"]},{"damage_healed":0,"gold_gain":0,"player_choice":"Traded Relic","damage_taken":0,"relics_obtained":["Nloth\u0027s Gift"],"max_hp_gain":0,"max_hp_loss":0,"event_name":"N\u0027loth","floor":20,"relics_lost":["Gremlin Horn"],"gold_loss":0},{"damage_healed":0,"gold_gain":0,"player_choice":"Rummage","damage_taken":0,"relics_obtained":["WarpedTongs"],"max_hp_gain":0,"max_hp_loss":0,"event_name":"Accursed Blacksmith","floor":23,"gold_loss":0,"cards_obtained":["Pain"]}],"is_beta":false,"boss_relics":[{"not_picked":["Busted Crown","Coffee Dripper"],"picked":"Cursed Key"}],"items_purged_floors":[3],"is_endless":false,"potions_floor_spawned":[7,11,19,21],"killed_by":"Chosen and Byrds","ascension_level":6}}