{"host":"9kjfrj3pewitpdem","time":1608951752,"event":{"mods":["AchievementEnabler","BaseMod","Better Altar","Better Match","Better Note","Better Sensory Stone","Better Skull","Better Third Choice","BetterRewards","Colored Map","Colored Powertips","GifTheSpireLib","Hermit","Hero for Fun","Hubris","Jorbs\u0027s Wanderer Trilogy","Minty Spire (QoL Compilation)","Replay The Spire","StSLib","The Bladedancer","The Cursed","The Hierophant","The Runesmith","The Servant 0.9.4"],"gold_per_floor":[118,118,118,132,132,132,147,158,183,183,183,183,196,46,46,141,141,158,158,173,187,204,204,218,218,242,167,92,124,151,164,164,268,268,282,282,331,345,143,143,161,173,173,187,216,231,231,231,231,231,231],"floor_reached":50,"playtime":3049,"items_purged":["Initiator"],"score":559,"play_id":"7d89300f-d0e0-4317-ae01-4c1e21b19002","local_time":"20201226140232","is_ascension_mode":false,"campfire_choices":[{"data":"KidneyShot","floor":6,"key":"SMITH"},{"floor":10,"key":"REST"},{"floor":12,"key":"RECALL"},{"floor":15,"key":"DIG"},{"floor":23,"key":"REST"},{"data":"SilverBlades","floor":25,"key":"SMITH"},{"floor":32,"key":"REST"},{"data":"Rearm","floor":40,"key":"SMITH"},{"floor":47,"key":"REST"},{"data":"KillingDoll","floor":49,"key":"SMITH"}],"circlet_count":0,"master_deck":["KidneyShot+1","Exchange","Unruled+1","GearUp","Comet","KillingDoll+1","Contraction","Ricochet","Crow Ritual+1","SilverBlades+1","InstantArmor","BestPractice+1","Rearm+1","BottledTime"],"relics":["Uniform","Oddly Smooth Stone","Mummified Hand","Replay:Baseball","Vajra","hubris:MysteriousPyramids","Pandora\u0027s Box","Anchor","Bronze Scales","Akabeko","Empty Cage","Gremlin Horn","HandDrill","ReplayFunnel"],"acts_visited":["Exordium","TheCity","TheBeyond"],"potions_floor_usage":[13,16,16,24,24,29,38,45,46,50],"damage_taken":[{"damage":0,"enemies":"2 Louse","floor":1,"turns":3},{"damage":4,"enemies":"Small Slimes","floor":4,"turns":4},{"damage":4,"enemies":"Jaw Worm","floor":7,"turns":4},{"damage":9,"enemies":"Red Slaver","floor":8,"turns":3},{"damage":0,"enemies":"2 Fungi Beasts","floor":13,"turns":3},{"damage":20,"enemies":"Hexaghost","floor":16,"turns":11},{"damage":7,"enemies":"Spheric Guardian","floor":18,"turns":4},{"damage":8,"enemies":"Shell Parasite","floor":20,"turns":5},{"damage":36,"enemies":"Cultist and Chosen","floor":21,"turns":5},{"damage":6,"enemies":"Snake Plant","floor":22,"turns":4},{"damage":0,"enemies":"Chosen and Byrds","floor":24,"turns":4},{"damage":27,"enemies":"Slavers","floor":29,"turns":4},{"damage":0,"enemies":"Centurion and Healer","floor":31,"turns":3},{"damage":0,"enemies":"Pondfish","floor":33,"turns":5},{"damage":3,"enemies":"3 Shapes","floor":35,"turns":2},{"damage":2,"enemies":"3 Darklings","floor":38,"turns":5},{"damage":6,"enemies":"Spire Growth","floor":41,"turns":3},{"damage":13,"enemies":"Sphere and 2 Shapes","floor":42,"turns":2},{"damage":0,"enemies":"Transient","floor":44,"turns":5},{"damage":0,"enemies":"Giant Head","floor":45,"turns":3},{"damage":8,"enemies":"4 Shapes","floor":46,"turns":3},{"damage":73,"enemies":"Time Eater","floor":50,"turns":7}],"seed_played":"491633722823627297","potions_obtained":[{"floor":4,"key":"Adrenaline Potion"},{"floor":7,"key":"Adrenaline Potion"},{"floor":13,"key":"PowerPotion"},{"floor":20,"key":"Ancient Potion"},{"floor":21,"key":"PowerPotion"},{"floor":22,"key":"Languid Potion"},{"floor":33,"key":"Block Potion"},{"floor":38,"key":"FairyPotion"},{"floor":42,"key":"FearPotion"},{"floor":45,"key":"Weak Potion"},{"floor":46,"key":"DistilledChaos"}],"is_trial":false,"path_per_floor":["M","?","?","M","T","R","M","M","T","R","?","R","M","$","R_BF","B",null,"M","?","M","M","M","R","M","R","T","?","$","E","T","M","R","B",null,"M","?","?","M","$","R","M","M","T","M","E","M","R","?","R","B"],"character_chosen":"THE_SERVANT","items_purchased":["Vajra","Rearm","HandDrill"],"campfire_rested":4,"item_purchase_floors":[14,39,39],"current_hp_per_floor":[65,70,70,66,66,66,62,53,53,70,70,70,70,70,70,50,70,63,63,55,19,13,34,34,34,34,34,34,7,7,7,28,28,70,67,66,50,48,48,48,42,29,29,29,29,21,40,40,40,0,0],"gold":231,"neow_bonus":"RANDOM_COMMON_RELIC","is_daily":false,"chose_seed":false,"campfire_upgraded":4,"win_rate":0.0,"timestamp":1608951752,"path_taken":["M","?","?","M","?","R","?","M","T","R","?","R","M","$","R_BF","BOSS","M","?","M","M","M","R","?","R","T","?","$","E","?","M","R","BOSS","M","?","?","M","$","R","M","?","T","M","E","M","R","?","R","BOSS"],"items_purchased_type":["Relic","Card","Relic"],"build_version":"2020-12-22","purchased_purges":1,"victory":false,"max_hp_per_floor":[65,70,70,70,70,70,70,70,70,70,70,70,70,70,70,70,70,70,70,70,70,70,70,70,70,70,70,70,70,70,70,70,70,70,70,66,66,66,66,66,66,66,66,66,66,66,66,66,66,66,66],"card_choices":[{"not_picked":["Starlight","FanOfKnives","SurpressingFire"],"picked":"SKIP","floor":1},{"not_picked":["RealityMarble","Potential","Starlight"],"picked":"SKIP","floor":4},{"not_picked":["Spin","MoonPhase","Starlight"],"picked":"SKIP","floor":7},{"not_picked":["SoulSculpture","Ricochet","Gouge"],"picked":"SKIP","floor":8},{"not_picked":["Advance","Barrier"],"picked":"GearUp","floor":13},{"not_picked":["ShatteredReality","TimeWarp+1","Rewind"],"picked":"SKIP","floor":18},{"not_picked":["ReturningBlade+1","DoubleEdge"],"picked":"SilverBlades","floor":20},{"not_picked":["Manipulate+1","SurpressingFire","Ricochet"],"picked":"SKIP","floor":21},{"not_picked":["Replace","SpecialFormula"],"picked":"InstantArmor","floor":22},{"not_picked":["DoubleEdge","Moonlight"],"picked":"BestPractice+1","floor":24},{"not_picked":["Embodiment","BottledTime","TimeTheft+1"],"picked":"SKIP","floor":29},{"not_picked":["Contraction","ShatteredReality","RealityMarble"],"picked":"SKIP","floor":31},{"not_picked":["FastForward+1","Snipe","Starlight"],"picked":"SKIP","floor":35},{"not_picked":["Revamp","Starlight+1","Ricochet"],"picked":"SKIP","floor":38},{"not_picked":["Spin+1","Potential+1","Shuttle"],"picked":"SKIP","floor":41},{"not_picked":["DoubleEdge+1","FastForward","TimeWarp"],"picked":"SKIP","floor":42},{"not_picked":["TimeWarp+1","Rearm"],"picked":"KillingDoll","floor":44},{"not_picked":["Potential+1","TimeWarp","Ricochet"],"picked":"SKIP","floor":45},{"not_picked":["Alleviate+1","Luminosity"],"picked":"BottledTime","floor":46}],"player_experience":115905,"relics_obtained":[{"floor":5,"key":"Mummified Hand"},{"floor":9,"key":"Replay:Baseball"},{"floor":15,"key":"hubris:MysteriousPyramids"},{"floor":26,"key":"Anchor"},{"floor":29,"key":"Bronze Scales"},{"floor":30,"key":"Akabeko"},{"floor":37,"key":"Gremlin Horn"},{"floor":45,"key":"ReplayFunnel"}],"event_choices":[{"damage_healed":0,"gold_gain":0,"player_choice":"Donut","damage_taken":0,"max_hp_gain":5,"max_hp_loss":0,"event_name":"Big Fish","floor":2,"gold_loss":0},{"damage_healed":70,"gold_gain":0,"player_choice":"Embrace Burn","damage_taken":0,"max_hp_gain":0,"max_hp_loss":70,"event_name":"betterThird:BetterShining","floor":11,"gold_loss":0},{"cards_removed":["Comet"],"damage_healed":0,"gold_gain":0,"player_choice":"Take \u0026 Give","damage_taken":0,"max_hp_gain":0,"max_hp_loss":0,"event_name":"betterNote:BetterNote","floor":19,"gold_loss":0,"cards_obtained":["Crow Ritual"]},{"cards_removed":["SoulSculpture"],"damage_healed":0,"gold_gain":0,"player_choice":"Gave Gold","damage_taken":0,"max_hp_gain":0,"max_hp_loss":0,"event_name":"Beggar","floor":27,"gold_loss":75},{"damage_healed":0,"gold_gain":0,"player_choice":"Max HP","damage_taken":0,"max_hp_gain":0,"max_hp_loss":4,"event_name":"Winding Halls","floor":36,"gold_loss":0},{"cards_removed":["KillingDoll"],"damage_healed":0,"gold_gain":0,"player_choice":"Removed Attack","damage_taken":0,"max_hp_gain":0,"max_hp_loss":0,"event_name":"Falling","floor":48,"gold_loss":0}],"is_beta":false,"boss_relics":[{"not_picked":["Fusion Hammer","hubris:CrackedHourglass"],"picked":"Pandora\u0027s Box"},{"not_picked":["hubris:TerracottaHorce","ReplayTheSpireMod:DimensionalGlitch"],"picked":"Empty Cage"}],"items_purged_floors":[28],"is_endless":false,"potions_floor_spawned":[4,7,13,20,21,22,33,38,42,45,46],"killed_by":"Time Eater","ascension_level":0}}