{"host":"y7sd46uq4xlni546","time":1608977474,"event":{"mods":["AchievementEnabler","BaseMod","Colored Map","Colored Powertips","Curses Come First","Minty Spire (QoL Compilation)","Random Character Button","Rare Cards Sparkle","StSLib"],"gold_per_floor":[117,217,230,405,405,432,461,461,461,494,136,149,149,179,179,277,277,289,302,752,768,793,793,820,848,848,848,596,596,626,626,626,726,726,738,738,787,696,720,752,780,807,807,846,605,605,636,636,636,636],"floor_reached":51,"playtime":2412,"items_purged":["Gash"],"score":1141,"play_id":"cfcda201-e699-4d79-9a63-ebfead16a023","local_time":"20201226111114","daily_mods":["SealedDeck","Heirloom","Time Dilation","Flight"],"is_ascension_mode":false,"campfire_choices":[{"data":"Echo Form","floor":8.0,"key":"SMITH"},{"data":"Sunder","floor":13.0,"key":"SMITH"},{"data":"Chaos","floor":15.0,"key":"SMITH"},{"floor":23.0,"key":"REST"},{"floor":27,"key":"REST"},{"data":"Wraith Form v2","floor":29,"key":"SMITH"},{"data":"Demon Form","floor":32,"key":"SMITH"},{"floor":49,"key":"RECALL"}],"circlet_count":0,"master_deck":["Demon Form+1","Wraith Form v2+1","Echo Form+1","DevaForm+1","Beam Cell+1","Cold Snap+1","Redo+1","Chaos+1","Conserve Battery+1","Glacier+1","Scrape+1","Sunder+1","Hologram+1","Scrape+1","Hologram+1","Core Surge+1","Amplify+1","Capacitor+1","Sunder+1","Meteor Strike+1","Turbo+1","Sunder+1","Meteor Strike+1","Amplify+1","Defragment+1"],"relics":["Snecko Eye","Unceasing Top","Pocketwatch","Question Card","Vajra","Bottled Tornado","Incense Burner","Membership Card","Akabeko","Bottled Flame","Tiny Chest","Black Star","Potion Belt","HornCleat","Sundial","Pear","Orichalcum","Matryoshka","Singing Bowl","Cables","Art of War","Pantograph","Sozu","Dead Branch","Strawberry","CeramicFish","Oddly Smooth Stone","Bag of Preparation","Eternal Feather","Regal Pillow","White Beast Statue","StrikeDummy","Darkstone Periapt","PreservedInsect","War Paint","DollysMirror","Bottled Lightning","Omamori","Kunai","Mark of the Bloom"],"acts_visited":["Exordium","TheCity","TheBeyond"],"potions_floor_usage":[50,50,50],"damage_taken":[{"damage":0.0,"enemies":"Jaw Worm","floor":1.0,"turns":3.0},{"damage":0.0,"enemies":"Cultist","floor":3.0,"turns":2.0},{"damage":2.0,"enemies":"Lagavulin","floor":6.0,"turns":5.0},{"damage":3.0,"enemies":"Gremlin Nob","floor":7.0,"turns":3.0},{"damage":0.0,"enemies":"Lagavulin","floor":10.0,"turns":4.0},{"damage":0.0,"enemies":"2 Louse","floor":12.0,"turns":2.0},{"damage":2.0,"enemies":"3 Sentries","floor":14.0,"turns":5.0},{"damage":4.0,"enemies":"The Guardian","floor":16.0,"turns":5.0},{"damage":6.0,"enemies":"3 Byrds","floor":18.0,"turns":5.0},{"damage":0.0,"enemies":"2 Thieves","floor":19.0,"turns":2.0},{"damage":0.0,"enemies":"Snake Plant","floor":21.0,"turns":3.0},{"damage":0.0,"enemies":"Book of Stabbing","floor":24.0,"turns":3.0},{"damage":18,"enemies":"Gremlin Leader","floor":25,"turns":5},{"damage":7,"enemies":"Slavers","floor":30,"turns":3},{"damage":8,"enemies":"Collector","floor":33,"turns":5},{"damage":4,"enemies":"3 Darklings","floor":35,"turns":3},{"damage":0,"enemies":"2 Orb Walkers","floor":37,"turns":2},{"damage":7,"enemies":"Reptomancer","floor":40,"turns":3},{"damage":0,"enemies":"Giant Head","floor":41,"turns":4},{"damage":0,"enemies":"3 Shapes","floor":42,"turns":1},{"damage":0,"enemies":"Nemesis","floor":44,"turns":3},{"damage":0,"enemies":"Giant Head","floor":47,"turns":3},{"damage":9,"enemies":"Time Eater","floor":50,"turns":4}],"seed_played":"-4427942909394721090","potions_obtained":[{"floor":6.0,"key":"Block Potion"},{"floor":7.0,"key":"Ancient Potion"},{"floor":16.0,"key":"Explosive Potion"},{"floor":24.0,"key":"BlessingOfTheForge"},{"floor":25,"key":"Ancient Potion"},{"floor":30,"key":"EssenceOfSteel"}],"is_trial":true,"path_per_floor":["M","?","M","?","?","E","E","R","T","E","$","M","R","E","R","B",null,"M","M","?","M","T","R","E","E","T","R","$","R","E","?","R","B",null,"M","?","?","$","T","E","E","M","T","E","$","?","E","?","R","B",null],"character_chosen":"DEFECT","items_purchased":["Membership Card","Akabeko","Bottled Flame","Singing Bowl","Cables","Strawberry","Turbo","DollysMirror","Bottled Lightning","Defragment"],"campfire_rested":2,"item_purchase_floors":[11,11,11,28,28,38,38,45,45,45],"current_hp_per_floor":[75,75,75,75,68,66,63,63,63,63,63,63,63,61,61,57,75,69,69,23,23,23,45,45,37,37,62,62,62,57,86,86,79,87,85,85,87,94,94,89,91,91,91,91,91,91,93,93,93,84],"gold":636,"neow_bonus":"","is_daily":false,"chose_seed":false,"campfire_upgraded":5,"win_rate":0.0,"timestamp":1608977474,"path_taken":["M","?","?","?","?","E","E","R","T","E","?","?","R","E","R","BOSS","M","?","?","?","?","R","E","E","T","R","$","R","E","?","R","BOSS","M","?","?","$","?","E","E","M","T","E","?","?","E","?","R","BOSS"],"items_purchased_type":["Relic","Relic","Relic","Relic","Relic","Relic","Card","Relic","Relic","Card"],"build_version":"2020-12-22","purchased_purges":1,"victory":true,"max_hp_per_floor":[75,75,75,75,75,75,75,75,75,75,75,75,75,75,75,75,75,75,75,75,75,75,75,75,85,85,85,85,85,87,87,87,87,87,89,85,87,94,94,96,98,98,98,98,98,98,100,100,100,100],"card_choices":[{"not_picked":["Hologram","Leap"],"picked":"Scrape","floor":1.0},{"not_picked":["Redo","Rip and Tear"],"picked":"Hologram","floor":3.0},{"not_picked":["Rebound","Beam Cell","Barrage"],"picked":"SKIP","floor":6.0},{"not_picked":["Turbo","Scrape","Redo","Hyperbeam"],"picked":"SKIP","floor":7.0},{"not_picked":["Turbo","Ball Lightning","Hologram"],"picked":"White Noise","floor":10.0},{"not_picked":["Ball Lightning","Cold Snap","Double Energy","Go for the Eyes"],"picked":"SKIP","floor":12.0},{"not_picked":["Go for the Eyes","Barrage","Tempest"],"picked":"Core Surge","floor":14.0},{"not_picked":["Biased Cognition","Electrodynamics","Seek"],"picked":"Amplify","floor":16.0},{"not_picked":["Cold Snap","Lockon+1","Steam","Ball Lightning+1"],"picked":"SKIP","floor":18.0},{"not_picked":["Chaos","Recycle","Conserve Battery","Rip and Tear+1"],"picked":"SKIP","floor":19.0},{"not_picked":["Skim","Aggregate+1","Hello World","Storm"],"picked":"SKIP","floor":21.0},{"not_picked":["Conserve Battery+1","Storm","Gash+1"],"picked":"Capacitor","floor":24.0},{"not_picked":["Ball Lightning","Consume","Rainbow"],"picked":"Sunder+1","floor":25},{"not_picked":["Ball Lightning","Leap+1","Electrodynamics","Streamline"],"picked":"Singing Bowl","floor":30},{"not_picked":["Seek","Machine Learning","Amplify"],"picked":"Meteor Strike","floor":33},{"not_picked":["Lockon","Darkness+1","Compile Driver+1","Genetic Algorithm+1"],"picked":"Singing Bowl","floor":35},{"not_picked":["Stack+1","Rebound+1","Scrape","Ball Lightning+1"],"picked":"Singing Bowl","floor":37},{"not_picked":["Coolheaded+1","Auto Shields+1","Lockon+1","Streamline+1"],"picked":"Singing Bowl","floor":40},{"not_picked":["Rip and Tear+1","Conserve Battery+1","Turbo","Aggregate+1"],"picked":"Singing Bowl","floor":41},{"not_picked":["Leap","Turbo","Blizzard+1"],"picked":"Sunder","floor":42},{"not_picked":["Barrage+1","Sweeping Beam+1","Go for the Eyes"],"picked":"Meteor Strike","floor":44},{"not_picked":["Conserve Battery","Heatsinks+1","White Noise+1","Turbo"],"picked":"Singing Bowl","floor":47}],"player_experience":502457,"relics_obtained":[{"floor":6.0,"key":"Question Card"},{"floor":7.0,"key":"Vajra"},{"floor":9.0,"key":"Bottled Tornado"},{"floor":10.0,"key":"Incense Burner"},{"floor":14.0,"key":"Tiny Chest"},{"floor":22.0,"key":"Potion Belt"},{"floor":24.0,"key":"HornCleat"},{"floor":24.0,"key":"Sundial"},{"floor":25,"key":"Pear"},{"floor":25,"key":"Orichalcum"},{"floor":26,"key":"Matryoshka"},{"floor":30,"key":"Art of War"},{"floor":30,"key":"Pantograph"},{"floor":37,"key":"Dead Branch"},{"floor":39,"key":"CeramicFish"},{"floor":39,"key":"Oddly Smooth Stone"},{"floor":40,"key":"Bag of Preparation"},{"floor":40,"key":"Eternal Feather"},{"floor":41,"key":"Regal Pillow"},{"floor":41,"key":"White Beast Statue"},{"floor":43,"key":"StrikeDummy"},{"floor":43,"key":"Darkstone Periapt"},{"floor":44,"key":"PreservedInsect"},{"floor":44,"key":"War Paint"},{"floor":47,"key":"Omamori"},{"floor":47,"key":"Kunai"}],"event_choices":[{"damage_healed":0.0,"max_hp_gain":0.0,"max_hp_loss":0.0,"gold_gain":100.0,"event_name":"Golden Shrine","player_choice":"Pray","floor":2.0,"gold_loss":0.0,"damage_taken":0.0},{"damage_healed":0.0,"max_hp_gain":0.0,"max_hp_loss":0.0,"gold_gain":175.0,"event_name":"Liars Game","player_choice":"AGREE","floor":4.0,"gold_loss":0.0,"damage_taken":0.0,"cards_obtained":["Doubt"]},{"cards_removed":["Doubt"],"damage_healed":0.0,"max_hp_gain":0.0,"max_hp_loss":0.0,"gold_gain":0.0,"event_name":"Golden Wing","player_choice":"Card Removal","floor":5.0,"gold_loss":0.0,"damage_taken":7.0},{"damage_healed":0.0,"max_hp_gain":0.0,"max_hp_loss":0.0,"gold_gain":450.0,"event_name":"Knowing Skull","player_choice":"GOLD GOLD GOLD GOLD GOLD ","floor":20.0,"potions_obtained":[],"gold_loss":0.0,"damage_taken":46.0,"cards_obtained":[]},{"damage_healed":29,"gold_gain":0,"player_choice":"Heal","damage_taken":0,"max_hp_gain":0,"max_hp_loss":0,"event_name":"The Library","floor":31,"gold_loss":0},{"damage_healed":0,"gold_gain":0,"player_choice":"Max HP","damage_taken":0,"max_hp_gain":0,"max_hp_loss":4,"event_name":"Winding Halls","floor":36,"gold_loss":0},{"damage_healed":0,"gold_gain":0,"player_choice":"Fight","damage_taken":0,"max_hp_gain":0,"max_hp_loss":0,"event_name":"Mysterious Sphere","floor":37,"gold_loss":0},{"cards_removed":["White Noise"],"damage_healed":0,"gold_gain":0,"player_choice":"Removed Skill","damage_taken":0,"max_hp_gain":0,"max_hp_loss":0,"event_name":"Falling","floor":46,"gold_loss":0},{"damage_healed":0,"gold_gain":0,"player_choice":"Upgrade","damage_taken":0,"relics_obtained":["Mark of the Bloom"],"max_hp_gain":0,"max_hp_loss":0,"event_name":"MindBloom","floor":48,"gold_loss":0,"cards_upgraded":["DevaForm","Beam Cell","Cold Snap","Redo","Glacier","Scrape","Scrape","Hologram","Core Surge","Amplify","Capacitor","Meteor Strike","Turbo","Sunder","Meteor Strike","Amplify","Defragment"]}],"is_beta":false,"boss_relics":[{"not_picked":["Coffee Dripper","Fusion Hammer"],"picked":"Black Star"},{"not_picked":["Runic Pyramid","Cursed Key"],"picked":"Sozu"}],"items_purged_floors":[45],"is_endless":false,"potions_floor_spawned":[6,7,16,24,25,30,37,42,44,47],"ascension_level":0}}