{"host":"4mphejzs0ycavab3","time":1608953908,"event":{"mods":["BaseMod","Colored Map","Colored Powertips","Marisa£®ÏF”Í°°ƒß¿Ì…≥£©","Minty Spire (QoL Compilation)","Quick Restart","StSLib","The Bug Knight","The Cursed","The Necromancer","The Servant 0.9.4"],"gold_per_floor":[211,221,221,171,99,137,137,137,137,162,230,230,46,66,66,189,189,213,233,233,233,246,281,296,296,296],"floor_reached":25,"playtime":958,"items_purged":[],"score":279,"play_id":"399abe39-4e4d-463c-be2b-453974479247","local_time":"20201226113828","is_ascension_mode":true,"campfire_choices":[{"data":"Crippling Poison","floor":8.0,"key":"SMITH"},{"data":"Noxious Fumes","floor":15.0,"key":"SMITH"}],"circlet_count":0,"master_deck":["Strike_G","Strike_G","Strike_G","Strike_G","Strike_G","Defend_G","Defend_G","Defend_G","Defend_G","Defend_G","Survivor","Neutralize","Poisoned Stab","Finisher","Crippling Poison+1","Quick Slash","Noxious Fumes+1","TheCursedMod:BlessingInDisguise","TheCursedMod:AntiAging","BestPractice","Impatience","Good Instincts","Bloodletting+1","A Thousand Cuts","HollowMod:CycloneSlash+1"],"relics":["Ring of the Snake","Golden Idol","Meat on the Bone","Gremlin Horn","Ornamental Fan","Du-Vu Doll","PrismaticShard","Black Star","Boot","Mango"],"acts_visited":["Exordium","TheCity"],"potions_floor_usage":[25,25],"damage_taken":[{"damage":6.0,"enemies":"2 Louse","floor":1.0,"turns":3.0},{"damage":4.0,"enemies":"Jaw Worm","floor":2.0,"turns":3.0},{"damage":20.0,"enemies":"HollowMod:MossKnight","floor":6.0,"turns":6.0},{"damage":0.0,"enemies":"Small Slimes","floor":10.0,"turns":2.0},{"damage":1.0,"enemies":"Gremlin Gang","floor":14.0,"turns":4.0},{"damage":36.0,"enemies":"Slime Boss","floor":16.0,"turns":10.0},{"damage":4.0,"enemies":"3 Byrds","floor":18.0,"turns":4.0},{"damage":29.0,"enemies":"2 Thieves","floor":19.0,"turns":5.0},{"damage":19.0,"enemies":"Centurion and Healer","floor":22.0,"turns":6.0},{"damage":24.0,"enemies":"HollowMod:Nosk","floor":23.0,"turns":8.0},{"damage":42.0,"enemies":"Snake Plant","floor":24.0,"turns":6.0},{"damage":31,"enemies":"Snecko","floor":25,"turns":4}],"seed_played":"4250083462919626204","potions_obtained":[{"floor":1.0,"key":"Ancient Potion"},{"floor":6.0,"key":"Energy Potion"},{"floor":14.0,"key":"SkillPotion"},{"floor":18.0,"key":"SkillPotion"},{"floor":23.0,"key":"ColorlessPotion"}],"is_trial":false,"path_per_floor":["M","M","?","?","$","E","?","R","T","M","T","?","$","M","R","B",null,"M","M","?","?","M","E","M","M"],"character_chosen":"THE_SILENT","items_purchased":["Crippling Poison","PrismaticShard","Noxious Fumes"],"campfire_rested":0,"item_purchase_floors":[5,13,13],"current_hp_per_floor":[64,60,60,60,60,40,80,80,80,80,80,80,80,79,79,43,80,76,47,73,54,47,49,19,0,0],"gold":296,"neow_bonus":"HUNDRED_GOLD","is_daily":false,"chose_seed":false,"campfire_upgraded":2,"win_rate":0.0,"timestamp":1608953908,"path_taken":["M","M","?","?","?","E","?","R","T","?","?","?","$","?","R","BOSS","M","?","?","?","M","E","M","?"],"items_purchased_type":["Card","Relic","Card"],"build_version":"2020-12-22","purchased_purges":0,"victory":false,"max_hp_per_floor":[70,70,70,70,70,70,80,80,80,80,80,80,80,80,80,80,80,80,80,80,80,80,94,94,94,94],"card_choices":[{"not_picked":["Catalyst","Heel Hook"],"picked":"Poisoned Stab","floor":1.0},{"not_picked":["Dodge and Roll","Calculated Gamble"],"picked":"Finisher","floor":2.0},{"not_picked":["Bane","Deflect"],"picked":"After Image","floor":6.0},{"not_picked":["Dash","Backflip"],"picked":"Quick Slash","floor":10.0},{"not_picked":["HollowMod:DesolateDive","Acceleration"],"picked":"TheCursedMod:BlessingInDisguise","floor":14.0},{"not_picked":["Unload","Violence"],"picked":"TheCursedMod:AntiAging","floor":16.0},{"not_picked":["Shackles_Of_Pain","CrushJoints"],"picked":"BestPractice","floor":18.0},{"not_picked":["Halt+1","Barrage","Nirvana+1"],"picked":"SKIP","floor":19.0},{"not_picked":["HollowMod:DesolateDive","HollowMod:NewLittleFool+1"],"picked":"Bloodletting+1","floor":22.0},{"not_picked":["Worship","EmptyFist"],"picked":"A Thousand Cuts","floor":23.0},{"not_picked":["TheCursedMod:Obscuration+1","MachineGunSpark"],"picked":"HollowMod:CycloneSlash+1","floor":24.0}],"player_experience":247527,"relics_obtained":[{"floor":6.0,"key":"Meat on the Bone"},{"floor":9.0,"key":"Gremlin Horn"},{"floor":11.0,"key":"Ornamental Fan"},{"floor":23.0,"key":"Boot"},{"floor":23.0,"key":"Mango"}],"event_choices":[{"damage_healed":0.0,"max_hp_gain":0.0,"max_hp_loss":0.0,"gold_gain":0.0,"event_name":"Golden Idol","player_choice":"Take Wound","floor":3.0,"gold_loss":0.0,"damage_taken":0.0,"relics_obtained":["Golden Idol"],"cards_obtained":["Injury"]},{"cards_removed":["Injury"],"damage_healed":0.0,"max_hp_gain":0.0,"max_hp_loss":0.0,"gold_gain":0.0,"event_name":"The Cleric","player_choice":"Card Removal","floor":4.0,"gold_loss":50.0,"damage_taken":0.0},{"cards_removed":["After Image"],"damage_healed":30.0,"max_hp_gain":10.0,"max_hp_loss":0.0,"gold_gain":0.0,"event_name":"Bonfire Elementals","player_choice":"Offered Rare","floor":7.0,"gold_loss":0.0,"damage_taken":0.0},{"damage_healed":0.0,"max_hp_gain":0.0,"max_hp_loss":0.0,"gold_gain":0.0,"event_name":"WeMeetAgain","player_choice":"Gave Potion","floor":12.0,"gold_loss":0.0,"damage_taken":0.0,"relics_obtained":["Du-Vu Doll"]},{"damage_healed":26.0,"max_hp_gain":0.0,"max_hp_loss":0.0,"gold_gain":0.0,"event_name":"The Library","player_choice":"Heal","floor":20.0,"gold_loss":0.0,"damage_taken":0.0},{"damage_healed":0.0,"max_hp_gain":0.0,"max_hp_loss":0.0,"gold_gain":0.0,"event_name":"Knowing Skull","player_choice":"CARD CARD ","floor":21.0,"potions_obtained":[],"gold_loss":0.0,"damage_taken":19.0,"cards_obtained":["Impatience","Good Instincts"]}],"is_beta":false,"boss_relics":[{"not_picked":["Sozu","Runic Dome"],"picked":"Black Star"}],"items_purged_floors":[],"is_endless":false,"potions_floor_spawned":[1,6,14,18,23],"killed_by":"Snecko","ascension_level":3}}