{"host":"1tmagqyeywr2w44t","time":1608971722,"event":{"mods":["2.2 Compatiblity","BaseMod","Colored Powertips","Downfall","Marisa£¨Ùöéë¡¡Øª×âÞÞ£©","Minty Spire (QoL Compilation)","Rare Cards Sparkle","Replay The Spire","StSLib","SuperFastMode","The Marked"],"gold_per_floor":[99,116,116,130,144,160,160,190,190,28,58,58,70,92,117,227,239,251,283,306,329,341,384,464,476,476,476],"floor_reached":25,"playtime":792,"items_purged":[],"score":234,"play_id":"b4e4a43f-fe86-416a-926f-9fd1116ab4a3","local_time":"20201226173522","is_ascension_mode":true,"campfire_choices":[{"data":"Guardian:GemFinder","floor":1,"key":"SMITH"},{"data":"Guardian:Planning","floor":9,"key":"SMITH"},{"floor":13,"key":"REST"},{"data":"Guardian:FastForward","floor":18,"key":"SMITH"}],"circlet_count":0,"master_deck":["Guardian:Strike_Guardian","Guardian:Strike_Guardian","Guardian:Strike_Guardian","Guardian:Strike_Guardian","Guardian:Defend_Guardian","Guardian:Defend_Guardian","Guardian:Defend_Guardian","Guardian:Defend_Guardian","Guardian:CurlUp","Guardian:TwinSlam","Guardian:GemFinder+1","Guardian:Reroute","Guardian:Orbwalk","Guardian:Gem_Red","Guardian:Planning+1","Guardian:Gem_Crimson","Guardian:Incinerate","Guardian:Gem_Fragmented","Guardian:FastForward+1","Guardian:TemporalShield","Guardian:Gem_Cyan","Guardian:PrismaticBeam","Guardian:Gem_Cyan","Guardian:PiercingHide+1"],"relics":["Guardian:ModeShifter","downfall:ShatteredFragment","Gremlin Horn","Odd Mushroom","Replay:Mystery Machine","Thread and Needle","MawBank","Black Star","Bag of Preparation","Ornamental Fan","Guardian:StasisCodex"],"acts_visited":["Exordium","TheCity"],"potions_floor_usage":[16],"damage_taken":[{"damage":13,"enemies":"Jaw Worm","floor":2,"turns":5},{"damage":0,"enemies":"2 Louse","floor":4,"turns":2},{"damage":0,"enemies":"Cultist","floor":5,"turns":3},{"damage":16,"enemies":"Exordium Wildlife","floor":6,"turns":4},{"damage":14,"enemies":"The Mushroom Lair","floor":8,"turns":4},{"damage":0,"enemies":"downfall:FleeingMerchant","floor":10,"turns":4},{"damage":4,"enemies":"Red Slaver","floor":14,"turns":2},{"damage":0,"enemies":"Large Slime","floor":15,"turns":4},{"damage":2,"enemies":"downfall:Watcher","floor":16,"turns":5},{"damage":18,"enemies":"Chosen","floor":19,"turns":5},{"damage":20,"enemies":"Snake Plant","floor":20,"turns":3},{"damage":12,"enemies":"Centurion and Healer","floor":21,"turns":6},{"damage":29,"enemies":"Slavers","floor":23,"turns":7},{"damage":31,"enemies":"Gremlin Leader","floor":25,"turns":2}],"seed_played":"-1805226911798090488","potions_obtained":[{"floor":4,"key":"Elixir"},{"floor":5,"key":"Weak Potion"},{"floor":14,"key":"Slimebound:ThreeZeroPotion"},{"floor":15,"key":"Strength Potion"},{"floor":20,"key":"SteroidPotion"}],"is_trial":false,"path_per_floor":["R","M","?","M","M","M","T","?","R","$","?","T","R","M","M","B",null,"R","M","M","M","?","E","T","E"],"character_chosen":"GUARDIAN","items_purchased":["Replay:Mystery Machine"],"campfire_rested":1,"item_purchase_floors":[10],"current_hp_per_floor":[80,67,43,43,43,27,27,13,13,13,13,13,37,33,33,31,80,80,62,42,30,56,27,27,0,0,0],"gold":476,"neow_bonus":"ONE_RANDOM_RARE_CARD","is_daily":false,"chose_seed":false,"campfire_upgraded":3,"win_rate":0.0,"timestamp":1608971722,"path_taken":["R","M","?","M","M","M","T","?","R","$","?","?","R","?","M","BOSS","R","M","M","M","?","E","T","E"],"items_purchased_type":["Relic"],"build_version":"2020-12-22","purchased_purges":0,"victory":false,"max_hp_per_floor":[80,80,80,80,80,80,80,80,80,80,80,80,80,80,80,80,80,80,80,80,80,80,80,80,80,80,80],"card_choices":[{"not_picked":["Guardian:Harden","Guardian:WalkerClaw"],"picked":"Guardian:Reroute","floor":2},{"not_picked":["Guardian:Gem_Lightblue","Guardian:Gem_Red"],"picked":"Guardian:Gem_Cyan","floor":2},{"not_picked":["Guardian:Reroute","Guardian:Gem_Red"],"picked":"Guardian:Orbwalk","floor":4},{"not_picked":["Guardian:Gem_Lightblue","Guardian:Gem_Green"],"picked":"Guardian:Gem_Cyan","floor":4},{"not_picked":["Guardian:TimeBomb","Guardian:Gem_Red"],"picked":"Guardian:Gem_Yellow","floor":5},{"not_picked":["Guardian:Gem_Lightblue","Guardian:Gem_Green"],"picked":"Guardian:Gem_Red","floor":5},{"not_picked":["Guardian:EvasiveProtocol","Guardian:Clone"],"picked":"Guardian:Gem_Yellow","floor":6},{"not_picked":["Guardian:SentryBeam","Guardian:PiercingHide"],"picked":"Guardian:Planning","floor":8},{"not_picked":["Guardian:TemporalStrike","Guardian:CrystalBeam"],"picked":"Guardian:Gem_Crimson","floor":10},{"not_picked":["Guardian:Gem_Red","Guardian:EvasiveProtocol"],"picked":"Guardian:Incinerate","floor":14},{"not_picked":["Guardian:PrimingBeam","Guardian:TimeCapacitor"],"picked":"Guardian:Gem_Fragmented","floor":15},{"not_picked":["Guardian:SphericShield","Guardian:GemFinder"],"picked":"Guardian:FastForward","floor":16},{"not_picked":["Guardian:Gem_Cyan","Guardian:ShieldCharger+1","Guardian:Planning"],"picked":"SKIP","floor":19},{"not_picked":["Guardian:Incinerate","Guardian:ConstructionForm"],"picked":"Guardian:TemporalShield","floor":20},{"not_picked":["Guardian:Gem_Lightblue","Guardian:Gem_Red"],"picked":"Guardian:Gem_Cyan","floor":21},{"not_picked":["Guardian:Incinerate","Guardian:Gem_Red"],"picked":"Guardian:PrismaticBeam","floor":21},{"not_picked":["Guardian:Gem_Red","Guardian:Gem_Lightblue"],"picked":"Guardian:Gem_Cyan","floor":23},{"not_picked":["Guardian:Gem_Cyan","Guardian:Orbwalk+1"],"picked":"Guardian:PiercingHide+1","floor":23}],"player_experience":207943,"relics_obtained":[{"floor":7,"key":"Gremlin Horn"},{"floor":8,"key":"Odd Mushroom"},{"floor":12,"key":"MawBank"},{"floor":23,"key":"Bag of Preparation"},{"floor":23,"key":"Ornamental Fan"},{"floor":24,"key":"Guardian:StasisCodex"}],"event_choices":[{"damage_healed":0,"gold_gain":0,"player_choice":"Fought Mushrooms","damage_taken":0,"max_hp_gain":0,"max_hp_loss":0,"event_name":"Mushrooms","floor":8,"gold_loss":0},{"damage_healed":26,"gold_gain":0,"player_choice":"Heal","damage_taken":0,"max_hp_gain":0,"max_hp_loss":0,"event_name":"The Library","floor":22,"gold_loss":0}],"is_beta":false,"boss_relics":[{"not_picked":["Runic Dome","Busted Crown"],"picked":"Black Star"}],"items_purged_floors":[],"is_endless":false,"potions_floor_spawned":[4,5,14,15,20,23],"killed_by":"Gremlin Leader","ascension_level":2}}