{"host":"rcanb95qz4o6v6pp","time":1608989287,"event":{"mods":["AchievementEnabler","BaseMod","Better Third Choice","Colored Map","Downfall","Minty Spire (QoL Compilation)","Replay The Spire","Spicy Shops","StSLib","The Blue Laboratory"],"gold_per_floor":[109,109,145,3,3,3,35,66,66,98,123,138,63,77,77,175,175,195,120,120,120,134,160,189,201,201,201,226,1,31,58,58,161,161,172,172,185,185,214,246,70,70,70,80,115,146,158,187,187,187,187,187,35,65,65],"floor_reached":56,"playtime":21252,"items_purged":["CommonCold"],"score":2015,"play_id":"d13eed8f-2c7b-4a7c-93db-531eeb9e03a3","local_time":"20201226082807","daily_mods":["SealedDeck","Specialized","Green Cards","Blue Cards","Heirloom","Flight","DeadlyEvents"],"is_ascension_mode":false,"campfire_choices":[{"floor":6,"key":"RECALL"},{"data":"Blade Dance","floor":27,"key":"SMITH"},{"data":"ReplayTheSpireMod:Omega Cannon","floor":32,"key":"SMITH"},{"data":"Limit Break","floor":52,"key":"SMITH"}],"circlet_count":0,"master_deck":["Toxin Wave+1","Toxin Wave","Toxin Wave","Toxin Wave","Toxin Wave","Deadly Poison","Stack","Armaments","Guardian:Gem_Red","Steam+1","Deflect","Turbo","Guardian:Gem_Green","Beam Cell","Beam Cell","Noxious Fumes","Pot Of Greed","Pot Of Greed","Blade Dance","Leap","Cloak And Dagger","Thunderclap","Ball Lightning","Iron Wave","ReplayTheSpireMod:Omega Cannon+1","Pot Of Greed","Bite","Bite","Bite","Bite","Bite","J.A.X.","Blade Dance+1","Accuracy","Quick Slash","Guardian:EvasiveProtocol","Rupture+1","Pot Of Greed","Limit Break+1","Crippling Poison","Limit Break","Skim","Uppercut+1","Steam","Ball Lightning","BootSequence+1","Madness","Madness","White Noise","Guardian:Orbwalk+1","Pot Of Greed","Hidden Blade","Double Energy","Conserve Battery+1","Infernal Blade","Seeing Red","Disarm+1","Guardian:SpikerProtocol","Heavy Blade+1","Cloak And Dagger","Iron Wave+1"],"relics":["Burning Blood","Ring of Chaos","Gambling Chip","Ring of Peace","ReplayTheSpireMod:Ring of Collecting","Charon\u0027s Ashes","Prayer Wheel","Grinning Jar","Snack Pack","ReplayTheSpireMod:Ring of Exchange","Letter Opener","Ginger","Turnip","Black Star","champ:DuelingGlove","Dream Catcher","Toy Ornithopter","Mercury Hourglass","ReplayTheSpireMod:Ring of Addiction","SacredBark","Potion Belt","Mirror","Oddly Smooth Stone","Divine Protection","King of Hearts","Boot","Akabeko","ReplayTheSpireMod:TigerMarble","Orrery","Pondfish Scales","Replay:Bottled Snecko","Calipers","Ornamental Fan","Strawberry","Dead Branch","Ring of Misfortune","Replay:Wax Seal","Mummified Hand","ReplayTheSpireMod:Lightbulb","Replay:WaspNest","Incense Burner","Replay:Bottled Steam","Vajra","StoneCalendar"],"acts_visited":["Exordium","TheCity","TheBeyond","TheEnding"],"potions_floor_usage":[8,18,24,25,28,28,30,31,33,33,39,50,55,55,55,55],"damage_taken":[{"damage":0,"enemies":"2 Louse","floor":1,"turns":1},{"damage":8,"enemies":"Lagavulin","floor":7,"turns":5},{"damage":56,"enemies":"Gremlin Nob","floor":8,"turns":5},{"damage":0,"enemies":"3 Sentries","floor":10,"turns":2},{"damage":0,"enemies":"Replay:BlueRogue","floor":11,"turns":3},{"damage":0,"enemies":"Jaw Worm","floor":12,"turns":2},{"damage":0,"enemies":"Small Slimes","floor":14,"turns":2},{"damage":26,"enemies":"Hexaghost","floor":16,"turns":6},{"damage":0,"enemies":"Shell Parasite","floor":18,"turns":4},{"damage":6,"enemies":"2 Thieves","floor":22,"turns":4},{"damage":41,"enemies":"Gremlin Leader","floor":23,"turns":6},{"damage":13,"enemies":"Replay:Snechameleon","floor":24,"turns":4},{"damage":9,"enemies":"Centurion and Healer","floor":25,"turns":4},{"damage":0,"enemies":"Book of Stabbing","floor":28,"turns":1},{"damage":0,"enemies":"Gremlin Leader","floor":30,"turns":3},{"damage":0,"enemies":"Slavers","floor":31,"turns":3},{"damage":0,"enemies":"Collector","floor":33,"turns":4},{"damage":0,"enemies":"Orb Walker","floor":35,"turns":2},{"damage":0,"enemies":"3 Shapes","floor":37,"turns":3},{"damage":1,"enemies":"Giant Head","floor":39,"turns":6},{"damage":0,"enemies":"R_Hoarder","floor":40,"turns":6},{"damage":0,"enemies":"3 Darklings","floor":44,"turns":2},{"damage":1,"enemies":"Reptomancer","floor":45,"turns":5},{"damage":0,"enemies":"R_Hoarder","floor":46,"turns":3},{"damage":0,"enemies":"Transient","floor":47,"turns":5},{"damage":0,"enemies":"Giant Head","floor":48,"turns":5},{"damage":0,"enemies":"Awakened One","floor":50,"turns":8},{"damage":0,"enemies":"Shield and Spear","floor":54,"turns":3},{"damage":0,"enemies":"The Heart","floor":55,"turns":4}],"seed_played":"-7041814539969901262","potions_obtained":[{"floor":7,"key":"blueLaboratory:FruitPunch"},{"floor":8,"key":"blueLaboratory:LouseDecoction"},{"floor":12,"key":"Milkshake"},{"floor":16,"key":"blueLaboratory:SmithPotion"},{"floor":22,"key":"Cursed Concoction"},{"floor":24,"key":"Languid Potion"},{"floor":26,"key":"BlessingOfTheForge"},{"floor":26,"key":"blueLaboratory:ExaltedPotion"},{"floor":26,"key":"Explosive Potion"},{"floor":31,"key":"Dexterity Potion"},{"floor":35,"key":"PowerPotion"},{"floor":39,"key":"blueLaboratory:FrostheartPotion"},{"floor":49,"key":"Milkshake"}],"is_trial":true,"path_per_floor":["M","?","?","$","?","R","E","E","T","E","E","M","$","M","R_BF","B",null,"M","$","?","?","M","E","E","M","T","R","E","$","E","E","R","B",null,"M","?","M","?","E","E","$","?","T","M","E","E","M","E","R_BF","B",null,"R","$","E","B",null],"character_chosen":"IRONCLAD","items_purchased":["Prayer Wheel","Noxious Fumes","Accuracy","Guardian:EvasiveProtocol","Divine Protection","Explosive Potion","Strawberry","blueLaboratory:LimitlessPotion","SkillPotion","Adrenaline Potion","Cloak And Dagger"],"campfire_rested":0,"item_purchase_floors":[4,4,19,29,29,29,41,41,53,53,53],"current_hp_per_floor":[80,80,80,80,80,80,78,30,30,38,46,54,54,60,82,66,82,82,82,57,57,57,32,31,43,43,43,57,57,57,57,57,57,57,57,50,55,55,55,55,62,62,60,60,60,58,58,58,56,56,56,56,56,54,54],"gold":65,"neow_bonus":"","is_daily":false,"chose_seed":false,"campfire_upgraded":3,"win_rate":0.0,"timestamp":1608989287,"path_taken":["M","?","?","?","?","R","E","E","T","E","?","?","$","M","R_BF","BOSS","M","$","?","?","?","E","E","?","T","R","E","$","?","E","R","BOSS","M","?","?","?","?","E","$","?","T","?","?","E","?","E","R_BF","BOSS","R","$","E","BOSS"],"items_purchased_type":["Relic","Card","Card","Card","Relic","Potion","Relic","Potion","Potion","Potion","Card"],"build_version":"2020-12-22","purchased_purges":1,"victory":true,"max_hp_per_floor":[80,80,80,80,80,80,80,82,82,82,82,82,82,82,82,82,82,82,82,57,57,57,57,57,57,57,57,57,57,57,57,57,57,57,57,57,55,55,55,55,62,62,60,60,60,58,58,58,56,56,56,56,56,54,54],"card_choices":[{"not_picked":["ReplayTheSpireMod:Limb From Limb","Skewer","Guardian:RollAttack"],"picked":"SKIP","floor":1},{"not_picked":["Guardian:SentryBeam","Reinforced Body","Guardian:ShieldCharger"],"picked":"SKIP","floor":7},{"not_picked":["Clothesline","Guardian:ChargeCore"],"picked":"Blade Dance","floor":8},{"not_picked":["Immolate","Guardian:Planning"],"picked":"Leap","floor":10},{"not_picked":["Guardian:Preprogram","True Grit"],"picked":"Cloak And Dagger","floor":11},{"not_picked":["Flame Barrier","Poisoned Stab"],"picked":"Thunderclap","floor":12},{"not_picked":["Steam","Dash"],"picked":"Ball Lightning","floor":12},{"not_picked":["Bane","Blizzard"],"picked":"Iron Wave","floor":14},{"not_picked":["ReplayTheSpireMod:System Scan","Dodge and Roll","Defy Death"],"picked":"SKIP","floor":14},{"not_picked":["Guardian:BaubleBeam","Meteor Strike"],"picked":"ReplayTheSpireMod:Omega Cannon","floor":16},{"not_picked":["Cold Snap","Finisher","Compile Driver"],"picked":"SKIP","floor":18},{"not_picked":["Sword Boomerang","Guardian:Clone","Deadly Poison+1"],"picked":"SKIP","floor":18},{"not_picked":["Blizzard","PiercingWail"],"picked":"Blade Dance","floor":22},{"not_picked":["Ball Lightning","Impervious","Poisoned Stab"],"picked":"SKIP","floor":22},{"not_picked":["Metallicize+1","Blizzard","Guardian:DonusPower"],"picked":"SKIP","floor":23},{"not_picked":["Cleave","Eviscerate","Doom and Gloom"],"picked":"SKIP","floor":24},{"not_picked":["Deadly Poison+1","Replay:Undeath\u0027s Touch"],"picked":"Accuracy","floor":25},{"not_picked":["Hello World+1","Tools of the Trade"],"picked":"Quick Slash","floor":25},{"not_picked":["Guardian:Clone","Guardian:Harden","Guardian:Recover"],"picked":"SKIP","floor":28},{"not_picked":["Clothesline","Sentinel","Toxin Wave"],"picked":"SKIP","floor":30},{"not_picked":["Shrug It Off","PiercingWail"],"picked":"Rupture+1","floor":31},{"not_picked":["Corpse Explosion","Doppelganger"],"picked":"Limit Break","floor":33},{"not_picked":["Guardian:ChargeCore","Guardian:Planning+1"],"picked":"Crippling Poison","floor":34},{"not_picked":["Guardian:PrimingBeam","Dual Wield"],"picked":"Limit Break","floor":34},{"not_picked":["Power Through","Underhanded Strike"],"picked":"Skim","floor":34},{"not_picked":["Dodge and Roll","Guardian:PolyBeam"],"picked":"Uppercut+1","floor":34},{"not_picked":["Choke","Dagger Throw"],"picked":"Steam","floor":34},{"not_picked":["Pommel Strike","Underhanded Strike+1"],"picked":"Ball Lightning","floor":35},{"not_picked":["Guardian:PrimingBeam+1","Wild Strike"],"picked":"BootSequence+1","floor":35},{"not_picked":["Flying Knee+1","Time Bomb"],"picked":"White Noise","floor":37},{"not_picked":["Underhanded Strike","ReplayTheSpireMod:System Scan"],"picked":"Guardian:Orbwalk+1","floor":37},{"not_picked":["Stack","Steam+1"],"picked":"Hidden Blade","floor":39},{"not_picked":["Streamline+1","Redo+1"],"picked":"Double Energy","floor":40},{"not_picked":["Guardian:Gem_Yellow","Clash"],"picked":"Conserve Battery+1","floor":44},{"not_picked":["Terror","Darkness"],"picked":"Infernal Blade","floor":44},{"not_picked":["Dash","Phantasmal Killer","Deflect"],"picked":"SKIP","floor":45},{"not_picked":["Crystallizer+1","PiercingWail+1"],"picked":"Seeing Red","floor":46},{"not_picked":["Guardian:PrimingBeam","ReplayTheSpireMod:Calculation Training+1"],"picked":"Disarm+1","floor":47},{"not_picked":["Disarm","Hologram+1"],"picked":"Guardian:SpikerProtocol","floor":47},{"not_picked":["Loop+1","Guardian:Suspension"],"picked":"Heavy Blade+1","floor":48},{"not_picked":["Outmaneuver+1","Guardian:PiercingHide+1"],"picked":"Iron Wave+1","floor":54}],"player_experience":1622325,"relics_obtained":[{"floor":2,"key":"Ring of Peace"},{"floor":2,"key":"ReplayTheSpireMod:Ring of Collecting"},{"floor":3,"key":"Charon\u0027s Ashes"},{"floor":7,"key":"Grinning Jar"},{"floor":8,"key":"Snack Pack"},{"floor":9,"key":"ReplayTheSpireMod:Ring of Exchange"},{"floor":9,"key":"Letter Opener"},{"floor":10,"key":"Ginger"},{"floor":11,"key":"Turnip"},{"floor":23,"key":"champ:DuelingGlove"},{"floor":23,"key":"Dream Catcher"},{"floor":24,"key":"Toy Ornithopter"},{"floor":24,"key":"Mercury Hourglass"},{"floor":26,"key":"ReplayTheSpireMod:Ring of Addiction"},{"floor":26,"key":"SacredBark"},{"floor":26,"key":"Potion Belt"},{"floor":28,"key":"Mirror"},{"floor":28,"key":"Oddly Smooth Stone"},{"floor":30,"key":"King of Hearts"},{"floor":30,"key":"Boot"},{"floor":31,"key":"Akabeko"},{"floor":31,"key":"ReplayTheSpireMod:TigerMarble"},{"floor":39,"key":"Pondfish Scales"},{"floor":39,"key":"Replay:Bottled Snecko"},{"floor":40,"key":"Calipers"},{"floor":40,"key":"Ornamental Fan"},{"floor":43,"key":"Dead Branch"},{"floor":43,"key":"Ring of Misfortune"},{"floor":45,"key":"Replay:Wax Seal"},{"floor":45,"key":"Mummified Hand"},{"floor":46,"key":"ReplayTheSpireMod:Lightbulb"},{"floor":46,"key":"Replay:WaspNest"},{"floor":48,"key":"Incense Burner"},{"floor":48,"key":"Replay:Bottled Steam"},{"floor":54,"key":"Vajra"},{"floor":54,"key":"StoneCalendar"}],"event_choices":[{"damage_healed":0,"gold_gain":0,"player_choice":"Became a vampire","damage_taken":0,"max_hp_gain":0,"max_hp_loss":25,"event_name":"Vampires","floor":20,"gold_loss":0,"cards_obtained":["Bite","Bite","Bite","Bite","Bite"]},{"damage_healed":0,"gold_gain":0,"player_choice":"Obtain J.A.X.","damage_taken":0,"max_hp_gain":0,"max_hp_loss":0,"event_name":"Drug Dealer","floor":21,"gold_loss":0,"cards_obtained":["J.A.X."]},{"damage_healed":0,"gold_gain":0,"player_choice":"Embrace Madness","damage_taken":7,"max_hp_gain":0,"max_hp_loss":0,"event_name":"Winding Halls","floor":36,"gold_loss":0,"cards_obtained":["Madness","Madness"]},{"damage_healed":0,"gold_gain":0,"player_choice":"Ignored","damage_taken":0,"max_hp_gain":0,"max_hp_loss":0,"event_name":"Tomb of Lord Red Mask","floor":38,"gold_loss":0},{"cards_removed":["Accuracy"],"damage_healed":0,"gold_gain":0,"player_choice":"Removed Power","damage_taken":0,"max_hp_gain":0,"max_hp_loss":0,"event_name":"Falling","floor":42,"gold_loss":0}],"is_beta":false,"boss_relics":[{"not_picked":["Coffee Dripper","ReplayTheSpireMod:DimensionalGlitch"],"picked":"Black Star"},{"not_picked":["ReplayTheSpireMod:ShopPack","expansioncontent:StudyCardRelic"],"picked":"Orrery"}],"items_purged_floors":[13],"is_endless":false,"potions_floor_spawned":[7,8,12,16,22,24,28,31,35,39,48],"ascension_level":0}}