{"host":"sabve5zmqufxyc5o","time":1608983788,"event":{"mods":["2.2 Compatiblity","AchievementEnabler","Act Like it!","Arknights The Spire","BaseMod","Block Reminder","Colored Map","Colored Powertips","DeckTracker","KOR Keyword Fix","Keyboard Shortcuts","Minty Spire (QoL Compilation)","Quick Restart","Rare Cards Sparkle","Relic Stats","StSLib","SuperFastMode"],"gold_per_floor":[111,121,121,137,151,251,251,274,274,274,314,314,334,334,334,334,334],"floor_reached":16,"playtime":269,"items_purged":[],"score":117,"play_id":"05dac71e-4455-457d-8c6b-399792b494f8","local_time":"20201226205628","is_ascension_mode":true,"campfire_choices":[{"floor":7,"key":"REST"},{"floor":10,"key":"REST"},{"floor":12,"key":"REST"},{"data":"ats:Childhood Dance","floor":15,"key":"SMITH"}],"circlet_count":0,"master_deck":["ats:Strike C","ats:Strike G","ats:Strike S","ats:Strike V","ats:Armor Crushing Shot","ats:Defend","ats:Defend","ats:Defend","ats:Defend","ats:Emotion Absorption+1","ats:Shell Defense","ats:Poison Spread","ats:Flexible Camouflage","ats:Assault Order","ats:Childhood Dance+1"],"relics":["ats:Sanity","Golden Idol","ats:Bonebreaker","ats:Originium","HornCleat"],"acts_visited":["Exordium"],"potions_floor_usage":[11,16],"damage_taken":[{"damage":0,"enemies":"Small Slimes","floor":1,"turns":3},{"damage":1,"enemies":"Cultist","floor":2,"turns":3},{"damage":1,"enemies":"2 Louse","floor":4,"turns":3},{"damage":15,"enemies":"Large Slime","floor":5,"turns":6},{"damage":17,"enemies":"Red Slaver","floor":8,"turns":4},{"damage":60,"enemies":"Gremlin Nob","floor":11,"turns":6},{"damage":1,"enemies":"Blue Slaver","floor":13,"turns":3},{"damage":35,"enemies":"The Guardian","floor":16,"turns":12}],"seed_played":"-5418615413404800890","potions_obtained":[{"floor":5,"key":"Block Potion"},{"floor":13,"key":"SkillPotion"}],"is_trial":false,"path_per_floor":["M","M","?","M","M","?","R","M","T","R","E","R","M","?","R","B"],"character_chosen":"DOCTOR_CLASS","items_purchased":[],"campfire_rested":3,"item_purchase_floors":[],"current_hp_per_floor":[72,71,53,52,43,43,64,47,47,68,8,29,28,33,33,4,4],"gold":334,"neow_bonus":"UPGRADE_CARD","is_daily":false,"chose_seed":false,"campfire_upgraded":1,"win_rate":0.0,"timestamp":1608983788,"path_taken":["M","M","?","M","M","?","R","M","T","R","E","R","?","?","R","BOSS"],"items_purchased_type":[],"build_version":"2020-12-22","purchased_purges":0,"victory":false,"max_hp_per_floor":[72,72,72,72,72,72,72,72,72,72,72,72,72,77,77,77,77],"relic_stats":{"counters":[8,40],"Golden Idol":23,"obtain_stats":[{"HornCleat":11,"ats:Originium":11,"Golden Idol":3,"ats:Sanity":0,"ats:Bonebreaker":9},{"HornCleat":6,"ats:Originium":6,"Golden Idol":2,"ats:Sanity":0,"ats:Bonebreaker":5},{"HornCleat":25,"ats:Originium":25,"Golden Idol":6,"ats:Sanity":0,"ats:Bonebreaker":19}]},"card_choices":[{"not_picked":["ats:Revitalization","ats:Counter Healing Mode"],"picked":"ats:Shell Defense","floor":1},{"not_picked":["ats:Ignite","ats:Shadow Raid"],"picked":"ats:Poison Spread","floor":2},{"not_picked":["ats:Consecutive Shot Auto","ats:True Silver Slash"],"picked":"ats:Flexible Camouflage","floor":4},{"not_picked":["ats:Hammer On","ats:Powerful Strike","ats:Flexible Camouflage"],"picked":"SKIP","floor":5},{"not_picked":["ats:Composite Medical Shells","ats:Defend Order"],"picked":"ats:Assault Order","floor":8},{"not_picked":["ats:Powerful Strike","ats:Collapsing Strike","ats:Closed Bolt Burst Fire"],"picked":"SKIP","floor":11},{"not_picked":["ats:Revitalization","ats:Ignite"],"picked":"ats:Childhood Dance","floor":13}],"player_experience":821493,"relics_obtained":[{"floor":9,"key":"ats:Bonebreaker"},{"floor":11,"key":"ats:Originium"},{"floor":11,"key":"HornCleat"}],"event_choices":[{"damage_healed":0,"gold_gain":0,"player_choice":"Take Damage","damage_taken":18,"relics_obtained":["Golden Idol"],"max_hp_gain":0,"max_hp_loss":0,"event_name":"Golden Idol","floor":3,"gold_loss":0},{"damage_healed":0,"gold_gain":100,"player_choice":"Pray","damage_taken":0,"max_hp_gain":0,"max_hp_loss":0,"event_name":"Golden Shrine","floor":6,"gold_loss":0},{"damage_healed":0,"gold_gain":0,"player_choice":"Donut","damage_taken":0,"max_hp_gain":5,"max_hp_loss":0,"event_name":"Big Fish","floor":14,"gold_loss":0}],"is_beta":false,"boss_relics":[],"items_purged_floors":[],"is_endless":false,"potions_floor_spawned":[5,13],"killed_by":"The Guardian","ascension_level":3}}