{"host":"rkizb0bayd67deyv","time":1608960621,"event":{"mods":["2.2 Compatiblity","AchievementEnabler","Astrologer","BaseMod","Beaked The Cultist","BetterRewards","CapriCore","Colored Map","Colored Powertips","GifTheSpireLib","Gremlin Mod","KinomotoSakuraMod(ñÿîVñ{?)","Koishi","Mad Scientist","MarisaÅiñ∂âJÅ@ñÇóùçπÅj","Minty Spire (QoL Compilation)","Quick Restart","StSLib","SuperFastMode","The Bladedancer","The Cursed","The Death Knight","The Immortal","The Mystic","The Poker Player","Unknown Chances","YoumuÅiç∞ÈÆódöÎÅj"],"gold_per_floor":[114,174,124,17,17,52,52,52,76,96,96,114,139,128,128,128,128],"floor_reached":16,"playtime":616,"items_purged":[],"score":158,"play_id":"fb047d09-1a8c-4591-b501-a191efbeef7a","local_time":"20201226143021","is_ascension_mode":true,"campfire_choices":[{"data":"MadScienceMod:PoweredStrike","floor":8,"key":"SMITH"},{"data":"MadScienceMod:CloneVats","floor":15,"key":"SMITH"}],"circlet_count":0,"master_deck":["MadScienceMod:Strike_MadScience","MadScienceMod:Strike_MadScience","MadScienceMod:Strike_MadScience","MadScienceMod:Defend_MadScience","MadScienceMod:Defend_MadScience","MadScienceMod:Defend_MadScience","MadScienceMod:Defend_MadScience","MadScienceMod:PoweredStrike+1","MadScienceMod:HideBehindJunk","MadScienceMod:Browse","MadScienceMod:Refuel","MadScienceMod:OilDrum","MadScienceMod:RecyclingStation","MadScienceMod:CloneVats+1"],"relics":["MadScienceMod:FuelTank","MadScienceMod:PolishingWheel","StoneCalendar","Golden Idol","Pocketwatch","Calipers","Centennial Puzzle"],"acts_visited":["Exordium"],"potions_floor_usage":[],"damage_taken":[{"damage":0,"enemies":"Small Slimes","floor":1,"turns":5},{"damage":14,"enemies":"3 Sentries","floor":6,"turns":7},{"damage":0,"enemies":"2 Louse","floor":10,"turns":3},{"damage":0,"enemies":"Cultist","floor":12,"turns":5},{"damage":9,"enemies":"Large Slime","floor":13,"turns":7},{"damage":5,"enemies":"Exordium Thugs","floor":14,"turns":7},{"damage":32,"enemies":"The Guardian","floor":16,"turns":2}],"seed_played":"4528797796390485749","potions_obtained":[{"floor":10,"key":"Fire Potion"},{"floor":13,"key":"LiquidBronze"}],"is_trial":false,"path_per_floor":["M","?","?","$","?","E","?","R","T","M","?","M","M","M","R","B"],"character_chosen":"MAD_SCIENTIST","items_purchased":["MadScienceMod:PolishingWheel","MadScienceMod:Browse","MadScienceMod:Refuel","MadScienceMod:OilDrum"],"campfire_rested":0,"item_purchase_floors":[0,0,4,4],"current_hp_per_floor":[53,53,53,53,53,39,39,39,39,39,39,39,30,25,25,0,0],"gold":128,"neow_bonus":"","is_daily":false,"chose_seed":false,"campfire_upgraded":2,"win_rate":0.0,"timestamp":1608960621,"path_taken":["M","?","?","$","?","E","?","R","T","?","?","M","M","M","R","BOSS"],"items_purchased_type":["Relic","Card","Card","Card"],"build_version":"2020-12-22","purchased_purges":0,"victory":false,"max_hp_per_floor":[75,75,75,75,69,69,69,69,69,69,69,69,69,69,69,69,69],"card_choices":[{"not_picked":["MadScienceMod:FragmentationGrenade","MadScienceMod:AntimatterBomb","MadScienceMod:AcidSpray"],"picked":"SKIP","floor":1},{"not_picked":["MadScienceMod:LightOnFire","MadScienceMod:CaptureMomentum","MadScienceMod:AutoStrike"],"picked":"SKIP","floor":6},{"not_picked":["MadScienceMod:FlexibleSpear","MadScienceMod:ExtractOil"],"picked":"MadScienceMod:RecyclingStation","floor":10},{"not_picked":["MadScienceMod:Browse","MadScienceMod:OilDrum","MadScienceMod:LightOnFire"],"picked":"SKIP","floor":12},{"not_picked":["MadScienceMod:MechanicalClaw","MadScienceMod:AntimatterBomb","MadScienceMod:SelfDestruct"],"picked":"SKIP","floor":13},{"not_picked":["MadScienceMod:JunkLaser","MadScienceMod:AntimatterBomb"],"picked":"MadScienceMod:CloneVats","floor":14}],"player_experience":260191,"relics_obtained":[{"floor":6,"key":"Pocketwatch"},{"floor":7,"key":"Calipers"},{"floor":9,"key":"Centennial Puzzle"}],"event_choices":[{"damage_healed":0,"gold_gain":60,"player_choice":"Gained Gold","damage_taken":0,"max_hp_gain":0,"max_hp_loss":0,"event_name":"Golden Wing","floor":2,"gold_loss":0},{"cards_removed":["MadScienceMod:Strike_MadScience"],"damage_healed":0,"gold_gain":0,"player_choice":"Card Removal","damage_taken":0,"max_hp_gain":0,"max_hp_loss":0,"event_name":"The Cleric","floor":3,"gold_loss":50},{"damage_healed":0,"gold_gain":0,"player_choice":"Lose Max HP","damage_taken":0,"relics_obtained":["Golden Idol"],"max_hp_gain":0,"max_hp_loss":6,"event_name":"Golden Idol","floor":5,"gold_loss":0},{"damage_healed":0,"gold_gain":0,"player_choice":"Relic","damage_taken":0,"max_hp_gain":0,"max_hp_loss":0,"event_name":"Wheel of Change","floor":7,"gold_loss":0},{"damage_healed":0,"gold_gain":0,"player_choice":"Bought 0 Potions","damage_taken":0,"max_hp_gain":0,"max_hp_loss":0,"event_name":"The Woman in Blue","floor":11,"gold_loss":0}],"is_beta":false,"boss_relics":[],"items_purged_floors":[],"is_endless":false,"potions_floor_spawned":[10,13],"killed_by":"The Guardian","ascension_level":1}}