{"host":"xj1vcaj0kpg926bu","time":1608984686,"event":{"mods":["2.2 Compatiblity","ATMod(°¢èªMod)","Act Like it!","BaseMod","Friendly Minions","Minty Spire (QoL Compilation)","StSLib","The Administrix"],"gold_per_floor":[121,132,152,164,164,199,299,254,279,279,309,309,58,72,72,72,72],"floor_reached":16,"playtime":933,"items_purged":[],"score":100,"play_id":"7ac90616-d0c5-43e5-bf53-c20303c80f86","local_time":"20201226201126","is_ascension_mode":false,"campfire_choices":[{"data":"AdministrixMod:XianArts","floor":10.0,"key":"SMITH"},{"data":"AdministrixMod:TrickOfTheLight","floor":12,"key":"SMITH"},{"floor":15,"key":"REST"}],"circlet_count":0,"master_deck":["AdministrixMod:Strike_Administrix","AdministrixMod:Strike_Administrix","AdministrixMod:Strike_Administrix","AdministrixMod:RedCloak","AdministrixMod:Defend_Administrix","AdministrixMod:Defend_Administrix","AdministrixMod:Defend_Administrix","AdministrixMod:Defend_Administrix","AdministrixMod:BlueCloak","AdministrixMod:QuietConspiracy","AdministrixMod:RebukeDesires","AdministrixMod:ImmortalPurity","AdministrixMod:FuneraryRites","AdministrixMod:HiddenPower","AdministrixMod:TrickOfTheLight+1","AdministrixMod:XianArts+1"],"relics":["AdministrixMod:ConductorRitualBaton","AT_ATBox","NeowsBlessing","Art of War","Toy Ornithopter","Singing Bowl"],"acts_visited":["Exordium"],"potions_floor_usage":[16],"damage_taken":[{"damage":0.0,"enemies":"2 Louse","floor":1.0,"turns":1.0},{"damage":0.0,"enemies":"Cultist","floor":2.0,"turns":1.0},{"damage":0.0,"enemies":"Small Slimes","floor":3.0,"turns":1.0},{"damage":14.0,"enemies":"Exordium Wildlife","floor":4.0,"turns":7.0},{"damage":32.0,"enemies":"3 Sentries","floor":6.0,"turns":16.0},{"damage":7.0,"enemies":"Looter","floor":8.0,"turns":5.0},{"damage":10,"enemies":"Red Slaver","floor":14,"turns":6},{"damage":6,"enemies":"Slime Boss","floor":16,"turns":6}],"seed_played":"-6577431783274321345","potions_obtained":[{"floor":3.0,"key":"SpeedPotion"},{"floor":4.0,"key":"Block Potion"}],"is_trial":false,"path_per_floor":["M","M","M","M","?","E","?","M","T","R","?","R","$","M","R","B"],"character_chosen":"TheAdministrix","items_purchased":["Singing Bowl"],"campfire_rested":1,"item_purchase_floors":[13],"current_hp_per_floor":[65,65,65,51,51,19,19,12,12,12,12,12,12,4,24,23,23],"gold":72,"neow_bonus":"THREE_ENEMY_KILL","is_daily":false,"chose_seed":false,"campfire_upgraded":2,"win_rate":0.0,"timestamp":1608984686,"path_taken":["M","M","M","M","?","E","?","?","T","R","?","R","$","M","R","BOSS"],"items_purchased_type":["Relic"],"build_version":"2020-12-22","purchased_purges":0,"victory":false,"max_hp_per_floor":[65,65,65,65,65,65,65,65,65,65,65,65,65,67,67,67,67],"card_choices":[{"not_picked":["AdministrixMod:BishamonBlessing","AdministrixMod:Katabasis"],"picked":"AdministrixMod:QuietConspiracy","floor":1.0},{"not_picked":["AdministrixMod:PlateOfAntiquity","AdministrixMod:ReachToHeaven"],"picked":"AdministrixMod:RebukeDesires","floor":2.0},{"not_picked":["AdministrixMod:SealAway","AdministrixMod:Metempsychosis"],"picked":"AdministrixMod:ImmortalPurity","floor":3.0},{"not_picked":["AdministrixMod:DreamsMausoleum","AdministrixMod:FiendishCrimson"],"picked":"AdministrixMod:FuneraryRites","floor":4.0},{"not_picked":["AdministrixMod:AmassedMasks","AdministrixMod:NoblePath"],"picked":"AdministrixMod:TrickOfTheLight","floor":6.0},{"not_picked":["AdministrixMod:ImmortalGrace","AdministrixMod:SyncreticSurge"],"picked":"AdministrixMod:XianArts","floor":8.0},{"not_picked":["AdministrixMod:RegentEdict","AdministrixMod:BloodlessSapphire","AdministrixMod:BegetEternity"],"picked":"Singing Bowl","floor":14}],"player_experience":365989,"relics_obtained":[{"floor":6.0,"key":"Art of War"},{"floor":9.0,"key":"Toy Ornithopter"}],"event_choices":[{"damage_healed":0.0,"max_hp_gain":0.0,"max_hp_loss":0.0,"gold_gain":0.0,"cards_transformed":["AdministrixMod:Strike_Administrix"],"event_name":"Living Wall","player_choice":"Change","floor":5.0,"gold_loss":0.0,"damage_taken":0.0,"cards_obtained":["AdministrixMod:HiddenPower"]},{"damage_healed":0.0,"max_hp_gain":0.0,"max_hp_loss":0.0,"gold_gain":100.0,"event_name":"Golden Shrine","player_choice":"Pray","floor":7.0,"gold_loss":0.0,"damage_taken":0.0},{"damage_healed":0,"gold_gain":30,"player_choice":"Searched \u00271\u0027 times","damage_taken":0,"max_hp_gain":0,"max_hp_loss":0,"event_name":"Dead Adventurer","floor":11,"gold_loss":0}],"is_beta":false,"boss_relics":[],"items_purged_floors":[],"is_endless":false,"potions_floor_spawned":[3,4],"killed_by":"Slime Boss","ascension_level":0}}