{"host":"8a3g9edf69u3epoz","time":1608977426,"event":{"mods":["BaseMod","Minty Spire (QoL Compilation)","MostiFishMod","Relic Stats","Remilia（蕾米莉亚）","StSLib","TestMod","UnlockEverythingMod","WarShipGirlsR/战舰少女R mod"],"gold_per_floor":[117,117,192,40,51,86,99,131,131,150,196,146,171,181,181,273,273,287,298,308,4,23,23,23,68,95,95,107,140,151,151,151,151,151],"floor_reached":33,"playtime":3277,"items_purged":["Defend_RM"],"score":836,"play_id":"8df5f559-3701-4913-b421-f9f1946367c0","local_time":"20201226181026","is_ascension_mode":true,"campfire_choices":[{"data":"DemonKingCradle","floor":15.0,"key":"SMITH"},{"data":"QueenOfMidnight","floor":23.0,"key":"SMITH"},{"data":"EquivalentExchange","floor":32,"key":"SMITH"}],"circlet_count":0,"master_deck":["AscendersBane","Strike_RM","Strike_RM","Defend_RM","Defend_RM","Defend_RM","RedMoon","ScarletShoot","RedRainbow","FitfulNightmare","BloodAndWine","EquivalentExchange+1","MillenniumVampire","FavorOfDestiny","BloodyHallows","DemonKingCradle+1","QueenOfMidnight+1","BloodyMagicSquare","VampireFantasy+1","KillingBlow"],"relics":["ScarletHat","DaveBox","testmod-TestBox","RhineSuit","testmod-CyclicPeriapt","NeowsBlessing","SynthV:TestCard","SynthV:C4","BionicSphere","Strawberry","Prayer Wheel","ImprovedEquipment","Art of War","testmod-IntensifyImprint","Centennial Puzzle"],"acts_visited":["Exordium","TheCity"],"potions_floor_usage":[],"damage_taken":[{"damage":0.0,"enemies":"2 Louse","floor":1.0,"turns":1.0},{"damage":0.0,"enemies":"Small Slimes","floor":5.0,"turns":2.0},{"damage":0.0,"enemies":"Gremlin Nob","floor":6.0,"turns":2.0},{"damage":7.0,"enemies":"Jaw Worm","floor":7.0,"turns":3.0},{"damage":4.0,"enemies":"3 Sentries","floor":8.0,"turns":4.0},{"damage":0.0,"enemies":"Large Slime","floor":10.0,"turns":4.0},{"damage":0.0,"enemies":"Lagavulin","floor":11.0,"turns":7.0},{"damage":0.0,"enemies":"Gremlin Nob","floor":13.0,"turns":7.0},{"damage":0.0,"enemies":"2 Fungi Beasts","floor":14.0,"turns":3.0},{"damage":8.0,"enemies":"Slime Boss","floor":16.0,"turns":9.0},{"damage":38.0,"enemies":"Shell Parasite","floor":18.0,"turns":2.0},{"damage":8.0,"enemies":"Chosen","floor":19.0,"turns":4.0},{"damage":58.0,"enemies":"Snake Plant","floor":20.0,"turns":5.0},{"damage":39.0,"enemies":"3 Cultists","floor":22.0,"turns":4.0},{"damage":63.0,"enemies":"Gremlin Leader","floor":25.0,"turns":6.0},{"damage":108.0,"enemies":"Snecko","floor":28.0,"turns":4.0},{"damage":47.0,"enemies":"Slavers","floor":29.0,"turns":6.0},{"damage":58.0,"enemies":"Cultist and Chosen","floor":30.0,"turns":5.0},{"damage":81,"enemies":"Champ","floor":33,"turns":4}],"seed_played":"-7855826951961270264","potions_obtained":[{"floor":5.0,"key":"Regen Potion"},{"floor":6.0,"key":"testmod-TimePotion"},{"floor":7.0,"key":"EssenceOfSteel"},{"floor":14.0,"key":"DuplicationPotion"},{"floor":18.0,"key":"testmod-SpacePotion"},{"floor":20.0,"key":"SpeedPotion"},{"floor":25.0,"key":"SteroidPotion"},{"floor":29.0,"key":"testmod-SpacePotion"},{"floor":29.0,"key":"SmokeBomb"},{"floor":30.0,"key":"Swift Potion"}],"is_trial":false,"path_per_floor":["M","?","?","$","M","E","M","E","T","M","E","?","E","M","R","B",null,"M","M","M","$","M","R","$","E","T","?","M","E","M","?","R","B"],"character_chosen":"REMILIA","items_purchased":["FitfulNightmare","Prayer Wheel"],"campfire_rested":0,"item_purchase_floors":[4,21],"current_hp_per_floor":[63,56,45,45,45,50,43,39,39,43,55,55,58,58,58,54,71,71,75,77,77,77,77,77,77,77,77,77,77,77,77,77,0,0],"gold":151,"neow_bonus":"THREE_ENEMY_KILL","is_daily":false,"chose_seed":false,"campfire_upgraded":3,"win_rate":0.0,"timestamp":1608977426,"path_taken":["M","?","?","$","M","E","M","E","T","M","E","?","E","M","R","BOSS","M","M","M","$","M","R","$","E","T","?","M","E","M","?","R","BOSS"],"items_purchased_type":["Card","Relic"],"build_version":"2020-12-22","purchased_purges":1,"victory":false,"max_hp_per_floor":[70,70,70,70,70,70,70,70,70,70,77,77,77,77,77,77,77,77,77,77,77,77,77,77,77,77,77,77,77,77,77,77,77,77],"relic_stats":{"Centennial Puzzle":[6],"counters":[19,82],"Prayer Wheel":3,"Art of War":[4],"obtain_stats":[{"testmod-IntensifyImprint":27,"testmod-TestBox":0,"DaveBox":0,"NeowsBlessing":0,"ImprovedEquipment":25,"RhineSuit":0,"testmod-CyclicPeriapt":0,"ScarletHat":0,"SynthV:C4":6,"Centennial Puzzle":29,"SynthV:TestCard":1,"BionicSphere":8,"Strawberry":11,"Prayer Wheel":21,"Art of War":26},{"testmod-IntensifyImprint":15,"testmod-TestBox":0,"DaveBox":0,"NeowsBlessing":0,"ImprovedEquipment":15,"RhineSuit":0,"testmod-CyclicPeriapt":0,"ScarletHat":0,"SynthV:C4":3,"Centennial Puzzle":17,"SynthV:TestCard":1,"BionicSphere":5,"Strawberry":7,"Prayer Wheel":13,"Art of War":15},{"testmod-IntensifyImprint":63,"testmod-TestBox":0,"DaveBox":0,"NeowsBlessing":0,"ImprovedEquipment":63,"RhineSuit":0,"testmod-CyclicPeriapt":0,"ScarletHat":0,"SynthV:C4":5,"Centennial Puzzle":73,"SynthV:TestCard":1,"BionicSphere":12,"Strawberry":23,"Prayer Wheel":53,"Art of War":63}]},"card_choices":[{"not_picked":["UltimateOffering","ScarletImprint"],"picked":"RedRainbow","floor":1.0},{"not_picked":["VampireKiss","DiffusionOfMisfortune","VampirishNight","Stigmanizer"],"picked":"BloodAndWine","floor":5.0},{"not_picked":["FitfulNightmare","StarOfDavid","ScarletDevilSign","BlasphemousPunishment"],"picked":"EquivalentExchange","floor":6.0},{"not_picked":["UnstableMagic","VampireKiss","NightDance","FavorOfDestiny","EmergencyRegeneration"],"picked":"SKIP","floor":7.0},{"not_picked":["EternalNight","MiserableFate","DevilSight","VampireKiss"],"picked":"MillenniumVampire","floor":8.0},{"not_picked":["UnderTheZenith","ScarletNetherworld","Septette","BlasphemousPunishment"],"picked":"FavorOfDestiny","floor":10.0},{"not_picked":["UnderTheZenith","HunterOfTheNight","EmergencyRegeneration","BombardNight"],"picked":"BloodyHallows","floor":11.0},{"not_picked":["LeisurelyOfLord","EndlessAdversity","NightDance","VampirishNight"],"picked":"DemonKingCradle","floor":13.0},{"not_picked":["UltimateOffering","VampireKiss","CharismaGuard","ScarletImprint","RedRainbow"],"picked":"SKIP","floor":14.0},{"not_picked":["TricksterDevil","DemonKingCradle","CurseOfVladTepes","BloodRain"],"picked":"QueenOfMidnight","floor":16.0},{"not_picked":["CharismaGuard","VampireClaw","NightLord","UltimateOffering","FavorOfDestiny"],"picked":"SKIP","floor":18.0},{"not_picked":["StarOfDavid","ScarletDevil","BloodRain","MastersStateliness"],"picked":"BloodyMagicSquare","floor":19.0},{"not_picked":["RedRainbow","VampireKiss","EndlessAdversity","BloodHunter","MastersStateliness"],"picked":"SKIP","floor":20.0},{"not_picked":["ScarletSymphony","VampireKiss+1","CharismaGuard","VampirishNight"],"picked":"VampireFantasy+1","floor":22.0},{"not_picked":["NightDance","MiserableFate+1","BlasphemousPunishment","CharismaGuard","UnderTheZenith"],"picked":"SKIP","floor":22.0},{"not_picked":["ChainGang+1","RedRainbow+1","BlasphemousPunishment","BloodyMagicSquare","BombardNight"],"picked":"SKIP","floor":25.0},{"not_picked":["RedRainbow","MastersStateliness+1","BloodyTrap","Septette","ScarletSymphony"],"picked":"SKIP","floor":28.0},{"not_picked":["EmergencyRegeneration","DiffusionOfMisfortune","BloodyTrap","UnstableMagic","VampireKiss"],"picked":"SKIP","floor":28.0},{"not_picked":["BloodyMagicSquare+1","QueenOfMidnight","BadLadyScramble","EndlessAdversity","ScarletDevil"],"picked":"SKIP","floor":29.0},{"not_picked":["EternalNight","BlasphemousPunishment","NightDance","Maim"],"picked":"KillingBlow","floor":30.0},{"not_picked":["NightDance","VampireKiss","UnderTheZenith","Maim","TwelveNightmare"],"picked":"SKIP","floor":30.0}],"player_experience":97152,"relics_obtained":[{"floor":1.0,"key":"SynthV:TestCard"},{"floor":6.0,"key":"SynthV:C4"},{"floor":8.0,"key":"BionicSphere"},{"floor":11.0,"key":"Strawberry"},{"floor":25.0,"key":"ImprovedEquipment"},{"floor":26.0,"key":"Art of War"},{"floor":29.0,"key":"Centennial Puzzle"}],"event_choices":[{"cards_removed":["Strike_RM"],"damage_healed":0.0,"max_hp_gain":0.0,"max_hp_loss":0.0,"gold_gain":0.0,"event_name":"Golden Wing","player_choice":"Card Removal","floor":2.0,"gold_loss":0.0,"damage_taken":7.0},{"damage_healed":0.0,"max_hp_gain":0.0,"max_hp_loss":0.0,"gold_gain":75.0,"event_name":"World of Goop","player_choice":"Gather Gold","floor":3.0,"gold_loss":0.0,"damage_taken":11.0},{"cards_removed":["Strike_RM"],"damage_healed":0.0,"max_hp_gain":0.0,"max_hp_loss":0.0,"gold_gain":0.0,"event_name":"The Cleric","player_choice":"Card Removal","floor":12.0,"gold_loss":50.0,"damage_taken":0.0},{"damage_healed":25,"gold_gain":0,"player_choice":"Heal","damage_taken":0,"max_hp_gain":0,"max_hp_loss":0,"event_name":"The Library","floor":31,"gold_loss":0}],"is_beta":false,"boss_relics":[{"not_picked":["EE1DDrone","Snecko Eye","Cursed Key"]}],"items_purged_floors":[4],"is_endless":false,"potions_floor_spawned":[5,6,7,14,16,18,28,30],"killed_by":"Champ","ascension_level":14}}