{"host":"x1qj4d8ympd5jdqh","time":1608989721,"event":{"mods":["AchievementEnabler","AlwaysNeverKeys","BaseMod","Colored Map","Custom Start","DeckTracker","Highlight Path","Minty Spire (QoL Compilation)","StSLib","SuperFastMode"],"gold_per_floor":[118,138,138,156,174,174,46,89,89,103,103,103,103,123,123,217,217,230,230,320,341,12,12,52,75,98,113,128,144,144,188,188,281,281,301,301,36,55,80,80,118,62,85,85,103,159,190,230,230,230,230,230,230,107,138,138],"floor_reached":57,"playtime":2631,"items_purged":["Strike_R","Strike_R"],"score":3379,"play_id":"2ca5cf34-b261-4da6-a905-e5984ada5391","local_time":"20201226223521","is_ascension_mode":true,"campfire_choices":[{"data":"Hemokinesis","floor":6.0,"key":"SMITH"},{"data":"Offering","floor":12.0,"key":"SMITH"},{"data":"Burning Pact","floor":15.0,"key":"SMITH"},{"data":"Shrug It Off","floor":23.0,"key":"SMITH"},{"data":"Pommel Strike","floor":30.0,"key":"SMITH"},{"data":"Burning Pact","floor":32.0,"key":"SMITH"},{"data":"Deep Breath","floor":40.0,"key":"SMITH"},{"floor":44,"key":"RECALL"},{"data":"Disarm","floor":49,"key":"SMITH"},{"data":"Bash","floor":53,"key":"SMITH"}],"circlet_count":0,"master_deck":["AscendersBane","Defend_R","Defend_R+1","Defend_R+1","Defend_R","Bash+1","Offering+1","Pommel Strike+1","Shrug It Off+1","Burning Pact+1","Second Wind","Disarm+1","Burning Pact+1","Deep Breath+1","Pommel Strike+1","Evolve"],"relics":["Burning Blood","Golden Idol","Sundial","Molten Egg 2","Runic Pyramid","Bag of Preparation","War Paint","Potion Belt","Singing Bowl","Empty Cage","TheAbacus","Red Skull","Du-Vu Doll","Lizard Tail","Bottled Lightning","Lantern"],"acts_visited":["Exordium","TheCity","TheBeyond","TheEnding"],"potions_floor_usage":[41,50,56,56,56,56],"damage_taken":[{"damage":20.0,"enemies":"Small Slimes","floor":1.0,"turns":3.0},{"damage":9.0,"enemies":"2 Louse","floor":2.0,"turns":2.0},{"damage":6.0,"enemies":"Jaw Worm","floor":4.0,"turns":3.0},{"damage":17.0,"enemies":"Exordium Thugs","floor":5.0,"turns":4.0},{"damage":24.0,"enemies":"Lagavulin","floor":8.0,"turns":6.0},{"damage":4.0,"enemies":"2 Fungi Beasts","floor":10.0,"turns":3.0},{"damage":11.0,"enemies":"Red Slaver","floor":14.0,"turns":2.0},{"damage":25.0,"enemies":"Slime Boss","floor":16.0,"turns":5.0},{"damage":17.0,"enemies":"Shell Parasite","floor":18.0,"turns":3.0},{"damage":6.0,"enemies":"3 Byrds","floor":21.0,"turns":2.0},{"damage":6.0,"enemies":"Book of Stabbing","floor":24.0,"turns":2.0},{"damage":6.0,"enemies":"Snake Plant","floor":25.0,"turns":2.0},{"damage":6.0,"enemies":"Cultist and Chosen","floor":27.0,"turns":2.0},{"damage":6.0,"enemies":"Shelled Parasite and Fungi","floor":28.0,"turns":2.0},{"damage":6.0,"enemies":"Snake Plant","floor":29.0,"turns":3.0},{"damage":6.0,"enemies":"Gremlin Leader","floor":31.0,"turns":2.0},{"damage":6.0,"enemies":"Champ","floor":33.0,"turns":2.0},{"damage":6.0,"enemies":"Orb Walker","floor":35.0,"turns":1.0},{"damage":6.0,"enemies":"3 Darklings","floor":38.0,"turns":2.0},{"damage":6.0,"enemies":"Writhing Mass","floor":39.0,"turns":5.0},{"damage":6,"enemies":"Nemesis","floor":41,"turns":1},{"damage":6,"enemies":"Maw","floor":45,"turns":2},{"damage":6,"enemies":"2 Orb Walkers","floor":46,"turns":1},{"damage":6,"enemies":"Mind Bloom Boss Battle","floor":47,"turns":1},{"damage":6,"enemies":"Reptomancer","floor":48,"turns":1},{"damage":6,"enemies":"Time Eater","floor":50,"turns":7},{"damage":6,"enemies":"Awakened One","floor":51,"turns":2},{"damage":6,"enemies":"Shield and Spear","floor":55,"turns":1},{"damage":6,"enemies":"The Heart","floor":56,"turns":5}],"seed_played":"-2155144520522648310","potions_obtained":[{"floor":1.0,"key":"LiquidMemories"},{"floor":8.0,"key":"SteroidPotion"},{"floor":14.0,"key":"Fruit Juice"},{"floor":24.0,"key":"ElixirPotion"},{"floor":27.0,"key":"SteroidPotion"},{"floor":31.0,"key":"Block Potion"},{"floor":33.0,"key":"Weak Potion"},{"floor":38.0,"key":"ElixirPotion"}],"is_trial":false,"path_per_floor":["M","M","?","M","M","R","$","E","T","M","?","R","?","M","R","B",null,"M","?","?","M","$","R","E","M","T","M","M","M","R","E","R","B",null,"M","?","$","M","M","R","E","$","T","R","M","?","?","E","R","B","B",null,"R","$","E","B",null],"character_chosen":"IRONCLAD","items_purchased":["Strength Potion","Bag of Preparation","Swift Potion","TheAbacus","Deep Breath","Swift Potion","Evolve","LiquidBronze"],"campfire_rested":0,"item_purchase_floors":[7,22,22,37,37,42,54,54],"current_hp_per_floor":[54,51,51,51,40,40,40,22,22,24,46,46,39,39,39,20,60,49,49,37,37,37,37,37,37,37,37,37,37,37,39,39,41,68,70,70,70,72,72,72,74,74,74,74,76,78,80,82,82,82,82,89,89,89,91,91],"gold":138,"neow_bonus":"ONE_RANDOM_RARE_CARD","is_daily":false,"chose_seed":false,"campfire_upgraded":9,"win_rate":0.0,"timestamp":1608989721,"path_taken":["M","M","?","M","M","R","$","E","T","M","?","R","?","?","R","BOSS","M","?","?","M","$","R","E","?","T","M","M","M","R","E","R","BOSS","M","?","$","M","M","R","E","$","T","R","M","?","?","E","R","BOSS","BOSS","R","$","E","BOSS"],"items_purchased_type":["Potion","Relic","Potion","Relic","Card","Potion","Card","Potion"],"build_version":"2020-12-22","purchased_purges":2,"victory":true,"max_hp_per_floor":[75,75,68,68,68,68,68,68,68,68,68,68,68,73,73,73,73,73,73,73,73,73,73,73,73,73,73,73,73,73,75,75,77,77,79,79,79,81,81,81,83,83,83,83,85,87,89,91,91,91,91,91,91,91,93,93],"card_choices":[{"not_picked":["Dual Wield","Armaments"],"picked":"Pommel Strike","floor":1.0},{"not_picked":["Clash","Iron Wave"],"picked":"Shrug It Off","floor":2.0},{"not_picked":["Thunderclap","Warcry"],"picked":"Burning Pact","floor":4.0},{"not_picked":["Wild Strike","Rage"],"picked":"Hemokinesis","floor":5.0},{"not_picked":["Juggernaut","Wild Strike","Pummel"],"picked":"SKIP","floor":8.0},{"not_picked":["Rupture","Burning Pact"],"picked":"Pommel Strike+1","floor":10.0},{"not_picked":["Clothesline+1","Power Through","True Grit"],"picked":"SKIP","floor":14.0},{"not_picked":["Rage","Heavy Blade+1"],"picked":"Second Wind","floor":18.0},{"not_picked":["Iron Wave+1","Twin Strike+1","Intimidate"],"picked":"SKIP","floor":21.0},{"not_picked":["Fire Breathing","Body Slam+1","Clothesline+1"],"picked":"SKIP","floor":24.0},{"not_picked":["Clash+1","Sword Boomerang+1","Iron Wave+1"],"picked":"SKIP","floor":25.0},{"not_picked":["Havoc","Fire Breathing"],"picked":"Burning Pact","floor":27.0},{"not_picked":["Sword Boomerang+1","Pommel Strike+1","Rampage+1"],"picked":"SKIP","floor":28.0},{"not_picked":["Evolve","Clash+1","Power Through"],"picked":"SKIP","floor":29.0},{"not_picked":["Juggernaut","Rampage+1","Entrench"],"picked":"Singing Bowl","floor":31.0},{"not_picked":["Fiend Fire+1","Immolate+1","Corruption"],"picked":"Singing Bowl","floor":33.0},{"not_picked":["Shrug It Off","Warcry","Sever Soul+1"],"picked":"Singing Bowl","floor":35.0},{"not_picked":["Armaments","Rupture","Clothesline+1"],"picked":"Singing Bowl","floor":38.0},{"not_picked":["Carnage+1","Whirlwind+1"],"picked":"Pommel Strike+1","floor":39.0},{"not_picked":["Double Tap","Feel No Pain","Sword Boomerang+1"],"picked":"Singing Bowl","floor":41},{"not_picked":["True Grit+1","Sentinel","Sword Boomerang+1"],"picked":"Singing Bowl","floor":45},{"not_picked":["Anger+1","Clothesline+1","Reckless Charge+1"],"picked":"Singing Bowl","floor":46},{"not_picked":["Sever Soul+1","Armaments+1","Clothesline+1"],"picked":"Singing Bowl","floor":47},{"not_picked":["Cleave+1","Burning Pact","Headbutt+1"],"picked":"Singing Bowl","floor":48},{"not_picked":["Heavy Blade+1","Feel No Pain","Burning Pact+1"],"picked":"Singing Bowl","floor":55}],"player_experience":1275234,"relics_obtained":[{"floor":8.0,"key":"Sundial"},{"floor":9.0,"key":"Molten Egg 2"},{"floor":24.0,"key":"War Paint"},{"floor":26.0,"key":"Potion Belt"},{"floor":31.0,"key":"Singing Bowl"},{"floor":41,"key":"Red Skull"},{"floor":46,"key":"Du-Vu Doll"},{"floor":47,"key":"Lizard Tail"},{"floor":48,"key":"Bottled Lightning"},{"floor":55,"key":"Lantern"}],"event_choices":[{"damage_healed":0.0,"max_hp_gain":0.0,"max_hp_loss":7.0,"gold_gain":0.0,"event_name":"Golden Idol","player_choice":"Lose Max HP","floor":3.0,"gold_loss":0.0,"damage_taken":0.0,"relics_obtained":["Golden Idol"]},{"damage_healed":22.0,"max_hp_gain":0.0,"max_hp_loss":0.0,"gold_gain":0.0,"event_name":"Big Fish","player_choice":"Banana","floor":11.0,"gold_loss":0.0,"damage_taken":0.0},{"cards_removed":["Strike_R"],"damage_healed":0.0,"max_hp_gain":0.0,"max_hp_loss":0.0,"gold_gain":0.0,"event_name":"Golden Wing","player_choice":"Card Removal","floor":13.0,"gold_loss":0.0,"damage_taken":7.0},{"damage_healed":0.0,"max_hp_gain":0.0,"max_hp_loss":0.0,"gold_gain":0.0,"cards_transformed":["Strike_R","Strike_R"],"event_name":"Drug Dealer","player_choice":"Became Test Subject","floor":19.0,"gold_loss":0.0,"damage_taken":0.0,"cards_obtained":["Disarm","Heavy Blade"]},{"damage_healed":0.0,"max_hp_gain":0.0,"max_hp_loss":0.0,"gold_gain":90.0,"event_name":"Knowing Skull","player_choice":"GOLD ","floor":20.0,"potions_obtained":[],"gold_loss":0.0,"damage_taken":12.0,"cards_obtained":[]},{"cards_removed":["Pommel Strike"],"damage_healed":0.0,"max_hp_gain":0.0,"max_hp_loss":0.0,"gold_gain":0.0,"event_name":"Falling","player_choice":"Removed Attack","floor":36.0,"gold_loss":0.0,"damage_taken":0.0},{"damage_healed":0,"gold_gain":0,"player_choice":"Fight","damage_taken":0,"max_hp_gain":0,"max_hp_loss":0,"event_name":"Mysterious Sphere","floor":46,"gold_loss":0},{"damage_healed":0,"gold_gain":0,"player_choice":"Fight","damage_taken":0,"max_hp_gain":0,"max_hp_loss":0,"event_name":"MindBloom","floor":47,"gold_loss":0}],"is_beta":false,"boss_relics":[{"not_picked":["Runic Cube","Snecko Eye"],"picked":"Runic Pyramid"},{"not_picked":["Pandora\u0027s Box","Black Blood"],"picked":"Empty Cage"}],"items_purged_floors":[7,22],"is_endless":false,"potions_floor_spawned":[1,8,14,24,27,31,33,38,39,48,55],"ascension_level":20}}