{"host":"rl3s470f8onwqc1s","time":1608974195,"event":{"mods":["BaseMod","Dota2Spire","Gold Saver","HumanHunterMod(π÷ŒÔ…±»Àmod)","Minty Spire (QoL Compilation)","MostiFishMod","Shop Mod","Spicy Shops","StSLib","TestMod"],"gold_per_floor":[110,110,38,105,117,151,169,182,227,227,238,238,288,319,319,392,392,406,506,481,548,548,548],"floor_reached":22,"playtime":655,"items_purged":[],"score":592,"play_id":"ecdd2dda-e1b2-46fd-9be1-1e1aa55ef5c7","local_time":"20201226171635","is_ascension_mode":true,"campfire_choices":[{"data":"Body Slam","floor":10.0,"key":"SMITH"},{"data":"Whirlwind","floor":12.0,"key":"SMITH"},{"data":"MostiFishMod:ChineseTea","floor":15.0,"key":"SMITH"}],"circlet_count":0,"master_deck":["AscendersBane","Strike_R","Strike_R","Strike_R","Defend_R","Defend_R","Defend_R","Defend_R","Bash","Power Through","Body Slam+1","Evolve","Whirlwind+1","Second Wind","Rupture","MostiFishMod:UltimateDefense","MostiFishMod:ChineseTea+1","MostiFishMod:NewArrival","CurseOfTheBell","Sword Boomerang"],"relics":["Burning Blood","testmod-TestBox","DaveBox","RhineSuit","testmod-Fanaticism","NeowsBlessing","SynthV:TestCard","SsserpentHead","testmod-D®¶j®§vu","Dota2Spire:DrumOfEndurance","testmod-HeartOfDaVinci","Calling Bell","Bronze Scales","StrikeDummy","testmod-BouquetWithThorns"],"acts_visited":["Exordium","TheCity"],"potions_floor_usage":[],"damage_taken":[{"damage":0.0,"enemies":"Small Slimes","floor":1.0,"turns":1.0},{"damage":0.0,"enemies":"Cultist","floor":4.0,"turns":1.0},{"damage":0.0,"enemies":"Jaw Worm","floor":5.0,"turns":1.0},{"damage":0.0,"enemies":"Gremlin Nob","floor":6.0,"turns":3.0},{"damage":0.0,"enemies":"Large Slime","floor":7.0,"turns":2.0},{"damage":51.0,"enemies":"Exordium Wildlife","floor":8.0,"turns":3.0},{"damage":6.0,"enemies":"Gremlin Gang","floor":11.0,"turns":2.0},{"damage":0.0,"enemies":"Lagavulin","floor":14.0,"turns":3.0},{"damage":0.0,"enemies":"Slime Boss","floor":16.0,"turns":2.0},{"damage":2.0,"enemies":"Chosen","floor":18.0,"turns":2.0},{"damage":0,"enemies":"Spheric Guardian","floor":21,"turns":2},{"damage":91,"enemies":"Cultist and Chosen","floor":22,"turns":3}],"seed_played":"1054544541616133135","potions_obtained":[{"floor":1.0,"key":"Strength Potion"},{"floor":8.0,"key":"Fruit Juice"}],"is_trial":false,"path_per_floor":["M","?","$","M","M","E","M","M","T","R","M","R","?","E","R","B",null,"M","?","?","M","M"],"character_chosen":"IRONCLAD","items_purchased":["testmod-D®¶j®§vu"],"campfire_rested":0,"item_purchase_floors":[3],"current_hp_per_floor":[74,74,74,75,75,75,75,80,80,80,80,80,80,80,80,80,80,80,80,80,80,0,0],"gold":548,"neow_bonus":"THREE_ENEMY_KILL","is_daily":false,"chose_seed":false,"campfire_upgraded":3,"win_rate":0.0,"timestamp":1608974195,"path_taken":["M","?","?","?","M","E","M","M","T","R","M","R","?","E","R","BOSS","M","?","?","?","M"],"items_purchased_type":["Relic"],"build_version":"2020-12-22","purchased_purges":0,"victory":false,"max_hp_per_floor":[75,75,75,75,75,75,75,80,80,80,80,80,80,80,80,80,80,80,80,80,80,80,80],"card_choices":[{"not_picked":["Anger","Iron Wave"],"picked":"Power Through","floor":1.0},{"not_picked":["Heavy Blade","Hemokinesis","Iron Wave","Power Through"],"picked":"Body Slam","floor":4.0},{"not_picked":["Warcry","Intimidate","Thunderclap","Anger"],"picked":"Evolve","floor":5.0},{"not_picked":["Clothesline","Warcry","True Grit","Burning Pact"],"picked":"Whirlwind","floor":6.0},{"not_picked":["Warcry","Armaments","Power Through","Spot Weakness","Havoc"],"picked":"SKIP","floor":7.0},{"not_picked":["Searing Blow","Warcry","MostiFishMod:ChineseTea","Heavy Blade"],"picked":"Second Wind","floor":8.0},{"not_picked":["Armaments","Perfected Strike","True Grit","Wild Strike"],"picked":"Rupture","floor":11.0},{"not_picked":["Shockwave","Anger","Iron Wave","Armaments"],"picked":"MostiFishMod:ChineseTea","floor":14.0},{"not_picked":["Bludgeon","MostiFishMod:WingOfPhoenix","MostiFishMod:RainCloud","MostiFishMod:Mania"],"picked":"MostiFishMod:NewArrival","floor":16.0},{"not_picked":["Infernal Blade","Wild Strike","True Grit","Sentinel","Blood for Blood"],"picked":"SKIP","floor":18.0},{"not_picked":["Clash","Inflame","Clothesline","Thunderclap"],"picked":"Sword Boomerang","floor":21}],"player_experience":1295761,"relics_obtained":[{"floor":1.0,"key":"SynthV:TestCard"},{"floor":6.0,"key":"Dota2Spire:DrumOfEndurance"},{"floor":14.0,"key":"testmod-HeartOfDaVinci"},{"floor":17.0,"key":"Bronze Scales"},{"floor":17.0,"key":"StrikeDummy"},{"floor":17.0,"key":"testmod-BouquetWithThorns"}],"event_choices":[{"damage_healed":0.0,"max_hp_gain":0.0,"max_hp_loss":0.0,"gold_gain":0.0,"event_name":"FaceTrader","player_choice":"Trade","floor":2.0,"gold_loss":0.0,"damage_taken":0.0,"relics_obtained":["SsserpentHead"]},{"damage_healed":0.0,"max_hp_gain":0.0,"max_hp_loss":0.0,"gold_gain":0.0,"cards_transformed":["Strike_R"],"event_name":"Living Wall","player_choice":"Change","floor":13.0,"gold_loss":0.0,"damage_taken":0.0,"cards_obtained":["MostiFishMod:UltimateDefense"]},{"damage_healed":0.0,"max_hp_gain":0.0,"max_hp_loss":0.0,"gold_gain":50.0,"event_name":"Nest","player_choice":"Stole From Cult","floor":19.0,"gold_loss":0.0,"damage_taken":0.0},{"cards_removed":["Strike_R"],"damage_healed":0.0,"max_hp_gain":0.0,"max_hp_loss":0.0,"gold_gain":0.0,"event_name":"Beggar","player_choice":"Gave Gold","floor":20.0,"gold_loss":75.0,"damage_taken":0.0}],"is_beta":false,"boss_relics":[{"not_picked":["FixedStarFall","Velvet Choker"],"picked":"Calling Bell"}],"items_purged_floors":[],"is_endless":false,"potions_floor_spawned":[1,5,8],"killed_by":"Cultist and Chosen","ascension_level":20}}