{"host":"7l2t4psy44vpcd9q","time":1608983894,"event":{"mods":["AchievementEnabler","BaseMod","DeckTracker","Minty Spire (QoL Compilation)","SuperFastMode"],"gold_per_floor":[109,109,109,121,121,121,155,167,179,191,41,72,102,117,117,117,117],"floor_reached":16,"playtime":339,"items_purged":[],"score":262,"play_id":"e4d07f58-da5d-4133-9f44-50858a79af22","local_time":"20201226205814","is_ascension_mode":true,"campfire_choices":[{"data":"Neutralize","floor":6,"key":"SMITH"},{"data":"Dash","floor":8,"key":"SMITH"},{"data":"Dagger Spray","floor":10,"key":"SMITH"},{"data":"Burst","floor":15,"key":"SMITH"}],"circlet_count":0,"master_deck":["AscendersBane","Strike_G","Strike_G","Strike_G","Strike_G","Strike_G","Defend_G","Defend_G","Defend_G","Defend_G","Defend_G","Survivor","Neutralize+1","Backflip","Dagger Spray+1","Dash+1","Poisoned Stab","Burst+1"],"relics":["Ring of the Snake","NeowsBlessing","Meat on the Bone","MawBank","Paper Crane","PreservedInsect","Mummified Hand","Odd Mushroom"],"acts_visited":["Exordium"],"potions_floor_usage":[12,16,16],"damage_taken":[{"damage":0,"enemies":"Small Slimes","floor":1,"turns":1},{"damage":0,"enemies":"Jaw Worm","floor":4,"turns":1},{"damage":0,"enemies":"Lagavulin","floor":7,"turns":1},{"damage":2,"enemies":"Gremlin Nob","floor":12,"turns":4},{"damage":3,"enemies":"The Mushroom Lair","floor":13,"turns":3},{"damage":0,"enemies":"2 Louse","floor":14,"turns":2},{"damage":49,"enemies":"Hexaghost","floor":16,"turns":10}],"seed_played":"5563228044314149328","potions_obtained":[{"floor":4,"key":"Block Potion"},{"floor":12,"key":"Strength Potion"},{"floor":14,"key":"Swift Potion"}],"is_trial":false,"path_per_floor":["M","?","?","M","$","R","E","R","T","R","$","E","?","M","R","B"],"character_chosen":"THE_SILENT","items_purchased":["PreservedInsect"],"campfire_rested":0,"item_purchase_floors":[11],"current_hp_per_floor":[59,59,54,54,54,54,54,54,54,54,54,52,49,49,49,0,0],"gold":117,"neow_bonus":"THREE_ENEMY_KILL","is_daily":false,"chose_seed":false,"campfire_upgraded":4,"win_rate":0.0,"timestamp":1608983894,"path_taken":["M","?","?","M","?","R","E","R","T","R","$","E","?","M","R","BOSS"],"items_purchased_type":["Relic"],"build_version":"2020-12-22","purchased_purges":0,"victory":false,"max_hp_per_floor":[66,66,66,66,66,66,66,66,66,66,66,66,66,66,66,66,66],"card_choices":[{"not_picked":["Tactician","Acrobatics"],"picked":"Backflip","floor":1},{"not_picked":["Quick Slash","Outmaneuver"],"picked":"Dagger Spray","floor":4},{"not_picked":["A Thousand Cuts","Prepared"],"picked":"Dash","floor":7},{"not_picked":["Riddle With Holes","Prepared","Eviscerate"],"picked":"SKIP","floor":12},{"not_picked":["Reflex","Expertise"],"picked":"Poisoned Stab","floor":13},{"not_picked":["Deflect","Reflex"],"picked":"Burst","floor":14}],"player_experience":1142002,"relics_obtained":[{"floor":7,"key":"MawBank"},{"floor":9,"key":"Paper Crane"},{"floor":12,"key":"Mummified Hand"},{"floor":13,"key":"Odd Mushroom"}],"event_choices":[{"damage_healed":0,"gold_gain":0,"player_choice":"Ignored","damage_taken":0,"max_hp_gain":0,"max_hp_loss":0,"event_name":"Liars Game","floor":2,"gold_loss":0},{"damage_healed":0,"gold_gain":0,"player_choice":"Success","damage_taken":5,"relics_obtained":["Meat on the Bone"],"max_hp_gain":0,"max_hp_loss":0,"event_name":"Scrap Ooze","floor":3,"gold_loss":0},{"damage_healed":0,"gold_gain":0,"player_choice":"Fought Mushrooms","damage_taken":0,"max_hp_gain":0,"max_hp_loss":0,"event_name":"Mushrooms","floor":13,"gold_loss":0}],"is_beta":false,"boss_relics":[],"items_purged_floors":[],"is_endless":false,"potions_floor_spawned":[4,12,14],"killed_by":"Hexaghost","ascension_level":20}}