{"host":"7k2a2omxz3voj5ax","time":1608977293,"event":{"mods":["BaseMod","Marisa£¨ìFÓê¡¡Ä§ÀíÉ³£©","Minty Spire (QoL Compilation)","Quick Restart","Spicy Shops","StSLib","Starting Relic: Pandora\u0027s Box","óô»ðÖ¸ÄÏ"],"gold_per_floor":[115,40,60,74,74,100,100,133,133,149,149,166,691,716,716,816,816,756,756,756,756,671,671,671,671,671,671,671,671,671,671,671,671,671,671,2355,2355,2355,2205,2205,2205,2205,2205,2205,1988,1988,1698,1698,1698,1698,1698,1698,1411,1411,1411],"floor_reached":56,"playtime":3082,"items_purged":["Rebound","Redo","Dualcast","Streamline","Sweeping Beam","Leap+1","Parasite"],"score":2366,"play_id":"b321a498-c129-4de6-8c88-13fd76226db0","local_time":"20201226190813","is_ascension_mode":true,"campfire_choices":[{"data":"Defragment","floor":7.0,"key":"SMITH"},{"data":"Glacier","floor":11.0,"key":"SMITH"},{"data":"Defragment","floor":15.0,"key":"SMITH"},{"data":"Buffer","floor":32.0,"key":"SMITH"},{"data":"Amplify","floor":40.0,"key":"SMITH"},{"floor":49.0,"key":"RECALL"},{"data":"Biased Cognition","floor":52.0,"key":"SMITH"}],"circlet_count":0,"master_deck":["AscendersBane","Zap","Defragment+1","Genetic Algorithm+1","Compile Driver+1","Recycle","Turbo","Echo Form","Glacier+1","Skim","Defragment+1","Blizzard+1","Buffer+1","Coolheaded+1","Tempest+1","Double Energy+1","Defragment+1","Electrodynamics","Meteor Strike+1","Amplify+1","Biased Cognition+1","Heatsinks+1","Multi-Cast"],"relics":["Sozu","FaceOfCleric","Dream Catcher","Bottled Tornado","Membership Card","War Paint","TheAbacus","Bird Faced Urn","Ectoplasm","Orichalcum","InkBottle","StoneCalendar","Ornamental Fan","TungstenRod","Molten Egg 2","Matryoshka","Runic Pyramid","Bottled Lightning","DataDisk","Darkstone Periapt","Gremlin Horn","Toxic Egg 2","Pantograph","Sundial","OrangePellets","Emotion Chip","Medical Kit","Runic Capacitor","Mercury Hourglass","Whetstone","Cables"],"acts_visited":["Exordium","TheCity","TheBeyond","TheEnding"],"potions_floor_usage":[],"damage_taken":[{"damage":0.0,"enemies":"Small Slimes","floor":1.0,"turns":3.0},{"damage":3.0,"enemies":"Cultist","floor":3.0,"turns":3.0},{"damage":1.0,"enemies":"2 Louse","floor":4.0,"turns":2.0},{"damage":30.0,"enemies":"Gremlin Nob","floor":6.0,"turns":4.0},{"damage":13.0,"enemies":"Lagavulin","floor":8.0,"turns":6.0},{"damage":6.0,"enemies":"2 Fungi Beasts","floor":10.0,"turns":4.0},{"damage":6.0,"enemies":"Gremlin Gang","floor":12.0,"turns":5.0},{"damage":8.0,"enemies":"3 Sentries","floor":14.0,"turns":5.0},{"damage":0.0,"enemies":"Slime Boss","floor":16.0,"turns":8.0},{"damage":22.0,"enemies":"2 Thieves","floor":18.0,"turns":4.0},{"damage":18.0,"enemies":"3 Byrds","floor":19.0,"turns":5.0},{"damage":0.0,"enemies":"Snecko","floor":20.0,"turns":5.0},{"damage":23.0,"enemies":"Slavers","floor":23.0,"turns":3.0},{"damage":0.0,"enemies":"Snake Plant","floor":24.0,"turns":3.0},{"damage":0.0,"enemies":"Book of Stabbing","floor":25.0,"turns":5.0},{"damage":23.0,"enemies":"Gremlin Leader","floor":27.0,"turns":3.0},{"damage":13.0,"enemies":"Book of Stabbing","floor":29.0,"turns":6.0},{"damage":5.0,"enemies":"Cultist and Chosen","floor":30.0,"turns":6.0},{"damage":0.0,"enemies":"Gremlin Leader","floor":31.0,"turns":4.0},{"damage":0.0,"enemies":"Champ","floor":33.0,"turns":8.0},{"damage":39.0,"enemies":"3 Darklings","floor":35.0,"turns":4.0},{"damage":0.0,"enemies":"Orb Walker","floor":37.0,"turns":4.0},{"damage":0.0,"enemies":"3 Darklings","floor":38.0,"turns":2.0},{"damage":0.0,"enemies":"Sphere and 2 Shapes","floor":41.0,"turns":3.0},{"damage":0.0,"enemies":"Nemesis","floor":42.0,"turns":5.0},{"damage":0.0,"enemies":"Reptomancer","floor":44.0,"turns":3.0},{"damage":0.0,"enemies":"Writhing Mass","floor":46.0,"turns":4.0},{"damage":0.0,"enemies":"Spire Growth","floor":48.0,"turns":3.0},{"damage":0.0,"enemies":"Donu and Deca","floor":50.0,"turns":4.0},{"damage":0,"enemies":"Shield and Spear","floor":54,"turns":4},{"damage":0,"enemies":"The Heart","floor":55,"turns":6}],"seed_played":"7585835235555898947","potions_obtained":[],"is_trial":false,"path_per_floor":["M","$","M","M","?","E","R","E","T","M","R","M","$","E","R","B",null,"M","M","M","?","?","E","M","E","T","E","?","E","M","E","R","B",null,"M","$","M","M","$","R","M","E","T","E","R","M","R","M","R","B",null,"R","$","E","B",null],"character_chosen":"DEFECT","items_purchased":["Membership Card","War Paint","Defragment","Blizzard","TheAbacus","Bottled Lightning","Amplify","Biased Cognition","DataDisk","Sundial","OrangePellets","Emotion Chip","Medical Kit","Runic Capacitor","Mercury Hourglass","Whetstone"],"campfire_rested":0,"item_purchase_floors":[13,13,13,13,13,36,36,36,39,45,47,47,53,53,53,53],"current_hp_per_floor":[68,68,65,64,64,35,35,23,23,18,18,13,13,6,6,17,65,54,47,58,58,58,44,55,66,66,50,50,48,56,71,71,90,92,64,64,85,94,94,94,96,97,97,98,98,105,102,103,103,104,104,104,104,105,106],"gold":1411,"neow_bonus":"BOSS_RELIC","is_daily":false,"chose_seed":false,"campfire_upgraded":6,"win_rate":0.0,"timestamp":1608977293,"path_taken":["M","$","M","M","?","E","R","E","T","M","R","M","$","E","R","BOSS","M","M","?","?","?","E","M","E","T","E","?","E","M","E","R","BOSS","M","$","M","M","$","R","M","E","T","E","R","?","R","M","R","BOSS","R","$","E","BOSS"],"items_purchased_type":["Relic","Relic","Card","Card","Relic","Relic","Card","Card","Relic","Relic","Relic","Relic","Relic","Relic","Relic","Relic"],"build_version":"2020-12-22","purchased_purges":7,"victory":true,"max_hp_per_floor":[75,75,75,75,75,76,76,77,77,78,78,79,79,80,80,81,81,82,83,84,84,84,85,86,87,87,88,88,89,90,91,91,92,92,93,93,94,95,95,95,96,97,97,98,98,105,102,103,103,104,104,104,104,105,106],"card_choices":[{"not_picked":["Sweeping Beam","Barrage"],"picked":"Recycle","floor":1.0},{"not_picked":["Rebound","Beam Cell","Gash"],"picked":"SKIP","floor":3.0},{"not_picked":["Sweeping Beam","Fusion"],"picked":"Turbo","floor":4.0},{"not_picked":["Creative AI","Reprogram"],"picked":"Echo Form","floor":6.0},{"not_picked":["Melter","Steam Power","Recycle"],"picked":"SKIP","floor":8.0},{"not_picked":["Redo","Self Repair"],"picked":"Glacier","floor":10.0},{"not_picked":["Redo","Beam Cell"],"picked":"Skim","floor":12.0},{"not_picked":["Streamline","Leap","Doom and Gloom"],"picked":"SKIP","floor":14.0},{"not_picked":["All For One","Fission"],"picked":"Buffer","floor":16.0},{"not_picked":["Redo","Tempest","Reprogram"],"picked":"SKIP","floor":18.0},{"not_picked":["Fusion","Compile Driver+1"],"picked":"Coolheaded+1","floor":19.0},{"not_picked":["Gash+1","Leap"],"picked":"Tempest+1","floor":20.0},{"not_picked":["FTL","Sunder","Chaos+1"],"picked":"SKIP","floor":23.0},{"not_picked":["Steam","Doom and Gloom","Hologram+1"],"picked":"SKIP","floor":24.0},{"not_picked":["Melter+1","Rebound"],"picked":"Double Energy+1","floor":25.0},{"not_picked":["Tempest","Recycle","Machine Learning"],"picked":"SKIP","floor":27.0},{"not_picked":["Darkness","Rebound+1","Gash+1"],"picked":"SKIP","floor":29.0},{"not_picked":["Darkness","Lockon+1","Aggregate+1"],"picked":"SKIP","floor":30.0},{"not_picked":["Sunder+1","Sweeping Beam+1"],"picked":"Electrodynamics","floor":31.0},{"not_picked":["Reboot","Rainbow"],"picked":"Meteor Strike+1","floor":33.0},{"not_picked":["Gash+1","Compile Driver+1","Redo"],"picked":"SKIP","floor":35.0},{"not_picked":["Chill+1","Go for the Eyes+1","Hello World"],"picked":"SKIP","floor":37.0},{"not_picked":["Turbo+1","Go for the Eyes+1","Lockon+1"],"picked":"SKIP","floor":38.0},{"not_picked":["Streamline+1","Turbo"],"picked":"Heatsinks+1","floor":41.0},{"not_picked":["Barrage+1","FTL+1"],"picked":"Multi-Cast","floor":42.0},{"not_picked":["Meteor Strike+1","Steam Power+1","Static Discharge+1"],"picked":"SKIP","floor":44.0},{"not_picked":["Compile Driver+1","Storm","Redo+1"],"picked":"SKIP","floor":46.0},{"not_picked":["Chaos+1","Streamline+1","Redo+1"],"picked":"SKIP","floor":48.0},{"not_picked":["Compile Driver+1","Chill+1","Turbo+1"],"picked":"SKIP","floor":54}],"player_experience":353529,"relics_obtained":[{"floor":6.0,"key":"Dream Catcher"},{"floor":8.0,"key":"Bottled Tornado"},{"floor":14.0,"key":"Bird Faced Urn"},{"floor":23.0,"key":"InkBottle"},{"floor":25.0,"key":"StoneCalendar"},{"floor":26.0,"key":"Ornamental Fan"},{"floor":27.0,"key":"TungstenRod"},{"floor":29.0,"key":"Molten Egg 2"},{"floor":31.0,"key":"Matryoshka"},{"floor":42.0,"key":"Darkstone Periapt"},{"floor":43.0,"key":"Gremlin Horn"},{"floor":43.0,"key":"Toxic Egg 2"},{"floor":44.0,"key":"Pantograph"},{"floor":54,"key":"Cables"}],"event_choices":[{"damage_healed":0.0,"max_hp_gain":0.0,"max_hp_loss":0.0,"gold_gain":0.0,"event_name":"FaceTrader","player_choice":"Trade","floor":5.0,"gold_loss":0.0,"damage_taken":0.0,"relics_obtained":["FaceOfCleric"]},{"damage_healed":0.0,"max_hp_gain":0.0,"max_hp_loss":0.0,"gold_gain":0.0,"event_name":"Vampires","player_choice":"Ignored","floor":21.0,"gold_loss":0.0,"damage_taken":0.0},{"damage_healed":0.0,"max_hp_gain":0.0,"max_hp_loss":0.0,"gold_gain":0.0,"event_name":"Addict","player_choice":"Obtained Relic","floor":22.0,"gold_loss":85.0,"damage_taken":0.0,"relics_obtained":["Orichalcum"]},{"damage_healed":0.0,"max_hp_gain":0.0,"max_hp_loss":0.0,"gold_gain":0.0,"event_name":"Duplicator","player_choice":"Copied","floor":28.0,"gold_loss":0.0,"damage_taken":0.0,"cards_obtained":["Defragment"]}],"is_beta":false,"boss_relics":[{"not_picked":["Snecko Eye","Cursed Key"],"picked":"Ectoplasm"},{"not_picked":["Velvet Choker","Coffee Dripper"],"picked":"Runic Pyramid"}],"items_purged_floors":[2,13,36,39,45,47,47],"is_endless":false,"potions_floor_spawned":[1,4,14,16,19,25,27,29,37,38,46,48,54],"ascension_level":10}}