{"host":"yuoancq4cku3x8wq","time":1608983542,"event":{"mods":["ATMod(°¢èªMod)","AchievementEnabler","BaseMod","Minty Spire (QoL Compilation)","Quick Restart","StSLib","SuperFastMode"],"gold_per_floor":[114,114,114,127,127,127,159,159,205,231,281,298,298,326,326,326,326],"floor_reached":16,"playtime":285,"items_purged":[],"score":275,"play_id":"459e9edd-52f3-4f5a-a5cc-bcdb8171efdc","local_time":"20201226195222","is_ascension_mode":true,"campfire_choices":[{"data":"Dualcast","floor":6.0,"key":"SMITH"},{"data":"Seek","floor":8.0,"key":"SMITH"},{"floor":13.0,"key":"REST"},{"floor":15.0,"key":"REST"}],"circlet_count":0,"master_deck":["AscendersBane","Strike_B","Strike_B","Strike_B","Defend_B","Defend_B","Defend_B","Defend_B","Zap","Dualcast+1","AT_RightCognition","AT_ThunderBolt+1","Core Surge","Seek+1","AT_DarkMatter","Recycle","Coolheaded"],"relics":["Cracked Core","AT_ATBox","NeowsBlessing","Akabeko","Kunai","Omamori","Cables"],"acts_visited":["Exordium"],"potions_floor_usage":[],"damage_taken":[{"damage":0.0,"enemies":"Small Slimes","floor":1.0,"turns":1.0},{"damage":0.0,"enemies":"2 Louse","floor":4.0,"turns":1.0},{"damage":0.0,"enemies":"Gremlin Nob","floor":7.0,"turns":1.0},{"damage":30.0,"enemies":"Lagavulin","floor":10.0,"turns":4.0},{"damage":1.0,"enemies":"Cultist","floor":12.0,"turns":3.0},{"damage":40.0,"enemies":"3 Sentries","floor":14.0,"turns":9.0},{"damage":36,"enemies":"The Guardian","floor":16,"turns":2}],"seed_played":"-615915341175060449","potions_obtained":[{"floor":4.0,"key":"AttackPotion"},{"floor":7.0,"key":"PotionOfCapacity"}],"is_trial":false,"path_per_floor":["M","?","?","M","?","R","E","R","T","E","?","M","R","E","R","B"],"character_chosen":"DEFECT","items_purchased":[],"campfire_rested":2,"item_purchase_floors":[],"current_hp_per_floor":[64,64,64,64,59,59,59,59,59,29,29,28,49,9,30,0,0],"gold":326,"neow_bonus":"THREE_ENEMY_KILL","is_daily":false,"chose_seed":false,"campfire_upgraded":2,"win_rate":0.0,"timestamp":1608983542,"path_taken":["M","?","?","?","?","R","E","R","T","E","?","M","R","E","R","BOSS"],"items_purchased_type":[],"build_version":"2020-12-22","purchased_purges":0,"victory":false,"max_hp_per_floor":[71,71,71,71,71,71,71,71,71,71,71,71,71,71,71,71,71],"card_choices":[{"not_picked":["Hologram","Consume"],"picked":"AT_ThunderBolt","floor":1.0},{"not_picked":["Leap","AT_EMC2","Doom and Gloom"],"picked":"SKIP","floor":4.0},{"not_picked":["Doom and Gloom","Stack"],"picked":"Seek","floor":7.0},{"not_picked":["Conserve Battery","Redo"],"picked":"AT_DarkMatter","floor":10.0},{"not_picked":["Compile Driver","AT_HeatAcrobatics"],"picked":"Recycle","floor":12.0},{"not_picked":["AT_HeatAcrobatics","Capacitor"],"picked":"Coolheaded","floor":14.0}],"player_experience":232654,"relics_obtained":[{"floor":7.0,"key":"Kunai"},{"floor":10.0,"key":"Omamori"},{"floor":14.0,"key":"Cables"}],"event_choices":[{"damage_healed":0.0,"max_hp_gain":0.0,"max_hp_loss":0.0,"gold_gain":0.0,"cards_transformed":["Strike_B"],"event_name":"Living Wall","player_choice":"Change","floor":2.0,"gold_loss":0.0,"damage_taken":0.0,"cards_obtained":["Core Surge"]},{"damage_healed":0.0,"max_hp_gain":0.0,"max_hp_loss":0.0,"gold_gain":0.0,"event_name":"Upgrade Shrine","player_choice":"Upgraded","floor":3.0,"gold_loss":0.0,"damage_taken":0.0,"cards_upgraded":["AT_ThunderBolt"]},{"damage_healed":0.0,"max_hp_gain":0.0,"max_hp_loss":0.0,"gold_gain":0.0,"event_name":"Scrap Ooze","player_choice":"Success","floor":5.0,"gold_loss":0.0,"damage_taken":5.0,"relics_obtained":["Akabeko"]},{"damage_healed":0.0,"max_hp_gain":0.0,"max_hp_loss":0.0,"gold_gain":50.0,"event_name":"Golden Shrine","player_choice":"Pray","floor":11.0,"gold_loss":0.0,"damage_taken":0.0}],"is_beta":false,"boss_relics":[],"items_purged_floors":[],"is_endless":false,"potions_floor_spawned":[4,7],"killed_by":"The Guardian","ascension_level":19}}