{"host":"m6h67kf6cz80m3yv","time":1608941364,"event":{"mods":["BaseMod","Better Third Choice","BetterRewards","Colored Powertips","Downfall","Duelist Mod","Hermit","Marisa????????","Minty Spire (QoL Compilation)","Quick Restart","Shade Mod","Shop Mod","StSLib","SuperFastMode","The Servant 0.9.4"],"gold_per_floor":[115,128,145,145,145,470,470,498,498,510,510,538,538,554,554,655,655,675,675,686,273,292,292,307,332,356,386,398,410,450,149,149,249,249,261,112,112,112,131,163,178,192,262,293,311,355,395,395,395,395,395,395,9,36,36],"floor_reached":56,"playtime":3715,"items_purged":[],"score":1887,"play_id":"0a7c2677-eace-467f-ae6f-d927abe36075","local_time":"20201225220924","is_ascension_mode":true,"campfire_choices":[{"floor":7.0,"key":"REST"},{"floor":13.0,"key":"REST"},{"data":"PowerUp","floor":15.0,"key":"SMITH"},{"data":"FinalSpark","floor":23.0,"key":"SMITH"},{"floor":29.0,"key":"REST"},{"data":"TreasureHunter","floor":32.0,"key":"SMITH"},{"floor":49,"key":"RECALL"},{"data":"UltimateShortwave","floor":52,"key":"SMITH"}],"circlet_count":0,"master_deck":["Strike_MRS","Strike_MRS","Strike_MRS","Strike_MRS","Defend_MRS+1","Defend_MRS","Defend_MRS","Defend_MRS","MasterSpark","UpSweep","OortCloud+1","DoubleSpark","OortCloud+1","DC+1","TreasureHunter+1","Burn","AsteroidBelt","SuperPerseids","PowerUp+1","PowerUp+1","CasketOfStar+1","MilkyWay+1","ChargeUpSpray","MachineGunSpark","FinalSpark+1","CollectingQuirk+1","OortCloud+1","UltimateShortwave+1","PowerUp+1","PowerUp+1","FinalSpark+1","MagicChant+1","GrandCross+1","Madness","Madness","EnergyFlow+1","MachineGunSpark+1","MillisecondPulsars+1"],"relics":["MiniHakkero","Torii","Art of War","Prayer Wheel","Frozen Egg 2","MealTicket","Blue Candle","Old Coin","Potion Belt","Lantern","Peace Pipe","Kunai","Thread and Needle","Black Star","HandDrill","Bottled Tornado","SproutingBranch","War Paint","Orichalcum","MawBank","Blood Vial","Sundial","Pen Nib","WingedGreaves","Molten Egg 2","Vajra","DollysMirror","ExperimentalFamiliar","Chemical X","Regal Pillow","Strawberry","CeramicFish","Happy Flower","Bottled Flame","Shuriken","Mango","Smiling Mask","Membership Card","MagicBroom","Anchor","Ginger"],"acts_visited":["Exordium","TheCity","TheBeyond","TheEnding"],"potions_floor_usage":[46,50,50,54,55,55,55,55],"damage_taken":[{"damage":0.0,"enemies":"Small Slimes","floor":1.0,"turns":3.0},{"damage":0.0,"enemies":"Cultist","floor":2.0,"turns":3.0},{"damage":1.0,"enemies":"2 Louse","floor":3.0,"turns":4.0},{"damage":2.0,"enemies":"Lagavulin","floor":6.0,"turns":5.0},{"damage":1.0,"enemies":"3 Sentries","floor":8.0,"turns":8.0},{"damage":0.0,"enemies":"Exordium Thugs","floor":10.0,"turns":3.0},{"damage":0.0,"enemies":"Gremlin Nob","floor":12.0,"turns":4.0},{"damage":0.0,"enemies":"Exordium Wildlife","floor":14.0,"turns":3.0},{"damage":20.0,"enemies":"Hexaghost","floor":16.0,"turns":12.0},{"damage":0.0,"enemies":"Shell Parasite","floor":18.0,"turns":7.0},{"damage":1.0,"enemies":"Chosen","floor":20.0,"turns":6.0},{"damage":0.0,"enemies":"3 Cultists","floor":22.0,"turns":6.0},{"damage":9.0,"enemies":"Shelled Parasite and Fungi","floor":24.0,"turns":5.0},{"damage":32.0,"enemies":"Gremlin Leader","floor":25.0,"turns":7.0},{"damage":1.0,"enemies":"Book of Stabbing","floor":27.0,"turns":7.0},{"damage":19.0,"enemies":"Gremlin Leader","floor":30.0,"turns":10.0},{"damage":0.0,"enemies":"Champ","floor":33.0,"turns":9.0},{"damage":0.0,"enemies":"3 Shapes","floor":35.0,"turns":5.0},{"damage":0.0,"enemies":"Orb Walker","floor":39.0,"turns":2.0},{"damage":29.0,"enemies":"Nemesis","floor":40.0,"turns":5.0},{"damage":0.0,"enemies":"Transient","floor":41.0,"turns":5.0},{"damage":0,"enemies":"3 Darklings","floor":42,"turns":5},{"damage":0,"enemies":"Giant Head","floor":44,"turns":6},{"damage":11,"enemies":"Reptomancer","floor":46,"turns":5},{"damage":0,"enemies":"Nemesis","floor":47,"turns":1},{"damage":46,"enemies":"Awakened One","floor":50,"turns":8},{"damage":27,"enemies":"Shield and Spear","floor":54,"turns":5},{"damage":66,"enemies":"The Heart","floor":55,"turns":6}],"seed_played":"2189192578763644492","potions_obtained":[{"floor":1.0,"key":"Weak Potion"},{"floor":8.0,"key":"AttackPotion"},{"floor":12.0,"key":"SteroidPotion"},{"floor":14.0,"key":"SkillPotion"},{"floor":22.0,"key":"Weak Potion"},{"floor":24.0,"key":"Weak Potion"},{"floor":35.0,"key":"Swift Potion"},{"floor":40.0,"key":"ShroomBrew"},{"floor":48,"key":"SkillPotion"},{"floor":54,"key":"DuplicationPotion"}],"is_trial":false,"path_per_floor":["M","M","M","?","?","E","R","E","T","M","?","E","R","M","R","B",null,"M","?","M","$","M","R","M","E","T","E","T","R","E","$","R","B",null,"M","$","?","$","M","E","M","M","T","E","?","E","E","?","R","B",null,"R","$","E","B",null],"character_chosen":"MARISA","items_purchased":["Art of War","Frozen Egg 2","OortCloud+1","MealTicket","HandDrill","Bottled Tornado","Vajra","DollysMirror","Chemical X","Membership Card","MagicBroom","MillisecondPulsars+1","AttackPotion","DistilledChaos"],"campfire_rested":3,"item_purchase_floors":[0,0,0,0,21,21,31,31,36,53,53,53,53,53],"current_hp_per_floor":[30,30,29,29,29,27,49,48,48,48,48,48,70,70,70,50,75,75,75,74,75,75,75,66,34,34,48,48,70,62,75,75,75,75,75,75,75,75,75,58,75,82,82,82,72,76,92,92,92,57,96,96,96,74,25],"gold":36,"neow_bonus":"","is_daily":false,"chose_seed":false,"campfire_upgraded":4,"win_rate":0.0,"timestamp":1608941364,"path_taken":["M","M","M","?","?","E","R","E","T","?","?","E","R","?","R","BOSS","M","?","M","?","M","R","M","E","T","E","?","R","E","$","R","BOSS","M","$","?","?","M","E","?","M","T","E","?","E","E","?","R","BOSS","R","$","E","BOSS"],"items_purchased_type":["Relic","Relic","Card","Relic","Relic","Relic","Relic","Relic","Relic","Relic","Relic","Card","Potion","Potion"],"build_version":"2020-12-22","purchased_purges":0,"victory":true,"max_hp_per_floor":[75,75,75,75,75,75,75,75,75,75,75,75,75,75,75,75,75,75,75,75,75,75,75,75,75,75,75,75,75,75,75,75,75,75,75,75,75,75,75,82,82,82,82,82,82,82,96,96,96,96,96,96,96,96,96],"card_choices":[{"not_picked":["MysteriousBeam","Robbery"],"picked":"DoubleSpark","floor":1.0},{"not_picked":["GrandCross","MilkyWay","GravityBeat"],"picked":"SKIP","floor":1.0},{"not_picked":["WitchLeyline","AlicesGift"],"picked":"OortCloud+1","floor":2.0},{"not_picked":["DarkSpark","6A","DragonMeteor"],"picked":"SKIP","floor":2.0},{"not_picked":["DarkMatter","RefractionSpark"],"picked":"DC","floor":3.0},{"not_picked":["ShootingEcho","GalacticHalo"],"picked":"TreasureHunter","floor":3.0},{"not_picked":["Occultation","GravityBeat"],"picked":"AsteroidBelt","floor":6.0},{"not_picked":["6A","RefractionSpark"],"picked":"SuperPerseids","floor":8.0},{"not_picked":["LuminesStrike","GravityBeat"],"picked":"PowerUp","floor":10.0},{"not_picked":["NonDirectionalLaser","Acceleration","WitchLeyline"],"picked":"SKIP","floor":10.0},{"not_picked":["StarlightTyphoon","WitchOfGreed+1","SuperNova+1"],"picked":"SKIP","floor":12.0},{"not_picked":["MagicAbsorber","SprinkleStarSeal"],"picked":"PowerUp","floor":14.0},{"not_picked":["NonDirectionalLaser","IllusionStar","DarkMatter"],"picked":"SKIP","floor":14.0},{"not_picked":["BinaryStars","SatelliteIllusion+1"],"picked":"CasketOfStar+1","floor":16.0},{"not_picked":["Robbery","GalacticHalo"],"picked":"MilkyWay","floor":18.0},{"not_picked":["LuminesStrike+1","ShootTheMoon+1","Acceleration+1"],"picked":"SKIP","floor":18.0},{"not_picked":["Acceleration","WitchOfGreed+1"],"picked":"MachineGunSpark","floor":20.0},{"not_picked":["PowerUp","Acceleration","AsteroidBelt"],"picked":"SKIP","floor":20.0},{"not_picked":["MilkyWay","DoubleSpark"],"picked":"FinalSpark","floor":22.0},{"not_picked":["GalacticHalo+1","Acceleration","GrandCross"],"picked":"SKIP","floor":22.0},{"not_picked":["WitchLeyline","MysteriousBeam","WitchOfGreed+1"],"picked":"SKIP","floor":24.0},{"not_picked":["AsteroidBelt","DoubleSpark","WitchLeyline"],"picked":"SKIP","floor":24.0},{"not_picked":["RefractionSpark","ShootingEcho","GravityBeat"],"picked":"SKIP","floor":25.0},{"not_picked":["RefractionSpark+1","MilkyWay","GravityBeat"],"picked":"SKIP","floor":27.0},{"not_picked":["GrandCross+1","PulseMagic+1"],"picked":"CollectingQuirk+1","floor":30.0},{"not_picked":["FinalSpark+1","ManaRampage"],"picked":"UltimateShortwave","floor":33.0},{"not_picked":["DC+1","UnstableBomb+1"],"picked":"PowerUp+1","floor":35.0},{"not_picked":["LuminesStrike+1","OneTimeOff"],"picked":"PowerUp+1","floor":35.0},{"not_picked":["OpenUniverse","FairyDestructionRay+1","Acceleration"],"picked":"SKIP","floor":39.0},{"not_picked":["OrrerysSun+1","ShootTheMoon+1","AsteroidBelt+1"],"picked":"SKIP","floor":39.0},{"not_picked":["OortCloud+1","MysteriousBeam+1"],"picked":"MagicChant+1","floor":40.0},{"not_picked":["6A+1","MilkyWay","GrandCross+1"],"picked":"SKIP","floor":41.0},{"not_picked":["ShootingEcho+1","GrandCross+1","RefractionSpark+1"],"picked":"SKIP","floor":41.0},{"not_picked":["SporeBomb","WitchLeyline+1"],"picked":"GrandCross+1","floor":42},{"not_picked":["WitchOfGreed+1","FairyDestructionRay+1","StarBarrage+1"],"picked":"SKIP","floor":42},{"not_picked":["IllusionStar+1","UnstableBomb+1","TreasureHunter+1"],"picked":"SKIP","floor":44},{"not_picked":["WitchOfGreed+1","6A+1"],"picked":"EnergyFlow+1","floor":46},{"not_picked":["AsteroidBelt","GravityBeat+1"],"picked":"MachineGunSpark+1","floor":47},{"not_picked":["BlazeAway","MilkyWay","ChargingUp+1"],"picked":"SKIP","floor":54}],"player_experience":289911,"relics_obtained":[{"floor":6.0,"key":"Blue Candle"},{"floor":6.0,"key":"Old Coin"},{"floor":8.0,"key":"Potion Belt"},{"floor":8.0,"key":"Lantern"},{"floor":9.0,"key":"Peace Pipe"},{"floor":12.0,"key":"Kunai"},{"floor":16.0,"key":"Thread and Needle"},{"floor":25.0,"key":"SproutingBranch"},{"floor":25.0,"key":"War Paint"},{"floor":26.0,"key":"Orichalcum"},{"floor":27.0,"key":"MawBank"},{"floor":27.0,"key":"Blood Vial"},{"floor":28.0,"key":"Sundial"},{"floor":30.0,"key":"Pen Nib"},{"floor":30.0,"key":"WingedGreaves"},{"floor":30.0,"key":"Molten Egg 2"},{"floor":40.0,"key":"Regal Pillow"},{"floor":40.0,"key":"Strawberry"},{"floor":44,"key":"CeramicFish"},{"floor":44,"key":"Happy Flower"},{"floor":46,"key":"Bottled Flame"},{"floor":46,"key":"Shuriken"},{"floor":47,"key":"Mango"},{"floor":47,"key":"Smiling Mask"},{"floor":54,"key":"Anchor"},{"floor":54,"key":"Ginger"}],"event_choices":[{"damage_healed":29.0,"max_hp_gain":0.0,"max_hp_loss":75.0,"gold_gain":0.0,"event_name":"betterThird:BetterShining","player_choice":"Embrace Burn","floor":4.0,"gold_loss":0.0,"damage_taken":0.0},{"damage_healed":0.0,"max_hp_gain":0.0,"max_hp_loss":0.0,"gold_gain":0.0,"event_name":"Accursed Blacksmith","player_choice":"Forge","floor":5.0,"gold_loss":0.0,"damage_taken":0.0,"cards_upgraded":["DC"]},{"damage_healed":0.0,"max_hp_gain":0.0,"max_hp_loss":0.0,"gold_gain":0.0,"event_name":"Upgrade Shrine","player_choice":"Upgraded","floor":11.0,"gold_loss":0.0,"damage_taken":0.0,"cards_upgraded":["PowerUp"]},{"damage_healed":0.0,"max_hp_gain":0.0,"max_hp_loss":0.0,"gold_gain":0.0,"event_name":"The Library","player_choice":"Read","floor":19.0,"gold_loss":0.0,"damage_taken":0.0,"cards_obtained":["ChargeUpSpray"]},{"damage_healed":0.0,"max_hp_gain":0.0,"max_hp_loss":0.0,"gold_gain":0.0,"event_name":"Duplicator","player_choice":"Copied","floor":37.0,"gold_loss":0.0,"damage_taken":0.0,"cards_obtained":["FinalSpark"]},{"damage_healed":0,"gold_gain":0,"player_choice":"Embrace Madness","damage_taken":10,"max_hp_gain":0,"max_hp_loss":0,"event_name":"Winding Halls","floor":45,"gold_loss":0,"cards_obtained":["Madness","Madness"]},{"damage_healed":0,"gold_gain":0,"player_choice":"Got Potions","damage_taken":0,"max_hp_gain":0,"max_hp_loss":0,"event_name":"Lab","floor":48,"gold_loss":0}],"is_beta":false,"boss_relics":[{"not_picked":["Calling Bell","Tiny House"],"picked":"Black Star"},{"not_picked":["RampagingMagicTools","Cursed Key"],"picked":"ExperimentalFamiliar"}],"items_purged_floors":[],"is_endless":false,"potions_floor_spawned":[1,8,12,14,22,24,35,40,54],"ascension_level":1}}