{"host":"rkizb0bayd67deyv","time":1608996795,"event":{"mods":["2.2 Compatiblity","AchievementEnabler","Astrologer","BaseMod","Beaked The Cultist","BetterRewards","CapriCore","Colored Map","Colored Powertips","GifTheSpireLib","Gremlin Mod","KinomotoSakuraMod(ñÿîVñ{?)","Koishi","Mad Scientist","MarisaÅiñ∂âJÅ@ñÇóùçπÅj","Minty Spire (QoL Compilation)","Quick Restart","StSLib","SuperFastMode","The Bladedancer","The Cursed","The Death Knight","The Immortal","The Mystic","The Poker Player","Unknown Chances","YoumuÅiç∞ÈÆódöÎÅj"],"gold_per_floor":[118,118,18,37,50,80,104,137,213,248,218,218,247,307,307,406,406,421,421,421,441,441,441,441,451,497,71,84,84,110,127,127,228,228,248,22,22,76,90,125,139,167,167,240,253,253,13,28,28,28],"floor_reached":51,"playtime":2023,"items_purged":["Gremlin:Strike","Gremlin:Strike","Pain","Gremlin:Defend","Gremlin:Defend+1"],"score":1489,"play_id":"7328a479-2928-460a-a235-c5568ada8bde","local_time":"20201227003315","is_ascension_mode":true,"campfire_choices":[{"data":"Gremlin:Unforgiving","floor":15.0,"key":"SMITH"},{"data":"Gremlin:FollowThrough","floor":23.0,"key":"SMITH"},{"data":"Gremlin:Pinprick","floor":29.0,"key":"SMITH"},{"data":"Gremlin:GremlinArms","floor":32.0,"key":"SMITH"},{"data":"Gremlin:GremlinDance","floor":49.0,"key":"SMITH"}],"circlet_count":0,"master_deck":["Gremlin:Strike","Gremlin:Strike","Gremlin:Defend","Gremlin:TagTeam+1","Gremlin:GremlinDance+1","Gremlin:GlitterGuard","Gremlin:GremlinArms+1","Gremlin:FollowThrough+1","Gremlin:Pinprick+1","Gremlin:TwistTheKnife","Gremlin:Unforgiving+1","Gremlin:RageBreak+1","Gremlin:TwistTheKnife+1","Gremlin:GlitterGuard+1","Gremlin:Duplicate+1","Gremlin:GremlinMeal+1","Secret Technique+1","Gremlin:FollowThrough+1","Gremlin:GremlinMeal+1","Gremlin:CongaLine","Gremlin:GremlinMeal+1","Gremlin:Fury+1","Madness+1","Madness+1","Violence+1","Madness+1"],"relics":["Gremlin:GremlinKnob","Gambling Chip","Centennial Puzzle","Calipers","Kunai","Toxic Egg 2","Bag of Preparation","Oddly Smooth Stone","Pear","Molten Egg 2","InkBottle","Odd Mushroom","Gremlin:PricklyShields","Philosopher\u0027s Stone","WarpedTongs","Bronze Scales","Membership Card","Nunchaku","Ancient Tea Set","Gremlin:GremlinBomb","War Paint","CatCart","Boot","Lizard Tail","Letter Opener","Ornamental Fan","Mummified Hand"],"acts_visited":["Exordium","TheCity","TheBeyond"],"potions_floor_usage":[50,50,50],"damage_taken":[{"damage":0.0,"enemies":"Jaw Worm","floor":1.0,"turns":5.0},{"damage":0.0,"enemies":"Cultist","floor":4.0,"turns":3.0},{"damage":0.0,"enemies":"Small Slimes","floor":5.0,"turns":3.0},{"damage":4.0,"enemies":"Gremlin Nob","floor":6.0,"turns":4.0},{"damage":2.0,"enemies":"3 Sentries","floor":8.0,"turns":9.0},{"damage":27.0,"enemies":"Gremlin Nob","floor":10.0,"turns":5.0},{"damage":0.0,"enemies":"Looter","floor":11.0,"turns":4.0},{"damage":0.0,"enemies":"The Mushroom Lair","floor":13.0,"turns":2.0},{"damage":0.0,"enemies":"3 Sentries","floor":14.0,"turns":8.0},{"damage":0.0,"enemies":"The Guardian","floor":16.0,"turns":10.0},{"damage":0.0,"enemies":"Spheric Guardian","floor":18.0,"turns":3.0},{"damage":0.0,"enemies":"Chosen","floor":21.0,"turns":3.0},{"damage":5.0,"enemies":"Snecko","floor":25.0,"turns":4.0},{"damage":0.0,"enemies":"Chosen and Byrds","floor":28.0,"turns":2.0},{"damage":0.0,"enemies":"Slavers","floor":30.0,"turns":2.0},{"damage":11.0,"enemies":"Centurion and Healer","floor":31.0,"turns":3.0},{"damage":12.0,"enemies":"Champ","floor":33.0,"turns":3.0},{"damage":3.0,"enemies":"3 Darklings","floor":35.0,"turns":2.0},{"damage":0.0,"enemies":"Orin","floor":38.0,"turns":4.0},{"damage":0.0,"enemies":"Orb Walker","floor":39.0,"turns":1.0},{"damage":0.0,"enemies":"Nemesis","floor":40.0,"turns":1.0},{"damage":0.0,"enemies":"Transient","floor":41.0,"turns":4.0},{"damage":0.0,"enemies":"Giant Head","floor":42.0,"turns":2.0},{"damage":0.0,"enemies":"3 Darklings","floor":45.0,"turns":1.0},{"damage":0.0,"enemies":"4 Shapes","floor":48.0,"turns":1.0},{"damage":0,"enemies":"Awakened One","floor":50,"turns":2}],"seed_played":"6917640706876888129","potions_obtained":[{"floor":5.0,"key":"Weak Potion"},{"floor":10.0,"key":"SkillPotion"},{"floor":13.0,"key":"DistilledChaos"},{"floor":14.0,"key":"SneckoOil"},{"floor":16.0,"key":"SteroidPotion"},{"floor":25.0,"key":"LiquidBronze"},{"floor":31.0,"key":"SpeedPotion"},{"floor":33.0,"key":"DistilledChaos"},{"floor":40.0,"key":"Ancient Potion"}],"is_trial":false,"path_per_floor":["M","?","$","M","M","E","T","E","T","E","M","R","?","?","R","B",null,"M","?","?","M","?","R","?","M","T","$","M","R","E","M","R","B",null,"M","$","?","?","M","E","M","E","T","T","M","?","$","M","R","B",null],"character_chosen":"GREMLIN","items_purchased":["Gremlin:GlitterGuard","Centennial Puzzle","Kunai","Gremlin:GremlinArms","Toxic Egg 2","PowerPotion","Membership Card","Nunchaku","Secret Technique+1","DuplicationPotion","Gremlin:Fury+1","War Paint","Swift Potion","Mummified Hand"],"campfire_rested":0,"item_purchase_floors":[0,0,0,0,0,0,27,27,27,27,36,36,47,47],"current_hp_per_floor":[20,20,20,20,20,16,16,18,18,6,6,6,20,6,6,21,21,21,17,17,17,17,17,17,12,12,12,22,22,22,7,7,22,22,20,20,17,17,17,17,22,22,22,22,22,20,20,15,15,15],"gold":28,"neow_bonus":"","is_daily":false,"chose_seed":false,"campfire_upgraded":5,"win_rate":0.0,"timestamp":1608996795,"path_taken":["M","?","$","M","M","E","?","E","T","E","?","R","?","?","R","BOSS","M","?","?","M","?","R","?","?","T","$","M","R","E","M","R","BOSS","M","$","?","?","M","E","M","E","T","?","M","?","?","M","R","BOSS"],"items_purchased_type":["Card","Relic","Relic","Card","Relic","Potion","Relic","Relic","Card","Potion","Card","Relic","Potion","Relic"],"build_version":"2020-12-22","purchased_purges":5,"victory":true,"max_hp_per_floor":[20,20,20,20,20,20,20,22,22,22,22,21,21,21,21,21,21,21,22,22,22,22,22,22,22,22,22,22,22,22,22,22,22,22,22,22,22,22,22,22,22,22,22,22,22,22,22,22,22,22],"card_choices":[{"not_picked":["Gremlin:Patsy+1","Gremlin:BulkUp+1"],"picked":"Gremlin:FollowThrough","floor":1.0},{"not_picked":["Gremlin:TwistTheKnife","Gremlin:RageBreak+1","Gremlin:Rhythm+1"],"picked":"SKIP","floor":4.0},{"not_picked":["Gremlin:BurlyBlow","Gremlin:FeelTheAudience"],"picked":"Gremlin:TwistTheKnife","floor":5.0},{"not_picked":["Gremlin:GremlinOffensive","Gremlin:GremlinToss","Gremlin:DaggerDance"],"picked":"SKIP","floor":6.0},{"not_picked":["Gremlin:BubbleBarrier+1","Gremlin:Tricksy+1"],"picked":"Gremlin:Unforgiving","floor":8.0},{"not_picked":["Gremlin:CatScratch+1","Gremlin:BrokenShin+1"],"picked":"Gremlin:RageBreak+1","floor":10.0},{"not_picked":["Gremlin:ToeStub+1","Gremlin:Kablamo+1"],"picked":"Gremlin:TwistTheKnife+1","floor":11.0},{"not_picked":["Gremlin:BubbleBarrier+1","Gremlin:Tadah+1"],"picked":"Gremlin:GlitterGuard+1","floor":14.0},{"not_picked":["Gremlin:ShowStopper+1","Gremlin:Nob"],"picked":"Gremlin:Duplicate+1","floor":16.0},{"not_picked":["Gremlin:CatScratch+1","Gremlin:BulkUp+1","Gremlin:BubbleBarrier+1"],"picked":"SKIP","floor":18.0},{"not_picked":["Gremlin:Tadah+1","Gremlin:Jeer+1","Gremlin:TwistTheKnife+1"],"picked":"SKIP","floor":21.0},{"not_picked":["Gremlin:ToeStub+1","Gremlin:Polish","Gremlin:Jeer+1"],"picked":"SKIP","floor":25.0},{"not_picked":["Gremlin:RageBreak+1","Gremlin:ToeStub+1","Gremlin:Mockery+1"],"picked":"SKIP","floor":28.0},{"not_picked":["Gremlin:Tricksy+1","Gremlin:CatScratch+1"],"picked":"Gremlin:FollowThrough+1","floor":30.0},{"not_picked":["Gremlin:Mockery+1","Gremlin:ProperTools+1"],"picked":"Gremlin:GremlinMeal+1","floor":31.0},{"not_picked":["Gremlin:ShadowShiv","Gremlin:Exacerbate+1"],"picked":"Gremlin:CongaLine","floor":33.0},{"not_picked":["Gremlin:CatScratch+1","Gremlin:Mockery+1"],"picked":"Gremlin:GremlinMeal+1","floor":35.0},{"not_picked":["Gremlin:Encore","Gremlin:Stupend+1","Gremlin:FollowThrough+1"],"picked":"SKIP","floor":39.0},{"not_picked":["Gremlin:Glimmer+1","Gremlin:Pickpocket+1","Gremlin:Changeo+1"],"picked":"SKIP","floor":40.0},{"not_picked":["Gremlin:CatScratch+1","Gremlin:Mockery+1","Gremlin:Pretaliation+1"],"picked":"SKIP","floor":41.0},{"not_picked":["Gremlin:Kablamo+1","Gremlin:Astound+1","Gremlin:ToeStub+1"],"picked":"SKIP","floor":42.0},{"not_picked":["Gremlin:Irritability+1","Gremlin:Presto+1","Gremlin:Whiz+1"],"picked":"SKIP","floor":45.0},{"not_picked":["HandOfGreed+1","Chrysalis+1"],"picked":"Violence+1","floor":46.0},{"not_picked":["Discovery+1","Deep Breath+1"],"picked":"Madness+1","floor":46.0},{"not_picked":["Gremlin:BurlyBlow+1","Gremlin:ShankStone+1","Gremlin:GremlinArms+1"],"picked":"SKIP","floor":48.0},{"not_picked":["Gremlin:BurlyBlow+1","Gremlin:ShankStone+1","Gremlin:GremlinArms+1"],"picked":"SKIP","floor":48.0}],"player_experience":276271,"relics_obtained":[{"floor":6.0,"key":"Bag of Preparation"},{"floor":7.0,"key":"Oddly Smooth Stone"},{"floor":8.0,"key":"Pear"},{"floor":9.0,"key":"Molten Egg 2"},{"floor":10.0,"key":"InkBottle"},{"floor":13.0,"key":"Odd Mushroom"},{"floor":14.0,"key":"Gremlin:PricklyShields"},{"floor":26.0,"key":"Bronze Scales"},{"floor":30.0,"key":"Ancient Tea Set"},{"floor":38.0,"key":"CatCart"},{"floor":40.0,"key":"Boot"},{"floor":42.0,"key":"Lizard Tail"},{"floor":43.0,"key":"Letter Opener"},{"floor":44.0,"key":"Ornamental Fan"}],"event_choices":[{"damage_healed":0.0,"max_hp_gain":0.0,"max_hp_loss":0.0,"gold_gain":0.0,"cards_transformed":["Gremlin:Defend"],"event_name":"Living Wall","player_choice":"Change","floor":2.0,"gold_loss":0.0,"damage_taken":0.0,"cards_obtained":["Gremlin:Pinprick"]},{"damage_healed":0.0,"max_hp_gain":0.0,"max_hp_loss":0.0,"gold_gain":0.0,"event_name":"Mushrooms","player_choice":"Fought Mushrooms","floor":13.0,"gold_loss":0.0,"damage_taken":0.0},{"damage_healed":0.0,"max_hp_gain":0.0,"max_hp_loss":0.0,"gold_gain":30.0,"event_name":"Dead Adventurer","player_choice":"Searched \u00272\u0027 times","floor":14.0,"gold_loss":0.0,"damage_taken":0.0},{"damage_healed":0.0,"max_hp_gain":5.0,"max_hp_loss":0.0,"gold_gain":0.0,"event_name":"Forgotten Altar","player_choice":"Shed Blood","floor":19.0,"gold_loss":0.0,"damage_taken":5.0},{"damage_healed":0.0,"max_hp_gain":0.0,"max_hp_loss":0.0,"gold_gain":0.0,"event_name":"Vampires","player_choice":"Ignored","floor":20.0,"gold_loss":0.0,"damage_taken":0.0},{"damage_healed":0.0,"max_hp_gain":0.0,"max_hp_loss":0.0,"gold_gain":0.0,"event_name":"The Library","player_choice":"Read","floor":22.0,"gold_loss":0.0,"damage_taken":0.0,"cards_obtained":["Gremlin:GremlinMeal"]},{"damage_healed":0.0,"max_hp_gain":0.0,"max_hp_loss":0.0,"gold_gain":0.0,"event_name":"Accursed Blacksmith","player_choice":"Rummage","floor":24.0,"gold_loss":0.0,"damage_taken":0.0,"relics_obtained":["WarpedTongs"],"cards_obtained":["Pain"]},{"damage_healed":0.0,"max_hp_gain":0.0,"max_hp_loss":0.0,"gold_gain":0.0,"event_name":"Winding Halls","player_choice":"Embrace Madness","floor":37.0,"gold_loss":0.0,"damage_taken":3.0,"cards_obtained":["Madness","Madness"]},{"damage_healed":0.0,"max_hp_gain":0.0,"max_hp_loss":0.0,"gold_gain":0.0,"event_name":"OrinTheCat","player_choice":"Fight","floor":38.0,"gold_loss":0.0,"damage_taken":0.0},{"damage_healed":0.0,"max_hp_gain":0.0,"max_hp_loss":0.0,"gold_gain":0.0,"event_name":"SensoryStone","player_choice":"Memory 3","floor":46.0,"gold_loss":0.0,"damage_taken":10.0}],"is_beta":false,"boss_relics":[{"not_picked":["Tiny House","SacredBark"],"picked":"Philosopher\u0027s Stone"},{"not_picked":["Runic Dome","Velvet Choker"],"picked":"Gremlin:GremlinBomb"}],"items_purged_floors":[0,3,27,36,47],"is_endless":false,"potions_floor_spawned":[5,10,13,14,16,25,31,33,35,38,40,41],"ascension_level":5}}