{"host":"y76clbnovzmw9ubx","time":1608995331,"event":{"mods":["AchievementEnabler","BaseMod","Minty Spire (QoL Compilation)","Permanent Neow","Relic Stats"],"gold_per_floor":[116,116,129,41,57,57,92,92,119,119,147,147,165,193,193,271,271,286,180,197,214,229,229,241,567,591,621,621,621,621,79,79,79,79],"floor_reached":33,"playtime":1201,"items_purged":["Strike_G"],"score":656,"play_id":"5e1a6507-e5a9-45cf-adec-7bfa9073356a","local_time":"20201226100851","is_ascension_mode":true,"campfire_choices":[{"data":"Dagger Spray","floor":6.0,"key":"SMITH"},{"floor":10.0,"key":"REST"},{"data":"Leg Sweep","floor":15.0,"key":"SMITH"},{"data":"Finisher","floor":23.0,"key":"SMITH"},{"data":"Noxious Fumes","floor":28,"key":"SMITH"},{"data":"Neutralize","floor":30,"key":"SMITH"},{"data":"Infinite Blades","floor":32,"key":"SMITH"}],"circlet_count":0,"master_deck":["AscendersBane","Strike_G","Strike_G","Strike_G","Strike_G","Defend_G","Defend_G","Defend_G","Defend_G+1","Defend_G+1","Survivor","Neutralize+1","Parasite","Finisher+1","Cloak And Dagger+1","Noxious Fumes+1","Dagger Spray+1","Leg Sweep+1","Choke+1","Blade Dance","PiercingWail","Corpse Explosion","Cloak And Dagger+1","Endless Agony+1","Backstab+1","Blade Dance","Caltrops","Decay","Bullet Time","Infinite Blades+1"],"relics":["Ring of the Snake","Du-Vu Doll","Nunchaku","Vajra","Molten Egg 2","MealTicket","Coffee Dripper","Dream Catcher","Old Coin","Happy Flower","Potion Belt","Bronze Scales"],"acts_visited":["Exordium","TheCity"],"potions_floor_usage":[25,33,33,33],"damage_taken":[{"damage":0.0,"enemies":"Jaw Worm","floor":1.0,"turns":4.0},{"damage":0.0,"enemies":"Cultist","floor":3.0,"turns":3.0},{"damage":4.0,"enemies":"Small Slimes","floor":5.0,"turns":4.0},{"damage":8.0,"enemies":"Gremlin Nob","floor":7.0,"turns":3.0},{"damage":13.0,"enemies":"Lagavulin","floor":11.0,"turns":7.0},{"damage":0.0,"enemies":"2 Fungi Beasts","floor":13.0,"turns":2.0},{"damage":2.0,"enemies":"3 Sentries","floor":14.0,"turns":2.0},{"damage":17.0,"enemies":"The Guardian","floor":16.0,"turns":10.0},{"damage":0.0,"enemies":"3 Byrds","floor":18.0,"turns":3.0},{"damage":0.0,"enemies":"Chosen","floor":20.0,"turns":3.0},{"damage":10.0,"enemies":"Centurion and Healer","floor":21.0,"turns":5.0},{"damage":0.0,"enemies":"Snake Plant","floor":22.0,"turns":2.0},{"damage":0.0,"enemies":"3 Cultists","floor":24.0,"turns":4.0},{"damage":14,"enemies":"Book of Stabbing","floor":25,"turns":3},{"damage":0,"enemies":"Gremlin Leader","floor":27,"turns":3},{"damage":59,"enemies":"Champ","floor":33,"turns":8}],"seed_played":"-376563694537362367","potions_obtained":[{"floor":1.0,"key":"SpeedPotion"},{"floor":3.0,"key":"SteroidPotion"},{"floor":13.0,"key":"SteroidPotion"},{"floor":27,"key":"ColorlessPotion"}],"is_trial":false,"path_per_floor":["M","?","M","$","M","R","E","?","T","R","E","?","M","E","R","B",null,"M","?","M","M","M","R","M","E","T","E","R","?","R","$","R","B"],"character_chosen":"THE_SILENT","items_purchased":["Noxious Fumes","Bullet Time","Infinite Blades","Bronze Scales","DuplicationPotion"],"campfire_rested":1,"item_purchase_floors":[4,31,31,31,31],"current_hp_per_floor":[59,39,39,39,35,35,27,27,27,46,33,33,33,31,31,14,53,53,53,53,43,43,43,43,29,29,29,29,29,29,44,44,0,0],"gold":79,"neow_bonus":"ONE_RARE_RELIC","is_daily":false,"chose_seed":false,"campfire_upgraded":6,"win_rate":0.0,"timestamp":1608995331,"path_taken":["M","?","M","?","?","R","E","?","T","R","E","?","?","E","R","BOSS","M","?","M","?","M","R","M","E","T","E","R","?","R","$","R","BOSS"],"items_purchased_type":["Card","Card","Card","Relic","Potion"],"build_version":"2020-12-22","purchased_purges":1,"victory":false,"max_hp_per_floor":[66,66,66,66,66,66,66,66,66,66,66,66,66,66,66,66,66,66,66,66,66,66,66,66,66,66,66,66,66,66,66,66,66,66],"relic_stats":{"Nunchaku":[15],"Dream Catcher":0,"Happy Flower":[3],"counters":[16,66],"Bronze Scales":[12],"MealTicket":15,"obtain_stats":[{"Du-Vu Doll":0,"Potion Belt":27,"Nunchaku":7,"Dream Catcher":19,"Happy Flower":26,"Bronze Scales":31,"Vajra":9,"Molten Egg 2":11,"MealTicket":14,"Coffee Dripper":17,"Ring of the Snake":0,"Old Coin":25},{"Du-Vu Doll":0,"Potion Belt":15,"Nunchaku":4,"Dream Catcher":9,"Happy Flower":14,"Bronze Scales":15,"Vajra":4,"Molten Egg 2":5,"MealTicket":7,"Coffee Dripper":8,"Ring of the Snake":0,"Old Coin":14},{"Du-Vu Doll":0,"Potion Belt":58,"Nunchaku":14,"Dream Catcher":38,"Happy Flower":55,"Bronze Scales":58,"Vajra":14,"Molten Egg 2":21,"MealTicket":25,"Coffee Dripper":35,"Ring of the Snake":0,"Old Coin":55}],"Ring of the Snake":[34]},"card_choices":[{"not_picked":["Heel Hook","Backstab"],"picked":"Finisher","floor":1.0},{"not_picked":["Slice","Bane"],"picked":"Cloak And Dagger","floor":3.0},{"not_picked":["All Out Attack","Deflect"],"picked":"Dagger Spray","floor":5.0},{"not_picked":["PiercingWail","After Image"],"picked":"Leg Sweep","floor":7.0},{"not_picked":["Dodge and Roll","Escape Plan"],"picked":"Choke+1","floor":11.0},{"not_picked":["Tactician","Underhanded Strike+1"],"picked":"Blade Dance","floor":13.0},{"not_picked":["Terror","Bullet Time"],"picked":"PiercingWail","floor":14.0},{"not_picked":["Tools of the Trade","Adrenaline"],"picked":"Corpse Explosion","floor":16.0},{"not_picked":["Expertise","Tactician"],"picked":"Cloak And Dagger+1","floor":18.0},{"not_picked":["Prepared","Dagger Throw+1"],"picked":"Endless Agony+1","floor":20.0},{"not_picked":["Setup","Expertise","Poisoned Stab+1"],"picked":"SKIP","floor":21.0},{"not_picked":["Catalyst","Expertise"],"picked":"Backstab+1","floor":22.0},{"not_picked":["Masterful Stab+1","Poisoned Stab+1","Quick Slash+1"],"picked":"SKIP","floor":24.0},{"not_picked":["Noxious Fumes","Prepared"],"picked":"Blade Dance","floor":25},{"not_picked":["Slice+1","Choke+1"],"picked":"Caltrops","floor":27}],"player_experience":3000912,"relics_obtained":[{"floor":7.0,"key":"Nunchaku"},{"floor":9.0,"key":"Vajra"},{"floor":11.0,"key":"Molten Egg 2"},{"floor":14.0,"key":"MealTicket"},{"floor":25,"key":"Old Coin"},{"floor":26,"key":"Happy Flower"},{"floor":27,"key":"Potion Belt"}],"event_choices":[{"damage_healed":0.0,"max_hp_gain":0.0,"max_hp_loss":0.0,"gold_gain":0.0,"event_name":"Shining Light","player_choice":"Entered Light","floor":2.0,"gold_loss":0.0,"damage_taken":20.0,"cards_upgraded":["Defend_G","Defend_G"]},{"damage_healed":0.0,"max_hp_gain":0.0,"max_hp_loss":0.0,"gold_gain":0.0,"event_name":"Scrap Ooze","player_choice":"Fled","floor":8.0,"gold_loss":0.0,"damage_taken":0.0},{"damage_healed":0.0,"max_hp_gain":0.0,"max_hp_loss":0.0,"gold_gain":0.0,"event_name":"Upgrade Shrine","player_choice":"Upgraded","floor":12.0,"gold_loss":0.0,"damage_taken":0.0,"cards_upgraded":["Cloak And Dagger"]},{"damage_healed":0.0,"max_hp_gain":0.0,"max_hp_loss":0.0,"gold_gain":0.0,"event_name":"WeMeetAgain","player_choice":"Paid Gold","floor":19.0,"gold_loss":106.0,"damage_taken":0.0,"relics_obtained":["Dream Catcher"]},{"damage_healed":0,"gold_gain":0,"player_choice":"Smashed Altar","damage_taken":0,"max_hp_gain":0,"max_hp_loss":0,"event_name":"Forgotten Altar","floor":29,"gold_loss":0,"cards_obtained":["Decay"]}],"is_beta":false,"boss_relics":[{"not_picked":["Sozu","Busted Crown"],"picked":"Coffee Dripper"}],"items_purged_floors":[31],"is_endless":false,"potions_floor_spawned":[1,3,13,14,16,18,20,27],"killed_by":"Champ","ascension_level":20}}