{"host":"3y2rtlgteqp2nuo3","time":1608992756,"event":{"mods":["2.2 Compatiblity","AchievementEnabler","BaseMod","Colored Map","DeckTracker","Highlight Path","Keyboard Shortcuts","Minty Spire (QoL Compilation)","Permanent Neow","Quick Restart","StSLib","SuperFastMode","everything is the same but u backflip on backflip"],"gold_per_floor":[110,129,146,24,24,24,37,37,60,60,75,75,75,75,75,179,179,194,94,107,120,140,140,158,186,211,237,251,251,251,277,277,374,374,389,389,1388,584,598,598,610,624,624,19,19,44,56,74,74,74],"floor_reached":51,"playtime":1776,"items_purged":["Strike_B","Strike_B","Strike_B","Defend_B"],"score":913,"play_id":"c095f0f3-f4f1-4c20-a399-0934b9dc0ec2","local_time":"20201226232556","is_ascension_mode":true,"campfire_choices":[{"floor":6.0,"key":"REST"},{"data":"Streamline","floor":10.0,"key":"SMITH"},{"data":"FTL","floor":15.0,"key":"SMITH"},{"data":"Dualcast","floor":23.0,"key":"SMITH"},{"floor":30.0,"key":"REST"},{"floor":32.0,"key":"REST"},{"data":"Go for the Eyes","floor":40.0,"key":"SMITH"},{"data":"Gash","floor":49.0,"key":"SMITH"}],"circlet_count":0,"master_deck":["Defend_B+1","Defend_B+1","Zap+1","Dualcast+1","Coolheaded+1","FTL+1","Streamline+1","Ball Lightning","Biased Cognition+1","Beam Cell+1","All For One","Defragment+1","BootSequence+1","Gash+1","Conserve Battery+1","Steam+1","Reinforced Body","Go for the Eyes+1","Machine Learning","CurseOfTheBell","Chill","Master of Strategy","Gash+1","Beam Cell+1","Lockon","Reinforced Body+1","Gash+1"],"relics":["Cracked Core","Strawberry","Runic Pyramid","Pen Nib","War Paint","Gambling Chip","PreservedInsect","Calling Bell","Omamori","InkBottle","Calipers","Incense Burner","Art of War","Letter Opener","Torii","ClockworkSouvenir","TungstenRod"],"acts_visited":["Exordium","TheCity","TheBeyond"],"potions_floor_usage":[50,50],"damage_taken":[{"damage":7.0,"enemies":"Small Slimes","floor":1.0,"turns":3.0},{"damage":4.0,"enemies":"Jaw Worm","floor":2.0,"turns":5.0},{"damage":0.0,"enemies":"Cultist","floor":3.0,"turns":4.0},{"damage":17.0,"enemies":"Lots of Slimes","floor":7.0,"turns":3.0},{"damage":3.0,"enemies":"2 Fungi Beasts","floor":11.0,"turns":2.0},{"damage":12.0,"enemies":"The Guardian","floor":16.0,"turns":6.0},{"damage":4.0,"enemies":"Spheric Guardian","floor":18.0,"turns":3.0},{"damage":12.0,"enemies":"Chosen","floor":20.0,"turns":2.0},{"damage":0.0,"enemies":"Snecko","floor":21.0,"turns":3.0},{"damage":13.0,"enemies":"Centurion and Healer","floor":22.0,"turns":4.0},{"damage":0.0,"enemies":"Sentry and Sphere","floor":24.0,"turns":3.0},{"damage":15.0,"enemies":"Slavers","floor":25.0,"turns":3.0},{"damage":0.0,"enemies":"Gremlin Leader","floor":27.0,"turns":5.0},{"damage":0.0,"enemies":"Snake Plant","floor":28.0,"turns":2.0},{"damage":22.0,"enemies":"Slavers","floor":31.0,"turns":4.0},{"damage":26.0,"enemies":"Collector","floor":33.0,"turns":8.0},{"damage":22.0,"enemies":"3 Darklings","floor":35.0,"turns":5.0},{"damage":0.0,"enemies":"Orb Walker","floor":39.0,"turns":2.0},{"damage":0.0,"enemies":"Jaw Worm Horde","floor":41.0,"turns":4.0},{"damage":0.0,"enemies":"Writhing Mass","floor":42.0,"turns":5.0},{"damage":0.0,"enemies":"Reptomancer","floor":46.0,"turns":4.0},{"damage":0.0,"enemies":"Transient","floor":47.0,"turns":5.0},{"damage":0.0,"enemies":"Sphere and 2 Shapes","floor":48.0,"turns":6.0},{"damage":46,"enemies":"Time Eater","floor":50,"turns":9}],"seed_played":"-387862676086262847","potions_obtained":[{"floor":1.0,"key":"BlessingOfTheForge"},{"floor":3.0,"key":"SteroidPotion"},{"floor":16.0,"key":"BlessingOfTheForge"},{"floor":18.0,"key":"LiquidMemories"},{"floor":25.0,"key":"SmokeBomb"},{"floor":47.0,"key":"Swift Potion"}],"is_trial":false,"path_per_floor":["M","M","M","$","?","R","M","$","T","R","M","$","?","?","R","B",null,"M","$","M","M","M","R","M","E","T","E","M","?","R","E","R","B",null,"M","?","?","$","M","R","M","M","T","$","?","E","M","M","R","B",null],"character_chosen":"DEFECT","items_purchased":["Ball Lightning","Incense Burner","Art of War","Chill","Master of Strategy","Torii","ClockworkSouvenir"],"campfire_rested":3,"item_purchase_floors":[4,38,38,38,38,44,44],"current_hp_per_floor":[47,43,43,43,28,50,33,33,40,40,37,37,37,37,37,25,82,78,78,66,66,53,53,53,38,38,38,38,38,62,40,64,38,82,60,60,60,60,60,60,60,60,60,60,60,60,60,60,60,14],"gold":74,"neow_bonus":"REMOVE_TWO","is_daily":false,"chose_seed":false,"campfire_upgraded":5,"win_rate":0.0,"timestamp":1608992756,"path_taken":["M","M","M","$","?","R","M","$","T","R","M","$","?","?","R","BOSS","M","$","M","M","M","R","?","E","T","E","?","?","R","E","R","BOSS","M","?","?","$","M","R","M","M","T","$","?","E","M","M","R","BOSS"],"items_purchased_type":["Card","Relic","Relic","Card","Card","Relic","Relic"],"build_version":"2020-12-22","purchased_purges":4,"victory":true,"max_hp_per_floor":[75,75,75,75,75,75,75,75,82,82,82,82,82,82,82,82,82,82,82,82,82,82,82,82,82,82,82,82,82,82,82,82,82,82,82,78,78,78,78,78,78,78,78,78,78,78,78,78,78,78],"card_choices":[{"not_picked":["Hologram","Compile Driver"],"picked":"Coolheaded","floor":1.0},{"not_picked":["Gash","Reinforced Body"],"picked":"FTL","floor":2.0},{"not_picked":["Conserve Battery","Beam Cell"],"picked":"Streamline","floor":3.0},{"not_picked":["Reprogram","Gash"],"picked":"Biased Cognition","floor":7.0},{"not_picked":["Rebound","Gash"],"picked":"Beam Cell","floor":11.0},{"not_picked":["Rainbow","Amplify"],"picked":"All For One","floor":16.0},{"not_picked":["Rebound","Streamline+1"],"picked":"Defragment+1","floor":18.0},{"not_picked":["Loop","Static Discharge"],"picked":"BootSequence+1","floor":20.0},{"not_picked":["Steam","Conserve Battery"],"picked":"Gash+1","floor":21.0},{"not_picked":["Consume","Auto Shields+1","Redo+1"],"picked":"SKIP","floor":22.0},{"not_picked":["Barrage","Rip and Tear"],"picked":"Conserve Battery+1","floor":24.0},{"not_picked":["Reprogram","Hologram"],"picked":"Steam+1","floor":25.0},{"not_picked":["Compile Driver","Ball Lightning+1","Lockon"],"picked":"SKIP","floor":27.0},{"not_picked":["Static Discharge","Undo","Hello World"],"picked":"SKIP","floor":28.0},{"not_picked":["Lockon","Chaos"],"picked":"Go for the Eyes","floor":31.0},{"not_picked":["Thunder Strike","Meteor Strike"],"picked":"Machine Learning","floor":33.0},{"not_picked":["Leap","Static Discharge","Force Field"],"picked":"SKIP","floor":35.0},{"not_picked":["Storm","Coolheaded"],"picked":"Steam Power","floor":39.0},{"not_picked":["Capacitor+1","Consume"],"picked":"Gash","floor":41.0},{"not_picked":["Storm","Stack+1"],"picked":"Beam Cell+1","floor":42.0},{"not_picked":["Genetic Algorithm+1","Undo+1"],"picked":"Reinforced Body+1","floor":46.0},{"not_picked":["Barrage+1","Compile Driver","Conserve Battery+1"],"picked":"SKIP","floor":47.0},{"not_picked":["Rip and Tear+1","Sweeping Beam"],"picked":"Gash+1","floor":48.0}],"player_experience":649324,"relics_obtained":[{"floor":9.0,"key":"Strawberry"},{"floor":25.0,"key":"Pen Nib"},{"floor":26.0,"key":"War Paint"},{"floor":27.0,"key":"Gambling Chip"},{"floor":31.0,"key":"PreservedInsect"},{"floor":34.0,"key":"Omamori"},{"floor":34.0,"key":"InkBottle"},{"floor":34.0,"key":"Calipers"},{"floor":43.0,"key":"Letter Opener"},{"floor":46.0,"key":"TungstenRod"}],"event_choices":[{"damage_healed":0.0,"max_hp_gain":0.0,"max_hp_loss":0.0,"gold_gain":0.0,"event_name":"Shining Light","player_choice":"Entered Light","floor":5.0,"gold_loss":0.0,"damage_taken":15.0,"cards_upgraded":["Coolheaded","Zap"]},{"damage_healed":0.0,"max_hp_gain":0.0,"max_hp_loss":0.0,"gold_gain":0.0,"event_name":"Living Wall","player_choice":"Grow","floor":13.0,"gold_loss":0.0,"damage_taken":0.0,"cards_upgraded":["Beam Cell"]},{"damage_healed":0.0,"max_hp_gain":0.0,"max_hp_loss":0.0,"gold_gain":0.0,"event_name":"Accursed Blacksmith","player_choice":"Forge","floor":14.0,"gold_loss":0.0,"damage_taken":0.0,"cards_upgraded":["Biased Cognition"]},{"damage_healed":0.0,"max_hp_gain":0.0,"max_hp_loss":0.0,"gold_gain":0.0,"event_name":"Match and Keep!","player_choice":"1 cards matched","floor":29.0,"gold_loss":0.0,"damage_taken":0.0,"cards_obtained":["Reinforced Body"]},{"damage_healed":0.0,"max_hp_gain":0.0,"max_hp_loss":4.0,"gold_gain":0.0,"event_name":"Winding Halls","player_choice":"Max HP","floor":36.0,"gold_loss":0.0,"damage_taken":0.0},{"damage_healed":0.0,"max_hp_gain":0.0,"max_hp_loss":0.0,"gold_gain":999.0,"event_name":"MindBloom","player_choice":"Gold","floor":37.0,"gold_loss":0.0,"damage_taken":0.0,"cards_obtained":["Normality","Normality"]},{"damage_healed":0.0,"max_hp_gain":0.0,"max_hp_loss":0.0,"gold_gain":0.0,"cards_transformed":["Steam Power"],"event_name":"Transmorgrifier","player_choice":"Transformed","floor":45.0,"gold_loss":0.0,"damage_taken":0.0,"cards_obtained":["Lockon"]}],"is_beta":false,"boss_relics":[{"not_picked":["SacredBark","FrozenCore"],"picked":"Runic Pyramid"},{"not_picked":["Velvet Choker","Sozu"],"picked":"Calling Bell"}],"items_purged_floors":[4,19,38,44],"is_endless":false,"potions_floor_spawned":[1,3,16,18,20,25,27,31,41,42,47],"ascension_level":3}}