{"host":"y89x8uui45kcjy42","time":1608958602,"event":{"mods":["2.2 Compatiblity","BaseMod","CapriCore","Colored Map","Colored Powertips","Custom Start","Friendly Minions","Highlight Path","Keyboard Shortcuts","Minty Spire (QoL Compilation)","Relic Stats","Slay the Relics Exporter","StSLib","SuperFastMode","The Bug Knight","Waifu the Spire"],"gold_per_floor":[116,126,140,215,195,195,195,195,195,208,208,41,65,92,92,168,168,185,185,185,196,121,121,121,121,145,145,179,206,239,251,251,327,327,340,340,64,84,94,126,126,126,179,179,214,263,289,239,239,239,239],"floor_reached":52,"playtime":1502,"items_purged":[],"score":2365,"play_id":"120ffdc5-1095-4e03-bf38-5b55e5c404ab","local_time":"20201226135642","is_ascension_mode":true,"campfire_choices":[{"data":"HollowMod:LordofShades","floor":6,"key":"SMITH"},{"data":"HollowMod:AbyssShriek","floor":7,"key":"SMITH"},{"data":"Envenom","floor":8,"key":"SMITH"},{"data":"HollowMod:BlackTendrils","floor":11,"key":"SMITH"},{"data":"HollowMod:SiblingsShadow","floor":15,"key":"SMITH"},{"data":"HollowMod:VengefulVoid","floor":23,"key":"SMITH"},{"data":"HollowMod:VengefulVoid","floor":24,"key":"SMITH"},{"data":"HollowMod:VoidDash","floor":25,"key":"SMITH"},{"data":"Demon Form","floor":27,"key":"SMITH"},{"data":"Echo Form","floor":32,"key":"SMITH"},{"data":"HollowMod:HuntersJournal","floor":41,"key":"SMITH"},{"data":"HollowMod:BlackTendrils","floor":42,"key":"SMITH"},{"data":"HollowMod:VoidDash","floor":44,"key":"SMITH"},{"floor":49,"key":"DIG"}],"circlet_count":0,"master_deck":["HollowMod:VoidDash+1","HollowMod:VoidDash+1","HollowMod:ShadowDash+1","HollowMod:ShadowDash+1","HollowMod:AbyssShriek+1","HollowMod:BlackTendrils+1","HollowMod:WraithStrike+1","HollowMod:DescendingDark+1","HollowMod:VengefulVoid+1","HollowMod:LordofShades+1","Master of Strategy+1","Envenom+1","Demon Form+1","Echo Form+1","HollowMod:PerfectDash","HollowMod:BlackTendrils+1","HollowMod:VengefulVoid+1","Envenom+1","HollowMod:PerfectDash+1","HollowMod:PerfectDash","HollowMod:PerfectDash+1","HollowMod:HuntersJournal+1","HollowMod:HuntersJournal+1"],"relics":["HollowMod:VoidIdolRelic","Torii","TungstenRod","StrikeDummy","Bag of Preparation","Lantern","Coffee Dripper","Ornamental Fan","OrangePellets","Odd Mushroom","Letter Opener","Potion Belt","Coffee Dripper","HollowMod:KingsBrand","The Courier","Red Mask","Mummified Hand","Shovel","Snake Skull","SlaversCollar","Turnip","Bottled Tornado","WingedGreaves","Oddly Smooth Stone","Boot","HollowMod:PaleOreRelic","Art of War","Pear"],"acts_visited":["Exordium","TheCity","TheBeyond"],"potions_floor_usage":[29],"damage_taken":[{"damage":0,"enemies":"Jaw Worm","floor":1,"turns":3},{"damage":0,"enemies":"2 Louse","floor":2,"turns":3},{"damage":0,"enemies":"Cultist","floor":3,"turns":3},{"damage":0,"enemies":"Exordium Wildlife","floor":10,"turns":2},{"damage":38,"enemies":"The Mushroom Lair","floor":13,"turns":4},{"damage":41,"enemies":"3 Sentries","floor":14,"turns":4},{"damage":15,"enemies":"HollowMod:FalseKnight","floor":16,"turns":5},{"damage":39,"enemies":"Shell Parasite","floor":18,"turns":4},{"damage":9,"enemies":"Chosen","floor":21,"turns":4},{"damage":16,"enemies":"Slavers","floor":28,"turns":3},{"damage":6,"enemies":"Masked Bandits","floor":29,"turns":2},{"damage":0,"enemies":"HollowMod:Nosk","floor":30,"turns":4},{"damage":0,"enemies":"Snake Plant","floor":31,"turns":2},{"damage":0,"enemies":"Automaton","floor":33,"turns":4},{"damage":0,"enemies":"3 Shapes","floor":35,"turns":2},{"damage":0,"enemies":"3 Darklings","floor":38,"turns":2},{"damage":31,"enemies":"Writhing Mass","floor":39,"turns":3},{"damage":0,"enemies":"Giant Head","floor":40,"turns":5},{"damage":0,"enemies":"Reptomancer","floor":45,"turns":3},{"damage":0,"enemies":"Nemesis","floor":47,"turns":3},{"damage":0,"enemies":"Awakened One","floor":50,"turns":6},{"damage":8,"enemies":"Donu and Deca","floor":51,"turns":4}],"seed_played":"-3074846560915191863","potions_obtained":[{"floor":3,"key":"EntropicBrew"},{"floor":5,"key":"EntropicBrew"},{"floor":18,"key":"AttackPotion"},{"floor":30,"key":"SteroidPotion"},{"floor":31,"key":"Weak Potion"},{"floor":39,"key":"Weak Potion"}],"is_trial":true,"path_per_floor":["M","M","M","?","?","R","R","R","T","M","R","$","?","E","R","B",null,"M","?","?","M","?","R","R","R","T","R","E","?","E","M","R","B",null,"M","?","$","M","M","E","R","R","T","R","E","T","E","?","R","B","B",null],"character_chosen":"THE_BUGKNIGHT","items_purchased":["OrangePellets","Turnip"],"campfire_rested":0,"item_purchase_floors":[12,37],"current_hp_per_floor":[68,68,71,61,61,61,61,61,61,63,63,63,39,27,27,65,73,53,53,53,52,52,52,52,52,52,52,52,50,65,75,75,75,75,75,71,71,71,40,71,71,71,71,71,71,71,71,71,81,81,81],"gold":239,"neow_bonus":"","is_daily":false,"chose_seed":false,"campfire_upgraded":13,"win_rate":0.0,"timestamp":1608958602,"path_taken":["M","M","M","?","?","R","R","R","T","?","R","$","?","E","R","BOSS","M","?","?","?","?","R","R","R","T","R","E","M","?","E","?","R","BOSS","M","?","$","M","M","E","R","R","T","R","E","?","E","?","R","BOSS","BOSS"],"items_purchased_type":["Relic","Relic"],"build_version":"2020-12-22","purchased_purges":0,"victory":true,"max_hp_per_floor":[75,75,75,75,75,75,75,75,75,75,75,75,75,75,75,75,75,75,75,75,75,75,75,75,75,75,75,75,75,75,75,75,75,75,75,71,71,71,71,71,71,71,71,71,71,71,71,71,81,81,81],"relic_stats":{"Torii":7,"counters":[22,75],"Snake Skull":[95],"Bag of Preparation":[44],"Letter Opener":[121],"Boot":[19],"OrangePellets":[12],"Shovel":1,"Ornamental Fan":[68],"Mummified Hand":[89],"Turnip":[0],"Art of War":[0],"obtain_stats":[{"Lantern":0,"Torii":0,"HollowMod:VesselMask":0,"Snake Skull":30,"Bag of Preparation":0,"Whetstone":0,"Bottled Tornado":40,"HollowMod:VoidIdolRelic":0,"Boot":45,"Shovel":30,"Mummified Hand":30,"WingedGreaves":6,"Red Mask":29,"HollowMod:PaleOreRelic":46,"Potion Belt":14,"Pear":49,"Oddly Smooth Stone":43,"The Courier":28,"Letter Opener":14,"War Paint":0,"Odd Mushroom":13,"HollowMod:KingsBrand":26,"OrangePellets":12,"SlaversCollar":34,"Ornamental Fan":9,"Turnip":37,"Coffee Dripper":0,"Art of War":47,"StrikeDummy":0,"TungstenRod":0},{"Lantern":0,"Torii":0,"HollowMod:VesselMask":0,"Snake Skull":12,"Bag of Preparation":0,"Whetstone":0,"Bottled Tornado":18,"HollowMod:VoidIdolRelic":0,"Boot":19,"Shovel":12,"Mummified Hand":12,"WingedGreaves":3,"Red Mask":11,"HollowMod:PaleOreRelic":19,"Potion Belt":6,"Pear":20,"Oddly Smooth Stone":18,"The Courier":10,"Letter Opener":6,"War Paint":0,"Odd Mushroom":5,"HollowMod:KingsBrand":9,"OrangePellets":4,"SlaversCollar":14,"Ornamental Fan":3,"Turnip":15,"Coffee Dripper":0,"Art of War":20,"StrikeDummy":0,"TungstenRod":0},{"Lantern":0,"Torii":0,"HollowMod:VesselMask":0,"Snake Skull":41,"Bag of Preparation":0,"Whetstone":0,"Bottled Tornado":59,"HollowMod:VoidIdolRelic":0,"Boot":62,"Shovel":41,"Mummified Hand":39,"WingedGreaves":9,"Red Mask":37,"HollowMod:PaleOreRelic":62,"Potion Belt":19,"Pear":65,"Oddly Smooth Stone":59,"The Courier":35,"Letter Opener":19,"War Paint":0,"Odd Mushroom":15,"HollowMod:KingsBrand":32,"OrangePellets":11,"SlaversCollar":47,"Ornamental Fan":9,"Turnip":49,"Coffee Dripper":0,"Art of War":65,"StrikeDummy":0,"TungstenRod":0}],"TungstenRod":24},"card_choices":[{"not_picked":["HollowMod:GoodIntentions","HollowMod:HeavyBlow","HollowMod:NewJinnsSoul"],"picked":"SKIP","floor":1},{"not_picked":["HollowMod:CloakDash","HollowMod:GoodIntentions","HollowMod:MonomonsArchive"],"picked":"SKIP","floor":2},{"not_picked":["HollowMod:GoodIntentions","HollowMod:CoiledNail","HollowMod:PerfectDash"],"picked":"SKIP","floor":3},{"not_picked":["HollowMod:GoodIntentions","HollowMod:CoiledNail"],"picked":"HollowMod:PerfectDash","floor":3},{"not_picked":["HollowMod:DungDefenderAura","HollowMod:GoodIntentions","HollowMod:ShadowDash"],"picked":"SKIP","floor":10},{"not_picked":["HollowMod:HeavyBlow","HollowMod:InfectionAssault"],"picked":"HollowMod:BlackTendrils","floor":13},{"not_picked":["HollowMod:GoodIntentions","HollowMod:SoulVessel","HollowMod:HornetsHelp"],"picked":"SKIP","floor":14},{"not_picked":["HollowMod:GoodIntentions","HollowMod:SoulVessel","HollowMod:HornetsHelp"],"picked":"SKIP","floor":14},{"not_picked":["HollowMod:SoulEater","HollowMod:ShadowDash"],"picked":"HollowMod:VengefulVoid","floor":18},{"not_picked":["HollowMod:MonarchWings","HollowMod:ShadowDash","HollowMod:DashSlash"],"picked":"SKIP","floor":21},{"not_picked":["HollowMod:FastStrike","HollowMod:theNailsmith"],"picked":"HollowMod:PerfectDash","floor":28},{"not_picked":["HollowMod:PureNailStrike","HollowMod:SoulStrike","HollowMod:SoulVessel"],"picked":"SKIP","floor":30},{"not_picked":["HollowMod:InfectedCysts+1","HollowMod:ShadowDash","HollowMod:InfectionAssault"],"picked":"SKIP","floor":31},{"not_picked":["HollowMod:WraithStrike","HollowMod:InfectedAttack+1"],"picked":"HollowMod:PerfectDash","floor":35},{"not_picked":["HollowMod:SoulEater","HollowMod:AbyssShriek","HollowMod:HowlingWraiths"],"picked":"SKIP","floor":38},{"not_picked":["HollowMod:NewLittleFool","HollowMod:CloakDash"],"picked":"HollowMod:PerfectDash+1","floor":39},{"not_picked":["HollowMod:GreatSlash","HollowMod:InfectionAssault"],"picked":"HollowMod:HuntersJournal","floor":40},{"not_picked":["HollowMod:VengefulVoid+1","HollowMod:PureNailStrike","HollowMod:HeavyBlow"],"picked":"SKIP","floor":45},{"not_picked":["HollowMod:ChannelNail","HollowMod:DashSlash+1"],"picked":"HollowMod:HuntersJournal+1","floor":47}],"player_experience":555001,"relics_obtained":[{"floor":9,"key":"Ornamental Fan"},{"floor":13,"key":"Odd Mushroom"},{"floor":14,"key":"Letter Opener"},{"floor":26,"key":"HollowMod:KingsBrand"},{"floor":28,"key":"The Courier"},{"floor":29,"key":"Red Mask"},{"floor":30,"key":"Shovel"},{"floor":40,"key":"Bottled Tornado"},{"floor":43,"key":"Oddly Smooth Stone"},{"floor":45,"key":"Boot"},{"floor":46,"key":"HollowMod:PaleOreRelic"},{"floor":47,"key":"Art of War"},{"floor":49,"key":"Pear"}],"event_choices":[{"damage_healed":0,"gold_gain":75,"player_choice":"Gather Gold","damage_taken":11,"max_hp_gain":0,"max_hp_loss":0,"event_name":"World of Goop","floor":4,"gold_loss":0},{"damage_healed":0,"gold_gain":0,"player_choice":"Bought 1 Potion","damage_taken":0,"max_hp_gain":0,"max_hp_loss":0,"event_name":"The Woman in Blue","floor":5,"gold_loss":0},{"damage_healed":0,"gold_gain":0,"player_choice":"Fought Mushrooms","damage_taken":0,"max_hp_gain":0,"max_hp_loss":0,"event_name":"Mushrooms","floor":13,"gold_loss":0},{"cards_removed":["DevaForm"],"damage_healed":0,"gold_gain":0,"player_choice":"Elegance","damage_taken":0,"max_hp_gain":0,"max_hp_loss":0,"event_name":"Back to Basics","floor":19,"gold_loss":0},{"damage_healed":0,"gold_gain":0,"player_choice":"Copied","damage_taken":0,"max_hp_gain":0,"max_hp_loss":0,"event_name":"Duplicator","floor":20,"gold_loss":0,"cards_obtained":["Envenom"]},{"cards_removed":["HollowMod:SiblingsShadow"],"damage_healed":0,"gold_gain":0,"player_choice":"Gave Gold","damage_taken":0,"max_hp_gain":0,"max_hp_loss":0,"event_name":"Beggar","floor":22,"gold_loss":75},{"damage_healed":0,"gold_gain":0,"player_choice":"Fought Bandits","damage_taken":0,"max_hp_gain":0,"max_hp_loss":0,"event_name":"Masked Bandits","floor":29,"gold_loss":0},{"damage_healed":0,"gold_gain":0,"player_choice":"Max HP","damage_taken":0,"max_hp_gain":0,"max_hp_loss":4,"event_name":"Winding Halls","floor":36,"gold_loss":0},{"damage_healed":0,"gold_gain":0,"player_choice":"Upgraded Two","damage_taken":0,"max_hp_gain":0,"max_hp_loss":0,"event_name":"Designer","floor":48,"gold_loss":50,"cards_upgraded":["Master of Strategy","HollowMod:PerfectDash"]}],"is_beta":false,"boss_relics":[{"not_picked":["HollowMod:KingsSoulRelic","Philosopher\u0027s Stone","Ectoplasm"]},{"not_picked":["Empty Cage","Runic Pyramid"],"picked":"SlaversCollar"}],"items_purged_floors":[],"is_endless":false,"potions_floor_spawned":[3,10,18,30,31,35,39,45],"ascension_level":20}}