{"host":"dl7h25vjpuplx29g","time":1608995736,"event":{"mods":["BaseMod","Colored Map","Minty Spire (QoL Compilation)"],"gold_per_floor":[111,126,137,137,150,150,185,185,210,210,229,154,177,212,212,301,301,324,345,359,449,469,469,494,494,521,521,559,583,446,446,446,446,446],"floor_reached":33,"playtime":2400,"items_purged":["Strike_G","Strike_G"],"score":460,"play_id":"5427eadb-4b03-47d0-8fc1-6263557d983c","local_time":"20201227001536","is_ascension_mode":true,"campfire_choices":[{"data":"Predator","floor":6.0,"key":"SMITH"},{"data":"Storm of Steel","floor":8.0,"key":"SMITH"},{"data":"Cloak And Dagger","floor":10.0,"key":"SMITH"},{"data":"Catalyst","floor":15.0,"key":"SMITH"},{"data":"Bouncing Flask","floor":23.0,"key":"SMITH"},{"floor":25.0,"key":"REST"},{"floor":27.0,"key":"REST"},{"data":"Footwork","floor":32,"key":"SMITH"}],"circlet_count":0,"master_deck":["AscendersBane","Strike_G","Strike_G","Strike_G","Defend_G","Defend_G","Defend_G","Defend_G","Defend_G","Survivor","Neutralize","Cloak And Dagger+1","Poisoned Stab","Predator+1","Poisoned Stab","Storm of Steel+1","Prepared","Acrobatics","Catalyst+1","Tools of the Trade","Footwork+1","Bouncing Flask+1","Terror","Crippling Poison","Acrobatics","Tactician","Tactician"],"relics":["Ring of the Snake","Bag of Marbles","Golden Idol","Anchor","Oddly Smooth Stone","Snake Skull","HoveringKite","Happy Flower","Thread and Needle"],"acts_visited":["Exordium","TheCity"],"potions_floor_usage":[28,28,28],"damage_taken":[{"damage":8.0,"enemies":"2 Louse","floor":1.0,"turns":3.0},{"damage":0.0,"enemies":"Jaw Worm","floor":2.0,"turns":4.0},{"damage":0.0,"enemies":"Cultist","floor":3.0,"turns":4.0},{"damage":8.0,"enemies":"Large Slime","floor":5.0,"turns":8.0},{"damage":13.0,"enemies":"3 Sentries","floor":7.0,"turns":7.0},{"damage":0.0,"enemies":"2 Fungi Beasts","floor":11.0,"turns":1.0},{"damage":0.0,"enemies":"Gremlin Gang","floor":13.0,"turns":4.0},{"damage":6.0,"enemies":"Lagavulin","floor":14.0,"turns":4.0},{"damage":18.0,"enemies":"The Guardian","floor":16.0,"turns":9.0},{"damage":0.0,"enemies":"3 Byrds","floor":18.0,"turns":5.0},{"damage":7.0,"enemies":"Shell Parasite","floor":19.0,"turns":4.0},{"damage":11.0,"enemies":"Sentry and Sphere","floor":20.0,"turns":3.0},{"damage":5.0,"enemies":"Centurion and Healer","floor":22.0,"turns":8.0},{"damage":5.0,"enemies":"Snake Plant","floor":24.0,"turns":3.0},{"damage":4,"enemies":"Book of Stabbing","floor":28,"turns":3},{"damage":0,"enemies":"Cultist and Chosen","floor":29,"turns":6},{"damage":40,"enemies":"Collector","floor":33,"turns":7}],"seed_played":"-3740641728162196292","potions_obtained":[{"floor":7.0,"key":"Fire Potion"},{"floor":13.0,"key":"SkillPotion"},{"floor":24.0,"key":"CunningPotion"}],"is_trial":false,"path_per_floor":["M","M","M","?","M","R","E","R","T","R","M","$","M","E","R","B",null,"M","M","M","?","M","R","M","R","T","R","E","M","$","?","R","B"],"character_chosen":"THE_SILENT","items_purchased":["Tactician"],"campfire_rested":2,"item_purchase_floors":[30],"current_hp_per_floor":[55,55,55,55,47,47,34,34,34,34,34,34,34,28,28,10,51,51,44,33,15,10,10,5,24,24,43,39,39,39,39,39,0,0],"gold":446,"neow_bonus":"RANDOM_COMMON_RELIC","is_daily":false,"chose_seed":false,"campfire_upgraded":6,"win_rate":0.0,"timestamp":1608995736,"path_taken":["M","M","M","?","M","R","E","R","T","R","M","$","M","E","R","BOSS","M","M","M","?","M","R","M","R","T","R","E","M","?","?","R","BOSS"],"items_purchased_type":["Card"],"build_version":"2020-12-22","purchased_purges":2,"victory":false,"max_hp_per_floor":[70,70,70,65,65,65,65,65,65,65,65,65,65,65,65,65,65,65,65,65,65,65,65,65,65,65,65,65,65,65,65,65,65,65],"card_choices":[{"not_picked":["PiercingWail","Bane"],"picked":"Cloak And Dagger","floor":1.0},{"not_picked":["Concentrate","Sucker Punch"],"picked":"Poisoned Stab","floor":2.0},{"not_picked":["Choke","Dodge and Roll"],"picked":"Predator","floor":3.0},{"not_picked":["Prepared","Deflect"],"picked":"Poisoned Stab","floor":5.0},{"not_picked":["Dagger Spray","Crippling Poison"],"picked":"Storm of Steel","floor":7.0},{"not_picked":["Concentrate","Caltrops"],"picked":"Prepared","floor":11.0},{"not_picked":["Deadly Poison","Infinite Blades"],"picked":"Acrobatics","floor":13.0},{"not_picked":["Masterful Stab","Endless Agony"],"picked":"Catalyst","floor":14.0},{"not_picked":["Unload","Glass Knife"],"picked":"Tools of the Trade","floor":16.0},{"not_picked":["Deadly Poison","Dash"],"picked":"Footwork","floor":18.0},{"not_picked":["Caltrops+1","Poisoned Stab"],"picked":"Bouncing Flask","floor":19.0},{"not_picked":["Underhanded Strike+1","Deflect"],"picked":"Terror","floor":20.0},{"not_picked":["Blade Dance","Dagger Throw"],"picked":"Crippling Poison","floor":22.0},{"not_picked":["Outmaneuver","Terror","Unload"],"picked":"SKIP","floor":24.0},{"not_picked":["Cloak And Dagger+1","Blade Dance"],"picked":"Acrobatics","floor":28},{"not_picked":["Flying Knee","Leg Sweep"],"picked":"Tactician","floor":29}],"player_experience":1232415,"relics_obtained":[{"floor":7.0,"key":"Anchor"},{"floor":9.0,"key":"Oddly Smooth Stone"},{"floor":14.0,"key":"Snake Skull"},{"floor":26.0,"key":"Happy Flower"},{"floor":28,"key":"Thread and Needle"}],"event_choices":[{"damage_healed":0.0,"max_hp_gain":0.0,"max_hp_loss":5.0,"gold_gain":0.0,"event_name":"Golden Idol","player_choice":"Lose Max HP","floor":4.0,"gold_loss":0.0,"damage_taken":0.0,"relics_obtained":["Golden Idol"]},{"damage_healed":0.0,"max_hp_gain":0.0,"max_hp_loss":0.0,"gold_gain":90.0,"event_name":"Knowing Skull","player_choice":"POTION GOLD ","floor":21.0,"potions_obtained":["EntropicBrew"],"gold_loss":0.0,"damage_taken":18.0,"cards_obtained":[]},{"damage_healed":0,"gold_gain":0,"player_choice":"Ignored","damage_taken":0,"max_hp_gain":0,"max_hp_loss":0,"event_name":"Ghosts","floor":31,"gold_loss":0}],"is_beta":false,"boss_relics":[{"not_picked":["WristBlade","Tiny House"],"picked":"HoveringKite"}],"items_purged_floors":[12,30],"is_endless":false,"potions_floor_spawned":[7,13,14,18,19,24],"killed_by":"Collector","ascension_level":13}}