{"host":"cyh4fejqtcjbfr7k","time":1608943039,"event":{"mods":["2.2 Compatiblity","AchievementEnabler","BaseMod","Colored Map","Colored Powertips","DeckTracker","Downfall","Googly Eyes","Hubris","Infinite Spire","Minty Spire (QoL Compilation)","Replay The Spire","Shop Mod","StSLib","SuperFastMode","Unceasing Turn Reminder"],"gold_per_floor":[114,114,114,129,153,153,178,178,202,202,218,218,218,218,218,347,347,361,361,361,381,381,381,381,381],"floor_reached":24,"playtime":1751,"items_purged":[],"score":221,"play_id":"e0fbccaa-59e1-4fe3-ab04-e49bf0796fc3","local_time":"20201225173719","is_ascension_mode":true,"campfire_choices":[{"floor":6,"key":"REST"},{"data":"Noxious Fumes","floor":8,"key":"SMITH"},{"data":"Panacea","floor":10,"key":"SMITH"},{"floor":15,"key":"REST"},{"floor":23,"key":"REST"}],"circlet_count":0,"master_deck":["Noxious Fumes+1","Strike_G","Strike_G","Strike_G","Strike_G","Defend_G+1","Defend_G","Defend_G","Defend_G","Defend_G","Survivor","Neutralize","Panacea+1","Outmaneuver","Injury","Underhanded Strike+1","Prepared","Tactician+1","Backflip","Fluid Movement","Die Die Die","Bouncing Flask+1","Acrobatics+1"],"relics":["Ring of the Snake","Golden Idol","Pen Nib","Replay:WaspNest","Gremlin Food","Bottled Tornado","SacredBark","Black Star","Sling"],"acts_visited":["Exordium","TheCity"],"potions_floor_usage":[16,24],"damage_taken":[{"damage":9,"enemies":"2 Louse","floor":1,"turns":4},{"damage":6,"enemies":"Jaw Worm","floor":4,"turns":4},{"damage":10,"enemies":"Small Slimes","floor":5,"turns":4},{"damage":2,"enemies":"2 Fungi Beasts","floor":7,"turns":4},{"damage":18,"enemies":"Exordium Wildlife","floor":11,"turns":7},{"damage":39,"enemies":"Fading Forest","floor":16,"turns":11},{"damage":6,"enemies":"3 Byrds","floor":18,"turns":2},{"damage":46,"enemies":"Shell Parasite","floor":21,"turns":6},{"damage":40,"enemies":"Slavers","floor":24,"turns":2}],"seed_played":"2185047916167487029","potions_obtained":[{"floor":7,"key":"Swift Potion"},{"floor":16,"key":"Milkshake"}],"is_trial":false,"path_per_floor":["M","?","?","M","M","R","M","R","T","R","M","T","?","?","R","B",null,"M","?","AVR","M","?","R","E"],"character_chosen":"THE_SILENT","items_purchased":[],"campfire_rested":3,"item_purchase_floors":[],"current_hp_per_floor":[61,61,61,55,45,66,64,64,64,64,46,46,39,39,60,21,70,64,64,64,18,18,39,0,0],"gold":381,"neow_bonus":"RANDOM_COLORLESS","is_daily":false,"chose_seed":false,"campfire_upgraded":2,"win_rate":0.0,"timestamp":1608943039,"path_taken":["M","?","?","M","M","R","M","R","T","R","?","?","?","?","R","BOSS","M","?","AVR","M","?","R","E"],"items_purchased_type":[],"build_version":"2020-12-22","purchased_purges":0,"victory":false,"max_hp_per_floor":[70,70,70,70,70,70,70,70,70,70,70,70,70,70,70,70,70,70,70,70,70,70,70,70,70],"card_choices":[{"not_picked":["expansioncontent:DonusPower","expansioncontent:PrepareCrush"],"picked":"Panacea","floor":0},{"not_picked":["Terror","Sucker Punch"],"picked":"Outmaneuver","floor":1},{"not_picked":["All Out Attack","Dodge and Roll"],"picked":"Prepared","floor":4},{"not_picked":["Quick Slash","Hidden Blade"],"picked":"Tactician","floor":5},{"not_picked":["hubris:SlightOfHand","Hidden Blade"],"picked":"Backflip","floor":7},{"not_picked":["Concentrate","Hidden Blade"],"picked":"Fluid Movement","floor":11},{"not_picked":["Adrenaline","Doppelganger"],"picked":"Die Die Die","floor":16},{"not_picked":["Slice+1","Sucker Punch+1"],"picked":"Bouncing Flask+1","floor":18},{"not_picked":["Flying Knee","Outmaneuver"],"picked":"Acrobatics+1","floor":21}],"player_experience":614064,"relics_obtained":[{"floor":9,"key":"Pen Nib"},{"floor":12,"key":"Replay:WaspNest"},{"floor":14,"key":"Bottled Tornado"}],"event_choices":[{"damage_healed":0,"gold_gain":0,"player_choice":"Take Wound","damage_taken":0,"relics_obtained":["Golden Idol"],"max_hp_gain":0,"max_hp_loss":0,"event_name":"Golden Idol","floor":2,"gold_loss":0,"cards_obtained":["Injury"]},{"damage_healed":0,"gold_gain":0,"player_choice":"Success","damage_taken":7,"relics_obtained":["Gremlin Food"],"max_hp_gain":0,"max_hp_loss":0,"event_name":"Scrap Ooze","floor":13,"gold_loss":0},{"damage_healed":0,"gold_gain":0,"player_choice":"Ignored","damage_taken":0,"max_hp_gain":0,"max_hp_loss":0,"event_name":"Vampires","floor":19,"gold_loss":0}],"is_beta":false,"boss_relics":[{"not_picked":["Philosopher\u0027s Stone","Fusion Hammer"],"picked":"SacredBark"}],"items_purged_floors":[],"is_endless":false,"potions_floor_spawned":[7,16],"killed_by":"Slavers","ascension_level":4}}