{"host":"u2grshebrc5rdzdn","time":1608991237,"event":{"mods":["AchievementEnabler","BaseMod","Minty Spire (QoL Compilation)","StSLib"],"gold_per_floor":[115,132,152,28,28,28,71,85,85,108,108,108],"floor_reached":11,"playtime":320,"items_purged":["Strike_P"],"score":90,"play_id":"ba8816d4-e652-43ba-82c3-4a0c56eb7613","local_time":"20201226150037","is_ascension_mode":true,"campfire_choices":[{"data":"FlurryOfBlows","floor":6,"key":"SMITH"}],"circlet_count":0,"master_deck":["Strike_P","Strike_P","Strike_P","Defend_P","Defend_P","Defend_P","Defend_P","Eruption","Vigilance","FlurryOfBlows+1","BowlingBash"],"relics":["Busted Crown","Golden Idol","Bronze Scales","The Courier"],"acts_visited":["Exordium"],"potions_floor_usage":[8,11,11],"damage_taken":[{"damage":0,"enemies":"Jaw Worm","floor":1,"turns":4},{"damage":0,"enemies":"2 Louse","floor":2,"turns":1},{"damage":0,"enemies":"Small Slimes","floor":3,"turns":2},{"damage":31,"enemies":"Lagavulin","floor":7,"turns":6},{"damage":12,"enemies":"3 Louse","floor":8,"turns":1},{"damage":0,"enemies":"Large Slime","floor":10,"turns":2},{"damage":20,"enemies":"Gremlin Nob","floor":11,"turns":3}],"seed_played":"4265116539672055257","potions_obtained":[{"floor":1,"key":"AttackPotion"},{"floor":7,"key":"EssenceOfSteel"},{"floor":8,"key":"Fruit Juice"}],"is_trial":false,"path_per_floor":["M","M","M","$","?","R","E","M","T","M","E"],"character_chosen":"WATCHER","items_purchased":["BowlingBash"],"campfire_rested":0,"item_purchase_floors":[4],"current_hp_per_floor":[72,72,72,72,54,54,23,16,16,16,0,0],"gold":108,"neow_bonus":"BOSS_RELIC","is_daily":false,"chose_seed":false,"campfire_upgraded":1,"win_rate":0.0,"timestamp":1608991237,"path_taken":["M","M","M","$","?","R","E","M","T","M","E"],"items_purchased_type":["Card"],"build_version":"2020-12-22","purchased_purges":1,"victory":false,"max_hp_per_floor":[72,72,72,72,72,72,72,77,77,77,77,77],"card_choices":[{"not_picked":["Halt"],"picked":"SKIP","floor":1},{"not_picked":[],"picked":"FlurryOfBlows","floor":2},{"not_picked":["JustLucky"],"picked":"SKIP","floor":3},{"not_picked":["ClearTheMind"],"picked":"SKIP","floor":7},{"not_picked":["Consecrate"],"picked":"SKIP","floor":8},{"not_picked":["Consecrate"],"picked":"SKIP","floor":10}],"player_experience":373224,"relics_obtained":[{"floor":7,"key":"Bronze Scales"},{"floor":9,"key":"The Courier"}],"event_choices":[{"damage_healed":0,"gold_gain":0,"player_choice":"Take Damage","damage_taken":18,"relics_obtained":["Golden Idol"],"max_hp_gain":0,"max_hp_loss":0,"event_name":"Golden Idol","floor":5,"gold_loss":0}],"is_beta":false,"boss_relics":[],"items_purged_floors":[4],"is_endless":false,"potions_floor_spawned":[1,7,8],"killed_by":"Gremlin Nob","ascension_level":4}}