{"host":"zn0mr865d8bdqt3v","time":1608983035,"event":{"mods":["BaseMod","Minty Spire (QoL Compilation)","Youmu£®ªÍ∆«—˝√Œ£©"],"gold_per_floor":[116,116,49,60,76,76,108,108,108,128,52,65,82,11,11,106,106,122,122,137,154,154,154,187,187,187,187,187,203,203,49,49,144,144,158,158,174,190,190,109,109,109],"floor_reached":41,"playtime":6406,"items_purged":[],"score":486,"play_id":"5d0a718b-4106-4003-b9df-13d2a122dfd9","local_time":"20201226194355","is_ascension_mode":false,"campfire_choices":[{"data":"HellFireSword","floor":6.0,"key":"SMITH"},{"floor":8.0,"key":"REST"},{"floor":15.0,"key":"REST"},{"data":"FantasyOfEnteringEnlightenment","floor":23.0,"key":"SMITH"},{"floor":25.0,"key":"REST"},{"data":"HiganSword","floor":28.0,"key":"SMITH"},{"data":"SuddenPhantomFormationSlashOfKarmicWind","floor":30.0,"key":"SMITH"},{"data":"FlashingScatteredFlowers","floor":32.0,"key":"SMITH"}],"circlet_count":0,"master_deck":["Strike_YM","Strike_YM","Strike_YM","Strike_YM","Defend_YM","Defend_YM","Defend_YM","Defend_YM","SlashOfPresentWorld","WheelOfPainOfLivingAndDead","HellFireSword+1","LowerRealmReflectionSlash","DispleasureOfTheSevenHakus","HumanRealmSword","HiganSword+1","WickedSoul","HumanKnowledgeSword","HellRealmSword","RapidSlash","FantasyOfEnteringEnlightenment+1","SlashClearingTheSixSenses","IrresoluteSoul","CurseOfTheBell","SpiderLilyBurial","FiveSignsOfTheDyingDeva","FlashingScatteredFlowers+1","HeavenlyHaloSlash","SuddenPhantomFormationSlashOfKarmicWind+1","MatsuyoiReflectingSatelliteSlash","LotusPostureSlash","Discovery","ConstancyOfTheConventionalTruth+1","Parasite","HellGodSword","FastingOfTheYoungPreta"],"relics":["HalfPhantom","NeowsBlessing","Meat on the Bone","White Beast Statue","Calling Bell","Lizard Tail","Blood Vial","Matryoshka","Nloth\u0027s Gift","Torii","PreservedInsect","HornCleat","Lantern","SlaversCollar"],"acts_visited":["Exordium","TheCity","TheBeyond"],"potions_floor_usage":[38,38,41],"damage_taken":[{"damage":0.0,"enemies":"Cultist","floor":1.0,"turns":1.0},{"damage":0.0,"enemies":"2 Louse","floor":4.0,"turns":1.0},{"damage":0.0,"enemies":"Small Slimes","floor":5.0,"turns":1.0},{"damage":29.0,"enemies":"3 Sentries","floor":7.0,"turns":8.0},{"damage":15.0,"enemies":"Exordium Thugs","floor":10.0,"turns":7.0},{"damage":7.0,"enemies":"2 Fungi Beasts","floor":12.0,"turns":3.0},{"damage":8.0,"enemies":"Looter","floor":13.0,"turns":3.0},{"damage":55.0,"enemies":"The Guardian","floor":16.0,"turns":12.0},{"damage":21.0,"enemies":"Chosen","floor":18.0,"turns":5.0},{"damage":9.0,"enemies":"3 Byrds","floor":20.0,"turns":3.0},{"damage":16.0,"enemies":"Snake Plant","floor":21.0,"turns":3.0},{"damage":48.0,"enemies":"Gremlin Leader","floor":24.0,"turns":6.0},{"damage":27.0,"enemies":"Centurion and Healer","floor":29.0,"turns":6.0},{"damage":0.0,"enemies":"Champ","floor":33.0,"turns":11.0},{"damage":21.0,"enemies":"3 Shapes","floor":35.0,"turns":11.0},{"damage":43.0,"enemies":"3 Darklings","floor":37.0,"turns":5.0},{"damage":15,"enemies":"Writhing Mass","floor":38,"turns":7},{"damage":51,"enemies":"Giant Head","floor":41,"turns":7}],"seed_played":"6174063565449336622","potions_obtained":[{"floor":1.0,"key":"Swift Potion"},{"floor":5.0,"key":"Swift Potion"},{"floor":10.0,"key":"PowerPotion"},{"floor":12.0,"key":"Block Potion"},{"floor":16.0,"key":"Energy Potion"},{"floor":18.0,"key":"PowerPotion"},{"floor":20.0,"key":"Block Potion"},{"floor":21.0,"key":"DuplicationPotion"},{"floor":24.0,"key":"Fire Potion"},{"floor":29.0,"key":"LiquidBronze"},{"floor":33.0,"key":"Energy Potion"},{"floor":37.0,"key":"DistilledChaos"},{"floor":38,"key":"LiquidMemories"}],"is_trial":false,"path_per_floor":["M","?","$","M","M","R","E","R","T","M","$","M","M","$","R","B",null,"M","?","M","M","?","R","E","R","T","$","R","M","R","$","R","B",null,"M","?","M","M","?","$","E"],"character_chosen":"YOUMU","items_purchased":["LowerRealmReflectionSlash","DispleasureOfTheSevenHakus","HellRealmSword","SlashClearingTheSixSenses","Lantern","FastingOfTheYoungPreta"],"campfire_rested":3,"item_purchase_floors":[3,3,11,14,31,40],"current_hp_per_floor":[75,75,75,75,75,75,46,68,68,53,53,46,38,38,60,17,75,54,54,47,45,45,45,49,71,71,71,71,46,46,46,46,48,75,54,54,25,24,24,24,0,0],"gold":109,"neow_bonus":"THREE_ENEMY_KILL","is_daily":false,"chose_seed":false,"campfire_upgraded":5,"win_rate":0.0,"timestamp":1608983035,"path_taken":["M","?","$","?","?","R","E","R","T","M","$","M","M","?","R","BOSS","M","?","M","M","?","R","E","R","T","$","R","?","R","$","R","BOSS","M","?","M","M","?","?","E"],"items_purchased_type":["Card","Card","Card","Card","Relic","Card"],"build_version":"2020-12-22","purchased_purges":0,"victory":false,"max_hp_per_floor":[75,75,75,75,75,75,75,75,75,75,75,75,75,75,75,75,75,75,75,75,75,75,75,75,75,75,75,75,75,75,75,75,75,75,75,75,75,75,75,75,75,75],"card_choices":[{"not_picked":["SpiderLilyBurial","CherryBlossomFlashing"],"picked":"HellFireSword","floor":1.0},{"not_picked":["FlashingScatteredFlowers","GhostSword"],"picked":"HumanRealmSword","floor":4.0},{"not_picked":["CherryBlossomFlashing","RapidSlash"],"picked":"HiganSword","floor":5.0},{"not_picked":["HellFireSword","FantasyOfEnteringEnlightenment"],"picked":"WickedSoul","floor":7.0},{"not_picked":["ConstancyOfTheConventionalTruth","LifeCuttingSword"],"picked":"HumanKnowledgeSword","floor":10.0},{"not_picked":["TwoHundredYojanaInOneSlash","BizarrenessOfSixRealms"],"picked":"RapidSlash","floor":12.0},{"not_picked":["DispleasureOfTheSevenHakus","SwordOfBindingDesires"],"picked":"FantasyOfEnteringEnlightenment","floor":13.0},{"not_picked":["DeadlyForm","HellRealmSword"],"picked":"IrresoluteSoul","floor":16.0},{"not_picked":["FlashingScatteredFlowers","PhosphoricSlash"],"picked":"SpiderLilyBurial","floor":18.0},{"not_picked":["TwoHundredYojanaInOneSlash","DispleasureOfTheSevenHakus"],"picked":"FiveSignsOfTheDyingDeva","floor":20.0},{"not_picked":["TwoHundredYojanaInOneSlash","TenKingsRetributionOnThePreta"],"picked":"FlashingScatteredFlowers","floor":21.0},{"not_picked":["DispleasureOfTheSevenHakus","HiganSword"],"picked":"HeavenlyHaloSlash","floor":24.0},{"not_picked":["LifeCuttingSword","FantasyOfEnteringEnlightenment+1"],"picked":"SuddenPhantomFormationSlashOfKarmicWind","floor":29.0},{"not_picked":["SuddenDivineSeveringOfKarmicWind","StrangeHalfBody"],"picked":"MatsuyoiReflectingSatelliteSlash","floor":33.0},{"not_picked":["PhosphoricSlash+1","HesitationCuttingSword"],"picked":"LotusPostureSlash","floor":35.0},{"not_picked":["Mind Blast","Forethought"],"picked":"Discovery","floor":36.0},{"not_picked":["TenKingsRetributionOnThePreta+1","CherryBlossomFlashing+1"],"picked":"ConstancyOfTheConventionalTruth+1","floor":37.0},{"not_picked":["SanzenSekai+1","FourBirthsSword"],"picked":"HellGodSword","floor":38}],"player_experience":799,"relics_obtained":[{"floor":7.0,"key":"Meat on the Bone"},{"floor":9.0,"key":"White Beast Statue"},{"floor":17.0,"key":"Lizard Tail"},{"floor":17.0,"key":"Blood Vial"},{"floor":17.0,"key":"Matryoshka"},{"floor":24.0,"key":"Torii"},{"floor":26.0,"key":"PreservedInsect"},{"floor":26.0,"key":"HornCleat"}],"event_choices":[{"damage_healed":0.0,"max_hp_gain":0.0,"max_hp_loss":0.0,"gold_gain":0.0,"event_name":"WeMeetAgain","player_choice":"Gave Potion","floor":2.0,"gold_loss":0.0,"damage_taken":0.0,"relics_obtained":["Shuriken"]},{"damage_healed":0.0,"max_hp_gain":0.0,"max_hp_loss":0.0,"gold_gain":0.0,"event_name":"Ghosts","player_choice":"Ignored","floor":19.0,"gold_loss":0.0,"damage_taken":0.0},{"damage_healed":0.0,"max_hp_gain":0.0,"max_hp_loss":0.0,"gold_gain":0.0,"event_name":"N\u0027loth","player_choice":"Traded Relic","floor":22.0,"relics_lost":["Shuriken"],"gold_loss":0.0,"damage_taken":0.0,"relics_obtained":["Nloth\u0027s Gift"]},{"damage_healed":0.0,"max_hp_gain":0.0,"max_hp_loss":0.0,"gold_gain":0.0,"event_name":"SensoryStone","player_choice":"Memory 1","floor":36.0,"gold_loss":0.0,"damage_taken":0.0},{"damage_healed":0,"gold_gain":0,"player_choice":"Ignored","damage_taken":0,"max_hp_gain":0,"max_hp_loss":0,"event_name":"Mysterious Sphere","floor":39,"gold_loss":0}],"is_beta":false,"boss_relics":[{"not_picked":["Runic Dome","Velvet Choker"],"picked":"Calling Bell"},{"not_picked":["Philosopher\u0027s Stone","Fusion Hammer"],"picked":"SlaversCollar"}],"items_purged_floors":[],"is_endless":false,"potions_floor_spawned":[1,5,10,12,13,16,18,20,21,24,29,33,35,37,38],"killed_by":"Giant Head","ascension_level":0}}