{"host":"cyh4fejqtcjbfr7k","time":1608961920,"event":{"mods":["2.2 Compatiblity","AchievementEnabler","BaseMod","Colored Map","Colored Powertips","DeckTracker","Downfall","Googly Eyes","Hubris","Infinite Spire","Minty Spire (QoL Compilation)","Replay The Spire","Shop Mod","StSLib","SuperFastMode","Unceasing Turn Reminder"],"gold_per_floor":[116,116,133,133,160,160,90,118,118,118,118,136,136,165,165,264,264,281,90,140,140,140,140],"floor_reached":22,"playtime":627,"items_purged":[],"score":197,"play_id":"17ca5cc5-8cc2-48f9-b133-e7812ea794e5","local_time":"20201225225200","is_ascension_mode":true,"campfire_choices":[{"data":"Ball Lightning","floor":6,"key":"SMITH"},{"floor":11,"key":"REST"},{"floor":15,"key":"REST"}],"circlet_count":0,"master_deck":["Strike_B","Strike_B","Strike_B","Strike_B","Defend_B","Defend_B","Defend_B","Defend_B","Zap+1","Dualcast","Steam","Ball Lightning+1","Fusion","Rainbow+1","Leap","Loop","ReplayRNGCard","Streamline+1","Capacitor"],"relics":["Cracked Core","infinitespire:Satchel","hubris:MedicalManual","Akabeko","Ancient Tea Set","hubris:SlimyHat","hubris:Backtick","Mummified Hand","Membership Card"],"acts_visited":["Exordium","TheCity"],"potions_floor_usage":[0,8],"damage_taken":[{"damage":1,"enemies":"Jaw Worm","floor":1,"turns":3},{"damage":0,"enemies":"Small Slimes","floor":3,"turns":3},{"damage":20,"enemies":"Gremlin Nob","floor":8,"turns":4},{"damage":0,"enemies":"2 Louse","floor":12,"turns":2},{"damage":11,"enemies":"Lagavulin","floor":14,"turns":5},{"damage":58,"enemies":"Fading Forest","floor":16,"turns":11},{"damage":22,"enemies":"Shell Parasite","floor":18,"turns":6},{"damage":60,"enemies":"Masked Bandits","floor":22,"turns":3}],"seed_played":"8583675344393203638","potions_obtained":[{"floor":0,"key":"Fruit Juice"},{"floor":0,"key":"Cursed Concoction"},{"floor":0,"key":"EssenceOfSteel"},{"floor":1,"key":"Ancient Potion"},{"floor":8,"key":"Toxic Potion"},{"floor":18,"key":"Death Potion"}],"is_trial":false,"path_per_floor":["M","?","M","?","T","R","$","E","T","?","R","M","?","E","R","B",null,"M","$","?","$","?"],"character_chosen":"DEFECT","items_purchased":["Fusion","Membership Card","Capacitor"],"campfire_rested":2,"item_purchase_floors":[7,19,19],"current_hp_per_floor":[79,79,79,79,79,79,79,59,59,59,80,80,80,69,80,22,80,58,58,58,58,0,0],"gold":140,"neow_bonus":"THREE_SMALL_POTIONS","is_daily":false,"chose_seed":false,"campfire_upgraded":1,"win_rate":0.0,"timestamp":1608961920,"path_taken":["M","?","M","?","?","R","$","E","T","?","R","M","?","E","R","BOSS","M","$","?","?","?"],"items_purchased_type":["Card","Relic","Card"],"build_version":"2020-12-22","purchased_purges":0,"victory":false,"max_hp_per_floor":[80,80,80,80,80,80,80,80,80,80,80,80,80,80,80,80,80,80,80,80,80,80,80],"card_choices":[{"not_picked":["ReplayTheSpireMod:GoodbyeWorld","Gash"],"picked":"Steam","floor":1},{"not_picked":["Blizzard","Gash"],"picked":"Ball Lightning","floor":3},{"not_picked":["Cold Snap","Steam"],"picked":"Rainbow","floor":8},{"not_picked":["Coolheaded","Go for the Eyes"],"picked":"Leap","floor":12},{"not_picked":["ReplayTheSpireMod:Repulse","ReplaySolidLightProjector"],"picked":"Loop","floor":14},{"not_picked":["ReplayTheSpireMod:Fabricate Wheel","Biased Cognition"],"picked":"ReplayRNGCard","floor":16},{"not_picked":["Go for the Eyes","ReplaySolidLightProjector"],"picked":"Streamline+1","floor":18}],"player_experience":617158,"relics_obtained":[{"floor":5,"key":"infinitespire:Satchel"},{"floor":8,"key":"hubris:MedicalManual"},{"floor":9,"key":"Akabeko"},{"floor":14,"key":"hubris:SlimyHat"}],"event_choices":[{"damage_healed":0,"gold_gain":0,"player_choice":"Grow","damage_taken":0,"max_hp_gain":0,"max_hp_loss":0,"event_name":"Living Wall","floor":2,"gold_loss":0,"cards_upgraded":["Zap"]},{"damage_healed":0,"gold_gain":0,"player_choice":"Searched \u00271\u0027 times","damage_taken":0,"relics_obtained":["Ancient Tea Set"],"max_hp_gain":0,"max_hp_loss":0,"event_name":"Dead Adventurer","floor":10,"gold_loss":0},{"damage_healed":0,"gold_gain":100,"player_choice":"Bet on Murderer","damage_taken":0,"max_hp_gain":0,"max_hp_loss":0,"event_name":"The Joust","floor":20,"gold_loss":50},{"damage_healed":0,"gold_gain":0,"player_choice":"Fought Bandits","damage_taken":0,"max_hp_gain":0,"max_hp_loss":0,"event_name":"Masked Bandits","floor":22,"gold_loss":0}],"is_beta":false,"boss_relics":[{"not_picked":["Velvet Choker","ChewingGum"],"picked":"hubris:Backtick"}],"items_purged_floors":[],"is_endless":false,"potions_floor_spawned":[1,8,16,18],"killed_by":"Masked Bandits","ascension_level":1}}