{"host":"t7rtdu4954o308h4","time":1608983780,"event":{"mods":["ATMod(阿瑾Mod)","AchievementEnabler","Act Like it!","BaseMod","Conspire","Library of Ruina","Library of Ruina Extra","Minty Spire (QoL Compilation)","MostiFishMod","Replay The Spire","StSLib","TestMod","Waifu the Spire","【功能Mod】聪明的最终Boss","【遗物卡牌】REMEMod"],"gold_per_floor":[18,18,29,429,215,215,270,298,298,326,17,37,107,127,127,201,201,212,212,127,137,21,21,21,78,131,131,174,33,97,97,97,200,200,286,319,162,197,197,197,251,251,276,326,326,326,326,76,159,184],"floor_reached":51,"playtime":2998,"items_purged":["Strike_G","Defend_G","Strike_G","Noxious Fumes"],"score":3145,"play_id":"ff796568-afd7-4742-94df-72cf60b7dc27","local_time":"20201226195620","is_ascension_mode":true,"campfire_choices":[{"data":"AT_ChampionKick","floor":6.0,"key":"SMITH"},{"floor":15.0,"key":"REST"},{"data":"MostiFishMod:ElfcollectionBox","floor":23.0,"key":"SMITH"},{"data":"MostiFishMod:WinterMarkForm","floor":27.0,"key":"SMITH"},{"floor":32,"key":"RECALL"},{"data":"AT_Desolate","floor":40,"key":"SMITH"},{"data":"AT_ArcaneSupremacy","floor":47,"key":"SMITH"}],"circlet_count":0,"master_deck":["AscendersBane","Strike_G","Strike_G","Defend_G","Defend_G","Defend_G","Survivor","Neutralize","AT_ChampionKick+1","MostiFishMod:WinterMarkForm+1","Pride","testmod-Lust","testmod-Wrath","testmod-Sloth","testmod-Envy","testmod-Greed","testmod-Gluttony","testmod-Gluttony","AT_Desolate+1","Regret","testmod-Gluttony","AT_WindFlip","Draining Mist","Eviscerate+1","Backflip","Bullet Time","AT_EssenceShift","AbeCurse","testmod-Gluttony","Necronomicurse","testmod-Gluttony","MostiFishMod:InvigoratingSolution","MostiFishMod:ElfcollectionBox+1","AT_ArcaneSupremacy+1","testmod-Gluttony","CurseOfTheBell","testmod-Gluttony","Bane"],"relics":["Ring of the Snake","DaveBox","testmod-TestBox","REME_ComplimentaryCards","testmod-SevenDeadlySins","Du-Vu Doll","Darkstone Periapt","Blue Candle","FeatherPendant","SynthV:TestCard","Nunchaku","Art of War","testmod-Motorcycle","testmod-Hope","Membership Card","Bottled Flame","Replay:Grab Bag","Abe\u0027s Treasure","ChewingGum","Busted Crown","RhineFirstAidKit","testmod-SaigiyounoYou","Necronomicon","AT_ArchangelStaff","BargainBundle","AT_MibuBalloonWealth","Torii","testmod-IndustrialRevolution","InkBottle","GuanYuAspect","ChiXiaoBlade","AT_ChloranthyRing","conspire:Dentures","Replay:Kaleidoscope","Replay:Rubber Ducky","Blue Doll","SynthV","conspire:TopHat","BionicSphere"],"acts_visited":["Exordium","TheCity","TheBeyond","TheEnding"],"potions_floor_usage":[43],"damage_taken":[{"damage":22.0,"enemies":"Small Slimes","floor":1.0,"turns":3.0},{"damage":22.0,"enemies":"Jaw Worm","floor":3.0,"turns":2.0},{"damage":44.0,"enemies":"Gremlin Nob","floor":8.0,"turns":4.0},{"damage":0.0,"enemies":"conspire:MimicChest","floor":10.0,"turns":2.0},{"damage":13.0,"enemies":"2 Louse","floor":12.0,"turns":2.0},{"damage":0.0,"enemies":"Exordium Thugs","floor":14.0,"turns":1.0},{"damage":0.0,"enemies":"Slime Boss","floor":16.0,"turns":2.0},{"damage":0.0,"enemies":"Chosen","floor":18.0,"turns":2.0},{"damage":0.0,"enemies":"Shell Parasite","floor":21.0,"turns":1.0},{"damage":0.0,"enemies":"Book of Stabbing","floor":25.0,"turns":1.0},{"damage":0.0,"enemies":"Snecko","floor":28.0,"turns":3.0},{"damage":0,"enemies":"Shelled Parasite and Fungi","floor":30,"turns":1},{"damage":0,"enemies":"Collector","floor":33,"turns":1},{"damage":42,"enemies":"3 Shapes","floor":35,"turns":1},{"damage":0,"enemies":"Orb Walker","floor":38,"turns":1},{"damage":4,"enemies":"R_Hoarder","floor":41,"turns":4},{"damage":89,"enemies":"Time Eater","floor":43,"turns":25},{"damage":60,"enemies":"Donu and Deca","floor":44,"turns":4},{"damage":16,"enemies":"Shield and Spear","floor":49,"turns":1},{"damage":75,"enemies":"The Heart","floor":50,"turns":3}],"seed_played":"7154540721937834461","potions_obtained":[{"floor":10.0,"key":"Elixir"},{"floor":14.0,"key":"PowerPotion"},{"floor":28.0,"key":"testmod-TestPotion"}],"is_trial":false,"path_per_floor":["M","?","M","?","$","R","T","E","T","?","$","M","T","M","R","B",null,"M","?","?","M","$","R","$","E","T","R","M","$","M","?","R","B",null,"M","?","$","M","?","R","E","?","B","B",null,null,"R","$","E","B",null],"character_chosen":"THE_SILENT","items_purchased":["Draining Mist","Eviscerate+1","Membership Card","Noxious Fumes","FairyPotion","BargainBundle","AT_MibuBalloonWealth","MostiFishMod:ElfcollectionBox","AT_ArcaneSupremacy","REME_GoldPotion","InkBottle","AT_ChloranthyRing","Blue Doll","SynthV","conspire:TopHat"],"campfire_rested":1,"item_purchase_floors":[5,5,11,11,11,22,22,22,22,22,29,37,48,48,48],"current_hp_per_floor":[85,97,75,75,75,75,75,31,31,31,31,18,18,18,55,55,120,127,118,118,123,123,123,123,132,132,132,138,138,145,166,166,166,83,49,16,16,68,74,74,95,95,87,87,87,87,87,87,87,87],"gold":184,"neow_bonus":"REMOVE_TWO","is_daily":false,"chose_seed":false,"campfire_upgraded":5,"win_rate":0.0,"timestamp":1608983780,"path_taken":["M","?","M","?","?","R","?","E","T","?","$","?","?","M","R","BOSS","M","?","?","M","$","R","$","E","T","R","M","$","M","?","R","BOSS","M","?","$","M","?","R","E","?","BOSS","BOSS","R","$","E","BOSS"],"items_purchased_type":["Card","Card","Relic","Card","Potion","Relic","Relic","Card","Card","Potion","Relic","Relic","Relic","Relic","Relic"],"build_version":"2020-12-22","purchased_purges":4,"victory":true,"max_hp_per_floor":[114,126,126,126,126,126,126,126,126,126,126,126,126,126,126,126,138,138,150,150,150,150,150,150,150,150,150,150,150,150,166,166,166,83,83,83,83,83,95,95,95,95,87,87,87,87,87,87,87,87],"card_choices":[{"not_picked":["Dagger Spray","Blur"],"picked":"AT_Desolate","floor":1.0},{"not_picked":["Cloak And Dagger","Quick Slash","Blur","MostiFishMod:PerfectParry"],"picked":"AT_WindFlip","floor":3.0},{"not_picked":["Cloak And Dagger","Heel Hook","Dodge and Roll","AT_WindFlip","Underhanded Strike"],"picked":"SKIP","floor":8.0},{"not_picked":["Bouncing Flask","PiercingWail","Leg Sweep","Slice"],"picked":"Backflip","floor":10.0},{"not_picked":["Bane","Flying Knee","Hidden Blade","Quick Slash"],"picked":"Bullet Time","floor":12.0},{"not_picked":["Tactician","Prepared","Footwork","Terror"],"picked":"REME_GrazeFinale","floor":14.0},{"not_picked":["Bullet Time","Adrenaline","Atom Bomb","MostiFishMod:SpreadingSpore"],"picked":"AT_EssenceShift","floor":16.0},{"not_picked":["Outmaneuver","Infinite Blades","Flying Knee"],"picked":"SKIP","floor":18.0},{"not_picked":["MostiFishMod:PerfectParry+1","Slice+1"],"picked":"MostiFishMod:InvigoratingSolution","floor":21.0},{"not_picked":["Dodge and Roll","Backflip","Prepared"],"picked":"SKIP","floor":25.0},{"not_picked":["AT_Desolate","Underhanded Strike","Hidden Blade"],"picked":"SKIP","floor":28.0},{"not_picked":["AT_TinkerSharpsword","Slice","Cloak And Dagger"],"picked":"SKIP","floor":30},{"not_picked":["Fluid Movement","Dagger Spray","Cloak And Dagger"],"picked":"SKIP","floor":35},{"not_picked":["Dagger Throw","Flying Knee","Accuracy+1"],"picked":"SKIP","floor":38},{"not_picked":["AT_WindFlip","Draining Mist","Outmaneuver+1"],"picked":"SKIP","floor":41},{"not_picked":["ReplayTheSpireMod:From All Sides","Dash"],"picked":"Bane","floor":49}],"player_experience":73276,"relics_obtained":[{"floor":1.0,"key":"SynthV:TestCard"},{"floor":8.0,"key":"Art of War"},{"floor":9.0,"key":"testmod-Motorcycle"},{"floor":10.0,"key":"testmod-Hope"},{"floor":13.0,"key":"Bottled Flame"},{"floor":19.0,"key":"Necronomicon"},{"floor":25.0,"key":"Torii"},{"floor":26.0,"key":"testmod-IndustrialRevolution"},{"floor":39,"key":"conspire:Dentures"},{"floor":39,"key":"Replay:Kaleidoscope"},{"floor":41,"key":"Replay:Rubber Ducky"},{"floor":49,"key":"BionicSphere"}],"event_choices":[{"damage_healed":0.0,"max_hp_gain":0.0,"max_hp_loss":0.0,"gold_gain":0.0,"event_name":"Big Fish","player_choice":"Box","floor":2.0,"gold_loss":0.0,"damage_taken":0.0,"relics_obtained":["Nunchaku"],"cards_obtained":["Regret"]},{"damage_healed":0.0,"max_hp_gain":0.0,"max_hp_loss":0.0,"gold_gain":400.0,"event_name":"恩洛斯的盘子","player_choice":"Sell","floor":4.0,"relics_lost":["AT_ATBox"],"gold_loss":0.0,"damage_taken":0.0},{"damage_healed":0.0,"max_hp_gain":0.0,"max_hp_loss":0.0,"gold_gain":0.0,"event_name":"Cursed Tome","player_choice":"Obtained Book","floor":19.0,"gold_loss":0.0,"damage_taken":21.0},{"damage_healed":0.0,"max_hp_gain":0.0,"max_hp_loss":0.0,"gold_gain":0.0,"event_name":"Addict","player_choice":"Obtained Relic","floor":20.0,"gold_loss":85.0,"damage_taken":0.0,"relics_obtained":["AT_ArchangelStaff"]},{"cards_removed":["REME_GrazeFinale"],"damage_healed":5,"gold_gain":0,"player_choice":"Offered Rare","damage_taken":0,"max_hp_gain":10,"max_hp_loss":0,"event_name":"Bonfire Elementals","floor":31,"gold_loss":0},{"damage_healed":0,"gold_gain":0,"player_choice":"Swap Relic","damage_taken":0,"relics_obtained":["Calling Bell"],"max_hp_gain":0,"max_hp_loss":0,"event_name":"给自己的盒子","floor":39,"relics_lost":["Calling Bell"],"gold_loss":0},{"damage_healed":0,"gold_gain":0,"player_choice":"Took Portal","damage_taken":0,"max_hp_gain":0,"max_hp_loss":0,"event_name":"SecretPortal","floor":42,"gold_loss":0}],"is_beta":false,"boss_relics":[{"not_picked":["Fusion Hammer","ExusiaiGun"],"picked":"Abe\u0027s Treasure"},{"not_picked":["Philosopher\u0027s Stone","Coffee Dripper"],"picked":"ChewingGum"},{"not_picked":["Runic Dome","Sozu"],"picked":"Busted Crown"},{"not_picked":["FrostBlade","Tiny House"],"picked":"RhineFirstAidKit"},{"not_picked":["Astrolabe","testmod-TimeTraveler"],"picked":"testmod-SaigiyounoYou"},{"not_picked":["Replay:Wanted Poster","Replay:Drink Me"],"picked":"ChiXiaoBlade"}],"items_purged_floors":[5,11,22,37],"is_endless":false,"potions_floor_spawned":[10,12,14,21,28,35,38,41],"ascension_level":20}}