{"host":"hjw1ay65n7jm40lc","time":1608996742,"event":{"mods":["AchievementEnabler","BaseMod","Block Reminder","Colored Map","Colored Powertips","Downfall","Googly Eyes","Highlight Path","Minty Spire (QoL Compilation)","Quick Restart","Relic Stats","StSLib"],"gold_per_floor":[99,112,128,128,141,66,66,66,66,98,118,137,137,151,171,248,248,248,258,258,258,272,287,287,297,297,326,326,346,346,371,386,460,460,385,399,399,399,418,418,418,428,456,476,507,527,45,57,67,67],"floor_reached":51,"playtime":5995,"items_purged":["Guardian:Defend_Guardian"],"score":1578,"play_id":"3b371522-d285-47d4-974d-08fdc59a15ee","local_time":"20201226103222","is_ascension_mode":true,"campfire_choices":[{"floor":1,"key":"RECALL"},{"data":"Guardian:TwinSlam","floor":6,"key":"SMITH"},{"data":"Guardian:CurlUp","floor":8,"key":"SMITH"},{"floor":13,"key":"REST"},{"data":"Guardian:CompilePackage","floor":18,"key":"SMITH"},{"data":"Guardian:TimeSifter","floor":28,"key":"SMITH"},{"data":"Guardian:FierceBash","floor":30,"key":"SMITH"},{"data":"Guardian:Orbwalk","floor":35,"key":"SMITH"},{"floor":40,"key":"REST"}],"circlet_count":0,"master_deck":["AscendersBane","Guardian:Defend_Guardian","Guardian:Defend_Guardian","Guardian:Defend_Guardian","Guardian:CurlUp+1","Guardian:TwinSlam+1","Guardian:ShieldCharger","Guardian:ChargeCore","Guardian:Orbwalk+1","Guardian:Reroute","Guardian:CompilePackage+1","Guardian:BronzeOrb","Guardian:Clone+1","Guardian:Incinerate","Guardian:TimeSifter+1","Guardian:FierceBash+1","Guardian:PrimingBeam","Guardian:Planning","Guardian:RollAttack+1","Guardian:RevengeProtocol","expansioncontent:BronzeBeam","expansioncontent:Collect","expansioncontent:ManipulateTime"],"relics":["Cursed Key","downfall:HeartBlessingRed","Peace Pipe","Busted Crown","Mango","Ornamental Fan","Black Star","downfall:HeartBlessingGreen","Bottled Lightning","Pear","Pen Nib","Anchor","Guardian:BottledStasis","Kunai"],"acts_visited":["Exordium","TheCity","TheBeyond"],"potions_floor_usage":[10,16,16,23,27,39,39,39,43,50,50],"damage_taken":[{"damage":0,"enemies":"Cultist","floor":2,"turns":3},{"damage":7,"enemies":"Jaw Worm","floor":3,"turns":2},{"damage":5,"enemies":"2 Louse","floor":5,"turns":3},{"damage":0,"enemies":"Lagavulin","floor":10,"turns":5},{"damage":15,"enemies":"Gremlin Gang","floor":11,"turns":3},{"damage":0,"enemies":"Lots of Slimes","floor":12,"turns":3},{"damage":2,"enemies":"Exordium Thugs","floor":14,"turns":2},{"damage":0,"enemies":"3 Louse","floor":15,"turns":2},{"damage":2,"enemies":"downfall:Ironclad","floor":16,"turns":5},{"damage":0,"enemies":"Chosen","floor":19,"turns":3},{"damage":1,"enemies":"Centurion and Healer","floor":22,"turns":4},{"damage":0,"enemies":"Shelled Parasite and Fungi","floor":23,"turns":3},{"damage":5,"enemies":"Sentry and Sphere","floor":25,"turns":4},{"damage":13,"enemies":"Slavers","floor":27,"turns":4},{"damage":0,"enemies":"3 Cultists","floor":29,"turns":2},{"damage":19,"enemies":"Book of Stabbing","floor":31,"turns":5},{"damage":15,"enemies":"Centurion and Healer","floor":32,"turns":3},{"damage":0,"enemies":"downfall:Defect","floor":33,"turns":6},{"damage":0,"enemies":"Orb Walker","floor":36,"turns":3},{"damage":0,"enemies":"3 Darklings","floor":39,"turns":4},{"damage":0,"enemies":"Sphere and 2 Shapes","floor":42,"turns":3},{"damage":28,"enemies":"Reptomancer","floor":43,"turns":5},{"damage":10,"enemies":"Maw","floor":44,"turns":7},{"damage":0,"enemies":"Giant Head","floor":45,"turns":5},{"damage":0,"enemies":"4 Shapes","floor":46,"turns":3},{"damage":0,"enemies":"downfall:FleeingMerchant","floor":47,"turns":4},{"damage":21,"enemies":"3 Darklings","floor":48,"turns":4},{"damage":0,"enemies":"Writhing Mass","floor":49,"turns":5},{"damage":4,"enemies":"downfall:Watcher","floor":50,"turns":6}],"seed_played":"-6840188330807449404","potions_obtained":[{"floor":2,"key":"ColorlessPotion"},{"floor":12,"key":"champ:CounterPotion"},{"floor":14,"key":"Block Potion"},{"floor":16,"key":"Block Potion"},{"floor":19,"key":"Regen Potion"},{"floor":29,"key":"Energy Potion"},{"floor":33,"key":"Dexterity Potion"},{"floor":36,"key":"EntropicBrew"},{"floor":42,"key":"FearPotion"},{"floor":44,"key":"Explosive Potion"},{"floor":48,"key":"FearPotion"},{"floor":49,"key":"DistilledChaos"}],"is_trial":false,"path_per_floor":["R","M","M","?","M","R","T","R","?","E","M","M","R","M","M","B",null,"R","M","?","?","M","M","T","M","T","E","R","M","R","E","M","B",null,"R","M","?","?","M","R","T","M","E","M","E","M","$","M","M","B",null],"character_chosen":"GUARDIAN","items_purchased":["Guardian:BottledStasis","Kunai"],"campfire_rested":2,"item_purchase_floors":[47,47],"current_hp_per_floor":[65,65,58,58,53,53,53,53,53,53,38,38,59,57,57,55,68,68,68,68,56,55,55,55,50,50,63,63,63,63,44,29,29,72,72,72,62,62,62,86,86,86,68,58,58,58,58,37,37,33],"gold":67,"neow_bonus":"BOSS_RELIC","is_daily":false,"chose_seed":false,"campfire_upgraded":6,"win_rate":0.0,"timestamp":1608996742,"path_taken":["R","M","?","?","M","R","T","R","?","E","M","?","R","M","M","BOSS","R","M","?","?","M","M","T","?","?","E","R","M","R","E","M","BOSS","R","M","?","?","M","R","T","M","E","M","E","M","$","M","M","BOSS"],"items_purchased_type":["Relic","Relic"],"build_version":"2020-12-22","purchased_purges":1,"victory":true,"max_hp_per_floor":[72,72,72,72,72,72,72,72,72,72,72,72,72,72,72,72,72,72,72,72,72,72,72,72,72,72,86,86,86,86,86,86,86,86,86,86,86,86,86,86,86,86,96,96,96,96,96,96,96,96],"relic_stats":{"Peace Pipe":0,"Busted Crown":50,"counters":[29,111],"Ornamental Fan":[104],"Pen Nib":[5],"Black Star":2,"Kunai":[5],"Cursed Key":0,"obtain_stats":[{"Guardian:BottledStasis":47,"Pear":43,"downfall:HeartBlessingRed":6,"Guardian:ModeShifter":0,"Mango":27,"downfall:HeartBlessingGreen":35,"Pen Nib":45,"Cursed Key":0,"Peace Pipe":10,"Anchor":45,"Busted Crown":17,"Ornamental Fan":31,"Black Star":34,"Bottled Lightning":43,"Kunai":47},{"Guardian:BottledStasis":26,"Pear":22,"downfall:HeartBlessingRed":3,"Guardian:ModeShifter":0,"Mango":14,"downfall:HeartBlessingGreen":18,"Pen Nib":24,"Cursed Key":0,"Peace Pipe":4,"Anchor":24,"Busted Crown":9,"Ornamental Fan":16,"Black Star":18,"Bottled Lightning":22,"Kunai":26},{"Guardian:BottledStasis":96,"Pear":77,"downfall:HeartBlessingRed":8,"Guardian:ModeShifter":0,"Mango":46,"downfall:HeartBlessingGreen":62,"Pen Nib":89,"Cursed Key":0,"Peace Pipe":13,"Anchor":89,"Busted Crown":28,"Ornamental Fan":53,"Black Star":62,"Bottled Lightning":77,"Kunai":96}]},"card_choices":[{"not_picked":["Guardian:Gem_Lightblue","Guardian:Gem_Blue"],"picked":"Guardian:Gem_Crimson","floor":2},{"not_picked":["Guardian:Gem_Red","Guardian:TemporalShield"],"picked":"Guardian:ShieldCharger","floor":3},{"not_picked":["Guardian:Gem_Red","Guardian:Planning","Guardian:TemporalStrike"],"picked":"SKIP","floor":5},{"not_picked":["Guardian:RefractedBeam","Guardian:Harden"],"picked":"Guardian:Reroute","floor":10},{"not_picked":["Guardian:Reroute","Guardian:Gem_Green"],"picked":"Guardian:CompilePackage","floor":11},{"not_picked":["Guardian:Gem_Purple","Guardian:Planning"],"picked":"Guardian:BronzeOrb","floor":12},{"not_picked":["Guardian:CrystalBeam","Guardian:Planning"],"picked":"Guardian:Clone","floor":14},{"not_picked":["Guardian:PrimingBeam","Guardian:Gem_Green"],"picked":"Guardian:Incinerate","floor":15},{"not_picked":["Guardian:RevengeProtocol","Guardian:FierceBash"],"picked":"Guardian:TimeSifter","floor":16},{"not_picked":["Guardian:Gem_Purple"],"picked":"SKIP","floor":19},{"not_picked":["Guardian:TemporalShield"],"picked":"SKIP","floor":22},{"not_picked":["Guardian:ChargeCore"],"picked":"SKIP","floor":23},{"not_picked":[],"picked":"Guardian:Planning","floor":25},{"not_picked":["Guardian:Reroute"],"picked":"SKIP","floor":27},{"not_picked":[],"picked":"Guardian:RollAttack+1","floor":29},{"not_picked":["Guardian:TimeBomb+1"],"picked":"SKIP","floor":31},{"not_picked":["Guardian:TemporalStrike"],"picked":"SKIP","floor":32},{"not_picked":[],"picked":"Guardian:RevengeProtocol","floor":33},{"not_picked":["Guardian:Planning+1"],"picked":"SKIP","floor":36},{"not_picked":[],"picked":"expansioncontent:BronzeBeam","floor":37},{"not_picked":[],"picked":"expansioncontent:Collect","floor":37},{"not_picked":[],"picked":"expansioncontent:ManipulateTime","floor":37},{"not_picked":["Guardian:Planning+1"],"picked":"SKIP","floor":39},{"not_picked":["Guardian:Gem_Blue"],"picked":"SKIP","floor":42},{"not_picked":["Guardian:Gem_Crimson"],"picked":"SKIP","floor":43},{"not_picked":["Guardian:Repulse"],"picked":"SKIP","floor":44},{"not_picked":["Guardian:VentSteam"],"picked":"SKIP","floor":45},{"not_picked":["Guardian:Gem_Cyan"],"picked":"SKIP","floor":46},{"not_picked":["Guardian:StasisStrike"],"picked":"SKIP","floor":47},{"not_picked":["Guardian:Gem_Red"],"picked":"SKIP","floor":48},{"not_picked":["Guardian:Gem_Cyan"],"picked":"SKIP","floor":49}],"player_experience":617496,"relics_obtained":[{"floor":10,"key":"Peace Pipe"},{"floor":27,"key":"Mango"},{"floor":31,"key":"Ornamental Fan"},{"floor":43,"key":"Bottled Lightning"},{"floor":43,"key":"Pear"},{"floor":45,"key":"Pen Nib"},{"floor":45,"key":"Anchor"}],"event_choices":[{"damage_healed":0,"gold_gain":0,"cards_transformed":["Guardian:Strike_Guardian","Guardian:Strike_Guardian"],"player_choice":"Became Test Subject","damage_taken":0,"max_hp_gain":0,"max_hp_loss":0,"event_name":"Drug Dealer","floor":20,"gold_loss":0,"cards_obtained":["Guardian:FierceBash","Guardian:PrimingBeam"]}],"is_beta":false,"boss_relics":[{"not_picked":["Fusion Hammer","Empty Cage"],"picked":"Busted Crown"},{"not_picked":["Pandora\u0027s Box","SacredBark"],"picked":"Black Star"}],"items_purged_floors":[47],"is_endless":false,"potions_floor_spawned":[2,12,14,16,19,22,29,33,36,42,44,48,49],"ascension_level":15}}