{"host":"y76clbnovzmw9ubx","time":1608945204,"event":{"mods":["AchievementEnabler","BaseMod","Minty Spire (QoL Compilation)","Permanent Neow","Relic Stats"],"gold_per_floor":[110,35,54,64,76,110,110,136,136,152,152,170,186,32,32,103,103,120,130,130,149,70,99,99,149,176,176,211,224,224,236,236,307,307,318,14,24,42,60,91,109,137,137,172,184,195,21,49,49,49,49,49,49,49,49,49],"floor_reached":55,"playtime":6209,"items_purged":["Strike_B","Zap"],"score":2186,"play_id":"5a758553-8092-44d8-8030-70d2404d381f","local_time":"20201225201324","is_ascension_mode":true,"campfire_choices":[{"floor":11,"key":"REST"},{"data":"Reinforced Body","floor":15,"key":"SMITH"},{"data":"Buffer","floor":24,"key":"SMITH"},{"data":"Ghostly","floor":30,"key":"SMITH"},{"floor":32,"key":"REST"},{"floor":49,"key":"RECALL"},{"data":"Ghostly","floor":53,"key":"SMITH"}],"circlet_count":0,"master_deck":["AscendersBane","Strike_B","Defend_B","Defend_B","Defend_B","Defend_B","Dualcast","Hyperbeam","Rebound","Undo","Auto Shields","Buffer+1","Reinforced Body+1","Fusion","Hyperbeam+1","Echo Form","Leap+1","Ghostly+1","Ghostly","Ghostly+1","BootSequence","Core Surge+1","Master of Strategy","Undo","Hologram","Skim","Meteor Strike+1"],"relics":["Cracked Core","Molten Egg 2","Centennial Puzzle","Pen Nib","Nuclear Battery","Meat on the Bone","Orichalcum","Boot","Busted Crown","Sundial","Happy Flower","Pear","Darkstone Periapt"],"acts_visited":["Exordium","TheCity","TheBeyond","TheEnding"],"potions_floor_usage":[8,38,42,48,50,51],"damage_taken":[{"damage":0,"enemies":"Small Slimes","floor":1,"turns":2},{"damage":7,"enemies":"Jaw Worm","floor":3,"turns":2},{"damage":0,"enemies":"Cultist","floor":4,"turns":2},{"damage":2,"enemies":"3 Louse","floor":5,"turns":2},{"damage":10,"enemies":"3 Sentries","floor":6,"turns":2},{"damage":32,"enemies":"Gremlin Nob","floor":8,"turns":4},{"damage":0,"enemies":"Large Slime","floor":10,"turns":4},{"damage":11,"enemies":"Looter","floor":12,"turns":2},{"damage":0,"enemies":"Gremlin Gang","floor":13,"turns":1},{"damage":17,"enemies":"The Guardian","floor":16,"turns":13},{"damage":1,"enemies":"Chosen","floor":18,"turns":4},{"damage":16,"enemies":"Spheric Guardian","floor":19,"turns":4},{"damage":0,"enemies":"Snake Plant","floor":21,"turns":4},{"damage":0,"enemies":"Gremlin Leader","floor":23,"turns":7},{"damage":0,"enemies":"Book of Stabbing","floor":28,"turns":6},{"damage":0,"enemies":"3 Cultists","floor":29,"turns":2},{"damage":0,"enemies":"Centurion and Healer","floor":31,"turns":7},{"damage":22,"enemies":"Automaton","floor":33,"turns":14},{"damage":0,"enemies":"3 Darklings","floor":35,"turns":2},{"damage":0,"enemies":"3 Shapes","floor":37,"turns":2},{"damage":25,"enemies":"Spire Growth","floor":38,"turns":6},{"damage":0,"enemies":"Jaw Worm Horde","floor":39,"turns":3},{"damage":0,"enemies":"Nemesis","floor":40,"turns":7},{"damage":0,"enemies":"4 Shapes","floor":41,"turns":4},{"damage":2,"enemies":"Reptomancer","floor":42,"turns":10},{"damage":8,"enemies":"Nemesis","floor":44,"turns":7},{"damage":0,"enemies":"Maw","floor":45,"turns":9},{"damage":2,"enemies":"Sphere and 2 Shapes","floor":46,"turns":6},{"damage":0,"enemies":"Giant Head","floor":48,"turns":9},{"damage":16,"enemies":"Awakened One","floor":50,"turns":18},{"damage":1,"enemies":"Time Eater","floor":51,"turns":15},{"damage":46,"enemies":"Shield and Spear","floor":55,"turns":3}],"seed_played":"4544580594453188907","potions_obtained":[{"floor":1,"key":"GamblersBrew"},{"floor":6,"key":"FocusPotion"},{"floor":8,"key":"LiquidBronze"},{"floor":21,"key":"FearPotion"},{"floor":38,"key":"DuplicationPotion"},{"floor":45,"key":"Swift Potion"},{"floor":48,"key":"Strength Potion"}],"is_trial":false,"path_per_floor":["M","?","M","M","M","E","?","E","T","M","R","M","M","$","R","B",null,"M","M","?","M","$","E","R","?","T","?","E","M","R","M","R","B",null,"M","$","M","M","M","E","M","E","T","E","M","M","$","E","R","B","B",null,"R","$","E"],"character_chosen":"DEFECT","items_purchased":["Hyperbeam+1","BootSequence","Master of Strategy","Meteor Strike+1","Regen Potion"],"campfire_rested":2,"item_purchase_floors":[14,22,36,47,47],"current_hp_per_floor":[64,64,57,57,55,45,45,13,13,13,32,21,21,21,21,4,49,48,32,32,32,32,32,32,32,32,26,26,26,26,26,32,22,30,30,30,30,17,17,17,17,27,27,29,29,27,27,42,42,26,25,38,38,38,0,0],"gold":49,"neow_bonus":"THREE_RARE_CARDS","is_daily":false,"chose_seed":false,"campfire_upgraded":4,"win_rate":0.0,"timestamp":1608945204,"path_taken":["M","?","M","M","M","E","?","E","T","M","R","?","M","$","R","BOSS","M","M","?","M","$","E","R","?","T","?","E","M","R","M","R","BOSS","M","$","M","M","M","E","M","E","T","E","?","M","$","E","R","BOSS","BOSS","R","$","E"],"items_purchased_type":["Card","Card","Card","Card","Potion"],"build_version":"2020-12-22","purchased_purges":2,"victory":false,"max_hp_per_floor":[64,64,64,64,64,64,64,64,64,64,64,64,64,64,64,64,64,64,64,32,32,32,32,32,32,32,32,32,32,32,32,32,32,32,32,32,32,32,32,32,32,32,32,42,42,42,42,42,42,42,42,42,42,42,42,42],"relic_stats":{"Darkstone Periapt":0,"Centennial Puzzle":[36],"Busted Crown":22,"Happy Flower":[22],"counters":[32,183],"Sundial":[12],"Pen Nib":[21],"Orichalcum":[126],"Boot":[26],"obtain_stats":[{"Darkstone Periapt":48,"Pear":44,"Happy Flower":42,"Pen Nib":9,"Orichalcum":26,"Boot":28,"Nuclear Battery":17,"Centennial Puzzle":8,"Busted Crown":34,"Sundial":40,"Molten Egg 2":6,"Cracked Core":0,"Meat on the Bone":23},{"Darkstone Periapt":29,"Pear":26,"Happy Flower":25,"Pen Nib":6,"Orichalcum":14,"Boot":15,"Nuclear Battery":10,"Centennial Puzzle":6,"Busted Crown":18,"Sundial":23,"Molten Egg 2":5,"Cracked Core":0,"Meat on the Bone":14},{"Darkstone Periapt":147,"Pear":123,"Happy Flower":116,"Pen Nib":14,"Orichalcum":53,"Boot":59,"Nuclear Battery":34,"Centennial Puzzle":14,"Busted Crown":82,"Sundial":102,"Molten Egg 2":10,"Cracked Core":0,"Meat on the Bone":53}],"Meat on the Bone":36},"card_choices":[{"not_picked":["Buffer","Biased Cognition"],"picked":"Hyperbeam","floor":0},{"not_picked":["Lockon","Redo","Conserve Battery"],"picked":"SKIP","floor":1},{"not_picked":["Coolheaded","Turbo"],"picked":"Rebound","floor":3},{"not_picked":["Doom and Gloom","Coolheaded"],"picked":"Undo","floor":4},{"not_picked":["Darkness","Stack","Barrage"],"picked":"SKIP","floor":5},{"not_picked":["Conserve Battery","Self Repair"],"picked":"Auto Shields","floor":6},{"not_picked":["Steam Power","Compile Driver+1"],"picked":"Buffer","floor":8},{"not_picked":["Rebound+1","Scrape+1","Coolheaded"],"picked":"SKIP","floor":10},{"not_picked":["Steam","Compile Driver+1"],"picked":"Reinforced Body","floor":12},{"not_picked":["White Noise","Rip and Tear+1"],"picked":"Fusion","floor":13},{"not_picked":["Machine Learning","Seek"],"picked":"Echo Form","floor":16},{"not_picked":["Go for the Eyes+1","Beam Cell+1"],"picked":"Leap+1","floor":18},{"not_picked":["Hello World","Blizzard+1","Gash+1"],"picked":"SKIP","floor":19},{"not_picked":["Rebound+1","Compile Driver+1","Rainbow"],"picked":"SKIP","floor":21},{"not_picked":["Glacier","Coolheaded","Streamline+1"],"picked":"SKIP","floor":23},{"not_picked":["Beam Cell+1","Hologram","Sweeping Beam+1"],"picked":"SKIP","floor":28},{"not_picked":["Stack","Recycle","Compile Driver+1"],"picked":"SKIP","floor":29},{"not_picked":["Ball Lightning+1","Sweeping Beam+1","Redo+1"],"picked":"SKIP","floor":31},{"not_picked":["All For One+1","Buffer"],"picked":"Core Surge+1","floor":33},{"not_picked":["Gash+1"],"picked":"SKIP","floor":35},{"not_picked":["Recycle"],"picked":"SKIP","floor":37},{"not_picked":[],"picked":"Undo","floor":38},{"not_picked":["Stack"],"picked":"SKIP","floor":39},{"not_picked":[],"picked":"Hologram","floor":40},{"not_picked":[],"picked":"Skim","floor":41},{"not_picked":["Chill"],"picked":"SKIP","floor":42},{"not_picked":["Barrage+1"],"picked":"SKIP","floor":44},{"not_picked":["Barrage+1"],"picked":"SKIP","floor":45},{"not_picked":["Auto Shields"],"picked":"SKIP","floor":46},{"not_picked":["Darkness+1"],"picked":"SKIP","floor":48}],"player_experience":2986231,"relics_obtained":[{"floor":6,"key":"Molten Egg 2"},{"floor":8,"key":"Centennial Puzzle"},{"floor":9,"key":"Pen Nib"},{"floor":23,"key":"Meat on the Bone"},{"floor":26,"key":"Orichalcum"},{"floor":28,"key":"Boot"},{"floor":40,"key":"Sundial"},{"floor":42,"key":"Happy Flower"},{"floor":44,"key":"Pear"},{"floor":48,"key":"Darkstone Periapt"}],"event_choices":[{"cards_removed":["Strike_B"],"damage_healed":0,"gold_gain":0,"player_choice":"Card Removal","damage_taken":0,"max_hp_gain":0,"max_hp_loss":0,"event_name":"The Cleric","floor":2,"gold_loss":75},{"cards_removed":["Strike_B"],"damage_healed":0,"gold_gain":0,"player_choice":"Purged","damage_taken":0,"max_hp_gain":0,"max_hp_loss":0,"event_name":"Purifier","floor":7,"gold_loss":0},{"damage_healed":0,"gold_gain":0,"player_choice":"Became a Ghost","damage_taken":0,"max_hp_gain":0,"max_hp_loss":32,"event_name":"Ghosts","floor":20,"gold_loss":0,"cards_obtained":["Ghostly","Ghostly","Ghostly"]},{"damage_healed":0,"gold_gain":50,"player_choice":"Stole From Cult","damage_taken":0,"max_hp_gain":0,"max_hp_loss":0,"event_name":"Nest","floor":25,"gold_loss":0},{"damage_healed":0,"gold_gain":0,"player_choice":"","damage_taken":6,"max_hp_gain":0,"max_hp_loss":0,"event_name":"Knowing Skull","floor":27,"potions_obtained":[],"gold_loss":0,"cards_obtained":[]}],"is_beta":false,"boss_relics":[{"not_picked":["Ectoplasm","SacredBark"],"picked":"Nuclear Battery"},{"not_picked":["Runic Pyramid","FrozenCore"],"picked":"Busted Crown"}],"items_purged_floors":[14,36],"is_endless":false,"potions_floor_spawned":[1,6,8,10,12,18,21,28,33,38,39,41,45,48],"killed_by":"Shield and Spear","ascension_level":20}}