{"host":"4nqeo0vu1vuav7gg","time":1608992718,"event":{"mods":["AchievementEnabler","BaseMod","Block Reminder","Colored Map","Colored Powertips","Highlight Path","Minty Spire (QoL Compilation)","Quick Restart","Rare Cards Sparkle","Relic Relevance Reorder","StSLib"],"gold_per_floor":[117,129,145,295,307,307,336,354,354,354,354],"floor_reached":10,"playtime":324,"items_purged":[],"score":130,"play_id":"6cbc2a43-86be-4fed-a820-afd396a8413e","local_time":"20201226152518","is_ascension_mode":true,"campfire_choices":[],"circlet_count":0,"master_deck":["AscendersBane","Strike_B","Strike_B","Strike_B","Strike_B","Defend_B","Defend_B","Defend_B","Defend_B","Zap","Dualcast","Chill","Barrage","Sunder","Go for the Eyes","Sweeping Beam"],"relics":["Cracked Core","Letter Opener","Emotion Chip","Girya"],"acts_visited":["Exordium"],"potions_floor_usage":[5,8],"damage_taken":[{"damage":0,"enemies":"Cultist","floor":1,"turns":3},{"damage":0,"enemies":"2 Louse","floor":2,"turns":2},{"damage":7,"enemies":"Jaw Worm","floor":3,"turns":3},{"damage":2,"enemies":"Looter","floor":5,"turns":3},{"damage":44,"enemies":"Lagavulin","floor":7,"turns":7},{"damage":0,"enemies":"3 Louse","floor":8,"turns":3},{"damage":5,"enemies":"3 Sentries","floor":10,"turns":1}],"seed_played":"-4141557353523803299","potions_obtained":[{"floor":1,"key":"Dexterity Potion"},{"floor":7,"key":"AttackPotion"}],"is_trial":false,"path_per_floor":["M","M","M","?","M","?","E","M","T","E"],"character_chosen":"DEFECT","items_purchased":[],"campfire_rested":0,"item_purchase_floors":[],"current_hp_per_floor":[64,64,57,57,55,48,4,4,4,0,0],"gold":354,"neow_bonus":"ONE_RARE_RELIC","is_daily":false,"chose_seed":false,"campfire_upgraded":0,"win_rate":0.0,"timestamp":1608992718,"path_taken":["M","?","M","?","M","?","E","M","T","E"],"items_purchased_type":[],"build_version":"2020-12-22","purchased_purges":0,"victory":false,"max_hp_per_floor":[64,64,64,64,64,64,64,64,64,64,64],"card_choices":[{"not_picked":["Self Repair","Beam Cell"],"picked":"Chill","floor":1},{"not_picked":["Rebound","Beam Cell"],"picked":"Barrage","floor":2},{"not_picked":["Gash","Blizzard"],"picked":"Sunder","floor":3},{"not_picked":["Stack","Rip and Tear"],"picked":"Go for the Eyes","floor":5},{"not_picked":["Stack","Lockon","Hologram"],"picked":"SKIP","floor":7},{"not_picked":["Redo","Barrage"],"picked":"Sweeping Beam","floor":8}],"player_experience":1013882,"relics_obtained":[{"floor":7,"key":"Emotion Chip"},{"floor":9,"key":"Letter Opener"}],"event_choices":[{"damage_healed":0,"gold_gain":150,"player_choice":"AGREE","damage_taken":0,"max_hp_gain":0,"max_hp_loss":0,"event_name":"Liars Game","floor":4,"gold_loss":0,"cards_obtained":["Doubt"]},{"cards_removed":["Doubt"],"damage_healed":0,"gold_gain":0,"player_choice":"Card Removal","damage_taken":7,"max_hp_gain":0,"max_hp_loss":0,"event_name":"Golden Wing","floor":6,"gold_loss":0}],"is_beta":false,"boss_relics":[],"items_purged_floors":[],"is_endless":false,"potions_floor_spawned":[1,7],"killed_by":"3 Sentries","ascension_level":17}}