{"host":"kh6fvhxn285ncg0o","time":1608945145,"event":{"mods":["Act Like it!","BaseMod","Colored Map","Friendly Minions","Keyboard Shortcuts","Minty Spire (QoL Compilation)","Quick Restart","Relic Stats","StSLib","SuperFastMode"],"gold_per_floor":[114,114,126,141,141,167,167,178,258,273,273,302,321,349,349,423,423,443,443,358,368,384,418,431,460,460,460,478,478,511,525,525,598,598,612,612,627,627,627,654,654,689,689,689,714,741,741,795,795,795,795,795,795,1,27,27],"floor_reached":57,"playtime":2271,"items_purged":["Immolate"],"score":2961,"play_id":"30e41efd-3838-4b68-a0af-f1d48ecb88a3","local_time":"20201226101225","is_ascension_mode":true,"campfire_choices":[{"floor":7.0,"key":"REST"},{"floor":11.0,"key":"REST"},{"floor":15.0,"key":"RECALL"},{"floor":27,"key":"REST"},{"floor":32,"key":"REST"},{"floor":41,"key":"REST"},{"floor":47,"key":"REST"},{"floor":49,"key":"REST"},{"floor":53,"key":"REST"}],"circlet_count":0,"master_deck":["AscendersBane","Defend_R","Defend_R","Defend_R","Uppercut+1","Metallicize","Fire Breathing","Inflame","Battle Trance","Metallicize","Entrench","Shrug It Off","Evolve","Double Tap","Fiend Fire","Power Through","Dark Embrace","Exhume","Combust","Havoc","Body Slam","Impervious","Shockwave+1","Reckless Charge+1","Armaments+1","Burning Pact+1","Disarm","Magnetism","Second Wind"],"relics":["Fusion Hammer","Prayer Wheel","Eternal Feather","Juzu Bracelet","Regal Pillow","Snecko Eye","Pocketwatch","Anchor","Singing Bowl","Torii","Mummified Hand","Astrolabe","Ornamental Fan","Smiling Mask","Gambling Chip","Magic Flower","Lizard Tail","TheAbacus","Thread and Needle","InkBottle"],"acts_visited":["Exordium","TheCity","TheBeyond","TheEnding"],"potions_floor_usage":[56,56],"damage_taken":[{"damage":7.0,"enemies":"Small Slimes","floor":1.0,"turns":3.0},{"damage":0.0,"enemies":"Cultist","floor":3.0,"turns":3.0},{"damage":7.0,"enemies":"Jaw Worm","floor":4.0,"turns":3.0},{"damage":30.0,"enemies":"Gremlin Nob","floor":6.0,"turns":5.0},{"damage":0.0,"enemies":"Large Slime","floor":8.0,"turns":5.0},{"damage":3.0,"enemies":"Red Slaver","floor":10.0,"turns":3.0},{"damage":16.0,"enemies":"Lagavulin","floor":12.0,"turns":8.0},{"damage":2.0,"enemies":"Looter","floor":13.0,"turns":4.0},{"damage":23.0,"enemies":"Gremlin Nob","floor":14.0,"turns":4.0},{"damage":12.0,"enemies":"The Guardian","floor":16.0,"turns":11.0},{"damage":11.0,"enemies":"2 Thieves","floor":18.0,"turns":2.0},{"damage":10.0,"enemies":"Shell Parasite","floor":21.0,"turns":2.0},{"damage":20.0,"enemies":"Centurion and Healer","floor":22.0,"turns":4.0},{"damage":4.0,"enemies":"Book of Stabbing","floor":23.0,"turns":3.0},{"damage":0.0,"enemies":"Snecko","floor":24.0,"turns":4.0},{"damage":0,"enemies":"Gremlin Leader","floor":25,"turns":6},{"damage":0,"enemies":"Cultist and Chosen","floor":28,"turns":3},{"damage":25,"enemies":"Slavers","floor":30,"turns":3},{"damage":3,"enemies":"Chosen and Byrds","floor":31,"turns":3},{"damage":61,"enemies":"Collector","floor":33,"turns":7},{"damage":7,"enemies":"3 Darklings","floor":35,"turns":4},{"damage":8,"enemies":"3 Shapes","floor":37,"turns":3},{"damage":19,"enemies":"Reptomancer","floor":40,"turns":3},{"damage":0,"enemies":"Nemesis","floor":42,"turns":3},{"damage":6,"enemies":"Mind Bloom Boss Battle","floor":45,"turns":3},{"damage":13,"enemies":"Reptomancer","floor":46,"turns":4},{"damage":0,"enemies":"2 Orb Walkers","floor":48,"turns":4},{"damage":92,"enemies":"Awakened One","floor":50,"turns":20},{"damage":38,"enemies":"Donu and Deca","floor":51,"turns":7},{"damage":5,"enemies":"Shield and Spear","floor":55,"turns":8},{"damage":34,"enemies":"The Heart","floor":56,"turns":10}],"seed_played":"7731588780669169563","potions_obtained":[{"floor":1.0,"key":"Energy Potion"},{"floor":3.0,"key":"Energy Potion"},{"floor":4.0,"key":"Ancient Potion"},{"floor":8.0,"key":"Regen Potion"},{"floor":13.0,"key":"Fire Potion"},{"floor":16.0,"key":"ColorlessPotion"},{"floor":25,"key":"Dexterity Potion"},{"floor":28,"key":"EssenceOfSteel"},{"floor":31,"key":"SpeedPotion"}],"is_trial":false,"path_per_floor":["M","?","M","M","?","E","R","M","T","M","R","E","M","E","R","B",null,"M","?","?","M","M","E","M","E","T","R","M","?","E","M","R","B",null,"M","?","M","?","?","E","R","E","T","?","?","E","R","?","R","B","B",null,"R","$","E","B",null],"character_chosen":"IRONCLAD","items_purchased":["Magnetism","TheAbacus","Thread and Needle","Dexterity Potion"],"campfire_rested":8,"item_purchase_floors":[54,54,54,54],"current_hp_per_floor":[61,61,61,54,54,24,46,46,46,43,74,58,68,45,57,45,68,57,57,57,47,27,23,23,25,25,77,81,81,58,57,85,24,70,67,67,61,61,61,44,89,91,91,87,83,70,99,101,101,9,49,88,101,101,96,62],"gold":27,"neow_bonus":"BOSS_RELIC","is_daily":false,"chose_seed":false,"campfire_upgraded":0,"win_rate":0.0,"timestamp":1608945145,"path_taken":["M","?","?","M","?","E","R","M","T","M","R","E","M","E","R","BOSS","M","?","?","M","M","E","M","E","T","R","M","?","E","M","R","BOSS","M","?","M","?","?","E","R","E","T","?","?","E","R","?","R","BOSS","BOSS","R","$","E","BOSS"],"items_purchased_type":["Card","Relic","Relic","Potion"],"build_version":"2020-12-22","purchased_purges":1,"victory":true,"max_hp_per_floor":[75,75,75,75,75,75,75,75,75,75,75,75,75,75,75,75,75,75,75,75,75,75,75,75,77,77,77,81,81,83,85,85,85,85,89,85,87,87,87,89,89,91,91,97,99,99,99,101,101,101,101,101,101,101,101,101],"relic_stats":{"Regal Pillow":18,"Singing Bowl":30,"Torii":33,"counters":[31,155],"Astrolabe":["Shockwave","Reckless Charge","Armaments"],"Magic Flower":[25],"Eternal Feather":94,"Juzu Bracelet":2,"Smiling Mask":25,"Lizard Tail":75,"TheAbacus":[168],"Mummified Hand":[141],"Ornamental Fan":[48],"Gambling Chip":[29],"Snecko Eye":[246,267,259,268],"Prayer Wheel":11,"obtain_stats":[{"Regal Pillow":14,"Singing Bowl":25,"Torii":26,"Astrolabe":34,"Magic Flower":46,"Eternal Feather":9,"Thread and Needle":54,"Juzu Bracelet":12,"Smiling Mask":42,"Burning Blood":0,"Anchor":23,"Lizard Tail":48,"TheAbacus":54,"Mummified Hand":30,"Ornamental Fan":40,"Gambling Chip":45,"Snecko Eye":17,"Prayer Wheel":6,"Fusion Hammer":0,"InkBottle":55,"Pocketwatch":20},{"Regal Pillow":9,"Singing Bowl":16,"Torii":16,"Astrolabe":20,"Magic Flower":26,"Eternal Feather":5,"Thread and Needle":29,"Juzu Bracelet":7,"Smiling Mask":24,"Burning Blood":0,"Anchor":14,"Lizard Tail":27,"TheAbacus":29,"Mummified Hand":18,"Ornamental Fan":23,"Gambling Chip":25,"Snecko Eye":10,"Prayer Wheel":4,"Fusion Hammer":0,"InkBottle":30,"Pocketwatch":11},{"Regal Pillow":38,"Singing Bowl":70,"Torii":70,"Astrolabe":86,"Magic Flower":106,"Eternal Feather":19,"Thread and Needle":137,"Juzu Bracelet":30,"Smiling Mask":99,"Burning Blood":0,"Anchor":60,"Lizard Tail":110,"TheAbacus":137,"Mummified Hand":76,"Ornamental Fan":96,"Gambling Chip":102,"Snecko Eye":49,"Prayer Wheel":14,"Fusion Hammer":0,"InkBottle":145,"Pocketwatch":51}],"InkBottle":[4],"Pocketwatch":[51]},"card_choices":[{"not_picked":["Metallicize","Rampage"],"picked":"Uppercut","floor":1.0},{"not_picked":["Burning Pact","Havoc"],"picked":"Fire Breathing","floor":3.0},{"not_picked":["Heavy Blade","Iron Wave","Bloodletting"],"picked":"SKIP","floor":4.0},{"not_picked":["Heavy Blade","Iron Wave","Bloodletting"],"picked":"SKIP","floor":4.0},{"not_picked":["Pummel","Anger"],"picked":"Inflame","floor":6.0},{"not_picked":["Body Slam","Whirlwind"],"picked":"Battle Trance","floor":8.0},{"not_picked":["Headbutt","Wild Strike"],"picked":"Metallicize","floor":8.0},{"not_picked":["Clothesline","Sword Boomerang"],"picked":"Entrench","floor":10.0},{"not_picked":["Blood for Blood","Heavy Blade","Havoc"],"picked":"SKIP","floor":10.0},{"not_picked":["Perfected Strike","Searing Blow"],"picked":"Shrug It Off","floor":12.0},{"not_picked":["Iron Wave","Power Through"],"picked":"Evolve","floor":13.0},{"not_picked":["Havoc","Anger"],"picked":"Double Tap","floor":13.0},{"not_picked":["Flame Barrier","Clash"],"picked":"Immolate","floor":14.0},{"not_picked":["Reaper","Brutality"],"picked":"Fiend Fire","floor":16.0},{"not_picked":["Iron Wave","Combust","Havoc"],"picked":"SKIP","floor":18.0},{"not_picked":["Dropkick","True Grit","Armaments"],"picked":"SKIP","floor":18.0},{"not_picked":["Pommel Strike","Clash"],"picked":"Power Through","floor":21.0},{"not_picked":["True Grit","Pommel Strike+1"],"picked":"Dark Embrace","floor":21.0},{"not_picked":["Armaments","Burning Pact"],"picked":"Exhume","floor":22.0},{"not_picked":["Pummel+1","Havoc+1","Flex"],"picked":"SKIP","floor":22.0},{"not_picked":["Fire Breathing","Armaments","Havoc"],"picked":"SKIP","floor":23.0},{"not_picked":["Heavy Blade","Combust","Sword Boomerang"],"picked":"SKIP","floor":24.0},{"not_picked":["True Grit","Sentinel","Twin Strike"],"picked":"SKIP","floor":24.0},{"not_picked":["Anger","Hemokinesis+1","Seeing Red"],"picked":"Singing Bowl","floor":25},{"not_picked":["True Grit","Flame Barrier","Anger"],"picked":"Singing Bowl","floor":28},{"not_picked":["Shrug It Off+1","Double Tap","True Grit"],"picked":"Singing Bowl","floor":28},{"not_picked":["Blood for Blood","Dark Embrace","Perfected Strike+1"],"picked":"Singing Bowl","floor":30},{"not_picked":["Dark Embrace","Perfected Strike","Clothesline"],"picked":"Singing Bowl","floor":31},{"not_picked":["Fire Breathing","Cleave"],"picked":"Body Slam","floor":31},{"not_picked":["Juggernaut","Berserk"],"picked":"Impervious","floor":33},{"not_picked":["Wild Strike+1","True Grit","Pommel Strike"],"picked":"Singing Bowl","floor":35},{"not_picked":["Battle Trance","Heavy Blade","Inflame+1"],"picked":"Singing Bowl","floor":35},{"not_picked":["Intimidate","Armaments","Warcry"],"picked":"Singing Bowl","floor":37},{"not_picked":["Entrench","Perfected Strike"],"picked":"Burning Pact+1","floor":37},{"not_picked":["Sword Boomerang+1","Havoc","Evolve"],"picked":"Singing Bowl","floor":40},{"not_picked":["Evolve","Corruption","Body Slam"],"picked":"Singing Bowl","floor":42},{"not_picked":["Magnetism","Blind","Panacea"],"picked":"Singing Bowl","floor":44},{"not_picked":["Dramatic Entrance","Bandage Up","HandOfGreed"],"picked":"Singing Bowl","floor":44},{"not_picked":["Purity","Enlightenment","Bandage Up"],"picked":"Singing Bowl","floor":44},{"not_picked":["Clothesline","Body Slam","Infernal Blade"],"picked":"Singing Bowl","floor":45},{"not_picked":["Clothesline","Power Through"],"picked":"Disarm","floor":46},{"not_picked":["Whirlwind","Sword Boomerang","Clash"],"picked":"Singing Bowl","floor":48},{"not_picked":["Wild Strike","Pommel Strike+1"],"picked":"Second Wind","floor":55}],"player_experience":3260185,"relics_obtained":[{"floor":6.0,"key":"Prayer Wheel"},{"floor":9.0,"key":"Eternal Feather"},{"floor":12.0,"key":"Juzu Bracelet"},{"floor":14.0,"key":"Regal Pillow"},{"floor":23.0,"key":"Anchor"},{"floor":25,"key":"Singing Bowl"},{"floor":26,"key":"Torii"},{"floor":30,"key":"Mummified Hand"},{"floor":40,"key":"Ornamental Fan"},{"floor":42,"key":"Smiling Mask"},{"floor":45,"key":"Gambling Chip"},{"floor":46,"key":"Magic Flower"},{"floor":48,"key":"Lizard Tail"},{"floor":55,"key":"InkBottle"}],"event_choices":[{"damage_healed":0.0,"max_hp_gain":0.0,"max_hp_loss":0.0,"gold_gain":0.0,"cards_transformed":["Strike_R"],"event_name":"Transmorgrifier","player_choice":"Transformed","floor":2.0,"gold_loss":0.0,"damage_taken":0.0,"cards_obtained":["Metallicize"]},{"damage_healed":0.0,"max_hp_gain":0.0,"max_hp_loss":0.0,"gold_gain":0.0,"event_name":"Liars Game","player_choice":"Ignored","floor":5.0,"gold_loss":0.0,"damage_taken":0.0},{"damage_healed":0.0,"max_hp_gain":0.0,"max_hp_loss":0.0,"gold_gain":0.0,"event_name":"Upgrade Shrine","player_choice":"Upgraded","floor":19.0,"gold_loss":0.0,"damage_taken":0.0,"cards_upgraded":["Uppercut"]},{"damage_healed":0.0,"max_hp_gain":0.0,"max_hp_loss":0.0,"gold_gain":0.0,"event_name":"Addict","player_choice":"Obtained Relic","floor":20.0,"gold_loss":85.0,"damage_taken":0.0,"relics_obtained":["Pocketwatch"]},{"damage_healed":0,"gold_gain":0,"cards_transformed":["Strike_R","Strike_R"],"player_choice":"Became Test Subject","damage_taken":0,"max_hp_gain":0,"max_hp_loss":0,"event_name":"Drug Dealer","floor":29,"gold_loss":0,"cards_obtained":["Combust","Havoc"]},{"damage_healed":0,"gold_gain":0,"player_choice":"Max HP","damage_taken":0,"max_hp_gain":0,"max_hp_loss":4,"event_name":"Winding Halls","floor":36,"gold_loss":0},{"cards_removed":["Defend_R"],"damage_healed":0,"gold_gain":0,"player_choice":"Removed Skill","damage_taken":0,"max_hp_gain":0,"max_hp_loss":0,"event_name":"Falling","floor":38,"gold_loss":0},{"damage_healed":0,"gold_gain":0,"player_choice":"Ignored","damage_taken":0,"max_hp_gain":0,"max_hp_loss":0,"event_name":"Tomb of Lord Red Mask","floor":39,"gold_loss":0},{"damage_healed":0,"gold_gain":0,"player_choice":"Memory 3","damage_taken":10,"max_hp_gain":0,"max_hp_loss":0,"event_name":"SensoryStone","floor":44,"gold_loss":0},{"damage_healed":0,"gold_gain":0,"player_choice":"Fight","damage_taken":0,"max_hp_gain":0,"max_hp_loss":0,"event_name":"MindBloom","floor":45,"gold_loss":0},{"damage_healed":0,"gold_gain":0,"player_choice":"Fight","damage_taken":0,"max_hp_gain":0,"max_hp_loss":0,"event_name":"Mysterious Sphere","floor":48,"gold_loss":0}],"is_beta":false,"boss_relics":[{"not_picked":["SlaversCollar","Cursed Key"],"picked":"Snecko Eye"},{"not_picked":["Busted Crown","Runic Pyramid"],"picked":"Astrolabe"}],"items_purged_floors":[54],"is_endless":false,"potions_floor_spawned":[1,3,4,8,10,13,16,21,25,28,31,40,42,45,46,48,55],"ascension_level":20}}