{"host":"6pgtslebjnyv5xmi","time":1608992735,"event":{"mods":["AchievementEnabler","BaseMod","Colored Map","Minty Spire (QoL Compilation)","Rare Cards Sparkle","StSLib","SuperFastMode","Td1madao Mod","everything is the same but u backflip on backflip"],"gold_per_floor":[118,118,131,144,158,158,5,5,53,70,70,0,0,0,0,96,96,112,112,123,205,205,205,217,245,269,284,301,320,65,77,77,77,77],"floor_reached":33,"playtime":1556,"items_purged":["Defend_R","Defend_R"],"score":401,"play_id":"b6ee30c1-b157-4e97-a727-9a018df3f4b2","local_time":"20201226232535","is_ascension_mode":true,"campfire_choices":[{"data":"Body Slam","floor":6,"key":"SMITH"},{"data":"Power Through","floor":8,"key":"SMITH"},{"floor":15,"key":"REST"},{"data":"Immolate","floor":23,"key":"SMITH"},{"data":"Dark Embrace","floor":32,"key":"SMITH"}],"circlet_count":0,"master_deck":["Defend_R+1","Bash","Power Through+1","Body Slam+1","Flex","Inflame","Evolve+1","Dark Embrace+1","Immolate+1","Ghostly","Ghostly","Ghostly","Ghostly","Ghostly","Intimidate+1","Armaments+1","Impervious+1"],"relics":["Burning Blood","Bag of Marbles","Lantern","Empty Cage","Toxic Egg 2","Smiling Mask","Strawberry"],"acts_visited":["Exordium","TheCity"],"potions_floor_usage":[16,29,33,33,33],"damage_taken":[{"damage":3,"enemies":"Jaw Worm","floor":1,"turns":4},{"damage":0,"enemies":"Cultist","floor":3,"turns":5},{"damage":0,"enemies":"2 Louse","floor":4,"turns":3},{"damage":30,"enemies":"Large Slime","floor":5,"turns":8},{"damage":6,"enemies":"2 Fungi Beasts","floor":10,"turns":4},{"damage":23,"enemies":"The Guardian","floor":16,"turns":8},{"damage":17,"enemies":"3 Byrds","floor":18,"turns":6},{"damage":2,"enemies":"Chosen","floor":20,"turns":6},{"damage":6,"enemies":"Snecko","floor":24,"turns":5},{"damage":7,"enemies":"Gremlin Leader","floor":25,"turns":7},{"damage":1,"enemies":"Centurion and Healer","floor":27,"turns":6},{"damage":4,"enemies":"Sentry and Sphere","floor":28,"turns":8},{"damage":3,"enemies":"3 Cultists","floor":29,"turns":5},{"damage":18,"enemies":"Snecko","floor":31,"turns":5},{"damage":47,"enemies":"Automaton","floor":33,"turns":6}],"seed_played":"-2662604922600413389","potions_obtained":[{"floor":4,"key":"BlessingOfTheForge"},{"floor":18,"key":"LiquidMemories"},{"floor":28,"key":"Explosive Potion"},{"floor":29,"key":"ColorlessPotion"},{"floor":31,"key":"BloodPotion"}],"is_trial":false,"path_per_floor":["M","?","M","M","M","R","$","R","T","M","?","$","?","?","R","B",null,"M","?","M","T","?","R","M","E","T","M","M","M","$","M","R","B"],"character_chosen":"IRONCLAD","items_purchased":["Evolve","Dark Embrace","Armaments+1","Impervious+1"],"campfire_rested":1,"item_purchase_floors":[7,12,30,30],"current_hp_per_floor":[54,80,80,80,56,56,56,56,56,56,40,40,37,30,54,37,69,58,40,40,40,40,40,40,39,46,47,47,47,47,35,35,0,0],"gold":77,"neow_bonus":"TRANSFORM_TWO_CARDS","is_daily":false,"chose_seed":false,"campfire_upgraded":4,"win_rate":0.0,"timestamp":1608992735,"path_taken":["M","?","?","M","M","R","$","R","T","M","?","$","?","?","R","BOSS","M","?","M","?","?","R","M","E","T","M","M","M","$","M","R","BOSS"],"items_purchased_type":["Card","Card","Card","Card"],"build_version":"2020-12-22","purchased_purges":2,"victory":false,"max_hp_per_floor":[80,80,80,80,80,80,80,80,80,80,80,80,80,80,80,80,80,80,40,40,40,40,40,40,40,47,47,47,47,47,47,47,47,47],"card_choices":[{"not_picked":["Rage","Flex"],"picked":"Body Slam","floor":1},{"not_picked":["Clothesline","Anger"],"picked":"Flex","floor":3},{"not_picked":["Pommel Strike","Flame Barrier"],"picked":"Inflame","floor":4},{"not_picked":["Anger","Shrug It Off","Twin Strike"],"picked":"SKIP","floor":5},{"not_picked":["Intimidate","Pummel","Twin Strike"],"picked":"SKIP","floor":10},{"not_picked":["Feed","Offering"],"picked":"Immolate","floor":16},{"not_picked":["Havoc","Armaments","Clothesline+1"],"picked":"SKIP","floor":18},{"not_picked":["Havoc","Flame Barrier+1","Inflame+1"],"picked":"SKIP","floor":20},{"not_picked":["Flame Barrier+1","Anger+1","Warcry+1"],"picked":"SKIP","floor":24},{"not_picked":["Inflame+1","Brutality","Reaper"],"picked":"SKIP","floor":25},{"not_picked":["Wild Strike","Sword Boomerang+1"],"picked":"Intimidate+1","floor":27},{"not_picked":["Body Slam","Anger","True Grit+1"],"picked":"SKIP","floor":28},{"not_picked":["Evolve","Anger","Perfected Strike"],"picked":"SKIP","floor":29},{"not_picked":["Headbutt","Pommel Strike","Warcry+1"],"picked":"SKIP","floor":31}],"player_experience":495100,"relics_obtained":[{"floor":9,"key":"Bag of Marbles"},{"floor":21,"key":"Toxic Egg 2"},{"floor":25,"key":"Smiling Mask"},{"floor":26,"key":"Strawberry"}],"event_choices":[{"cards_removed":["Blood for Blood"],"damage_healed":26,"gold_gain":0,"player_choice":"Offered Uncommon","damage_taken":0,"max_hp_gain":0,"max_hp_loss":0,"event_name":"Bonfire Elementals","floor":2,"gold_loss":0},{"damage_healed":0,"gold_gain":0,"player_choice":"Entered Light","damage_taken":16,"max_hp_gain":0,"max_hp_loss":0,"event_name":"Shining Light","floor":11,"gold_loss":0,"cards_upgraded":["Evolve","Defend_R"]},{"damage_healed":0,"gold_gain":0,"player_choice":"Success","damage_taken":3,"relics_obtained":["Lantern"],"max_hp_gain":0,"max_hp_loss":0,"event_name":"Scrap Ooze","floor":13,"gold_loss":0},{"cards_removed":["Strike_R"],"damage_healed":0,"gold_gain":0,"player_choice":"Card Removal","damage_taken":7,"max_hp_gain":0,"max_hp_loss":0,"event_name":"Golden Wing","floor":14,"gold_loss":0},{"damage_healed":0,"gold_gain":0,"player_choice":"Became a Ghost","damage_taken":0,"max_hp_gain":0,"max_hp_loss":40,"event_name":"Ghosts","floor":19,"gold_loss":0,"cards_obtained":["Ghostly","Ghostly","Ghostly","Ghostly","Ghostly"]},{"cards_removed":["Defend_R"],"damage_healed":0,"gold_gain":0,"player_choice":"Elegance","damage_taken":0,"max_hp_gain":0,"max_hp_loss":0,"event_name":"Back to Basics","floor":22,"gold_loss":0}],"is_beta":false,"boss_relics":[{"not_picked":["Fusion Hammer","SacredBark"],"picked":"Empty Cage"}],"items_purged_floors":[7,30],"is_endless":false,"potions_floor_spawned":[4,18,28,29,31],"killed_by":"Automaton","ascension_level":9}}