{"host":"9d83omykrosjn1d3","time":1608956976,"event":{"mods":["AchievementEnabler","BaseMod","BetterRewards","Card Forge","Downfall","Hubris","MarisaÅiñ∂âJÅ@ñÇóùçπÅj","Minty Spire (QoL Compilation)","Permanent Neow","Shop Mod","StSLib","SuperFastMode","The Administrix","The Construct","The Servant 0.9.4"],"gold_per_floor":[110,110,127,202,104,131,163,197,242,242,242],"floor_reached":10,"playtime":425,"items_purged":[],"score":109,"play_id":"f16ea0a8-5cf3-43b8-a90e-1208daec7f9d","local_time":"20201226132936","daily_mods":["Heirloom","Flight","downfall:Lament","DeadlyEvents","Elite Swarm"],"is_ascension_mode":false,"campfire_choices":[],"circlet_count":0,"master_deck":["Strike_B","Defend_B","Defend_B+1","Zap","Dualcast+1","Impatience","Glacier","AdministrixMod:TouchOfCinnabar","Amplify"],"relics":["Cracked Core","Hammer of Thor","Seething Fire","Anvil of the Gods","NeowsBlessing","hubris:GlazedTorus","Bag of Preparation","War Paint","Matryoshka","hubris:SoftwareUpdate","CeramicFish"],"acts_visited":["Exordium"],"potions_floor_usage":[],"damage_taken":[{"damage":0,"enemies":"2 Louse","floor":1,"turns":1},{"damage":0,"enemies":"Cultist","floor":3,"turns":1},{"damage":0,"enemies":"3 Sentries","floor":6,"turns":1},{"damage":16,"enemies":"Lagavulin","floor":7,"turns":7},{"damage":7,"enemies":"3 Sentries","floor":8,"turns":13},{"damage":18,"enemies":"Gremlin Nob","floor":10,"turns":6}],"seed_played":"4882089595263615400","potions_obtained":[{"floor":3,"key":"champ:CounterPotion"}],"is_trial":true,"path_per_floor":["M","?","M","?","$","E","E","E","T","E"],"character_chosen":"DEFECT","items_purchased":["Impatience"],"campfire_rested":0,"item_purchase_floors":[5],"current_hp_per_floor":[75,75,75,68,68,68,52,45,45,27,27],"gold":242,"neow_bonus":"","is_daily":false,"chose_seed":false,"campfire_upgraded":0,"win_rate":0.0,"timestamp":1608956976,"path_taken":["M","?","?","?","?","E","E","E","T","E"],"items_purchased_type":["Card"],"build_version":"2020-12-22","purchased_purges":0,"victory":false,"max_hp_per_floor":[75,75,75,75,75,75,75,75,75,75,75],"card_choices":[{"not_picked":["Streamline","Blizzard","Redo"],"picked":"SKIP","floor":1},{"not_picked":["hubris:Ukulele","Steam","Sweeping Beam"],"picked":"SKIP","floor":3},{"not_picked":["Electrodynamics","hubris:SpecializedCircuitry","Thunder Strike"],"picked":"SKIP","floor":6},{"not_picked":["Hyperbeam","hubris:Prefetch","Rainbow"],"picked":"SKIP","floor":7},{"not_picked":["Rainbow","Reboot"],"picked":"Amplify","floor":8}],"player_experience":774949,"relics_obtained":[{"floor":6,"key":"Bag of Preparation"},{"floor":7,"key":"War Paint"},{"floor":8,"key":"Matryoshka"},{"floor":9,"key":"hubris:SoftwareUpdate"},{"floor":9,"key":"CeramicFish"}],"event_choices":[{"cards_removed":["Strike_B"],"damage_healed":0,"gold_gain":0,"player_choice":"Purged","damage_taken":0,"max_hp_gain":0,"max_hp_loss":0,"event_name":"Purifier","floor":2,"gold_loss":0},{"damage_healed":0,"gold_gain":75,"player_choice":"Touch","damage_taken":7,"max_hp_gain":0,"max_hp_loss":0,"event_name":"FaceTrader","floor":4,"gold_loss":0}],"is_beta":false,"boss_relics":[],"items_purged_floors":[],"is_endless":false,"potions_floor_spawned":[3],"killed_by":"Gremlin Nob","ascension_level":0}}