{"host":"3y2rtlgteqp2nuo3","time":1608994284,"event":{"mods":["2.2 Compatiblity","AchievementEnabler","BaseMod","Colored Map","DeckTracker","Highlight Path","Keyboard Shortcuts","Minty Spire (QoL Compilation)","Permanent Neow","Quick Restart","StSLib","SuperFastMode","everything is the same but u backflip on backflip"],"gold_per_floor":[116,127,127,52,70,70,85,105,105,131,31,49,49,59,59,160,160,171,20,34,53,66,66,100,100,100,133,133,133,133,146,146,250,250,266,28,28,43,57,89,89,120,120,130,130,5,64,0,0,0],"floor_reached":51,"playtime":1360,"items_purged":["Pain","Strike_B","Strike_B"],"score":886,"play_id":"a8fcca65-da4d-4cf2-bb29-091db5fe7c26","local_time":"20201226235124","is_ascension_mode":true,"campfire_choices":[{"data":"Zap","floor":6.0,"key":"SMITH"},{"data":"Coolheaded","floor":13.0,"key":"SMITH"},{"data":"Go for the Eyes","floor":15.0,"key":"SMITH"},{"floor":23.0,"key":"REST"},{"floor":25.0,"key":"REST"},{"floor":29.0,"key":"REST"},{"floor":32.0,"key":"REST"},{"floor":41.0,"key":"REST"},{"floor":45.0,"key":"REST"},{"floor":49.0,"key":"REST"}],"circlet_count":0,"master_deck":["Strike_B","Defend_B","Defend_B","Defend_B","Defend_B","Zap+1","Dualcast","Cold Snap","Go for the Eyes+1","Coolheaded+1","Beam Cell","Steam","Glacier","Sunder+1","Blizzard+1","White Noise","Reboot","Stack","Conserve Battery","Coolheaded","White Noise+1","Necronomicurse","Streamline+1","Seek","Capacitor+1","Panacea","Loop+1","Barrage+1","Capacitor","Hologram+1"],"relics":["FrozenCore","WarpedTongs","Ice Cream","Molten Egg 2","Fusion Hammer","Medical Kit","Du-Vu Doll","Matryoshka","Necronomicon","PreservedInsect","Darkstone Periapt","Incense Burner","CeramicFish","Happy Flower","Bird Faced Urn","Red Mask"],"acts_visited":["Exordium","TheCity","TheBeyond"],"potions_floor_usage":[],"damage_taken":[{"damage":7.0,"enemies":"Jaw Worm","floor":1.0,"turns":3.0},{"damage":0.0,"enemies":"Cultist","floor":2.0,"turns":3.0},{"damage":0.0,"enemies":"2 Louse","floor":5.0,"turns":3.0},{"damage":0.0,"enemies":"2 Fungi Beasts","floor":7.0,"turns":3.0},{"damage":1.0,"enemies":"Blue Slaver","floor":8.0,"turns":3.0},{"damage":11.0,"enemies":"Gremlin Nob","floor":10.0,"turns":5.0},{"damage":5.0,"enemies":"3 Louse","floor":12.0,"turns":4.0},{"damage":3.0,"enemies":"Exordium Wildlife","floor":14.0,"turns":2.0},{"damage":20.0,"enemies":"Hexaghost","floor":16.0,"turns":9.0},{"damage":5.0,"enemies":"Shell Parasite","floor":18.0,"turns":3.0},{"damage":0.0,"enemies":"Chosen","floor":20.0,"turns":3.0},{"damage":6.0,"enemies":"Snake Plant","floor":21.0,"turns":5.0},{"damage":18.0,"enemies":"Shelled Parasite and Fungi","floor":22.0,"turns":5.0},{"damage":17.0,"enemies":"Book of Stabbing","floor":24.0,"turns":6.0},{"damage":34.0,"enemies":"Gremlin Leader","floor":27.0,"turns":8.0},{"damage":0.0,"enemies":"Sentry and Sphere","floor":31.0,"turns":2.0},{"damage":41.0,"enemies":"Automaton","floor":33.0,"turns":10.0},{"damage":0.0,"enemies":"Orb Walker","floor":35.0,"turns":2.0},{"damage":16.0,"enemies":"3 Shapes","floor":38.0,"turns":5.0},{"damage":0.0,"enemies":"Jaw Worm Horde","floor":39.0,"turns":3.0},{"damage":20.0,"enemies":"Giant Head","floor":40.0,"turns":6.0},{"damage":9.0,"enemies":"Reptomancer","floor":42.0,"turns":2.0},{"damage":2.0,"enemies":"3 Darklings","floor":44.0,"turns":5.0},{"damage":0.0,"enemies":"2 Orb Walkers","floor":47.0,"turns":3.0},{"damage":55,"enemies":"Time Eater","floor":50,"turns":12}],"seed_played":"4760351653891775976","potions_obtained":[{"floor":1.0,"key":"Weak Potion"},{"floor":10.0,"key":"ColorlessPotion"},{"floor":12.0,"key":"Ancient Potion"},{"floor":16.0,"key":"LiquidMemories"},{"floor":24.0,"key":"GamblersBrew"},{"floor":27.0,"key":"Weak Potion"},{"floor":33.0,"key":"Energy Potion"}],"is_trial":false,"path_per_floor":["M","M","?","$","M","R","M","M","T","E","$","M","R","M","R","B",null,"M","$","M","M","M","R","E","R","T","E","?","R","?","M","R","B",null,"M","$","?","M","M","E","R","E","T","M","R","$","?","?","R","B",null],"character_chosen":"DEFECT","items_purchased":["Medical Kit","Panacea","PreservedInsect"],"campfire_rested":7,"item_purchase_floors":[19,36,36],"current_hp_per_floor":[68,68,68,68,68,68,68,67,67,56,56,51,51,48,48,28,75,70,70,70,64,46,68,51,73,73,39,39,61,45,45,67,26,75,75,75,75,59,59,39,61,52,52,50,72,72,72,72,75,26],"gold":0,"neow_bonus":"THREE_CARDS","is_daily":false,"chose_seed":false,"campfire_upgraded":3,"win_rate":0.0,"timestamp":1608994284,"path_taken":["M","M","?","$","M","R","M","M","T","E","$","M","R","M","R","BOSS","M","$","M","M","M","R","E","R","T","E","?","R","?","M","R","BOSS","M","$","?","M","M","E","R","E","T","M","R","$","?","?","R","BOSS"],"items_purchased_type":["Relic","Card","Relic"],"build_version":"2020-12-22","purchased_purges":3,"victory":true,"max_hp_per_floor":[75,75,75,75,75,75,75,75,75,75,75,75,75,75,75,75,75,75,75,75,75,75,75,75,75,75,75,75,75,75,75,75,75,75,75,75,75,75,75,75,75,75,75,75,75,75,75,75,75,75],"card_choices":[{"not_picked":["Hello World","Hologram"],"picked":"Cold Snap","floor":0.0},{"not_picked":["Double Energy","Tempest"],"picked":"Go for the Eyes","floor":1.0},{"not_picked":["Hologram","Redo"],"picked":"Coolheaded","floor":2.0},{"not_picked":["Streamline","Steam"],"picked":"Beam Cell","floor":5.0},{"not_picked":["Fission","Double Energy"],"picked":"Steam","floor":7.0},{"not_picked":["Beam Cell","Barrage"],"picked":"Glacier","floor":8.0},{"not_picked":["Conserve Battery","Go for the Eyes+1"],"picked":"Sunder+1","floor":10.0},{"not_picked":["Coolheaded","Stack"],"picked":"Blizzard+1","floor":12.0},{"not_picked":["Gash+1","Turbo"],"picked":"White Noise","floor":14.0},{"not_picked":["Thunder Strike+1","Meteor Strike+1"],"picked":"Reboot","floor":16.0},{"not_picked":["Capacitor","Doom and Gloom+1","Aggregate"],"picked":"SKIP","floor":18.0},{"not_picked":["Rebound+1","Beam Cell+1"],"picked":"Stack","floor":20.0},{"not_picked":["Force Field","Heatsinks"],"picked":"Conserve Battery","floor":21.0},{"not_picked":["Melter+1","Skim"],"picked":"Coolheaded","floor":22.0},{"not_picked":["Go for the Eyes+1","Auto Shields"],"picked":"White Noise+1","floor":24.0},{"not_picked":["Stack","Conserve Battery","Go for the Eyes+1"],"picked":"SKIP","floor":27.0},{"not_picked":["Redo","Sweeping Beam+1"],"picked":"Streamline+1","floor":31.0},{"not_picked":["Machine Learning","Hyperbeam+1"],"picked":"Seek","floor":33.0},{"not_picked":["Streamline+1","Sweeping Beam+1"],"picked":"Capacitor+1","floor":35.0},{"not_picked":["Double Energy+1","Redo"],"picked":"Loop+1","floor":38.0},{"not_picked":["Sunder+1","Hello World+1","Go for the Eyes+1"],"picked":"SKIP","floor":39.0},{"not_picked":["Go for the Eyes+1","Lockon+1"],"picked":"Barrage+1","floor":40.0},{"not_picked":["Rebound+1","Auto Shields+1"],"picked":"Capacitor","floor":42.0},{"not_picked":["Auto Shields","Gash+1","Hologram"],"picked":"SKIP","floor":44.0},{"not_picked":["Barrage+1","Ball Lightning+1"],"picked":"Hologram+1","floor":47.0}],"player_experience":651105,"relics_obtained":[{"floor":9.0,"key":"Ice Cream"},{"floor":10.0,"key":"Molten Egg 2"},{"floor":24.0,"key":"Du-Vu Doll"},{"floor":26.0,"key":"Matryoshka"},{"floor":30.0,"key":"Necronomicon"},{"floor":40.0,"key":"Darkstone Periapt"},{"floor":42.0,"key":"Incense Burner"},{"floor":43.0,"key":"CeramicFish"},{"floor":43.0,"key":"Happy Flower"},{"floor":47.0,"key":"Bird Faced Urn"}],"event_choices":[{"damage_healed":0.0,"max_hp_gain":0.0,"max_hp_loss":0.0,"gold_gain":0.0,"event_name":"Accursed Blacksmith","player_choice":"Rummage","floor":3.0,"gold_loss":0.0,"damage_taken":0.0,"relics_obtained":["WarpedTongs"],"cards_obtained":["Pain"]},{"damage_healed":0.0,"max_hp_gain":0.0,"max_hp_loss":0.0,"gold_gain":0.0,"event_name":"Ghosts","player_choice":"Ignored","floor":28.0,"gold_loss":0.0,"damage_taken":0.0},{"damage_healed":0.0,"max_hp_gain":0.0,"max_hp_loss":0.0,"gold_gain":0.0,"event_name":"Cursed Tome","player_choice":"Obtained Book","floor":30.0,"gold_loss":0.0,"damage_taken":16.0},{"cards_removed":["Strike_B"],"damage_healed":0.0,"max_hp_gain":0.0,"max_hp_loss":0.0,"gold_gain":0.0,"event_name":"Falling","player_choice":"Removed Attack","floor":37.0,"gold_loss":0.0,"damage_taken":0.0},{"damage_healed":0.0,"max_hp_gain":0.0,"max_hp_loss":0.0,"gold_gain":0.0,"event_name":"Mysterious Sphere","player_choice":"Fight","floor":47.0,"gold_loss":0.0,"damage_taken":0.0},{"damage_healed":0.0,"max_hp_gain":0.0,"max_hp_loss":0.0,"gold_gain":0.0,"event_name":"Tomb of Lord Red Mask","player_choice":"Paid","floor":48.0,"gold_loss":64.0,"damage_taken":0.0,"relics_obtained":["Red Mask"]}],"is_beta":false,"boss_relics":[{"not_picked":["SlaversCollar","Runic Dome"],"picked":"Fusion Hammer"},{"not_picked":["Busted Crown","Runic Pyramid"],"picked":"FrozenCore"}],"items_purged_floors":[4,11,46],"is_endless":false,"potions_floor_spawned":[1,10,12,16,18,20,24,27,33,38,39,40],"ascension_level":4}}