{"host":"wc8dlsuapnihxz7u","time":1608963853,"event":{"mods":["2.2 Compatiblity","AchievementEnabler","AlwaysNeverKeys","Ascension Reborn","Aspiration","BaseMod","Better Altar","BetterRewards","GifTheSpireLib","Halation","Minty Spire (QoL Compilation)","Permanent Neow","Quick Restart","Shop Mod","Spikes Relics","StSLib","Stuff the Spire","SuperFastMode","vexMod"],"gold_per_floor":[119,129,129,129,129,148,148,178,178,198,198,216,216,231,231,327,327,338,17,17,17,17,44,44,41,41,61,74,87,87,87],"floor_reached":30,"playtime":1845,"items_purged":["StuffTheSpire:Rend"],"score":239,"play_id":"2b50f6fc-ad1c-465e-ac7e-b617c03a6c2e","local_time":"20201226012413","is_ascension_mode":true,"campfire_choices":[{"floor":7,"key":"REST"},{"floor":15,"key":"REST"}],"circlet_count":0,"master_deck":["Strike_B","Strike_B+1","Strike_B","Strike_B","Defend_B+1","Defend_B","Defend_B","Defend_B","Zap","Dualcast","Double Energy","StuffTheSpire:Coldhearted","Turbo","Coolheaded","Sweeping Beam","Hologram","Cold Snap","Creative AI","Leap+1","Hologram","Gash+1","Loop+1"],"relics":["Cracked Core","Pear","Sundial","aspiration:StickyExplosives","Bag of Marbles","Centennial Puzzle","AncientExoskeleton","Matryoshka","aspiration:RitualStick","Bottled Tornado","halation:EternalFortune","Boot","Bag of Preparation"],"acts_visited":["Exordium","TheCity"],"potions_floor_usage":[8,28,30],"damage_taken":[{"damage":3,"enemies":"Cultist","floor":1,"turns":4},{"damage":9,"enemies":"Jaw Worm","floor":2,"turns":5},{"damage":0,"enemies":"2 Louse","floor":6,"turns":3},{"damage":44,"enemies":"Gremlin Nob","floor":8,"turns":5},{"damage":11,"enemies":"Lots of Slimes","floor":10,"turns":6},{"damage":0,"enemies":"Blue Slaver","floor":12,"turns":5},{"damage":0,"enemies":"Large Slime","floor":14,"turns":5},{"damage":42,"enemies":"The Guardian","floor":16,"turns":16},{"damage":49,"enemies":"Shell Parasite","floor":18,"turns":23},{"damage":50,"enemies":"Book of Stabbing","floor":23,"turns":11},{"damage":0,"enemies":"2 Thieves","floor":25,"turns":5},{"damage":11,"enemies":"Shelled Parasite and Fungi","floor":27,"turns":8},{"damage":0,"enemies":"Snake Plant","floor":28,"turns":7},{"damage":0,"enemies":"Centurion and Healer","floor":29,"turns":6},{"damage":10,"enemies":"3 Cultists","floor":30,"turns":4}],"seed_played":"1528294964622705781","potions_obtained":[{"floor":1,"key":"Strength Potion"},{"floor":2,"key":"AttackPotion"},{"floor":8,"key":"SteroidPotion"},{"floor":23,"key":"PowerPotion"},{"floor":29,"key":"FocusPotion"}],"is_trial":false,"path_per_floor":["M","M","?","?","T","M","R","E","T","M","T","M","?","M","R","B",null,"M","$","?","$","?","E","?","M","T","M","M","M","M"],"character_chosen":"DEFECT","items_purchased":["Matryoshka"],"campfire_rested":2,"item_purchase_floors":[19],"current_hp_per_floor":[72,63,63,48,58,58,83,39,39,28,28,28,25,25,50,8,85,36,36,85,85,68,18,21,21,21,10,10,10,0,0],"gold":87,"neow_bonus":"THREE_CARDS","is_daily":false,"chose_seed":false,"campfire_upgraded":0,"win_rate":0.0,"timestamp":1608963853,"path_taken":["M","M","?","?","?","M","R","E","T","M","?","?","?","M","R","BOSS","M","$","?","$","?","E","?","?","T","M","M","M","M"],"items_purchased_type":["Relic"],"build_version":"2020-12-22","purchased_purges":1,"victory":false,"max_hp_per_floor":[75,75,75,75,85,85,85,85,85,85,85,85,85,85,85,85,85,85,85,85,85,85,85,88,88,88,88,88,88,88,88],"card_choices":[{"not_picked":["StuffTheSpire:Plugnplay","Hologram"],"picked":"Double Energy","floor":0},{"not_picked":["Blizzard","Compile Driver"],"picked":"StuffTheSpire:Rend","floor":1},{"not_picked":["Conserve Battery","Rip and Tear"],"picked":"StuffTheSpire:Coldhearted","floor":2},{"not_picked":["StuffTheSpire:Plugnplay","Redo"],"picked":"Turbo","floor":6},{"not_picked":["Go for the Eyes","Blizzard"],"picked":"Coolheaded","floor":8},{"not_picked":["Undo","StuffTheSpire:GlassShard"],"picked":"Sweeping Beam","floor":10},{"not_picked":["Glacier","Go for the Eyes"],"picked":"Hologram","floor":12},{"not_picked":["Coolheaded","Steam"],"picked":"Cold Snap","floor":14},{"not_picked":["Meteor Strike","StuffTheSpire:LaunchingStrike"],"picked":"Creative AI","floor":16},{"not_picked":["Doom and Gloom","StuffTheSpire:Plugnplay+1"],"picked":"Leap+1","floor":18},{"not_picked":["Compile Driver","Sweeping Beam","Glacier"],"picked":"SKIP","floor":23},{"not_picked":["Turbo","Scrape"],"picked":"Hologram","floor":25},{"not_picked":["Stack","Barrage+1","Turbo"],"picked":"SKIP","floor":27},{"not_picked":["Steam","Sweeping Beam"],"picked":"Gash+1","floor":28},{"not_picked":["Lockon","StuffTheSpire:ForEach"],"picked":"Loop+1","floor":29}],"player_experience":125110,"relics_obtained":[{"floor":5,"key":"Pear"},{"floor":8,"key":"Sundial"},{"floor":9,"key":"aspiration:StickyExplosives"},{"floor":11,"key":"Bag of Marbles"},{"floor":23,"key":"Bottled Tornado"},{"floor":26,"key":"Boot"},{"floor":26,"key":"Bag of Preparation"}],"event_choices":[{"damage_healed":0,"gold_gain":0,"player_choice":"Ignored","damage_taken":0,"max_hp_gain":0,"max_hp_loss":0,"event_name":"Liars Game","floor":3,"gold_loss":0},{"damage_healed":0,"gold_gain":0,"player_choice":"Entered Light","damage_taken":15,"max_hp_gain":0,"max_hp_loss":0,"event_name":"Shining Light","floor":4,"gold_loss":0,"cards_upgraded":["Defend_B","Strike_B"]},{"damage_healed":0,"gold_gain":0,"player_choice":"Success","damage_taken":3,"relics_obtained":["Centennial Puzzle"],"max_hp_gain":0,"max_hp_loss":0,"event_name":"Scrap Ooze","floor":13,"gold_loss":0},{"damage_healed":49,"gold_gain":0,"player_choice":"Full Heal","damage_taken":0,"max_hp_gain":0,"max_hp_loss":0,"event_name":"Wheel of Change","floor":20,"gold_loss":0}],"is_beta":false,"boss_relics":[{"not_picked":["vexMod:MegatonBomb","Calling Bell"],"picked":"AncientExoskeleton"}],"items_purged_floors":[19],"is_endless":false,"potions_floor_spawned":[1,2,8,23,25,29],"killed_by":"3 Cultists","ascension_level":-1}}