{"host":"p9ipwvgp8zk1gu4u","time":1608969483,"event":{"mods":["Act Like it!","BaseMod","BetterRewards","Block Reminder","Colored Map","Colored Powertips","DeckTracker","Downfall","Gensokyo","Gold Saver","Hermit","Marisa????????","Minty Spire (QoL Compilation)","Nova Terra(??·??)","Relic Filter","Replay The Spire","StSLib","The Alterego","The Bladedancer","The Hierophant","The Servant 0.9.4","TheSwordswoman","Yuri Mod","???????????mod"],"gold_per_floor":[593,593,593,693,155,182,195,228,228,259,270,270,270,270,270,372,372,386,396,396,414,431,431,441,461,461,461,461,461,486,498,498,498,498],"floor_reached":33,"playtime":2015,"items_purged":[],"score":265,"play_id":"aa7752a7-1763-419a-9a75-e682837c03f2","local_time":"20201226025803","is_ascension_mode":false,"campfire_choices":[{"floor":12,"key":"REST"},{"data":"Rainbow","floor":15,"key":"SMITH"},{"data":"Beam Cell","floor":23,"key":"SMITH"},{"data":"Beam Cell","floor":28,"key":"SMITH"},{"data":"Gash","floor":32,"key":"SMITH"}],"circlet_count":0,"master_deck":["Strike_B+1","Strike_B+1","Strike_B+1","Strike_B+1","Defend_B+1","Defend_B+1","Defend_B+1","Defend_B+1","Zap","Dualcast","Rainbow+1","Steam","Blind","Barrage","Beam Cell+1","Gash","Steam","BasicCrystalCard+1","Gash+1","BootSequence","Beam Cell+1","Gash+1"],"relics":["Cracked Core","HandDrill","TungstenRod","Singing Bowl","WingedGreaves","Replay:PocketPolymizer","Garlic","Gremlin Horn","Replay:Grab Bag","Velvet Choker","Coffee Dripper","SlaversCollar","Nuclear Battery","Incense Burner","alterego_mod:FleetingLove","Lantern"],"acts_visited":["Exordium","TheCity"],"potions_floor_usage":[31,33,33,33],"damage_taken":[{"damage":0,"enemies":"2 Louse","floor":1,"turns":3},{"damage":13,"enemies":"3 Sentries","floor":6,"turns":11},{"damage":0,"enemies":"Small Slimes","floor":7,"turns":2},{"damage":17,"enemies":"Gremlin Nob","floor":8,"turns":5},{"damage":12,"enemies":"3 Sentries","floor":10,"turns":9},{"damage":0,"enemies":"Cultist","floor":11,"turns":4},{"damage":9,"enemies":"Hexaghost","floor":16,"turns":9},{"damage":8,"enemies":"Chosen","floor":18,"turns":5},{"damage":0,"enemies":"Shell Parasite","floor":19,"turns":5},{"damage":9,"enemies":"Centurion and Healer","floor":21,"turns":7},{"damage":18,"enemies":"Snecko","floor":22,"turns":4},{"damage":3,"enemies":"Snake Plant","floor":24,"turns":4},{"damage":4,"enemies":"Centurion and Healer","floor":25,"turns":5},{"damage":19,"enemies":"Chosen and Byrds","floor":31,"turns":5},{"damage":39,"enemies":"Champ","floor":33,"turns":8}],"seed_played":"273028309547416812","potions_obtained":[{"floor":8,"key":"LiquidMemories"},{"floor":11,"key":"Weak Potion"},{"floor":19,"key":"Slimebound:ThreeZeroPotion"},{"floor":31,"key":"LiquidBronze"}],"is_trial":false,"path_per_floor":["M","?","?","?","$","E","M","E","T","E","M","R","$","T","R","B",null,"M","M","?","M","M","R","M","M","T","?","R","?","T","M","R","B"],"character_chosen":"DEFECT","items_purchased":["HandDrill","Blind","TungstenRod"],"campfire_rested":1,"item_purchase_floors":[5,5,5],"current_hp_per_floor":[75,60,75,75,75,64,64,47,47,35,35,58,58,58,58,51,79,71,71,71,64,48,48,45,41,41,41,41,41,41,22,22,0,0],"gold":498,"neow_bonus":"ONE_RANDOM_RARE_CARD","is_daily":false,"chose_seed":false,"campfire_upgraded":4,"win_rate":0.0,"timestamp":1608969483,"path_taken":["M","?","?","?","$","E","M","E","T","E","?","R","$","?","R","BOSS","M","M","?","M","M","R","M","M","T","?","R","?","?","?","R","BOSS"],"items_purchased_type":["Relic","Card","Relic"],"build_version":"2020-12-22","purchased_purges":0,"victory":false,"max_hp_per_floor":[75,75,75,75,75,77,77,77,77,77,77,77,77,77,77,79,79,79,79,79,81,83,83,83,83,83,83,83,83,83,83,83,83,83],"card_choices":[{"not_picked":["Sweeping Beam","Conserve Battery"],"picked":"Steam","floor":1},{"not_picked":["Heatsinks","Panic Button","Turbo"],"picked":"Singing Bowl","floor":6},{"not_picked":["Aggregate","Stack"],"picked":"Barrage","floor":7},{"not_picked":["Fusion","Core Surge"],"picked":"Beam Cell","floor":8},{"not_picked":["Ball Lightning","Double Energy"],"picked":"Gash","floor":10},{"not_picked":["BasicCrystalCard","Coolheaded"],"picked":"Steam","floor":11},{"not_picked":["ReplayTheSpireMod:Fabricate Wheel","Biased Cognition","ReplayTheSpireMod:Omega Cannon"],"picked":"Singing Bowl","floor":16},{"not_picked":["ReplayTheSpireMod:Repulse","Redo"],"picked":"BasicCrystalCard+1","floor":18},{"not_picked":["Panic Button","Rebound"],"picked":"Gash","floor":19},{"not_picked":["Redo","Rebound","Coolheaded"],"picked":"Singing Bowl","floor":21},{"not_picked":["Streamline","ReplayTheSpireMod:Reroute Power","Turbo"],"picked":"Singing Bowl","floor":22},{"not_picked":["Cold Snap","ReplayTheSpireMod:System Scan"],"picked":"BootSequence","floor":24},{"not_picked":["Consume","Compile Driver"],"picked":"Beam Cell","floor":25},{"not_picked":["Machine Learning","Tempest"],"picked":"Gash+1","floor":31}],"player_experience":304357,"relics_obtained":[{"floor":6,"key":"Singing Bowl"},{"floor":8,"key":"WingedGreaves"},{"floor":9,"key":"Replay:PocketPolymizer"},{"floor":10,"key":"Garlic"},{"floor":14,"key":"Gremlin Horn"},{"floor":26,"key":"Incense Burner"},{"floor":30,"key":"Lantern"}],"event_choices":[{"damage_healed":0,"gold_gain":0,"player_choice":"Entered Light","damage_taken":15,"max_hp_gain":0,"max_hp_loss":0,"event_name":"Shining Light","floor":2,"gold_loss":0,"cards_upgraded":["Defend_B","Strike_B"]},{"damage_healed":25,"gold_gain":0,"player_choice":"Banana","damage_taken":0,"max_hp_gain":0,"max_hp_loss":0,"event_name":"Big Fish","floor":3,"gold_loss":0},{"damage_healed":0,"gold_gain":100,"player_choice":"Pray","damage_taken":0,"max_hp_gain":0,"max_hp_loss":0,"event_name":"Golden Shrine","floor":4,"gold_loss":0},{"damage_healed":0,"gold_gain":0,"player_choice":"Simplicity","damage_taken":0,"max_hp_gain":0,"max_hp_loss":0,"event_name":"Back to Basics","floor":20,"gold_loss":0,"cards_upgraded":["Strike_B","Strike_B","Strike_B","Defend_B","Defend_B","Defend_B"]},{"damage_healed":0,"gold_gain":0,"player_choice":"Choice 1","damage_taken":0,"relics_obtained":["alterego_mod:FleetingLove"],"max_hp_gain":0,"max_hp_loss":0,"event_name":"Secret Garden","floor":27,"gold_loss":0},{"damage_healed":0,"gold_gain":0,"player_choice":"Ignored","damage_taken":0,"max_hp_gain":0,"max_hp_loss":0,"event_name":"Ghosts","floor":29,"gold_loss":0}],"is_beta":false,"boss_relics":[{"not_picked":["Cursed Key","Black Star"],"picked":"Replay:Grab Bag"},{"not_picked":["Abe\u0027s Treasure","ReplayTheSpireMod:DimensionalGlitch"],"picked":"Velvet Choker"},{"not_picked":["Painkiller Herb","Busted Crown"],"picked":"Coffee Dripper"},{"not_picked":["Snecko Eye","Kintsugi"],"picked":"SlaversCollar"},{"not_picked":["Pandora\u0027s Box","Ring of Chaos"],"picked":"Nuclear Battery"}],"items_purged_floors":[],"is_endless":false,"potions_floor_spawned":[8,11,19,22,25,31],"killed_by":"Champ","ascension_level":0}}