{"host":"3xls0xm49ftugio7","time":1608981632,"event":{"mods":["2.2 Compatiblity","AchievementEnabler","Act Like it!","BaseMod","Colored Powertips","GifTheSpireLib","Mimic Mod","Minty Spire (QoL Compilation)","Quick Restart","Relic Stats","StSLib","The Servant 0.9.4"],"gold_per_floor":[213,64,64,64,79,79,96,96,96,112,124,124,124,149,149,254,254,267,277,277,277,54,79,95,25,25,25,25],"floor_reached":27,"playtime":1032,"items_purged":["Writhe"],"score":266,"play_id":"9afa6d74-4b3e-44f2-9c3c-47461052f504","local_time":"20201226132032","is_ascension_mode":true,"campfire_choices":[{"data":"Sunlight","floor":6,"key":"SMITH"},{"data":"SilverBlades","floor":8,"key":"SMITH"},{"data":"KidneyShot","floor":13,"key":"SMITH"},{"data":"Defy","floor":15,"key":"SMITH"}],"circlet_count":0,"master_deck":["Strike_S","Strike_S","Strike_S","Defend_S","Defend_S","Defend_S","Defend_S","KidneyShot+1","Exchange","Contraction+1","Sunlight+1","RealityMarble","SilverBlades+1","SurpressingFire+1","Desolation","Defy+1","Dilation","InstantArmor","Solidify","MoonPhase+1","WasteNot+1","SurpressingFire"],"relics":["SplendidAttire","Matryoshka","Pantograph","Molten Egg 2","Eternal Feather","Pen Nib","Boot"],"acts_visited":["Exordium","TheCity"],"potions_floor_usage":[14],"damage_taken":[{"damage":7,"enemies":"Jaw Worm","floor":1,"turns":5},{"damage":0,"enemies":"Cultist","floor":5,"turns":4},{"damage":1,"enemies":"2 Louse","floor":7,"turns":2},{"damage":7,"enemies":"Looter","floor":10,"turns":3},{"damage":9,"enemies":"2 Fungi Beasts","floor":11,"turns":2},{"damage":18,"enemies":"3 Sentries","floor":14,"turns":6},{"damage":12,"enemies":"The Guardian","floor":16,"turns":12},{"damage":12,"enemies":"Spheric Guardian","floor":18,"turns":6},{"damage":1,"enemies":"2 Thieves","floor":19,"turns":3},{"damage":34,"enemies":"Book of Stabbing","floor":23,"turns":6},{"damage":5,"enemies":"Cultist and Chosen","floor":24,"turns":6},{"damage":13,"enemies":"Slavers","floor":27,"turns":1}],"seed_played":"2474094199903115749","potions_obtained":[{"floor":1,"key":"SkillPotion"},{"floor":10,"key":"Strength Potion"},{"floor":14,"key":"BlessingOfTheForge"},{"floor":16,"key":"FearPotion"}],"is_trial":false,"path_per_floor":["M","$","?","?","M","R","M","R","T","M","M","?","R","E","R","B",null,"M","M","?","?","$","E","M","$","T","E"],"character_chosen":"THE_SERVANT","items_purchased":["Sunlight","Solidify","SurpressingFire"],"campfire_rested":0,"item_purchase_floors":[2,22,25],"current_hp_per_floor":[58,58,58,58,58,58,57,57,57,50,41,28,28,10,10,23,65,53,52,52,46,46,12,7,7,7,0,0],"gold":25,"neow_bonus":"HUNDRED_GOLD","is_daily":false,"chose_seed":false,"campfire_upgraded":4,"win_rate":0.0,"timestamp":1608981632,"path_taken":["M","$","?","?","M","R","M","R","T","M","?","?","R","E","R","BOSS","M","M","?","?","$","E","?","$","T","E"],"items_purchased_type":["Card","Card","Card"],"build_version":"2020-12-22","purchased_purges":1,"victory":false,"max_hp_per_floor":[65,65,65,65,65,65,65,65,65,65,65,65,65,65,65,65,65,65,65,65,65,65,65,65,65,65,65,65],"relic_stats":{"counters":[12,56],"Pantograph":25,"Eternal Feather":0,"Pen Nib":[0],"Boot":[0],"obtain_stats":[{"SplendidAttire":17,"Matryoshka":9,"Pantograph":14,"Molten Egg 2":20,"Eternal Feather":23,"Pen Nib":26,"Uniform":0,"Boot":26},{"SplendidAttire":7,"Matryoshka":3,"Pantograph":6,"Molten Egg 2":9,"Eternal Feather":10,"Pen Nib":11,"Uniform":0,"Boot":11},{"SplendidAttire":34,"Matryoshka":11,"Pantograph":22,"Molten Egg 2":43,"Eternal Feather":49,"Pen Nib":55,"Uniform":0,"Boot":55}]},"card_choices":[{"not_picked":["TimeWarp","Potential"],"picked":"Contraction","floor":1},{"not_picked":["MoonPhase","Rearm"],"picked":"RealityMarble","floor":5},{"not_picked":["SurpressingFire","Rearm"],"picked":"SilverBlades","floor":7},{"not_picked":["Sabotage","Ricochet"],"picked":"SurpressingFire","floor":10},{"not_picked":["TimeWarp","Defy"],"picked":"Desolation","floor":11},{"not_picked":["Advance","Manipulate"],"picked":"Defy","floor":14},{"not_picked":["Solidify","FloweringNight"],"picked":"Dilation","floor":16},{"not_picked":["Starlight+1","Rearm"],"picked":"InstantArmor","floor":18},{"not_picked":["Snipe","Unruled+1","Potential"],"picked":"SKIP","floor":19},{"not_picked":["ShiftingGears","Revamp"],"picked":"MoonPhase+1","floor":23},{"not_picked":["FastForward","MoonPhase"],"picked":"WasteNot+1","floor":24}],"player_experience":696639,"relics_obtained":[{"floor":9,"key":"Matryoshka"},{"floor":14,"key":"Pantograph"},{"floor":23,"key":"Eternal Feather"},{"floor":26,"key":"Pen Nib"},{"floor":26,"key":"Boot"}],"event_choices":[{"damage_healed":0,"gold_gain":0,"player_choice":"Ignored","damage_taken":0,"max_hp_gain":0,"max_hp_loss":0,"event_name":"Liars Game","floor":3,"gold_loss":0},{"cards_removed":["Strike_S"],"damage_healed":0,"gold_gain":0,"player_choice":"Offered Basic","damage_taken":0,"max_hp_gain":0,"max_hp_loss":0,"event_name":"Bonfire Elementals","floor":4,"gold_loss":0},{"damage_healed":0,"gold_gain":0,"player_choice":"Entered Light","damage_taken":13,"max_hp_gain":0,"max_hp_loss":0,"event_name":"Shining Light","floor":12,"gold_loss":0,"cards_upgraded":["SurpressingFire","Contraction"]},{"damage_healed":0,"gold_gain":0,"player_choice":"Opened","damage_taken":0,"relics_obtained":["Molten Egg 2"],"max_hp_gain":0,"max_hp_loss":0,"event_name":"The Mausoleum","floor":20,"gold_loss":0,"cards_obtained":["Writhe"]},{"damage_healed":0,"gold_gain":0,"player_choice":"Damaged","damage_taken":6,"max_hp_gain":0,"max_hp_loss":0,"event_name":"Wheel of Change","floor":21,"gold_loss":0}],"is_beta":false,"boss_relics":[{"not_picked":["Ectoplasm","MysterySword"],"picked":"SplendidAttire"}],"items_purged_floors":[22],"is_endless":false,"potions_floor_spawned":[1,10,14,16,19],"killed_by":"Slavers","ascension_level":3}}