{"host":"kw4o7b3ro2ktmmbe","time":1608952734,"event":{"mods":["BaseMod","Evolution","Minty Spire (QoL Compilation)","StSLib","Treasure Hunter"],"gold_per_floor":[141,156,156,174,19,19,36,36,111,121,139,139,169,181,193,295,307,333,345,272,94,113,113,128,141,165,200,140,159,194,214,214,305,305,320,320,320,51,65,65,91,109,109,140,204,237,258,297,297,297],"floor_reached":51,"playtime":4207,"items_purged":["Pain"],"score":1365,"play_id":"487ca01c-1d2d-431a-a73b-79a4ef8a4c54","local_time":"20201226161854","is_ascension_mode":true,"campfire_choices":[{"data":"Vigilance","floor":6.0,"key":"SMITH"},{"data":"Swivel","floor":8.0,"key":"SMITH"},{"floor":15.0,"key":"REST"},{"floor":23.0,"key":"RECALL"},{"floor":32.0,"key":"REST"},{"floor":40.0,"key":"REST"},{"data":"Defend_P","floor":49,"key":"PURGE"}],"circlet_count":0,"master_deck":["AscendersBane","CutThroughFate","Strike_P","Strike_P","Defend_P","Defend_P","Eruption","Vigilance+1","Adaptation","Swivel+1","Tantrum","TH:CursedSword","FearNoEvil","WindmillStrike","Devotion","TH:DeckOfManyThings","Ragnarok","WindmillStrike","WheelKick","Weave+1","TH:ArmorSpikes","TH:TreasureMap","BattleHymn","Nirvana","Wireheading","TH:BikiniMail","BattleHymn","Protect","TH:ElvenBoots","Ragnarok","Madness","Madness","WheelKick","TH:CopperCoins","Omniscience","TH:TreasureMap","TH:TreasureMap","ReachHeaven","SandsOfTime+1","TH:TreasureMap","DeceiveReality+1","TH:Mimic","Perseverance+1"],"relics":["EVO:Axolotl","Snecko Eye","FaceOfCleric","Toy Ornithopter","Bottled Tornado","MawBank","Golden Idol","Fusion Hammer","Centennial Puzzle","Lee\u0027s Waffle","Lantern","Vajra","VioletLotus","WarpedTongs","PreservedInsect","Bag of Marbles","Pen Nib","Toxic Egg 2","Peace Pipe","Ginger","MealTicket"],"acts_visited":["Exordium","TheCity","TheBeyond"],"potions_floor_usage":[47,50],"damage_taken":[{"damage":0.0,"enemies":"Cultist","floor":1.0,"turns":3.0},{"damage":6.0,"enemies":"Small Slimes","floor":2.0,"turns":3.0},{"damage":7.0,"enemies":"Jaw Worm","floor":4.0,"turns":4.0},{"damage":0.0,"enemies":"2 Fungi Beasts","floor":7.0,"turns":3.0},{"damage":3.0,"enemies":"Blue Slaver","floor":10.0,"turns":3.0},{"damage":2.0,"enemies":"Exordium Thugs","floor":11.0,"turns":3.0},{"damage":0.0,"enemies":"Red Slaver","floor":13.0,"turns":2.0},{"damage":31.0,"enemies":"Slime Boss","floor":16.0,"turns":5.0},{"damage":11.0,"enemies":"2 Thieves","floor":18.0,"turns":3.0},{"damage":0.0,"enemies":"3 Byrds","floor":22.0,"turns":3.0},{"damage":0.0,"enemies":"Centurion and Healer","floor":24.0,"turns":3.0},{"damage":7.0,"enemies":"Snake Plant","floor":25.0,"turns":3.0},{"damage":5.0,"enemies":"Gremlin Leader","floor":27.0,"turns":5.0},{"damage":24.0,"enemies":"Cultist and Chosen","floor":29.0,"turns":3.0},{"damage":14.0,"enemies":"Book of Stabbing","floor":30.0,"turns":3.0},{"damage":19.0,"enemies":"Shelled Parasite and Fungi","floor":31.0,"turns":4.0},{"damage":9.0,"enemies":"Champ","floor":33.0,"turns":6.0},{"damage":4.0,"enemies":"3 Darklings","floor":35.0,"turns":3.0},{"damage":11.0,"enemies":"Orb Walker","floor":39.0,"turns":4.0},{"damage":0.0,"enemies":"Jaw Worm Horde","floor":42.0,"turns":1.0},{"damage":0.0,"enemies":"Reptomancer","floor":44.0,"turns":2.0},{"damage":0.0,"enemies":"2 Orb Walkers","floor":45.0,"turns":2.0},{"damage":8,"enemies":"Nemesis","floor":46,"turns":3},{"damage":0,"enemies":"4 Shapes","floor":47,"turns":2},{"damage":21,"enemies":"Reptomancer","floor":48,"turns":4},{"damage":65,"enemies":"Awakened One","floor":50,"turns":6}],"seed_played":"-2976379796209191189","potions_obtained":[{"floor":2.0,"key":"Fire Potion"},{"floor":4.0,"key":"Strength Potion"},{"floor":22.0,"key":"AttackPotion"},{"floor":27.0,"key":"Ambrosia"},{"floor":31.0,"key":"Fire Potion"},{"floor":33.0,"key":"Block Potion"},{"floor":39.0,"key":"DuplicationPotion"},{"floor":44.0,"key":"ColorlessPotion"},{"floor":46,"key":"ColorlessPotion"}],"is_trial":false,"path_per_floor":["M","M","?","M","$","R","M","R","T","M","M","?","M","?","R","B",null,"M","?","?","$","M","R","M","M","T","E","?","M","E","M","R","B",null,"M","?","?","$","M","R","T","M","T","E","?","E","M","E","R","B",null],"character_chosen":"WATCHER","items_purchased":["Toy Ornithopter","Lee\u0027s Waffle","WindmillStrike","PreservedInsect","WheelKick"],"campfire_rested":3,"item_purchase_floors":[5,21,21,38,38],"current_hp_per_floor":[61,55,55,49,49,49,50,50,50,48,47,47,48,30,51,26,62,57,57,57,82,83,83,84,78,78,74,74,56,43,25,51,43,78,80,69,69,69,64,91,91,92,92,94,95,88,94,74,74,15],"gold":297,"neow_bonus":"BOSS_RELIC","is_daily":false,"chose_seed":false,"campfire_upgraded":2,"win_rate":0.0,"timestamp":1608952734,"path_taken":["M","M","?","?","$","R","M","R","T","M","M","?","M","?","R","BOSS","M","?","?","$","M","R","M","M","T","E","?","?","E","M","R","BOSS","M","?","?","$","?","R","?","M","T","E","?","E","M","E","R","BOSS"],"items_purchased_type":["Relic","Relic","Card","Relic","Card"],"build_version":"2020-12-22","purchased_purges":1,"victory":true,"max_hp_per_floor":[68,68,68,69,69,69,70,70,70,71,72,72,73,73,73,74,74,75,75,75,82,83,83,84,85,85,86,86,87,88,89,89,90,90,91,91,91,91,92,92,92,93,93,94,95,96,97,98,98,99],"card_choices":[{"not_picked":["ClearTheMind","Pray"],"picked":"Adaptation","floor":1.0},{"not_picked":["ThirdEye","Halt"],"picked":"Swivel","floor":2.0},{"not_picked":["EmptyFist","Evaluate","CarveReality"],"picked":"SKIP","floor":4.0},{"not_picked":["FearNoEvil","Pray"],"picked":"Tantrum","floor":7.0},{"not_picked":["TH:ElvenBoots"],"picked":"TH:CursedSword","floor":9.0},{"not_picked":["ClearTheMind","Conclude"],"picked":"FearNoEvil","floor":10.0},{"not_picked":["Perseverance","Halt"],"picked":"WindmillStrike","floor":11.0},{"not_picked":["MentalFortress","ThirdEye"],"picked":"Devotion","floor":13.0},{"not_picked":["TH:EnergyPotion"],"picked":"TH:DeckOfManyThings","floor":16.0},{"not_picked":["Devotion","MasterReality"],"picked":"Ragnarok","floor":16.0},{"not_picked":["ClearTheMind","SashWhip","EmptyBody"],"picked":"SKIP","floor":18.0},{"not_picked":["EmptyBody","WreathOfFlame","FlurryOfBlows"],"picked":"SKIP","floor":22.0},{"not_picked":["EmptyFist","SashWhip"],"picked":"WheelKick","floor":24.0},{"not_picked":["Protect","ClearTheMind"],"picked":"Weave+1","floor":25.0},{"not_picked":["TH:ElvenBoots"],"picked":"TH:ArmorSpikes","floor":26.0},{"not_picked":["TH:CursedSword"],"picked":"TH:TreasureMap","floor":27.0},{"not_picked":["FlurryOfBlows","EmptyMind"],"picked":"BattleHymn","floor":27.0},{"not_picked":["FlyingSleeves","Consecrate","Halt"],"picked":"SKIP","floor":29.0},{"not_picked":["TH:Mimic"],"picked":"TH:BikiniMail","floor":30.0},{"not_picked":["FollowUp+1","Judgement"],"picked":"BattleHymn","floor":30.0},{"not_picked":["WreathOfFlame","Consecrate"],"picked":"Protect","floor":31.0},{"not_picked":["TH:DeckOfManyThings"],"picked":"TH:ElvenBoots","floor":33.0},{"not_picked":["DeusExMachina","Brilliance"],"picked":"Ragnarok","floor":33.0},{"not_picked":["JustLucky","Consecrate+1","BowlingBash"],"picked":"SKIP","floor":35.0},{"not_picked":["Meditate","Halt+1","PathToVictory"],"picked":"SKIP","floor":39.0},{"not_picked":["TH:Mimic"],"picked":"TH:CopperCoins","floor":41.0},{"not_picked":["Evaluate+1","PathToVictory"],"picked":"Omniscience","floor":42.0},{"not_picked":["TH:CursedSword"],"picked":"TH:TreasureMap","floor":43.0},{"not_picked":["TH:CursedSword"],"picked":"TH:TreasureMap","floor":44.0},{"not_picked":["Evaluate+1","Prostrate+1"],"picked":"ReachHeaven","floor":44.0},{"not_picked":["Halt+1","Vengeance+1"],"picked":"SandsOfTime+1","floor":45.0},{"not_picked":["TH:EnergyPotion"],"picked":"TH:TreasureMap","floor":46},{"not_picked":["JustLucky+1","FlurryOfBlows+1"],"picked":"DeceiveReality+1","floor":46},{"not_picked":["FlyingSleeves","SignatureMove","Pray+1"],"picked":"SKIP","floor":47},{"not_picked":["TH:PixieDust"],"picked":"TH:Mimic","floor":48},{"not_picked":["Pray+1","JustLucky+1"],"picked":"Perseverance+1","floor":48}],"player_experience":1757696,"relics_obtained":[{"floor":9.0,"key":"Bottled Tornado"},{"floor":27.0,"key":"Lantern"},{"floor":30.0,"key":"Vajra"},{"floor":41.0,"key":"Bag of Marbles"},{"floor":43.0,"key":"Pen Nib"},{"floor":44.0,"key":"Toxic Egg 2"},{"floor":45.0,"key":"Peace Pipe"},{"floor":46,"key":"Ginger"},{"floor":48,"key":"MealTicket"}],"event_choices":[{"damage_healed":0.0,"max_hp_gain":0.0,"max_hp_loss":0.0,"gold_gain":0.0,"event_name":"FaceTrader","player_choice":"Trade","floor":3.0,"gold_loss":0.0,"damage_taken":0.0,"relics_obtained":["FaceOfCleric"]},{"damage_healed":0.0,"max_hp_gain":0.0,"max_hp_loss":0.0,"gold_gain":0.0,"event_name":"Dead Adventurer","player_choice":"Searched \u00271\u0027 times","floor":12.0,"gold_loss":0.0,"damage_taken":0.0,"relics_obtained":["MawBank"]},{"damage_healed":0.0,"max_hp_gain":0.0,"max_hp_loss":0.0,"gold_gain":0.0,"event_name":"Golden Idol","player_choice":"Take Damage","floor":14.0,"gold_loss":0.0,"damage_taken":18.0,"relics_obtained":["Golden Idol"]},{"damage_healed":0.0,"max_hp_gain":0.0,"max_hp_loss":0.0,"gold_gain":0.0,"event_name":"Ghosts","player_choice":"Ignored","floor":19.0,"gold_loss":0.0,"damage_taken":0.0},{"damage_healed":0.0,"max_hp_gain":0.0,"max_hp_loss":0.0,"gold_gain":0.0,"event_name":"Addict","player_choice":"Obtained Relic","floor":20.0,"gold_loss":85.0,"damage_taken":0.0,"relics_obtained":["Centennial Puzzle"]},{"damage_healed":0.0,"max_hp_gain":0.0,"max_hp_loss":0.0,"gold_gain":0.0,"cards_transformed":["Defend_P","Strike_P"],"event_name":"Designer","player_choice":"Transformed Cards","floor":28.0,"gold_loss":60.0,"damage_taken":0.0,"cards_obtained":["Nirvana","Wireheading"]},{"damage_healed":0.0,"max_hp_gain":0.0,"max_hp_loss":0.0,"gold_gain":0.0,"event_name":"Winding Halls","player_choice":"Embrace Madness","floor":36.0,"gold_loss":0.0,"damage_taken":11.0,"cards_obtained":["Madness","Madness"]},{"damage_healed":0.0,"max_hp_gain":0.0,"max_hp_loss":0.0,"gold_gain":0.0,"event_name":"Accursed Blacksmith","player_choice":"Rummage","floor":37.0,"gold_loss":0.0,"damage_taken":0.0,"relics_obtained":["WarpedTongs"],"cards_obtained":["Pain"]},{"damage_healed":0.0,"max_hp_gain":0.0,"max_hp_loss":0.0,"gold_gain":0.0,"event_name":"Mysterious Sphere","player_choice":"Fight","floor":45.0,"gold_loss":0.0,"damage_taken":0.0}],"is_beta":false,"boss_relics":[{"not_picked":["Velvet Choker","Sozu"],"picked":"Fusion Hammer"},{"not_picked":["Black Star","Astrolabe"],"picked":"VioletLotus"}],"items_purged_floors":[38],"is_endless":false,"potions_floor_spawned":[2,4,10,11,22,27,31,33,39,44,46],"ascension_level":14}}