{"host":"1637j8siz7lzgd5k","time":1608995972,"event":{"mods":["BaseMod","Colored Map","Minty Spire (QoL Compilation)","StSLib","SuperFastMode"],"gold_per_floor":[118,118,138,149,30,65,65,82,82,97,97,128,140,159,159,159,159],"floor_reached":16,"playtime":298,"items_purged":["Strike_R"],"score":228,"play_id":"cf304f05-17e0-4431-8679-77dea33c995a","local_time":"20201227001932","is_ascension_mode":true,"campfire_choices":[{"data":"Carnage","floor":7.0,"key":"SMITH"},{"floor":11.0,"key":"REST"},{"floor":15.0,"key":"REST"}],"circlet_count":0,"master_deck":["AscendersBane","Strike_R","Strike_R","Strike_R","Strike_R","Defend_R","Defend_R","Defend_R","Defend_R","Bash","Carnage+1","Battle Trance"],"relics":["Burning Blood","Ornamental Fan","Matryoshka","Blood Vial"],"acts_visited":["Exordium"],"potions_floor_usage":[16],"damage_taken":[{"damage":10.0,"enemies":"Small Slimes","floor":1.0,"turns":3.0},{"damage":6.0,"enemies":"Cultist","floor":3.0,"turns":3.0},{"damage":11.0,"enemies":"Jaw Worm","floor":4.0,"turns":4.0},{"damage":32.0,"enemies":"Gremlin Nob","floor":6.0,"turns":4.0},{"damage":12.0,"enemies":"Looter","floor":8.0,"turns":3.0},{"damage":24.0,"enemies":"Gremlin Gang","floor":10.0,"turns":5.0},{"damage":21.0,"enemies":"Lagavulin","floor":12.0,"turns":3.0},{"damage":8.0,"enemies":"Blue Slaver","floor":13.0,"turns":3.0},{"damage":10.0,"enemies":"Large Slime","floor":14.0,"turns":7.0},{"damage":63,"enemies":"Slime Boss","floor":16,"turns":6}],"seed_played":"-1546714813743176633","potions_obtained":[{"floor":2.0,"key":"LiquidBronze"},{"floor":2.0,"key":"AttackPotion"},{"floor":6.0,"key":"Dexterity Potion"},{"floor":8.0,"key":"SkillPotion"},{"floor":12.0,"key":"Ancient Potion"},{"floor":14.0,"key":"Fire Potion"}],"is_trial":false,"path_per_floor":["M","?","M","M","$","E","R","M","T","M","R","E","M","M","R","B"],"character_chosen":"IRONCLAD","items_purchased":["Carnage"],"campfire_rested":2,"item_purchase_floors":[5],"current_hp_per_floor":[71,71,71,66,66,40,40,34,34,16,40,25,25,23,47,0,0],"gold":159,"neow_bonus":"TEN_PERCENT_HP_BONUS","is_daily":false,"chose_seed":false,"campfire_upgraded":1,"win_rate":0.0,"timestamp":1608995972,"path_taken":["M","?","M","M","$","E","R","?","T","M","R","E","M","M","R","BOSS"],"items_purchased_type":["Card"],"build_version":"2020-12-22","purchased_purges":1,"victory":false,"max_hp_per_floor":[82,82,82,82,82,82,82,82,82,82,82,82,82,82,82,82,82],"card_choices":[{"not_picked":["Twin Strike","Clash","True Grit"],"picked":"SKIP","floor":1.0},{"not_picked":["Warcry","Twin Strike","Anger"],"picked":"SKIP","floor":3.0},{"not_picked":["Sword Boomerang","Twin Strike","Perfected Strike"],"picked":"SKIP","floor":4.0},{"not_picked":["Heavy Blade","Rupture","Dropkick"],"picked":"SKIP","floor":6.0},{"not_picked":["Sword Boomerang","Corruption","Rampage"],"picked":"SKIP","floor":8.0},{"not_picked":["Armaments","Clothesline"],"picked":"Battle Trance","floor":10.0},{"not_picked":["Cleave","Sentinel","Thunderclap"],"picked":"SKIP","floor":12.0},{"not_picked":["Warcry","Second Wind","Rupture"],"picked":"SKIP","floor":13.0},{"not_picked":["Warcry","Twin Strike","Barricade"],"picked":"SKIP","floor":14.0}],"player_experience":818985,"relics_obtained":[{"floor":6.0,"key":"Ornamental Fan"},{"floor":9.0,"key":"Matryoshka"},{"floor":12.0,"key":"Blood Vial"}],"event_choices":[{"damage_healed":0.0,"max_hp_gain":0.0,"max_hp_loss":0.0,"gold_gain":0.0,"event_name":"Lab","player_choice":"Got Potions","floor":2.0,"gold_loss":0.0,"damage_taken":0.0}],"is_beta":false,"boss_relics":[],"items_purged_floors":[5],"is_endless":false,"potions_floor_spawned":[6,8,12,14],"killed_by":"Slime Boss","ascension_level":20}}