{"host":"4lebci84u2l5u89t","time":1608996690,"event":{"mods":["AchievementEnabler","Aspiration","Bard","BaseMod","Beaked The Cultist","Better Altar","Better Match","Better Note","Better Sensory Stone","Better Skull","Better Third Choice","BetterRewards","CCEM","Colored Map","Conspire","GifTheSpireLib","Googly Eyes","Halation","Hermit","Highlight Path","Hubris","Jedi Mod","Jorbs\u0027s Wanderer Trilogy","Lobotomy","LobotomyExtend","Mad Scientist","Marisa????????","Mimic Mod","Minty Spire (QoL Compilation)","Permanent Neow","Replay The Spire","Shade Mod","Spicy Shops","StSLib","Stuff the Spire","The Administrix","The Mystic","Unceasing Turn Reminder"],"gold_per_floor":[118,118,135,145,145,174,174,204,227,227,247,247,257,286,286,385,385,385,403,427,427,427],"floor_reached":21,"playtime":1784,"items_purged":[],"score":297,"play_id":"59736b15-6a74-461f-bf01-5e85d87f20fc","local_time":"20201226163130","is_ascension_mode":false,"campfire_choices":[],"circlet_count":0,"master_deck":["SpecialBullet","SpecialBullet","SpecialBullet","SpecialBullet","SpecialBullet","SpecialBullet","SpecialBullet","SecurityCode","ControlCode","InformationCode","Regret_ego","Wellcheers","Harvest","Rudolta","Tough","Scarecrow","QueenBee","Moonlight","Beak","OSAHOGD","RedShoes","DaCapo+1","Noise+1","GalaxyChild","Regret_ego","LifeForTheDareDevil","WelfareCode","UniverseFragment","SomewhereSpear"],"relics":["CogitoBucket","LetterFromLob","hubris:Icosahedron","Boot","StuffTheSpire:DarkSteelAnvil","hubris:OldNail","LuminousBracelet","StuffTheSpire:Gunfinga","halation:SmartPhone","Gaze_r","aspiration:HiddenCompartment"],"acts_visited":["Exordium","TheCity"],"potions_floor_usage":[6,11,19,21,21,21],"damage_taken":[{"damage":12,"enemies":"conspire:RoseBush","floor":1,"turns":2},{"damage":6,"enemies":"Cultist","floor":3,"turns":3},{"damage":8,"enemies":"Small Slimes","floor":4,"turns":2},{"damage":0,"enemies":"Lagavulin","floor":6,"turns":2},{"damage":28,"enemies":"Gremlin Nob","floor":8,"turns":4},{"damage":18,"enemies":"3 Louse","floor":11,"turns":4},{"damage":6,"enemies":"Gremlin Gang","floor":13,"turns":3},{"damage":39,"enemies":"Lagavulin","floor":14,"turns":5},{"damage":2,"enemies":"Slime Boss","floor":16,"turns":3},{"damage":11,"enemies":"Spheric Guardian","floor":18,"turns":3},{"damage":0,"enemies":"Spheric Guardian","floor":19,"turns":3},{"damage":6,"enemies":"Shell Parasite","floor":21,"turns":1}],"seed_played":"-4797187452935177831","potions_obtained":[{"floor":2,"key":"jedi:StrikingPotion"},{"floor":2,"key":"Block Potion"},{"floor":2,"key":"Energy Potion"},{"floor":13,"key":"Dexterity Potion"},{"floor":16,"key":"PowerPotion"},{"floor":19,"key":"Dexterity Potion"}],"is_trial":false,"path_per_floor":["M","?","M","M","?","E","R","E","T","R","M","?","M","E","R","B",null,"M","M","T","M"],"character_chosen":"Angela","items_purchased":[],"campfire_rested":0,"item_purchase_floors":[],"current_hp_per_floor":[66,66,70,70,70,70,70,53,53,53,64,64,78,65,65,70,85,1,5,5,0,0],"gold":427,"neow_bonus":"THREE_CARDS","is_daily":false,"chose_seed":false,"campfire_upgraded":0,"win_rate":0.0,"timestamp":1608996690,"path_taken":["M","?","M","?","?","E","R","E","T","R","M","?","?","E","R","BOSS","M","M","?","M"],"items_purchased_type":[],"build_version":"2020-12-22","purchased_purges":0,"victory":false,"max_hp_per_floor":[70,70,70,70,70,70,70,70,70,70,85,85,85,85,85,85,85,1,5,5,5,5],"card_choices":[{"not_picked":["InTheNameOfLoveAndHate","Lantern"],"picked":"Regret_ego","floor":0},{"not_picked":["Alriune","VoidDream"],"picked":"Wellcheers","floor":1},{"not_picked":["Regret_ego"],"picked":"Harvest","floor":1},{"not_picked":["UniverseFragment","CrumblingArmor"],"picked":"Rudolta","floor":3},{"not_picked":["BlackSwan_ego"],"picked":"Tough","floor":3},{"not_picked":["BeautyBeast","FairyFestival"],"picked":"Scarecrow","floor":4},{"not_picked":["RapturousDream","TodaysExpression"],"picked":"SKIP","floor":4},{"not_picked":["RapturousDream","TodaysExpression"],"picked":"SKIP","floor":4},{"not_picked":["LittlePrince","Murderer"],"picked":"QueenBee","floor":6},{"not_picked":["Horn"],"picked":"Moonlight","floor":6},{"not_picked":["Regret_ego"],"picked":"Beak","floor":8},{"not_picked":["CrumblingArmor","HeroicMonk"],"picked":"OSAHOGD","floor":8},{"not_picked":["Murderer","VoidDream"],"picked":"RedShoes","floor":11},{"not_picked":["Galaxy","GreenStem"],"picked":"SKIP","floor":11},{"not_picked":["Adoration+1"],"picked":"DaCapo+1","floor":12},{"not_picked":["Loneliness+1"],"picked":"Noise+1","floor":12},{"not_picked":["FairyFestival","Murderer"],"picked":"GalaxyChild","floor":13},{"not_picked":["Loneliness"],"picked":"Regret_ego","floor":13},{"not_picked":["Galaxy"],"picked":"LifeForTheDareDevil","floor":14},{"not_picked":["BigBird","SingingMachine"],"picked":"UniverseFragment","floor":19},{"not_picked":["Diffraction"],"picked":"SomewhereSpear","floor":19}],"player_experience":236860,"relics_obtained":[{"floor":1,"key":"LetterFromLob"},{"floor":6,"key":"Boot"},{"floor":8,"key":"StuffTheSpire:DarkSteelAnvil"},{"floor":9,"key":"hubris:OldNail"},{"floor":14,"key":"StuffTheSpire:Gunfinga"},{"floor":20,"key":"aspiration:HiddenCompartment"}],"event_choices":[{"damage_healed":0,"gold_gain":0,"player_choice":"Got Potions","damage_taken":0,"max_hp_gain":0,"max_hp_loss":0,"event_name":"Lab","floor":2,"gold_loss":0},{"damage_healed":0,"gold_gain":0,"player_choice":"2","damage_taken":0,"max_hp_gain":0,"max_hp_loss":0,"event_name":"betterMatch:BetterMatch","floor":12,"gold_loss":0,"cards_obtained":["betterMatch:RareCard","betterMatch:CommonCard"]}],"is_beta":false,"boss_relics":[{"not_picked":["Snecko Eye","aspiration:RunicSpoon"],"picked":"halation:SmartPhone"}],"items_purged_floors":[],"is_endless":false,"potions_floor_spawned":[4,13,16,18,19],"killed_by":"Shell Parasite","ascension_level":0}}