{"host":"aaqofma31c3gm2hj","time":1608973136,"event":{"mods":["BaseMod","Minty Spire (QoL Compilation)","Replay The Spire","Spicy Shops","StSLib"],"gold_per_floor":[113,38,58,58,208,208,233,158,181,181,181,194,263,280,280,356,356,366,366,182,197,212,212,162,162,162,172,190,190,190,200,200,273,273,283,283,283,300,86,86,105,105,156,173,202,222,7,36,36,36,36,36,36,36,65,65,65],"floor_reached":56,"playtime":1676,"items_purged":["Strike_G","Overencumbered","Writhe","Concentrate+1","Neutralize"],"score":1785,"play_id":"e001c355-7315-48c4-9d0b-826f85b205fd","local_time":"20201226165856","is_ascension_mode":true,"campfire_choices":[{"data":"Doubt","floor":6.0,"key":"PURGE"},{"data":"Blade Dance","floor":10.0,"key":"SMITH"},{"data":"A Thousand Cuts","floor":15.0,"key":"SMITH"},{"data":"Blade Dance","floor":23.0,"key":"SMITH"},{"data":"Concentrate","floor":29.0,"key":"SMITH"},{"data":"ReplayTheSpireMod:Shiv Toss","floor":32.0,"key":"PURGE"},{"data":"Accuracy","floor":40.0,"key":"SMITH"},{"data":"Deflect","floor":42.0,"key":"SMITH"},{"floor":49,"key":"RECALL"},{"data":"Calculated Gamble","floor":53,"key":"SMITH"}],"circlet_count":0,"master_deck":["AscendersBane","Blade Dance+1","A Thousand Cuts+1","Calculated Gamble+1","ReplayTheSpireMod:The Works+1","Acrobatics+1","Blade Dance+1","Deflect+1","Adrenaline","Accuracy+1","Terror"],"relics":["Ring of the Snake","Peace Pipe","Mercury Hourglass","Smiling Mask","ReplayTheSpireMod:Ninjato","Kintsugi","Nloth\u0027s Gift","Ninja Scroll","Chameleon Ring","Empty Cage","TheAbacus","Lantern","Medical Kit","ReplayFunnel","Ice Cream"],"acts_visited":["Exordium","TheCity","TheBeyond","TheEnding"],"potions_floor_usage":[48,56,56],"damage_taken":[{"damage":0.0,"enemies":"Jaw Worm","floor":1.0,"turns":1.0},{"damage":0.0,"enemies":"2 Louse","floor":3.0,"turns":1.0},{"damage":0.0,"enemies":"3 Sentries","floor":7.0,"turns":1.0},{"damage":1.0,"enemies":"Small Slimes","floor":12.0,"turns":3.0},{"damage":0.0,"enemies":"Red Slaver","floor":14.0,"turns":2.0},{"damage":9.0,"enemies":"Hexaghost","floor":16.0,"turns":8.0},{"damage":6.0,"enemies":"Spheric Guardian","floor":18.0,"turns":3.0},{"damage":0.0,"enemies":"3 Byrds","floor":21.0,"turns":2.0},{"damage":22.0,"enemies":"Snecko","floor":22.0,"turns":4.0},{"damage":0.0,"enemies":"Cultist and Chosen","floor":27.0,"turns":1.0},{"damage":0.0,"enemies":"Centurion and Healer","floor":28.0,"turns":1.0},{"damage":0.0,"enemies":"Sentry and Sphere","floor":31.0,"turns":1.0},{"damage":0.0,"enemies":"Champ","floor":33.0,"turns":1.0},{"damage":0.0,"enemies":"3 Darklings","floor":35.0,"turns":1.0},{"damage":0.0,"enemies":"Orb Walker","floor":38.0,"turns":1.0},{"damage":0.0,"enemies":"Maw","floor":41.0,"turns":1.0},{"damage":0.0,"enemies":"Spire Growth","floor":44.0,"turns":1.0},{"damage":0.0,"enemies":"Giant Head","floor":45.0,"turns":1.0},{"damage":0.0,"enemies":"4 Shapes","floor":46.0,"turns":1.0},{"damage":12,"enemies":"R_Hoarder","floor":48,"turns":4},{"damage":0,"enemies":"Awakened One","floor":50,"turns":2},{"damage":0,"enemies":"Replay:Hell Engine","floor":51,"turns":2},{"damage":0,"enemies":"Shield and Spear","floor":55,"turns":1},{"damage":53,"enemies":"The Heart","floor":56,"turns":3}],"seed_played":"1288902558223139497","potions_obtained":[{"floor":7.0,"key":"Block Potion"},{"floor":14.0,"key":"Fire Potion"},{"floor":21.0,"key":"PowerPotion"},{"floor":22.0,"key":"Milkshake"},{"floor":55,"key":"Block Potion"}],"is_trial":false,"path_per_floor":["M","?","M","?","?","R","E","$","T","R","?","M","T","M","R","B",null,"M","?","$","M","M","R","$","?","T","M","M","R","T","M","R","B",null,"M","?","?","M","$","R","M","R","T","M","E","M","$","E","R","B","B",null,"R","$","E","B"],"character_chosen":"THE_SILENT","items_purchased":["ReplayTheSpireMod:Shiv Toss","Acrobatics","TheAbacus","Medical Kit"],"campfire_rested":0,"item_purchase_floors":[20,20,39,47],"current_hp_per_floor":[59,59,59,54,54,54,54,54,54,54,47,46,46,46,46,37,59,53,53,53,53,31,31,31,31,31,31,31,31,31,31,31,31,57,57,57,57,57,57,57,57,57,57,57,57,57,57,45,45,45,45,61,61,61,61,8,8],"gold":65,"neow_bonus":"THREE_ENEMY_KILL","is_daily":false,"chose_seed":false,"campfire_upgraded":7,"win_rate":0.0,"timestamp":1608973136,"path_taken":["M","?","M","?","?","R","E","$","T","R","?","M","?","?","R","BOSS","M","?","$","M","?","R","$","?","T","?","?","R","?","M","R","BOSS","M","?","?","?","$","R","M","R","T","M","E","?","$","E","R","BOSS","BOSS","R","$","E","BOSS"],"items_purchased_type":["Card","Card","Relic","Relic"],"build_version":"2020-12-22","purchased_purges":5,"victory":false,"max_hp_per_floor":[66,66,66,66,66,66,66,66,66,66,66,66,66,66,66,66,66,66,66,66,66,66,66,66,66,66,66,66,66,66,66,66,66,66,66,66,66,66,66,66,66,66,66,66,66,66,66,66,66,66,66,66,66,66,66,66,66],"card_choices":[{"not_picked":["Cloak And Dagger","Crippling Poison"],"picked":"Blade Dance","floor":1.0},{"not_picked":["Slice","Replay:Poison Smokescreen"],"picked":"Concentrate","floor":3.0},{"not_picked":["Poisoned Stab","Catalyst","Dodge and Roll"],"picked":"SKIP","floor":7.0},{"not_picked":["Dagger Throw","All Out Attack"],"picked":"A Thousand Cuts","floor":12.0},{"not_picked":["Deadly Poison","Dodge and Roll"],"picked":"Calculated Gamble","floor":14.0},{"not_picked":["Deadly Poison","Crippling Poison"],"picked":"ReplayTheSpireMod:The Works+1","floor":18.0},{"not_picked":["Riddle With Holes","Draining Mist"],"picked":"Blade Dance","floor":21.0},{"not_picked":["Dodge and Roll+1","PiercingWail","Night Terror"],"picked":"SKIP","floor":22.0},{"not_picked":["Poisoned Stab","Cloak And Dagger","Deflect"],"picked":"SKIP","floor":27.0},{"not_picked":["Poisoned Stab","Cloak And Dagger"],"picked":"Deflect","floor":27.0},{"not_picked":["Bane","Burst","Poisoned Stab"],"picked":"SKIP","floor":28.0},{"not_picked":["Dagger Spray","Bane","Deflect"],"picked":"SKIP","floor":31.0},{"not_picked":["Poison Darts","Venomology"],"picked":"Adrenaline","floor":33.0},{"not_picked":["Quick Slash","Dash","Backflip"],"picked":"SKIP","floor":35.0},{"not_picked":["Slice","Eviscerate"],"picked":"Accuracy","floor":38.0},{"not_picked":["Cloak And Dagger","PiercingWail","Heel Hook+1"],"picked":"SKIP","floor":41.0},{"not_picked":["Phantasmal Killer","Concentrate","Quick Slash"],"picked":"SKIP","floor":44.0},{"not_picked":["ReplayTheSpireMod:Exploit Weakness+1","Sneak Up","Accuracy"],"picked":"SKIP","floor":45.0},{"not_picked":["Noxious Fumes","Dodge and Roll","Choke"],"picked":"SKIP","floor":46.0},{"not_picked":["Tactician+1","Bane","Riddle With Holes+1"],"picked":"SKIP","floor":48},{"not_picked":["Blade Dance","ReplayTheSpireMod:Tripwire"],"picked":"Terror","floor":55}],"player_experience":536039,"relics_obtained":[{"floor":7.0,"key":"Mercury Hourglass"},{"floor":9.0,"key":"Smiling Mask"},{"floor":13.0,"key":"ReplayTheSpireMod:Ninjato"},{"floor":26.0,"key":"Ninja Scroll"},{"floor":30.0,"key":"Chameleon Ring"},{"floor":45.0,"key":"Lantern"},{"floor":48,"key":"ReplayFunnel"},{"floor":55,"key":"Ice Cream"}],"event_choices":[{"cards_removed":["Strike_G"],"damage_healed":0.0,"max_hp_gain":0.0,"max_hp_loss":0.0,"gold_gain":0.0,"event_name":"The Cleric","player_choice":"Card Removal","floor":2.0,"gold_loss":75.0,"damage_taken":0.0},{"damage_healed":0.0,"max_hp_gain":0.0,"max_hp_loss":0.0,"gold_gain":0.0,"event_name":"Scrap Ooze","player_choice":"Success","floor":4.0,"gold_loss":0.0,"damage_taken":5.0,"relics_obtained":["Peace Pipe"]},{"damage_healed":0.0,"max_hp_gain":0.0,"max_hp_loss":0.0,"gold_gain":150.0,"event_name":"Liars Game","player_choice":"AGREE","floor":5.0,"gold_loss":0.0,"damage_taken":0.0,"cards_obtained":["Doubt"]},{"cards_removed":["Strike_G"],"damage_healed":0.0,"max_hp_gain":0.0,"max_hp_loss":0.0,"gold_gain":0.0,"event_name":"Golden Wing","player_choice":"Card Removal","floor":11.0,"gold_loss":0.0,"damage_taken":7.0},{"damage_healed":0.0,"max_hp_gain":0.0,"max_hp_loss":0.0,"gold_gain":0.0,"event_name":"N\u0027loth","player_choice":"Traded Relic","floor":19.0,"relics_lost":["NeowsBlessing"],"gold_loss":0.0,"damage_taken":0.0,"relics_obtained":["Nloth\u0027s Gift"]},{"cards_removed":["Defend_G"],"damage_healed":0.0,"max_hp_gain":0.0,"max_hp_loss":0.0,"gold_gain":0.0,"event_name":"Purifier","player_choice":"Purged","floor":25.0,"gold_loss":0.0,"damage_taken":0.0},{"damage_healed":0.0,"max_hp_gain":0.0,"max_hp_loss":0.0,"gold_gain":0.0,"event_name":"Tomb of Lord Red Mask","player_choice":"Ignored","floor":36.0,"gold_loss":0.0,"damage_taken":0.0},{"damage_healed":0.0,"max_hp_gain":0.0,"max_hp_loss":0.0,"gold_gain":0.0,"event_name":"Accursed Blacksmith","player_choice":"Forge","floor":37.0,"gold_loss":0.0,"damage_taken":0.0,"cards_upgraded":["Acrobatics"]}],"is_beta":false,"boss_relics":[{"not_picked":["HoveringKite","Fusion Hammer"],"picked":"Kintsugi"},{"not_picked":["Sozu","Replay:Grab Bag"],"picked":"Empty Cage"}],"items_purged_floors":[8,20,24,39,47],"is_endless":false,"potions_floor_spawned":[7,14,21,22,33,35,41,44,55],"killed_by":"The Heart","ascension_level":20}}