{"host":"so437kwitdq4epbi","time":1608958443,"event":{"mods":["AchievementEnabler","BaseMod","Decade(王小明)","Friendly Minions","Gremlin Mod","KinomotoSakuraMod(木之本樱)","Koishi","KomeijiMod","Lobotomy","LobotomyExtend","Marisa（F雨　魔理沙）","Minty Spire (QoL Compilation)","Quick Restart","READ ME - Snecko Mod","Replay The Spire","StSLib","The Alterego","The Bladedancer","The Bug Knight","The Construct","The Hierophant","The Mystic","The Poker Player","The Runesmith","Yuyuko","[IsaacMod]以撒尖塔","vexMod"],"gold_per_floor":[120,120,140,153,164,190,190,190,238,238,252,252,287,300,300,395,395,405,405,405],"floor_reached":19,"playtime":1441,"items_purged":[],"score":179,"play_id":"e6ba89a5-8e73-42b9-9da2-562ab616b588","local_time":"20201226125403","is_ascension_mode":false,"campfire_choices":[{"floor":15,"key":"REST"}],"circlet_count":0,"master_deck":["SpecialBullet","SpecialBullet","SpecialBullet","SpecialBullet","SpecialBullet","SpecialBullet","SpecialBullet","SpecialBullet","InformationCode","SecurityCode","ExtractionCode","Galaxy+1","Hornet+1","FairyFestival","ShedSkin","GreenStem","Heaven","CENSORED_ego","Bomb","WristCuter","Scorched","Spore","DisciplinaryCode","SingingMachine","Ecstasy","Wingbeat","FeatherOfHonor","Justitia","Spore"],"relics":["CogitoBucket","HushsDoor","YumHeart","NeowsBlessing","RabbitCall","LetterFromLob","GnawedLeaf","ThirstyCross","vexMod:FocusSash","Replay:Bottled Steam","SacredBark"],"acts_visited":["Exordium","TheCity"],"potions_floor_usage":[16,19],"damage_taken":[{"damage":0,"enemies":"Small Slimes","floor":1,"turns":1},{"damage":0,"enemies":"2 Louse","floor":3,"turns":2},{"damage":0,"enemies":"Jaw Worm","floor":4,"turns":1},{"damage":24,"enemies":"Large Slime","floor":5,"turns":5},{"damage":16,"enemies":"Lagavulin","floor":6,"turns":10},{"damage":33,"enemies":"3 Louse","floor":11,"turns":4},{"damage":30,"enemies":"Gremlin Nob","floor":13,"turns":2},{"damage":0,"enemies":"Exordium Wildlife","floor":14,"turns":1},{"damage":31,"enemies":"Slime Boss","floor":16,"turns":6},{"damage":14,"enemies":"2 Thieves","floor":18,"turns":3},{"damage":66,"enemies":"Spheric Guardian","floor":19,"turns":3}],"seed_played":"7217599985550806744","potions_obtained":[{"floor":1,"key":"Explosive Potion"},{"floor":14,"key":"Block Potion"}],"is_trial":false,"path_per_floor":["M","?","M","M","M","E","R","?","T","R","M","?","E","M","R","B",null,"M","M"],"character_chosen":"Angela","items_purchased":[],"campfire_rested":1,"item_purchase_floors":[],"current_hp_per_floor":[70,56,64,70,54,46,46,46,46,46,21,21,24,32,53,30,70,64,0,0],"gold":405,"neow_bonus":"THREE_ENEMY_KILL","is_daily":false,"chose_seed":false,"campfire_upgraded":0,"win_rate":0.0,"timestamp":1608958443,"path_taken":["M","?","M","M","M","E","R","?","T","R","M","?","E","?","R","BOSS","M","M"],"items_purchased_type":[],"build_version":"2020-12-22","purchased_purges":0,"victory":false,"max_hp_per_floor":[70,70,70,70,70,70,70,70,70,70,70,70,70,70,70,70,70,70,70,70],"card_choices":[{"not_picked":[],"picked":"Bomb","floor":0},{"not_picked":["MagicBullet"],"picked":"Galaxy","floor":1},{"not_picked":["Regret_ego"],"picked":"Hornet","floor":3},{"not_picked":["SpiderBud","LittlePrince"],"picked":"FairyFestival","floor":3},{"not_picked":["CUTE"],"picked":"ShedSkin","floor":3},{"not_picked":["Hypocrisy"],"picked":"GreenStem","floor":4},{"not_picked":["ScreamingWedge"],"picked":"Heaven","floor":4},{"not_picked":["CrimsonScar"],"picked":"CENSORED_ego","floor":5},{"not_picked":["Loneliness"],"picked":"Bomb","floor":5},{"not_picked":["GreenStem"],"picked":"WristCuter","floor":6},{"not_picked":["Mercenary","Bloodbath"],"picked":"Scorched","floor":6},{"not_picked":["Regret_ego"],"picked":"Spore","floor":6},{"not_picked":["BeautyBeast","ShyLook"],"picked":"SingingMachine","floor":11},{"not_picked":["Lantern"],"picked":"Ecstasy","floor":11},{"not_picked":["Loneliness","GreenStem"],"picked":"SKIP","floor":11},{"not_picked":["Discord"],"picked":"Wingbeat","floor":13},{"not_picked":["Beak"],"picked":"FeatherOfHonor","floor":14},{"not_picked":["DaCapo"],"picked":"Justitia","floor":16},{"not_picked":["Wingbeat"],"picked":"Spore","floor":18},{"not_picked":["Discord","TodaysExpression"],"picked":"SKIP","floor":18}],"player_experience":134606,"relics_obtained":[{"floor":1,"key":"LetterFromLob"},{"floor":6,"key":"GnawedLeaf"},{"floor":9,"key":"vexMod:FocusSash"},{"floor":13,"key":"Replay:Bottled Steam"}],"event_choices":[{"damage_healed":0,"gold_gain":0,"player_choice":"Entered Light","damage_taken":14,"max_hp_gain":0,"max_hp_loss":0,"event_name":"Shining Light","floor":2,"gold_loss":0,"cards_upgraded":["Galaxy"]},{"damage_healed":0,"gold_gain":0,"player_choice":"Grow","damage_taken":0,"max_hp_gain":0,"max_hp_loss":0,"event_name":"Living Wall","floor":12,"gold_loss":0,"cards_upgraded":["Hornet"]}],"is_beta":false,"boss_relics":[{"not_picked":["ChewingGum","ChampionBelt"],"picked":"SacredBark"},{"not_picked":[]}],"items_purged_floors":[],"is_endless":false,"potions_floor_spawned":[1,14],"killed_by":"Spheric Guardian","ascension_level":0}}