{"host":"cv77zuuuekizn3ic","time":1608963342,"event":{"mods":["AchievementEnabler","BaseMod","Infinite Spire","Minty Spire (QoL Compilation)","StSLib","Waifu the Spire","everything is the same but u backflip on backflip","slay the spire mod where everything is the same but ironclad has a cowboy hat"],"gold_per_floor":[114,131,17,0,13,13,47,47,47,93,93,93,93,127,127,201,201,215,215,45,55,55,55,83,83,83,112,137,151,191,211,211,292,292,305,305,32,51,60,88,100,117,117,151,205,55,71,71,71,150,150,157,157,159,159,159,168,174,174,174,187,180,180,196,21,21,74,74,77,77,86,97,97,107,112,112,112,104,104,118,33,42,42,96,96,98,98,107,109,109,117,117,146,172,176,214,214,198,189,189,231,281,289,296,310,310,387,387,381,397,443,453,461,461,466,472,472,547,547,560,610,612,619,414,414,400,400,400,290,290,319,321,334,334,394,394,392,394,394,412,418,443,450,476,488,512,524,540,556,569,581,650,662,674,686,714,752],"floor_reached":158,"playtime":7355,"items_purged":["Defend_P","Strike_P","Strike_P","Defend_P","ForeignInfluence+1","Brilliance+1","Evaluate+1","Vigilance+1","Wallop","Adaptation+1"],"score":7982,"play_id":"9bb58fd4-2867-4587-b400-1c1b325f80c7","local_time":"20201226141542","is_ascension_mode":true,"campfire_choices":[{"data":"Apotheosis","floor":6.0,"key":"SMITH"},{"data":"Eruption","floor":11.0,"key":"SMITH"},{"data":"EmptyMind","floor":13.0,"key":"SMITH"},{"data":"CutThroughFate","floor":15.0,"key":"SMITH"},{"data":"Adaptation","floor":23.0,"key":"SMITH"},{"data":"MasterReality","floor":25.0,"key":"SMITH"},{"data":"TalkToTheHand","floor":32.0,"key":"SMITH"},{"data":"Scrawl","floor":49.0,"key":"SMITH"},{"data":"1","floor":59.0,"key":"LIFT"},{"data":"2","floor":63.0,"key":"LIFT"},{"data":"3","floor":66.0,"key":"LIFT"},{"data":"RitualDagger","floor":79.0,"key":"SMITH"},{"data":"MentalFortress","floor":83.0,"key":"SMITH"},{"floor":92.0,"key":"RECALL"},{"data":"Apotheosis+1","floor":97.0,"key":"PURGE"},{"data":"MasterReality+1","floor":100.0,"key":"PURGE"},{"data":"infinitespire:Execution","floor":108.0,"key":"PURGE"},{"data":"Study+1","floor":114.0,"key":"PURGE"},{"data":"Scrawl+1","floor":117.0,"key":"PURGE"},{"data":"Vault","floor":125.0,"key":"SMITH"},{"floor":130,"key":"REST"},{"floor":134,"key":"REST"},{"floor":151,"key":"REST"},{"floor":154,"key":"REST"}],"circlet_count":0,"master_deck":["AscendersBane","EmptyMind+1","FearNoEvil+1","Scrawl+1","Tantrum+1","Adaptation+1","MentalFortress+1","TalkToTheHand+1","InnerPeace+1","MentalFortress+1","Adaptation+1","RitualDagger+1","Vault+1","infinitespire:Gouge","MentalFortress+1"],"relics":["Ring of the Snake","infinitespire:Cubic Diamond","Oddly Smooth Stone","HornCleat","Astrolabe","Nloth\u0027s Gift","InkBottle","CeramicFish","Sundial","infinitespire:Lucky Rock","Nunchaku","SlaversCollar","OrangePellets","Lantern","Frozen Egg 2","Girya","infinitespire:Beetle Shell","Pocketwatch","Runic Pyramid","Singing Bowl","infinitespire:Midas Blood","Shuriken","War Paint","Akabeko","infinitespire:Cupcake","VioletLotus","Gambling Chip","infinitespire:BottledMercury","Pear","PreservedInsect","Incense Burner","Dream Catcher","Bag of Preparation","Yang","Strawberry","infinitespire:Eraser","Peace Pipe","Tiny House","The Courier","Pen Nib","Calipers","Ancient Tea Set","Thread and Needle","Juzu Bracelet","MawBank","Bird Faced Urn","infinitespire:ShieldingShard"],"acts_visited":["Exordium","TheCity","TheBeyond","Exordium","TheCity","TheBeyond","Exordium","TheCity","TheBeyond","TheEnding"],"potions_floor_usage":[],"damage_taken":[{"damage":4.0,"enemies":"Cultist","floor":1.0,"turns":3.0},{"damage":0.0,"enemies":"Jaw Worm","floor":2.0,"turns":3.0},{"damage":0.0,"enemies":"Small Slimes","floor":5.0,"turns":4.0},{"damage":20.0,"enemies":"3 Sentries","floor":7.0,"turns":4.0},{"damage":0.0,"enemies":"Lagavulin","floor":14.0,"turns":4.0},{"damage":0.0,"enemies":"Slime Boss","floor":16.0,"turns":4.0},{"damage":0.0,"enemies":"Chosen","floor":18.0,"turns":1.0},{"damage":0.0,"enemies":"Shell Parasite","floor":21.0,"turns":4.0},{"damage":0.0,"enemies":"Nightmare","floor":24.0,"turns":7.0},{"damage":0.0,"enemies":"Gremlin Leader","floor":27.0,"turns":2.0},{"damage":0.0,"enemies":"3 Cultists","floor":28.0,"turns":2.0},{"damage":0.0,"enemies":"Snecko","floor":29.0,"turns":3.0},{"damage":0.0,"enemies":"Book of Stabbing","floor":30.0,"turns":3.0},{"damage":0.0,"enemies":"Shelled Parasite and Fungi","floor":31.0,"turns":3.0},{"damage":0.0,"enemies":"Collector","floor":33.0,"turns":2.0},{"damage":16.0,"enemies":"3 Shapes","floor":35.0,"turns":3.0},{"damage":1.0,"enemies":"3 Darklings","floor":38.0,"turns":2.0},{"damage":0.0,"enemies":"Nightmare","floor":40.0,"turns":1.0},{"damage":0.0,"enemies":"Transient","floor":41.0,"turns":2.0},{"damage":0.0,"enemies":"Maw","floor":42.0,"turns":3.0},{"damage":0.0,"enemies":"Nemesis","floor":44.0,"turns":3.0},{"damage":0.0,"enemies":"2 Orb Walkers","floor":45.0,"turns":3.0},{"damage":0.0,"enemies":"Sphere and 2 Shapes","floor":47.0,"turns":3.0},{"damage":29.0,"enemies":"Time Eater","floor":50.0,"turns":7.0},{"damage":0.0,"enemies":"Small Slimes","floor":52.0,"turns":2.0},{"damage":0.0,"enemies":"Jaw Worm","floor":54.0,"turns":1.0},{"damage":0.0,"enemies":"2 Louse","floor":56.0,"turns":1.0},{"damage":0.0,"enemies":"3 Sentries","floor":57.0,"turns":1.0},{"damage":0.0,"enemies":"Looter","floor":58.0,"turns":2.0},{"damage":0.0,"enemies":"2 Fungi Beasts","floor":61.0,"turns":1.0},{"damage":0.0,"enemies":"Nightmare","floor":62.0,"turns":1.0},{"damage":0.0,"enemies":"Lagavulin","floor":64.0,"turns":1.0},{"damage":2.0,"enemies":"Slime Boss","floor":67.0,"turns":1.0},{"damage":0.0,"enemies":"2 Thieves","floor":69.0,"turns":1.0},{"damage":0.0,"enemies":"Chosen","floor":74.0,"turns":1.0},{"damage":0.0,"enemies":"Gremlin Leader","floor":75.0,"turns":1.0},{"damage":0.0,"enemies":"Centurion and Healer","floor":78.0,"turns":2.0},{"damage":0.0,"enemies":"Slavers","floor":80.0,"turns":1.0},{"damage":0.0,"enemies":"Gremlin Leader","floor":82.0,"turns":1.0},{"damage":0.0,"enemies":"Champ","floor":84.0,"turns":1.0},{"damage":0.0,"enemies":"3 Darklings","floor":86.0,"turns":1.0},{"damage":0.0,"enemies":"Orb Walker","floor":88.0,"turns":1.0},{"damage":0.0,"enemies":"Nemesis","floor":91.0,"turns":1.0},{"damage":0.0,"enemies":"Reptomancer","floor":93.0,"turns":1.0},{"damage":0.0,"enemies":"Giant Head","floor":95.0,"turns":2.0},{"damage":0.0,"enemies":"infinitespire:Three Voidlings","floor":96.0,"turns":1.0},{"damage":74.0,"enemies":"Nightmare_Alpha","floor":96.0,"turns":5.0},{"damage":0.0,"enemies":"Transient","floor":98.0,"turns":1.0},{"damage":0.0,"enemies":"Writhing Mass","floor":99.0,"turns":1.0},{"damage":0.0,"enemies":"Donu and Deca","floor":101.0,"turns":1.0},{"damage":0.0,"enemies":"Cultist","floor":103.0,"turns":1.0},{"damage":0.0,"enemies":"Small Slimes","floor":104.0,"turns":1.0},{"damage":0.0,"enemies":"Jaw Worm","floor":105.0,"turns":1.0},{"damage":2.0,"enemies":"Nightmare_Alpha","floor":109.0,"turns":5.0},{"damage":0.0,"enemies":"Blue Slaver","floor":110.0,"turns":1.0},{"damage":0.0,"enemies":"3 Sentries","floor":112.0,"turns":2.0},{"damage":0.0,"enemies":"Exordium Thugs","floor":113.0,"turns":1.0},{"damage":0.0,"enemies":"2 Fungi Beasts","floor":115.0,"turns":1.0},{"damage":0.0,"enemies":"3 Louse","floor":116.0,"turns":1.0},{"damage":0.0,"enemies":"Slime Boss","floor":118.0,"turns":1.0},{"damage":0.0,"enemies":"Shell Parasite","floor":120.0,"turns":1.0},{"damage":0.0,"enemies":"2 Thieves","floor":122.0,"turns":1.0},{"damage":0.0,"enemies":"Centurion and Healer","floor":123.0,"turns":1.0},{"damage":25,"enemies":"Nightmare_Alpha","floor":126,"turns":6},{"damage":0,"enemies":"Gremlin Leader","floor":131,"turns":1},{"damage":0,"enemies":"3 Cultists","floor":132,"turns":1},{"damage":0,"enemies":"Snecko","floor":133,"turns":1},{"damage":0,"enemies":"Automaton","floor":135,"turns":2},{"damage":0,"enemies":"3 Darklings","floor":137,"turns":1},{"damage":0,"enemies":"Orb Walker","floor":141,"turns":1},{"damage":0,"enemies":"Nemesis","floor":142,"turns":1},{"damage":0,"enemies":"Spire Growth","floor":143,"turns":1},{"damage":0,"enemies":"Nightmare","floor":144,"turns":1},{"damage":0,"enemies":"Jaw Worm Horde","floor":146,"turns":1},{"damage":0,"enemies":"Sphere and 2 Shapes","floor":148,"turns":2},{"damage":0,"enemies":"3 Darklings","floor":149,"turns":2},{"damage":0,"enemies":"Jaw Worm Horde","floor":150,"turns":2},{"damage":0,"enemies":"infinitespire:LordOfFortification","floor":152,"turns":2},{"damage":0,"enemies":"Shield and Spear","floor":156,"turns":1},{"damage":0,"enemies":"The Heart","floor":157,"turns":7}],"seed_played":"-4427743286054639265","potions_obtained":[{"floor":1.0,"key":"Dexterity Potion"},{"floor":7.0,"key":"SneckoOil"},{"floor":21.0,"key":"Block Potion"},{"floor":38.0,"key":"DistilledChaos"},{"floor":44.0,"key":"DistilledChaos"},{"floor":47.0,"key":"Fire Potion"},{"floor":54.0,"key":"Ambrosia"},{"floor":61.0,"key":"DistilledChaos"},{"floor":122.0,"key":"PowerPotion"}],"is_trial":false,"path_per_floor":["M","M","$","?","M","R","E","?","T","T","R","?","R","E","R","B",null,"M","?","$","M","AVR","R","NM","R","T","E","M","M","E","M","R","B",null,"M","?","$","M","AVR","NM","M","M","T","E","?","$","M","$","R","B",null,"M","?","M","?","M","E","M","R","T","M","NM","R","E","$","R","B",null,"M","?","AVR","?","$","M","E","$","T","M","R","E","?","E","R","B",null,"M","AVR","M","?","?","E","R","E","T","E","?","R","M","M","R","B",null,"M","M","M","?","?","R","NM","M","T","E","M","R","M","M","R","B",null,"M","?","M","M","$","R","NM","?","T","?","R","E","M","M","R","B",null,"M","?","?","AVR","M","E","M","NM","T","M","$","M","M","M","R","B",null,"R","$","E","B",null],"character_chosen":"WATCHER","items_purchased":["EmptyMind","Adaptation","OrangePellets","Adaptation+1"],"campfire_rested":4,"item_purchase_floors":[3,20,37,124],"current_hp_per_floor":[39,39,39,39,39,39,19,19,19,19,19,19,19,19,19,19,56,56,56,56,56,56,56,56,56,56,56,56,56,56,56,56,56,65,49,49,49,48,48,48,48,48,48,48,48,48,48,48,48,19,56,56,56,58,63,65,67,69,69,69,69,69,69,69,69,69,69,82,84,84,84,78,78,80,82,82,92,94,94,96,96,98,98,100,107,109,109,111,107,107,109,109,109,116,118,46,46,48,50,50,52,124,126,128,130,130,119,119,121,123,123,125,127,127,129,131,131,133,159,161,161,163,165,165,165,142,142,142,142,177,179,181,183,185,187,187,189,185,185,185,187,189,191,195,195,203,203,207,209,211,213,215,215,217,217,219,221],"gold":764,"neow_bonus":"RANDOM_COLORLESS_2","is_daily":false,"chose_seed":false,"campfire_upgraded":11,"win_rate":0.0,"timestamp":1608963342,"path_taken":["M","M","$","?","M","R","E","?","T","?","R","?","R","E","R","BOSS","M","?","$","M","AVR","R","NM","R","T","E","?","M","E","M","R","BOSS","M","?","$","M","AVR","NM","?","?","T","E","?","$","M","?","R","BOSS","M","?","?","?","M","E","M","R","T","M","NM","R","E","?","R","BOSS","M","?","AVR","?","$","M","E","?","T","?","R","E","?","E","R","BOSS","M","AVR","M","?","?","E","R","E","T","E","?","R","?","M","R","BOSS","M","?","?","?","?","R","NM","M","T","E","M","R","M","M","R","BOSS","M","?","M","M","$","R","NM","?","T","?","R","E","M","?","R","BOSS","M","?","?","AVR","?","E","M","NM","T","M","?","M","M","M","R","BOSS","R","$","E","BOSS"],"items_purchased_type":["Card","Card","Relic","Card"],"build_version":"2020-12-22","purchased_purges":10,"victory":true,"max_hp_per_floor":[68,68,68,68,68,68,68,68,68,68,68,68,68,68,68,68,68,68,68,68,68,68,68,68,68,68,68,68,68,68,68,68,68,68,68,68,68,68,68,68,68,68,68,68,68,68,68,68,68,68,68,68,68,70,75,77,79,81,81,81,81,81,81,81,81,81,83,85,87,87,87,87,87,89,91,91,101,103,103,105,105,107,107,109,109,111,111,113,119,119,121,121,121,128,130,132,132,134,136,136,138,145,147,149,151,151,151,151,155,157,157,159,161,161,163,165,165,167,167,169,169,171,173,173,173,175,175,175,175,177,179,181,183,185,187,187,189,195,195,195,197,199,201,205,205,205,205,207,209,211,213,215,215,217,217,219,221],"card_choices":[{"not_picked":["Sadistic Nature","Thinking Ahead"],"picked":"Apotheosis","floor":0.0},{"not_picked":["Wireheading","EmptyBody"],"picked":"CutThroughFate","floor":1.0},{"not_picked":["ThirdEye","Sanctity","Crescendo"],"picked":"SKIP","floor":2.0},{"not_picked":["ThirdEye","Sanctity","Crescendo"],"picked":"SKIP","floor":2.0},{"not_picked":["ReachHeaven","DeusExMachina"],"picked":"FearNoEvil","floor":5.0},{"not_picked":["Crescendo+1","FlyingSleeves"],"picked":"Evaluate+1","floor":7.0},{"not_picked":["ClearTheMind+1","Sanctity+1"],"picked":"ForeignInfluence+1","floor":14.0},{"not_picked":["Blasphemy+1","Brilliance"],"picked":"MasterReality","floor":16.0},{"not_picked":["FlurryOfBlows","Protect+1","JustLucky+1"],"picked":"SKIP","floor":18.0},{"not_picked":["Indignation","CrushJoints","Ragnarok"],"picked":"SKIP","floor":21.0},{"not_picked":["FollowUp","Crescendo","DeceiveReality"],"picked":"SKIP","floor":24.0},{"not_picked":["FollowUp","Crescendo","DeceiveReality"],"picked":"SKIP","floor":24.0},{"not_picked":["SashWhip","Alpha","WheelKick"],"picked":"SKIP","floor":27.0},{"not_picked":["Crescendo","BowlingBash"],"picked":"MentalFortress","floor":28.0},{"not_picked":["CutThroughFate","ThirdEye","ClearTheMind"],"picked":"SKIP","floor":29.0},{"not_picked":["DevaForm","WreathOfFlame"],"picked":"TalkToTheHand","floor":30.0},{"not_picked":["EmptyFist","PathToVictory","FollowUp"],"picked":"SKIP","floor":31.0},{"not_picked":["Establishment","DevaForm"],"picked":"Scrawl","floor":33.0},{"not_picked":["Protect","JustLucky","FlurryOfBlows"],"picked":"SKIP","floor":35.0},{"not_picked":["SashWhip","Consecrate"],"picked":"Wallop","floor":38.0},{"not_picked":["LessonLearned","Scrawl","EmptyBody"],"picked":"SKIP","floor":40.0},{"not_picked":["Consecrate+1","CutThroughFate","FlyingSleeves"],"picked":"SKIP","floor":41.0},{"not_picked":["Consecrate","EmptyMind","FlyingSleeves+1"],"picked":"SKIP","floor":42.0},{"not_picked":["Consecrate","Swivel+1"],"picked":"InnerPeace","floor":44.0},{"not_picked":["TalkToTheHand","Protect","Conclude"],"picked":"SKIP","floor":47.0},{"not_picked":["ThirdEye","Worship","Prostrate"],"picked":"SKIP","floor":52.0},{"not_picked":["ThirdEye","Worship","Prostrate"],"picked":"SKIP","floor":52.0},{"not_picked":["DeceiveReality","Alpha","Swivel"],"picked":"Singing Bowl","floor":54.0},{"not_picked":["SandsOfTime","Prostrate","Collect"],"picked":"Singing Bowl","floor":56.0},{"not_picked":["TalkToTheHand","Prostrate","Study+1"],"picked":"Singing Bowl","floor":57.0},{"not_picked":["DeceiveReality","Protect","EmptyMind"],"picked":"Singing Bowl","floor":58.0},{"not_picked":["PathToVictory","DevaForm+1"],"picked":"InnerPeace","floor":61.0},{"not_picked":["LessonLearned","Worship"],"picked":"MentalFortress+1","floor":62.0},{"not_picked":["EmptyFist","ClearTheMind"],"picked":"Adaptation+1","floor":64.0},{"not_picked":["LessonLearned","SpiritShield","Scrawl"],"picked":"Singing Bowl","floor":67.0},{"not_picked":["infinitespire:Collect","infinitespire:Menacing","infinitespire:FutureSight"],"picked":"Singing Bowl","floor":68.0},{"not_picked":["Fasting2+1","ClearTheMind","CutThroughFate"],"picked":"Singing Bowl","floor":69.0},{"not_picked":["FollowUp","CutThroughFate","Blasphemy"],"picked":"Singing Bowl","floor":74.0},{"not_picked":["Collect","CutThroughFate","WreathOfFlame"],"picked":"Singing Bowl","floor":75.0},{"not_picked":["PathToVictory+1","FlurryOfBlows","Brilliance"],"picked":"Singing Bowl","floor":78.0},{"not_picked":["Study+1","Establishment+1","ClearTheMind"],"picked":"Singing Bowl","floor":80.0},{"not_picked":["Wish","Judgement","Indignation"],"picked":"Singing Bowl","floor":82.0},{"not_picked":["DeusExMachina","Omniscience","SpiritShield"],"picked":"Singing Bowl","floor":84.0},{"not_picked":["CarveReality","Conclude+1","FollowUp+1"],"picked":"Singing Bowl","floor":86.0},{"not_picked":["ThirdEye","Halt+1","DeceiveReality"],"picked":"Singing Bowl","floor":88.0},{"not_picked":["Panacea","Trip","Deep Breath"],"picked":"Singing Bowl","floor":89.0},{"not_picked":["Panache+1","HandOfGreed","Mind Blast"],"picked":"Singing Bowl","floor":89.0},{"not_picked":["Panache+1","Trip","Good Instincts"],"picked":"Singing Bowl","floor":89.0},{"not_picked":["SandsOfTime","CutThroughFate","Scrawl"],"picked":"Singing Bowl","floor":91.0},{"not_picked":["LessonLearned","Protect+1"],"picked":"Vault","floor":93.0},{"not_picked":["MasterReality+1","BowlingBash","WindmillStrike"],"picked":"Singing Bowl","floor":95.0},{"not_picked":["WheelKick+1","Evaluate","SandsOfTime"],"picked":"Singing Bowl","floor":96.0},{"not_picked":["infinitespire:Starlight","infinitespire:Oblivion"],"picked":"infinitespire:Execution","floor":96.0},{"not_picked":["Perseverance+1","Protect","SignatureMove+1"],"picked":"Singing Bowl","floor":98.0},{"not_picked":["Judgement","Fasting2+1","EmptyBody"],"picked":"Singing Bowl","floor":99.0},{"not_picked":["Judgement","Scrawl","MasterReality+1"],"picked":"Singing Bowl","floor":101.0},{"not_picked":["EmptyBody","SashWhip","ClearTheMind"],"picked":"Singing Bowl","floor":102.0},{"not_picked":["SpiritShield","SandsOfTime","CutThroughFate"],"picked":"Singing Bowl","floor":103.0},{"not_picked":["ClearTheMind","ForeignInfluence","DeceiveReality"],"picked":"Singing Bowl","floor":104.0},{"not_picked":["Vengeance","ConjureBlade","Wish"],"picked":"Singing Bowl","floor":105.0},{"not_picked":["infinitespire:SevenWalls","infinitespire:Collect","infinitespire:FutureSight"],"picked":"Singing Bowl","floor":109.0},{"not_picked":["Prostrate","SpiritShield","FlurryOfBlows"],"picked":"Singing Bowl","floor":109.0},{"not_picked":["SashWhip","ReachHeaven","Protect"],"picked":"Singing Bowl","floor":110.0},{"not_picked":["Fasting2+1","SashWhip","BattleHymn+1"],"picked":"Singing Bowl","floor":112.0},{"not_picked":["Swivel","Wallop","Halt"],"picked":"Singing Bowl","floor":113.0},{"not_picked":["Prostrate","WaveOfTheHand","DeceiveReality"],"picked":"Singing Bowl","floor":115.0},{"not_picked":["TalkToTheHand","FearNoEvil","BowlingBash"],"picked":"Singing Bowl","floor":116.0},{"not_picked":["DevaForm+1","Devotion+1","SpiritShield"],"picked":"Singing Bowl","floor":118.0},{"not_picked":["SashWhip","ClearTheMind","Nirvana+1"],"picked":"Singing Bowl","floor":120.0},{"not_picked":["ForeignInfluence","LessonLearned","TalkToTheHand"],"picked":"Singing Bowl","floor":122.0},{"not_picked":["Halt+1","SashWhip","Weave"],"picked":"Singing Bowl","floor":123.0},{"not_picked":["ThirdEye","Adaptation+1","WheelKick"],"picked":"Singing Bowl","floor":126},{"not_picked":["Halt","Perseverance","Study+1"],"picked":"Singing Bowl","floor":130},{"not_picked":["Conclude","Consecrate+1","Crescendo"],"picked":"Singing Bowl","floor":131},{"not_picked":["EmptyBody","ThirdEye","Swivel"],"picked":"Singing Bowl","floor":132},{"not_picked":["Perseverance","Fasting2+1","Weave"],"picked":"Singing Bowl","floor":133},{"not_picked":["SandsOfTime","Consecrate+1","Collect"],"picked":"Singing Bowl","floor":134},{"not_picked":["Vault","DeusExMachina","Scrawl"],"picked":"Singing Bowl","floor":135},{"not_picked":["Protect+1","SandsOfTime+1","PathToVictory"],"picked":"Singing Bowl","floor":137},{"not_picked":["Violence","Jack Of All Trades","Blind"],"picked":"Singing Bowl","floor":138},{"not_picked":["Flash of Steel","Dark Shackles","Deep Breath"],"picked":"Singing Bowl","floor":138},{"not_picked":["Finesse","Mind Blast","Bandage Up"],"picked":"Singing Bowl","floor":138},{"not_picked":["FlyingSleeves","ClearTheMind","Evaluate+1"],"picked":"Singing Bowl","floor":141},{"not_picked":["CutThroughFate","ReachHeaven+1","JustLucky"],"picked":"Singing Bowl","floor":142},{"not_picked":["Establishment+1","FlurryOfBlows","CutThroughFate"],"picked":"Singing Bowl","floor":143},{"not_picked":["infinitespire:Oblivion","infinitespire:Collect","infinitespire:Punishment"],"picked":"Singing Bowl","floor":144},{"not_picked":["Conclude","ThirdEye","Crescendo"],"picked":"Singing Bowl","floor":144},{"not_picked":["BowlingBash","Omniscience"],"picked":"MentalFortress+1","floor":146},{"not_picked":["Halt","Prostrate","LessonLearned"],"picked":"Singing Bowl","floor":148},{"not_picked":["FollowUp+1","CrushJoints","Evaluate"],"picked":"Singing Bowl","floor":149},{"not_picked":["Protect+1","Blasphemy","EmptyFist+1"],"picked":"Singing Bowl","floor":150},{"not_picked":["CutThroughFate","SandsOfTime+1","Consecrate"],"picked":"Singing Bowl","floor":151},{"not_picked":["Ragnarok","Brilliance","Judgement"],"picked":"Singing Bowl","floor":152},{"not_picked":["Halt","EmptyFist","Consecrate+1"],"picked":"Singing Bowl","floor":154},{"not_picked":["Indignation","Swivel","Brilliance"],"picked":"Singing Bowl","floor":156},{"not_picked":["Blasphemy","Scrawl","ConjureBlade"],"picked":"Singing Bowl","floor":157}],"player_experience":551466,"relics_obtained":[{"floor":7.0,"key":"Toxic Egg 2"},{"floor":9.0,"key":"Oddly Smooth Stone"},{"floor":14.0,"key":"HornCleat"},{"floor":24.0,"key":"CeramicFish"},{"floor":26.0,"key":"Sundial"},{"floor":27.0,"key":"infinitespire:Lucky Rock"},{"floor":30.0,"key":"Nunchaku"},{"floor":40.0,"key":"Frozen Egg 2"},{"floor":43.0,"key":"Girya"},{"floor":44.0,"key":"infinitespire:Beetle Shell"},{"floor":45.0,"key":"Pocketwatch"},{"floor":57.0,"key":"infinitespire:Midas Blood"},{"floor":60.0,"key":"Shuriken"},{"floor":62.0,"key":"War Paint"},{"floor":64.0,"key":"Akabeko"},{"floor":75.0,"key":"infinitespire:BottledMercury"},{"floor":77.0,"key":"Pear"},{"floor":80.0,"key":"PreservedInsect"},{"floor":82.0,"key":"Dream Catcher"},{"floor":91.0,"key":"Bag of Preparation"},{"floor":93.0,"key":"Yang"},{"floor":94.0,"key":"Strawberry"},{"floor":95.0,"key":"infinitespire:Eraser"},{"floor":96.0,"key":"Peace Pipe"},{"floor":109.0,"key":"The Courier"},{"floor":111.0,"key":"Pen Nib"},{"floor":112.0,"key":"Calipers"},{"floor":128,"key":"Ancient Tea Set"},{"floor":142,"key":"Juzu Bracelet"},{"floor":144,"key":"MawBank"},{"floor":145,"key":"Bird Faced Urn"},{"floor":156,"key":"infinitespire:ShieldingShard"}],"event_choices":[{"damage_healed":0.0,"max_hp_gain":0.0,"max_hp_loss":0.0,"gold_gain":0.0,"event_name":"World of Goop","player_choice":"Left Gold","floor":4.0,"gold_loss":17.0,"damage_taken":0.0},{"damage_healed":0.0,"max_hp_gain":0.0,"max_hp_loss":0.0,"gold_gain":0.0,"cards_transformed":["Defend_P"],"event_name":"Living Wall","player_choice":"Change","floor":12.0,"gold_loss":0.0,"damage_taken":0.0,"cards_obtained":["Scrawl"]},{"damage_healed":0.0,"max_hp_gain":0.0,"max_hp_loss":0.0,"gold_gain":0.0,"event_name":"N\u0027loth","player_choice":"Traded Relic","floor":19.0,"relics_lost":["Toxic Egg 2"],"gold_loss":0.0,"damage_taken":0.0,"relics_obtained":["Nloth\u0027s Gift"]},{"damage_healed":0.0,"max_hp_gain":0.0,"max_hp_loss":0.0,"gold_gain":0.0,"event_name":"SecretPortal","player_choice":"Ignored","floor":36.0,"gold_loss":0.0,"damage_taken":0.0},{"damage_healed":0.0,"max_hp_gain":0.0,"max_hp_loss":0.0,"gold_gain":0.0,"event_name":"Mysterious Sphere","player_choice":"Fight","floor":45.0,"gold_loss":0.0,"damage_taken":0.0},{"cards_removed":["CutThroughFate"],"damage_healed":0.0,"max_hp_gain":0.0,"max_hp_loss":0.0,"gold_gain":0.0,"event_name":"WeMeetAgain","player_choice":"Gave Card","floor":53.0,"gold_loss":0.0,"damage_taken":0.0,"relics_obtained":["Singing Bowl"]},{"damage_healed":0.0,"max_hp_gain":5.0,"max_hp_loss":0.0,"gold_gain":0.0,"event_name":"Big Fish","player_choice":"Donut","floor":55.0,"gold_loss":0.0,"damage_taken":0.0},{"damage_healed":0.0,"max_hp_gain":0.0,"max_hp_loss":0.0,"gold_gain":0.0,"event_name":"Nest","player_choice":"Joined the Cult","floor":72.0,"gold_loss":0.0,"damage_taken":6.0,"cards_obtained":["RitualDagger"]},{"damage_healed":0.0,"max_hp_gain":0.0,"max_hp_loss":0.0,"gold_gain":0.0,"event_name":"Addict","player_choice":"Obtained Relic","floor":81.0,"gold_loss":85.0,"damage_taken":0.0,"relics_obtained":["Incense Burner"]},{"damage_healed":0.0,"max_hp_gain":0.0,"max_hp_loss":0.0,"gold_gain":0.0,"event_name":"SensoryStone","player_choice":"Memory 3","floor":89.0,"gold_loss":0.0,"damage_taken":10.0},{"damage_healed":0.0,"max_hp_gain":0.0,"max_hp_loss":0.0,"gold_gain":0.0,"event_name":"Tomb of Lord Red Mask","player_choice":"Ignored","floor":90.0,"gold_loss":0.0,"damage_taken":0.0},{"damage_healed":0.0,"max_hp_gain":0.0,"max_hp_loss":0.0,"gold_gain":0.0,"event_name":"Liars Game","player_choice":"Ignored","floor":106.0,"gold_loss":0.0,"damage_taken":0.0},{"damage_healed":0.0,"max_hp_gain":0.0,"max_hp_loss":0.0,"gold_gain":75.0,"event_name":"World of Goop","player_choice":"Gather Gold","floor":107.0,"gold_loss":0.0,"damage_taken":11.0},{"damage_healed":0.0,"max_hp_gain":0.0,"max_hp_loss":0.0,"gold_gain":50.0,"event_name":"Nest","player_choice":"Stole From Cult","floor":121.0,"gold_loss":0.0,"damage_taken":0.0},{"cards_removed":["InnerPeace"],"damage_healed":0,"gold_gain":0,"player_choice":"Elegance","damage_taken":0,"max_hp_gain":0,"max_hp_loss":0,"event_name":"Back to Basics","floor":127,"gold_loss":0},{"cards_removed":["Eruption"],"damage_healed":0,"gold_gain":0,"player_choice":"Removal","damage_taken":0,"max_hp_gain":0,"max_hp_loss":0,"event_name":"Designer","floor":129,"gold_loss":110},{"damage_healed":0,"gold_gain":0,"player_choice":"Memory 3","damage_taken":10,"max_hp_gain":0,"max_hp_loss":0,"event_name":"SensoryStone","floor":138,"gold_loss":0},{"damage_healed":0,"gold_gain":0,"player_choice":"Got Potions","damage_taken":0,"max_hp_gain":0,"max_hp_loss":0,"event_name":"Lab","floor":139,"gold_loss":0}],"is_beta":false,"boss_relics":[{"not_picked":["Snecko Eye","Tiny House"],"picked":"Astrolabe"},{"not_picked":["Pandora\u0027s Box","SacredBark"],"picked":"SlaversCollar"},{"not_picked":["Cursed Key","Velvet Choker"],"picked":"Runic Pyramid"},{"not_picked":["SacredBark","Velvet Choker"],"picked":"infinitespire:Cupcake"},{"not_picked":["Busted Crown","Snecko Eye","Cursed Key"]},{"not_picked":["Coffee Dripper","Calling Bell"],"picked":"Tiny House"},{"not_picked":["Cursed Key","Black Star","Snecko Eye"]},{"not_picked":["Sozu","Coffee Dripper","Pandora\u0027s Box"]},{"not_picked":["Fusion Hammer","Runic Dome","Velvet Choker"]}],"items_purged_floors":[3,20,22,37,39,46,65,71,87,124],"is_endless":true,"potions_floor_spawned":[1,7,21,27,28,30,31,38,44,47,54,56,61,62,69,75,78,86,88,95,96,98,103,105,112,113,122,123,132,143,146,149,156,157],"ascension_level":15}}