{"host":"l017gercouzhorma","time":1608961536,"event":{"mods":["AchievementEnabler","Aspiration","BaseMod","Challenge The Spire","Conspire","Downfall","Halation","Hermit","Hubris","Infinite Spire","Jorbs\u0027s Wanderer Trilogy","Mad Scientist","Marisa????????","Mimic Mod","Minty Spire (QoL Compilation)","Random Character Button","Rare Cards Sparkle","Relic Stats","Replay The Spire","Shade Mod","StSLib","The Cursed","The Disciple","The Hierophant","The Jungle","The Runesmith","The Servant 0.9.4"],"gold_per_floor":[109,121,140,140,160,160,160],"floor_reached":6,"playtime":761,"items_purged":[],"score":38,"play_id":"73244f6b-c251-40bc-aea7-e34428c2c992","local_time":"20201225224536","is_ascension_mode":false,"campfire_choices":[],"circlet_count":0,"master_deck":["Strike_Br","Strike_Br","Strike_Br","Strike_Br","Defend_Br","Defend_Br","Defend_Br","Defend_Br","SecondHand","PatternShift","LockedAnchor","LockedBlood","LockedMedicine+1","CrunchTime"],"relics":["Chronometer"],"acts_visited":["Exordium"],"potions_floor_usage":[3,3],"damage_taken":[{"damage":2,"enemies":"2 Louse","floor":1,"turns":3},{"damage":2,"enemies":"Cultist","floor":2,"turns":5},{"damage":24,"enemies":"Jaw Worm","floor":3,"turns":12},{"damage":16,"enemies":"Exordium Wildlife","floor":5,"turns":5},{"damage":45,"enemies":"Lagavulin","floor":6,"turns":6}],"seed_played":"-7663275359074942588","potions_obtained":[{"floor":1,"key":"FearPotion"},{"floor":2,"key":"sneckomod:MuddlingPotion"}],"is_trial":false,"path_per_floor":["M","M","M","?","M","E"],"character_chosen":"CHRONO_CLASS","items_purchased":[],"campfire_rested":0,"item_purchase_floors":[],"current_hp_per_floor":[69,67,49,49,39,0,0],"gold":160,"neow_bonus":"TEN_PERCENT_HP_BONUS","is_daily":false,"chose_seed":false,"campfire_upgraded":0,"win_rate":0.0,"timestamp":1608961536,"path_taken":["M","M","M","?","M","E"],"items_purchased_type":[],"build_version":"2020-12-22","purchased_purges":0,"victory":false,"max_hp_per_floor":[71,71,71,71,71,71,71],"relic_stats":{"counters":[5,31],"obtain_stats":[{"Chronometer":0},{"Chronometer":0},{"Chronometer":0}]},"card_choices":[{"not_picked":["DaylightSavings","WindUp"],"picked":"LockedAnchor","floor":1},{"not_picked":["Break","EscortCommand"],"picked":"LockedBlood","floor":2},{"not_picked":["LockedPlans","LockedAnchor"],"picked":"LockedMedicine","floor":3},{"not_picked":["Cuckoo","FormalWear"],"picked":"CrunchTime","floor":5}],"player_experience":760315,"relics_obtained":[],"event_choices":[{"damage_healed":0,"gold_gain":0,"player_choice":"Forge","damage_taken":0,"max_hp_gain":0,"max_hp_loss":0,"event_name":"Accursed Blacksmith","floor":4,"gold_loss":0,"cards_upgraded":["LockedMedicine"]}],"is_beta":false,"boss_relics":[],"items_purged_floors":[],"is_endless":false,"potions_floor_spawned":[1,2],"killed_by":"Lagavulin","ascension_level":0}}