{"host":"867cnhxguf2bzj4x","time":1608975928,"event":{"mods":["BaseMod","Downfall","GifTheSpireLib","Minty Spire (QoL Compilation)","StSLib"],"gold_per_floor":[99,99,99,99,24,34,34,44,54,54,85,85,119,138,148,148,148,148],"floor_reached":16,"playtime":912,"items_purged":["hexamod:Defend"],"score":110,"play_id":"68d100a2-7d79-47ab-81c5-58b328803a37","local_time":"20201226104528","is_ascension_mode":false,"campfire_choices":[{"data":"hexamod:Float","floor":1,"key":"SMITH"},{"data":"hexamod:TimeOfNeed","floor":10,"key":"SMITH"},{"floor":12,"key":"REST"}],"circlet_count":0,"master_deck":["hexamod:Strike","hexamod:Strike","hexamod:Strike","hexamod:Strike","hexamod:Defend","hexamod:Defend","hexamod:Defend","hexamod:Sear","hexamod:Float+1","hexamod:Again+1","hexamod:BurningTouch","hexamod:DynamicBlow","hexamod:Hexaguard","hexamod:TimeOfNeed+1","hexamod:ThermalTransfer","hexamod:PhantomFireball","hexamod:ExtraCrispy","hexamod:RadiantFlame"],"relics":["hexamod:SpiritBrand","downfall:HeartsMalice","Gremlin Horn","Bronze Scales","Letter Opener"],"acts_visited":["Exordium"],"potions_floor_usage":[],"damage_taken":[{"damage":0,"enemies":"Jaw Worm","floor":2,"turns":1},{"damage":0,"enemies":"Cultist","floor":4,"turns":1},{"damage":0,"enemies":"downfall:FleeingMerchant","floor":5,"turns":1},{"damage":1,"enemies":"2 Louse","floor":6,"turns":2},{"damage":0,"enemies":"Exordium Wildlife","floor":8,"turns":3},{"damage":0,"enemies":"Large Slime","floor":9,"turns":3},{"damage":49,"enemies":"Gremlin Nob","floor":11,"turns":6},{"damage":21,"enemies":"Lagavulin","floor":13,"turns":8},{"damage":5,"enemies":"Lots of Slimes","floor":14,"turns":2},{"damage":0,"enemies":"Exordium Wildlife","floor":15,"turns":3},{"damage":15,"enemies":"downfall:Ironclad","floor":16,"turns":2}],"seed_played":"34429208849290219","potions_obtained":[{"floor":6,"key":"SmokeBomb"},{"floor":9,"key":"ColorlessPotion"},{"floor":13,"key":"Fire Potion"}],"is_trial":false,"path_per_floor":["R","M","?","M","$","M","T","M","M","R","E","R","E","M","M","B"],"character_chosen":"THE_SPIRIT","items_purchased":[],"campfire_rested":1,"item_purchase_floors":[],"current_hp_per_floor":[70,70,70,70,70,69,69,69,69,69,20,41,20,15,15,0,0,0],"gold":148,"neow_bonus":"THREE_ENEMY_KILL","is_daily":false,"chose_seed":false,"campfire_upgraded":2,"win_rate":0.0,"timestamp":1608975928,"path_taken":["R","M","?","?","$","M","T","M","M","R","E","R","E","?","M","BOSS"],"items_purchased_type":[],"build_version":"2020-12-22","purchased_purges":1,"victory":false,"max_hp_per_floor":[70,70,70,70,70,70,70,70,70,70,70,70,70,70,70,70,70,70],"card_choices":[{"not_picked":["hexamod:FastForward","hexamod:ShieldOfDarkness"],"picked":"hexamod:Again","floor":2},{"not_picked":["hexamod:RainOfEmbers","hexamod:Incineration"],"picked":"hexamod:BurningTouch","floor":4},{"not_picked":["hexamod:NecessarySacrifice","hexamod:InspiringFlames"],"picked":"hexamod:DynamicBlow","floor":5},{"not_picked":["hexamod:HauntingEcho","hexamod:SkipABeat"],"picked":"hexamod:Hexaguard","floor":6},{"not_picked":["hexamod:GhostflameBarrier","hexamod:BurningTouch"],"picked":"hexamod:TimeOfNeed","floor":8},{"not_picked":["hexamod:Incineration","hexamod:RainOfEmbers"],"picked":"hexamod:ThermalTransfer","floor":9},{"not_picked":["hexamod:RainOfEmbers","hexamod:DynamicBlow"],"picked":"hexamod:PhantomFireball","floor":11},{"not_picked":["hexamod:RecurringNightmare","hexamod:NecessarySacrifice"],"picked":"hexamod:ExtraCrispy","floor":13},{"not_picked":["hexamod:FastForward","hexamod:Firestarter"],"picked":"hexamod:RadiantFlame","floor":14},{"not_picked":["hexamod:NightmareGuise","hexamod:AdvancingGuard","hexamod:PhantomFireball"],"picked":"SKIP","floor":15}],"player_experience":55369,"relics_obtained":[{"floor":7,"key":"Gremlin Horn"},{"floor":11,"key":"Bronze Scales"},{"floor":13,"key":"Letter Opener"}],"event_choices":[{"damage_healed":0,"gold_gain":0,"player_choice":"Upgraded","damage_taken":0,"max_hp_gain":0,"max_hp_loss":0,"event_name":"Upgrade Shrine","floor":3,"gold_loss":0,"cards_upgraded":["hexamod:Again"]}],"is_beta":false,"boss_relics":[],"items_purged_floors":[5],"is_endless":false,"potions_floor_spawned":[6,9,13,14,15],"killed_by":"downfall:Ironclad","ascension_level":0}}