{"host":"2c1pg2m9wpz3w4c0","time":1608972585,"event":{"mods":["AchievementEnabler","Act Like it!","Aspiration","BaseMod","Better Note","BetterRewards","Disable Question Mark Monsters","Halation","Hubris","Infinite Spire","Lotus Mark","Marisa????????","Minty Spire (QoL Compilation)","Replay The Spire","StSLib","SuperFastMode","The Clintock","The Jungle","The Runesmith","Transform Curses"],"gold_per_floor":[111,111,111,4,24,55,55,55,55,55,90,8,41,57,57,177,177,200,170,170,170,22,22,22,43,95,43,57,72,90,103,103,234,234,250,273,273,287,287,287,303,336,363,386,409,429,450,469,469,589,589,593,387,387,388,388,388],"floor_reached":56,"playtime":2592,"items_purged":[],"score":1030,"play_id":"ec1dcdb8-9f90-4511-a55a-2393a5d41167","local_time":"20201226014945","is_ascension_mode":false,"campfire_choices":[{"data":"Metallicize","floor":8,"key":"SMITH"},{"data":"Metallicize","floor":10,"key":"SMITH"},{"data":"ReplayTheSpireMod:Muscle Training","floor":15,"key":"SMITH"},{"data":"hubris:StunningStrike","floor":23,"key":"SMITH"},{"floor":32,"key":"REST"},{"data":"Impervious","floor":40,"key":"SMITH"},{"data":"Double Tap","floor":49,"key":"SMITH"}],"circlet_count":0,"master_deck":["Strike_R+1","Strike_R","Strike_R","Strike_R","Strike_R","Defend_R","Defend_R","Defend_R","Defend_R","Bash","Apotheosis+1","Metallicize+1","Warcry","Iron Wave","Flex","Flex","Metallicize+1","Pommel Strike","Carnage","ReplayTheSpireMod:Muscle Training+1","Good Instincts","Pommel Strike","Dual Wield","Reaper","CommonCold","Replay:Light Bash","hubris:StunningStrike+1","Dark Shackles","hubris:Fate","Disarm","hubris:CleavingFinish","Feed","Spot Weakness+1","Shrug It Off","Thunderclap","Cleave","Impervious+1","hubris:ReadiedAction","Double Tap+1","hubris:ReadiedAction","Perfected Strike+1","Shrug It Off+1","Anger","Iron Wave","hubris:ReadiedAction+1","Heavy Blade+1","Anger","hubris:ReadiedAction+1","Anger+1","Demon Form","Anger","Armaments","Pommel Strike"],"relics":["Burning Blood","hubris:Towel","Replay:Accelerometer","Golden Idol","hubris:CuriousFeather","aspiration:HummingbirdHeart","ReplayFunnel","ReplayTheSpireMod:SealedPack","Ice Cream","Ancient Tea Set","Painkiller Herb","FossilizedHelix","Vajra","hubris:EmptyBottle"],"acts_visited":["Exordium","theJungle:Jungle","TheBeyond","Exordium"],"potions_floor_usage":[6,11,25,28,28,29,31,31,44,50,52],"damage_taken":[{"damage":7,"enemies":"2 Louse","floor":1,"turns":3},{"damage":0,"enemies":"Small Slimes","floor":5,"turns":4},{"damage":1,"enemies":"Lagavulin","floor":6,"turns":7},{"damage":2,"enemies":"Gremlin Nob","floor":11,"turns":4},{"damage":7,"enemies":"3 Sentries","floor":13,"turns":8},{"damage":0,"enemies":"Jaw Worm","floor":14,"turns":2},{"damage":32,"enemies":"Fading Forest","floor":16,"turns":11},{"damage":5,"enemies":"theJungle:GiantWrat","floor":18,"turns":6},{"damage":0,"enemies":"theJungle:5_Spyders","floor":25,"turns":9},{"damage":16,"enemies":"theJungle:2_Snecko_Cultists","floor":28,"turns":5},{"damage":1,"enemies":"theJungle:SlimyTreeVines","floor":29,"turns":6},{"damage":28,"enemies":"theJungle:2_Flameangoes","floor":30,"turns":8},{"damage":3,"enemies":"theJungle:Snecko_Cultist_And_Trap","floor":31,"turns":6},{"damage":57,"enemies":"theJungle:TotemBoss","floor":33,"turns":9},{"damage":1,"enemies":"3 Shapes","floor":35,"turns":4},{"damage":1,"enemies":"Orb Walker","floor":36,"turns":4},{"damage":20,"enemies":"Sphere and 2 Shapes","floor":38,"turns":8},{"damage":1,"enemies":"Maw","floor":41,"turns":9},{"damage":15,"enemies":"Nightmare","floor":42,"turns":11},{"damage":0,"enemies":"Transient","floor":44,"turns":3},{"damage":19,"enemies":"Sphere and 2 Shapes","floor":45,"turns":6},{"damage":0,"enemies":"Maw","floor":46,"turns":8},{"damage":19,"enemies":"3 Darklings","floor":47,"turns":4},{"damage":0,"enemies":"Writhing Mass","floor":48,"turns":4},{"damage":67,"enemies":"Time Eater","floor":50,"turns":13},{"damage":0,"enemies":"Cultist","floor":52,"turns":2},{"damage":0,"enemies":"Jaw Worm","floor":55,"turns":3}],"seed_played":"7053832377295186658","potions_obtained":[{"floor":1,"key":"LifebloodPotion"},{"floor":6,"key":"Adrenaline Potion"},{"floor":16,"key":"Energy Potion"},{"floor":19,"key":"Strength Potion"},{"floor":19,"key":"Block Potion"},{"floor":24,"key":"EssenceOfSteel"},{"floor":24,"key":"BlessingOfTheForge"},{"floor":28,"key":"PowerPotion"},{"floor":29,"key":"BloodPotion"},{"floor":30,"key":"Dexterity Potion"},{"floor":42,"key":"PowerPotion"},{"floor":44,"key":"Strength Potion"},{"floor":45,"key":"SpeedPotion"},{"floor":46,"key":"Death Potion"},{"floor":50,"key":"Explosive Potion"},{"floor":52,"key":"Swift Potion"}],"is_trial":false,"path_per_floor":["M","?","?","$","M","E","?","R","T","R","E","$","E","M","R","B",null,"M","?","T","?","$","R","?","M","T","$","M","M","M","M","R","B",null,"?","?","?","?","?","T","?","NM","T","?","?","?","?","?","T","B",null,"?","T","?","?","?"],"character_chosen":"IRONCLAD","items_purchased":["Apotheosis","Metallicize","Warcry","Flex","Metallicize","Good Instincts","Feed","Shrug It Off","hubris:EmptyBottle","Armaments"],"campfire_rested":1,"item_purchase_floors":[0,0,0,4,4,12,22,27,53,53],"current_hp_per_floor":[71,55,55,55,61,66,66,66,66,66,70,70,69,75,75,71,80,80,80,80,80,80,80,80,84,84,84,74,84,62,81,84,57,84,84,84,84,70,70,70,75,66,66,72,69,79,75,81,81,20,88,88,88,93,93,93,93],"gold":388,"neow_bonus":"","is_daily":false,"chose_seed":false,"campfire_upgraded":6,"win_rate":0.0,"timestamp":1608972585,"path_taken":["M","?","?","$","M","E","?","R","T","R","E","$","E","M","R","BOSS","M","?","?","?","$","R","?","M","T","?","?","M","M","M","R","BOSS","?","?","?","?","?","T","?","NM","T","?","?","?","?","?","T","BOSS","?","T","?","?","?"],"items_purchased_type":["Card","Card","Card","Card","Card","Card","Card","Card","Relic","Card"],"build_version":"2020-12-22","purchased_purges":0,"victory":false,"max_hp_per_floor":[80,80,80,80,80,80,80,80,80,80,80,80,80,80,80,80,80,80,80,80,80,80,80,80,84,84,84,84,84,84,84,84,84,84,84,84,84,84,84,84,84,84,84,84,84,88,88,88,88,88,88,88,88,93,93,93,93],"card_choices":[{"not_picked":["Havoc","Cleave"],"picked":"Iron Wave","floor":1},{"not_picked":["Hemokinesis","True Grit"],"picked":"Pommel Strike","floor":5},{"not_picked":["Juggernaut","Body Slam"],"picked":"Carnage","floor":6},{"not_picked":["Perfected Strike","Battle Trance"],"picked":"ReplayTheSpireMod:Muscle Training","floor":11},{"not_picked":["Cleave","Sever Soul"],"picked":"Pommel Strike","floor":13},{"not_picked":["Body Slam","Warcry"],"picked":"Dual Wield","floor":14},{"not_picked":["Juggernaut","Offering"],"picked":"Reaper","floor":16},{"not_picked":["clintock:BaseSynthesis","UpSweep"],"picked":"Replay:Light Bash","floor":17},{"not_picked":["Bludgeon","Immolate"],"picked":"hubris:StunningStrike","floor":17},{"not_picked":["Discovery","Flash of Steel"],"picked":"Dark Shackles","floor":17},{"not_picked":["infinitespire:Gouge","infinitespire:TheBestDefense"],"picked":"hubris:Fate","floor":17},{"not_picked":["Searing Blow","Run Through"],"picked":"Disarm","floor":18},{"not_picked":["hubris:CleavingFinish","Cleave"],"picked":"Spot Weakness+1","floor":25},{"not_picked":["Wild Strike+1","True Grit"],"picked":"Thunderclap","floor":28},{"not_picked":["Evolve","ReplayTheSpireMod:Strike From Hell"],"picked":"Cleave","floor":29},{"not_picked":["Heavy Blade","Hemokinesis+1"],"picked":"Impervious","floor":30},{"not_picked":["Burning Pact","Headbutt+1"],"picked":"hubris:ReadiedAction","floor":31},{"not_picked":["Feed","Demonic Infusion"],"picked":"Double Tap","floor":33},{"not_picked":["ReplayTheSpireMod:Limb From Limb+1","Fire Breathing"],"picked":"hubris:ReadiedAction","floor":35},{"not_picked":["Juggernaut","Clash"],"picked":"Perfected Strike+1","floor":36},{"not_picked":["Havoc+1","Replay:Undeath\u0027s Touch+1"],"picked":"Shrug It Off+1","floor":38},{"not_picked":["Combust","Dark Embrace"],"picked":"Anger","floor":41},{"not_picked":["Shockwave","Massacre+1"],"picked":"Iron Wave","floor":42},{"not_picked":["ReplayTheSpireMod:Muscle Training+1","Body Slam"],"picked":"hubris:ReadiedAction+1","floor":44},{"not_picked":["Anger","Body Slam"],"picked":"Heavy Blade+1","floor":45},{"not_picked":["Heavy Blade","Sentinel+1"],"picked":"Anger","floor":46},{"not_picked":["ReplayTheSpireMod:Strike From Hell+1","Clothesline"],"picked":"hubris:ReadiedAction+1","floor":47},{"not_picked":["Hemokinesis+1","Replay:Undeath\u0027s Touch+1"],"picked":"Anger+1","floor":48},{"not_picked":["Barricade","Impervious"],"picked":"Demon Form","floor":50},{"not_picked":["Pommel Strike","hubris:ReadiedAction"],"picked":"Anger","floor":52},{"not_picked":["Flex","Havoc"],"picked":"Pommel Strike","floor":55}],"player_experience":1136488,"relics_obtained":[{"floor":6,"key":"Replay:Accelerometer"},{"floor":9,"key":"hubris:CuriousFeather"},{"floor":11,"key":"aspiration:HummingbirdHeart"},{"floor":13,"key":"ReplayFunnel"},{"floor":20,"key":"Ice Cream"},{"floor":26,"key":"Ancient Tea Set"},{"floor":42,"key":"FossilizedHelix"},{"floor":43,"key":"Vajra"}],"event_choices":[{"damage_healed":0,"gold_gain":0,"player_choice":"Entered Light","damage_taken":16,"max_hp_gain":0,"max_hp_loss":0,"event_name":"Shining Light","floor":2,"gold_loss":0,"cards_upgraded":["Strike_R","Apotheosis"]},{"damage_healed":0,"gold_gain":0,"player_choice":"Take Wound","damage_taken":0,"relics_obtained":["Golden Idol"],"max_hp_gain":0,"max_hp_loss":0,"event_name":"Golden Idol","floor":7,"gold_loss":0,"cards_obtained":["Injury"]},{"damage_healed":0,"gold_gain":0,"player_choice":"Bought 2 Potions","damage_taken":0,"max_hp_gain":0,"max_hp_loss":0,"event_name":"The Woman in Blue","floor":19,"gold_loss":0},{"damage_healed":0,"gold_gain":0,"cards_transformed":["Injury"],"player_choice":"Transformed","damage_taken":0,"max_hp_gain":0,"max_hp_loss":0,"event_name":"Transmorgrifier","floor":21,"gold_loss":0,"cards_obtained":["hubris:CleavingFinish"]},{"damage_healed":0,"gold_gain":0,"player_choice":"Got Potions","damage_taken":0,"max_hp_gain":0,"max_hp_loss":0,"event_name":"Lab","floor":24,"gold_loss":0},{"damage_healed":21,"gold_gain":0,"player_choice":"Writhe","damage_taken":0,"max_hp_gain":0,"max_hp_loss":0,"event_name":"Winding Halls","floor":37,"gold_loss":0,"cards_obtained":["Writhe"]},{"damage_healed":0,"gold_gain":0,"player_choice":"Ignored","damage_taken":0,"max_hp_gain":0,"max_hp_loss":0,"event_name":"SecretPortal","floor":39,"gold_loss":0},{"damage_healed":0,"gold_gain":0,"player_choice":"Donut","damage_taken":0,"max_hp_gain":5,"max_hp_loss":0,"event_name":"Big Fish","floor":54,"gold_loss":0},{"cards_removed":["Writhe","CommonCold"],"damage_healed":0,"gold_gain":0,"player_choice":"Removed Curses","damage_taken":0,"max_hp_gain":0,"max_hp_loss":0,"event_name":"Fountain of Cleansing","floor":56,"gold_loss":0}],"is_beta":false,"boss_relics":[{"not_picked":["Replay:Bronze Core","aspiration:FutureDiary"],"picked":"ReplayTheSpireMod:SealedPack"},{"not_picked":["hubris:BlackHole","Busted Crown"],"picked":"Painkiller Herb"},{"not_picked":["halation:PinkAlligatorPlush","halation:MonkeysPaw","aspiration:RitualDagger"]}],"items_purged_floors":[],"is_endless":true,"potions_floor_spawned":[1,6,16,28,29,30,42,44,45,46,50,52],"ascension_level":0}}