{"host":"3wnvf1tkxc6p198c","time":1608992753,"event":{"mods":["AchievementEnabler","BaseMod","Colored Map","DeckTracker","Keyboard Shortcuts","Minty Spire (QoL Compilation)","Permanent Neow","Quick Restart","Rare Cards Sparkle","StSLib","SuperFastMode"],"gold_per_floor":[119,139,139,156,306,306,325,339,339,1,19,19,32,60,60,135,135,152,152,170,1,13,13,13,23,23,23,38,64,114,114,114,188,188,202,220,14,32,44,79,91,110,135,135,10,28,41,75,75,75,75],"floor_reached":52,"playtime":2819,"items_purged":["Doubt","Unload","Defend_G"],"score":1905,"play_id":"77948c8d-7460-49d8-83d7-a5bc24bf88ba","local_time":"20201226232553","is_ascension_mode":true,"campfire_choices":[{"data":"Dagger Spray","floor":6.0,"key":"SMITH"},{"data":"Infinite Blades","floor":12.0,"key":"SMITH"},{"data":"Terror","floor":15.0,"key":"SMITH"},{"data":"Envenom","floor":23.0,"key":"SMITH"},{"floor":27.0,"key":"REST"},{"floor":32.0,"key":"REST"},{"data":"Adrenaline","floor":44.0,"key":"SMITH"},{"floor":49.0,"key":"REST"}],"circlet_count":0,"master_deck":["AscendersBane","Defend_G","Defend_G","Defend_G","Survivor","Neutralize+1","Blur","Dagger Spray+1","Infinite Blades+1","Dark Shackles","Terror+1","Envenom+1","Unload+1","Quick Slash+1","PiercingWail+1","Backstab","Adrenaline+1","Accuracy+1","Cloak And Dagger+1","Blade Dance+1","Flash of Steel","After Image+1","Acrobatics+1","Backflip+1","Footwork+1","Backflip","Die Die Die+1"],"relics":["WristBlade","Bottled Lightning","Centennial Puzzle","Astrolabe","MutagenicStrength","Vajra","Meat on the Bone","Turnip","Nloth\u0027s Gift","Busted Crown","Molten Egg 2","Bag of Preparation","Gremlin Horn","MealTicket"],"acts_visited":["Exordium","TheCity","TheBeyond"],"potions_floor_usage":[51,51],"damage_taken":[{"damage":2.0,"enemies":"Jaw Worm","floor":1.0,"turns":5.0},{"damage":4.0,"enemies":"Small Slimes","floor":2.0,"turns":4.0},{"damage":0.0,"enemies":"Cultist","floor":4.0,"turns":3.0},{"damage":8.0,"enemies":"3 Louse","floor":7.0,"turns":4.0},{"damage":9.0,"enemies":"Large Slime","floor":8.0,"turns":6.0},{"damage":5.0,"enemies":"Gremlin Gang","floor":11.0,"turns":3.0},{"damage":1.0,"enemies":"Looter","floor":13.0,"turns":3.0},{"damage":9.0,"enemies":"3 Sentries","floor":14.0,"turns":6.0},{"damage":15.0,"enemies":"The Guardian","floor":16.0,"turns":9.0},{"damage":9.0,"enemies":"3 Byrds","floor":18.0,"turns":5.0},{"damage":0.0,"enemies":"Spheric Guardian","floor":20.0,"turns":3.0},{"damage":0.0,"enemies":"Centurion and Healer","floor":22.0,"turns":5.0},{"damage":13.0,"enemies":"Snake Plant","floor":25.0,"turns":2.0},{"damage":1.0,"enemies":"Sentry and Sphere","floor":28.0,"turns":3.0},{"damage":13.0,"enemies":"Gremlin Leader","floor":29.0,"turns":4.0},{"damage":6.0,"enemies":"Champ","floor":33.0,"turns":6.0},{"damage":4.0,"enemies":"3 Shapes","floor":35.0,"turns":2.0},{"damage":0.0,"enemies":"Orb Walker","floor":36.0,"turns":1.0},{"damage":18.0,"enemies":"Spire Growth","floor":38.0,"turns":4.0},{"damage":3.0,"enemies":"Maw","floor":39.0,"turns":6.0},{"damage":20.0,"enemies":"Giant Head","floor":40.0,"turns":5.0},{"damage":3.0,"enemies":"Jaw Worm Horde","floor":41.0,"turns":3.0},{"damage":0.0,"enemies":"Transient","floor":42.0,"turns":6.0},{"damage":0.0,"enemies":"Maw","floor":46.0,"turns":1.0},{"damage":0.0,"enemies":"Sphere and 2 Shapes","floor":47.0,"turns":1.0},{"damage":0.0,"enemies":"Reptomancer","floor":48.0,"turns":1.0},{"damage":21.0,"enemies":"Awakened One","floor":50.0,"turns":9.0},{"damage":39,"enemies":"Time Eater","floor":51,"turns":9}],"seed_played":"7746421971702980086","potions_obtained":[{"floor":2.0,"key":"Swift Potion"},{"floor":7.0,"key":"Regen Potion"},{"floor":8.0,"key":"ColorlessPotion"},{"floor":11.0,"key":"PowerPotion"},{"floor":18.0,"key":"Strength Potion"},{"floor":22.0,"key":"Energy Potion"},{"floor":40.0,"key":"CultistPotion"},{"floor":42.0,"key":"CunningPotion"},{"floor":47.0,"key":"Strength Potion"}],"is_trial":false,"path_per_floor":["M","M","?","M","?","R","M","M","T","$","M","R","M","E","R","B",null,"M","?","M","$","M","R","?","M","T","R","M","E","?","?","R","B",null,"M","M","$","M","M","E","M","M","T","R","$","M","M","E","R","B","B",null],"character_chosen":"THE_SILENT","items_purchased":["Unload","Dark Shackles","Vajra","Flash of Steel"],"campfire_rested":3,"item_purchase_floors":[10,10,21,37],"current_hp_per_floor":[57,53,53,53,53,53,45,36,36,36,31,31,30,36,36,21,55,46,46,46,46,46,46,28,15,15,36,47,46,46,46,67,61,69,65,65,65,47,44,49,46,46,46,46,46,46,46,46,67,46,19],"gold":75,"neow_bonus":"BOSS_RELIC","is_daily":false,"chose_seed":false,"campfire_upgraded":5,"win_rate":0.0,"timestamp":1608992753,"path_taken":["M","M","?","M","?","R","?","M","T","$","?","R","M","E","R","BOSS","M","?","M","$","M","R","?","M","T","R","M","E","?","?","R","BOSS","M","M","$","M","M","E","M","M","T","R","$","M","?","E","R","BOSS","BOSS"],"items_purchased_type":["Card","Card","Relic","Card"],"build_version":"2020-12-22","purchased_purges":3,"victory":true,"max_hp_per_floor":[66,66,66,66,66,66,66,66,66,66,66,66,66,66,66,66,66,66,66,66,66,66,66,71,71,71,71,71,71,71,71,71,71,71,71,71,71,71,71,71,71,71,71,71,71,71,71,71,71,71,71],"card_choices":[{"not_picked":["Underhanded Strike","Prepared"],"picked":"Poisoned Stab","floor":1.0},{"not_picked":["Bouncing Flask","Sucker Punch"],"picked":"Blur","floor":2.0},{"not_picked":["Catalyst","Poisoned Stab"],"picked":"Dagger Spray","floor":4.0},{"not_picked":["All Out Attack","Quick Slash"],"picked":"Infinite Blades","floor":7.0},{"not_picked":["Catalyst","Skewer","Acrobatics"],"picked":"SKIP","floor":8.0},{"not_picked":["Flying Knee","Choke"],"picked":"Terror","floor":11.0},{"not_picked":["Acrobatics","Eviscerate","Well Laid Plans"],"picked":"SKIP","floor":13.0},{"not_picked":["Doppelganger","Bane"],"picked":"Slice","floor":14.0},{"not_picked":["Tools of the Trade","Burst"],"picked":"Envenom","floor":16.0},{"not_picked":["Flying Knee","Quick Slash"],"picked":"Backstab","floor":18.0},{"not_picked":["Dodge and Roll","PiercingWail"],"picked":"Cloak And Dagger","floor":20.0},{"not_picked":["Crippling Poison","Outmaneuver"],"picked":"Backstab","floor":22.0},{"not_picked":["Crippling Poison","Underhanded Strike"],"picked":"Accuracy","floor":25.0},{"not_picked":["Riddle With Holes","Slice"],"picked":"Adrenaline","floor":28.0},{"not_picked":["Predator","Slice","Wraith Form v2"],"picked":"SKIP","floor":29.0},{"not_picked":["Malaise","Storm of Steel"],"picked":"After Image","floor":33.0},{"not_picked":["Well Laid Plans"],"picked":"SKIP","floor":35.0},{"not_picked":["Bouncing Flask"],"picked":"SKIP","floor":36.0},{"not_picked":[],"picked":"Calculated Gamble+1","floor":38.0},{"not_picked":["Quick Slash"],"picked":"SKIP","floor":39.0},{"not_picked":["Quick Slash"],"picked":"SKIP","floor":39.0},{"not_picked":["Quick Slash"],"picked":"SKIP","floor":39.0},{"not_picked":["Predator+1"],"picked":"SKIP","floor":40.0},{"not_picked":["Dodge and Roll"],"picked":"SKIP","floor":41.0},{"not_picked":[],"picked":"Backflip","floor":42.0},{"not_picked":["Dodge and Roll"],"picked":"SKIP","floor":46.0},{"not_picked":["Backflip"],"picked":"SKIP","floor":47.0},{"not_picked":["Die Die Die+1"],"picked":"SKIP","floor":48.0},{"not_picked":[],"picked":"Die Die Die+1","floor":48.0}],"player_experience":902776,"relics_obtained":[{"floor":9.0,"key":"Bottled Lightning"},{"floor":14.0,"key":"Centennial Puzzle"},{"floor":26.0,"key":"Meat on the Bone"},{"floor":29.0,"key":"Turnip"},{"floor":40.0,"key":"Molten Egg 2"},{"floor":43.0,"key":"Bag of Preparation"},{"floor":48.0,"key":"MealTicket"}],"event_choices":[{"damage_healed":0.0,"max_hp_gain":0.0,"max_hp_loss":0.0,"gold_gain":0.0,"event_name":"Living Wall","player_choice":"Grow","floor":3.0,"gold_loss":0.0,"damage_taken":0.0,"cards_upgraded":["Neutralize"]},{"damage_healed":0.0,"max_hp_gain":0.0,"max_hp_loss":0.0,"gold_gain":150.0,"event_name":"Liars Game","player_choice":"AGREE","floor":5.0,"gold_loss":0.0,"damage_taken":0.0,"cards_obtained":["Doubt"]},{"damage_healed":0.0,"max_hp_gain":0.0,"max_hp_loss":0.0,"gold_gain":0.0,"event_name":"Drug Dealer","player_choice":"Inject Mutagens","floor":19.0,"gold_loss":0.0,"damage_taken":0.0,"relics_obtained":["MutagenicStrength"]},{"damage_healed":0.0,"max_hp_gain":5.0,"max_hp_loss":0.0,"gold_gain":0.0,"event_name":"Forgotten Altar","player_choice":"Shed Blood","floor":24.0,"gold_loss":0.0,"damage_taken":23.0},{"damage_healed":0.0,"max_hp_gain":0.0,"max_hp_loss":0.0,"gold_gain":50.0,"event_name":"Nest","player_choice":"Stole From Cult","floor":30.0,"gold_loss":0.0,"damage_taken":0.0},{"damage_healed":0.0,"max_hp_gain":0.0,"max_hp_loss":0.0,"gold_gain":0.0,"event_name":"N\u0027loth","player_choice":"Ignored","floor":31.0,"gold_loss":0.0,"damage_taken":0.0}],"is_beta":false,"boss_relics":[{"not_picked":["Tiny House","Runic Dome"],"picked":"Astrolabe"},{"not_picked":["Snecko Eye","Philosopher\u0027s Stone"],"picked":"Busted Crown"}],"items_purged_floors":[10,37,45],"is_endless":false,"potions_floor_spawned":[2,7,8,11,18,22,28,40,42,46,47,48],"ascension_level":20}}