{"host":"fjaupvxe7fzqrf4j","time":1608971054,"event":{"mods":["ATMod(°¢èªMod)","BaseMod","Minty Spire (QoL Compilation)","StSLib"],"gold_per_floor":[115,191,24,37,37,37,97,130,182,182,242,293,354,393,393,539,539,578,578,642,9,53,53,160,248,298,298,324,324,324,378,378,480,480,617,617,254,254,129,182,182,332,355,452,452,452,503,588,588,613,663,663,663,126,203,228],"floor_reached":57,"playtime":1905,"items_purged":["Strike_R","Strike_R","Strike_R"],"score":3335,"play_id":"820207eb-33f6-4c73-9799-1018a8ea002d","local_time":"20201226162414","is_ascension_mode":true,"campfire_choices":[{"data":"AT_OneInchPunch","floor":6.0,"key":"SMITH"},{"data":"Sword Boomerang","floor":10.0,"key":"SMITH"},{"data":"Dark Embrace","floor":15.0,"key":"SMITH"},{"data":"Evolve","floor":23.0,"key":"SMITH"},{"data":"Burning Pact","floor":29.0,"key":"SMITH"},{"data":"Second Wind","floor":32.0,"key":"SMITH"},{"floor":46.0,"key":"RECALL"},{"data":"AT_DiedThrough","floor":49.0,"key":"SMITH"},{"data":"Intimidate","floor":53.0,"key":"SMITH"}],"circlet_count":0,"master_deck":["AscendersBane","Defend_R","Defend_R","Defend_R","Defend_R","Bash","AT_OneInchPunch+1","Bloodletting","Sword Boomerang+1","Intimidate+1","Dark Embrace+1","Evolve+1","Corruption+1","Seeing Red","Shrug It Off","Burning Pact+1","Master of Strategy+1","Entrench+1","AT_DiedThrough+1","Second Wind+1","Offering","Pommel Strike+1","Sword Boomerang+1","Rage+1","Feel No Pain+1","Shrug It Off","Master of Strategy","Finesse"],"relics":["Burning Blood","AT_ATBox","NeowsBlessing","Mummified Hand","Brimstone","Bottled Flame","Letter Opener","AT_MibuBalloonWealth","Juzu Bracelet","Runic Pyramid","AT_EbonyIvory","Strawberry","Blood Vial","Red Skull","Sundial","Mark of Pain","AT_DeathDance","AT_ImmortalShieldbow","Bag of Marbles","AT_SunfireAegis","Lizard Tail","Unceasing Top","Happy Flower","Membership Card","Bronze Scales","Centennial Puzzle","Akabeko"],"acts_visited":["Exordium","TheCity","TheBeyond","TheEnding"],"potions_floor_usage":[56,56],"damage_taken":[{"damage":0.0,"enemies":"Cultist","floor":1.0,"turns":1.0},{"damage":0.0,"enemies":"2 Louse","floor":4.0,"turns":1.0},{"damage":0.0,"enemies":"3 Sentries","floor":7.0,"turns":2.0},{"damage":0.0,"enemies":"Lagavulin","floor":8.0,"turns":2.0},{"damage":0.0,"enemies":"Gremlin Nob","floor":11.0,"turns":2.0},{"damage":0.0,"enemies":"Small Slimes","floor":13.0,"turns":2.0},{"damage":0.0,"enemies":"Blue Slaver","floor":14.0,"turns":1.0},{"damage":0.0,"enemies":"Slime Boss","floor":16.0,"turns":5.0},{"damage":0.0,"enemies":"Spheric Guardian","floor":18.0,"turns":1.0},{"damage":2.0,"enemies":"2 Thieves","floor":20.0,"turns":2.0},{"damage":2.0,"enemies":"Snecko","floor":22.0,"turns":3.0},{"damage":24.0,"enemies":"Slavers","floor":24.0,"turns":3.0},{"damage":0.0,"enemies":"3 Cultists","floor":25.0,"turns":3.0},{"damage":14.0,"enemies":"Book of Stabbing","floor":31.0,"turns":2.0},{"damage":1.0,"enemies":"Champ","floor":33.0,"turns":5.0},{"damage":6.0,"enemies":"3 Darklings","floor":35.0,"turns":3.0},{"damage":6.0,"enemies":"Giant Head","floor":40.0,"turns":4.0},{"damage":6.0,"enemies":"Reptomancer","floor":42.0,"turns":2.0},{"damage":6.0,"enemies":"2 Orb Walkers","floor":44.0,"turns":2.0},{"damage":6.0,"enemies":"Giant Head","floor":47.0,"turns":2.0},{"damage":10.0,"enemies":"3 Shapes","floor":48.0,"turns":3.0},{"damage":8.0,"enemies":"Time Eater","floor":50.0,"turns":5.0},{"damage":9.0,"enemies":"Donu and Deca","floor":51.0,"turns":3.0},{"damage":0.0,"enemies":"Shield and Spear","floor":55.0,"turns":2.0},{"damage":32,"enemies":"The Heart","floor":56,"turns":5}],"seed_played":"-8876913827550264147","potions_obtained":[{"floor":1.0,"key":"Fruit Juice"},{"floor":4.0,"key":"AttackPotion"},{"floor":13.0,"key":"PowerPotion"},{"floor":16.0,"key":"PowerPotion"},{"floor":33.0,"key":"Block Potion"},{"floor":40.0,"key":"AttackPotion"},{"floor":42.0,"key":"BlessingOfTheForge"}],"is_trial":false,"path_per_floor":["M","T","$","M","?","R","?","E","T","R","E","T","M","M","R","B",null,"M","?","M","$","M","R","E","M","T","?","T","R","?","E","R","B",null,"M","?","$","?","$","E","?","E","T","?","T","R","E","M","R","B","B",null,"R","$","E","B",null],"character_chosen":"IRONCLAD","items_purchased":["Brimstone","Shrug It Off","Burning Pact","AT_EbonyIvory","ColorlessPotion","Master of Strategy","AT_DeathDance","Membership Card","Bronze Scales","Centennial Puzzle","PowerPotion","SkillPotion","Shrug It Off","Master of Strategy","Finesse"],"campfire_rested":0,"item_purchase_floors":[3,21,21,21,21,21,37,54,54,54,54,54,54,54,54],"current_hp_per_floor":[74,74,74,75,80,80,80,80,80,80,80,80,80,80,80,80,80,80,80,80,85,85,85,74,80,80,80,80,80,80,74,74,81,89,91,91,91,87,87,87,87,87,87,87,87,87,87,83,83,83,82,86,86,86,87,61],"gold":228,"neow_bonus":"THREE_ENEMY_KILL","is_daily":false,"chose_seed":false,"campfire_upgraded":8,"win_rate":0.0,"timestamp":1608971054,"path_taken":["M","?","?","M","?","R","?","E","T","R","E","?","M","M","R","BOSS","M","?","M","$","M","R","E","M","T","?","?","R","?","E","R","BOSS","M","?","$","?","$","E","?","E","T","?","?","R","E","M","R","BOSS","BOSS","R","$","E","BOSS"],"items_purchased_type":["Relic","Card","Card","Relic","Potion","Card","Relic","Relic","Relic","Relic","Potion","Potion","Card","Card","Card"],"build_version":"2020-12-22","purchased_purges":3,"victory":true,"max_hp_per_floor":[75,75,75,75,80,80,80,80,80,80,80,80,80,80,80,80,80,80,80,80,85,85,85,92,92,92,92,92,92,92,92,92,92,92,92,92,92,87,87,87,87,87,87,87,87,87,87,87,87,87,87,87,87,87,87,87],"card_choices":[{"not_picked":["Bloodletting","Sever Soul","Clothesline"],"picked":"SKIP","floor":1.0},{"not_picked":["Sever Soul","Clothesline"],"picked":"Bloodletting","floor":1.0},{"not_picked":["Fire Breathing","Hemokinesis","Clash"],"picked":"SKIP","floor":4.0},{"not_picked":["AT_BodySlamDance","Cleave"],"picked":"Sword Boomerang","floor":7.0},{"not_picked":["Metallicize","Iron Wave"],"picked":"Intimidate","floor":8.0},{"not_picked":["Cleave","AT_IchimonjiDouble"],"picked":"Dark Embrace","floor":11.0},{"not_picked":["Shrug It Off","Dropkick"],"picked":"Evolve","floor":13.0},{"not_picked":["AT_BodySlamDance","Hemokinesis","AT_ManFootWork"],"picked":"SKIP","floor":14.0},{"not_picked":["Berserk","AT_Dispersion"],"picked":"Corruption","floor":16.0},{"not_picked":["AT_GerminateFire","Whirlwind","Blood for Blood"],"picked":"SKIP","floor":18.0},{"not_picked":["Warcry+1","Reckless Charge"],"picked":"Seeing Red","floor":20.0},{"not_picked":["Body Slam","Clothesline","Evolve"],"picked":"SKIP","floor":22.0},{"not_picked":["Spot Weakness","Burning Pact","Perfected Strike"],"picked":"SKIP","floor":24.0},{"not_picked":["AT_IchimonjiDouble","Thunderclap"],"picked":"Entrench+1","floor":25.0},{"not_picked":["Dropkick","Sentinel"],"picked":"Second Wind","floor":31.0},{"not_picked":["Impervious","Limit Break"],"picked":"Offering","floor":33.0},{"not_picked":["Cleave","Twin Strike","Body Slam"],"picked":"SKIP","floor":35.0},{"not_picked":["Clash","Evolve"],"picked":"Pommel Strike+1","floor":40.0},{"not_picked":["AT_DrawKnifeCut","Blood for Blood","Dark Embrace"],"picked":"SKIP","floor":42.0},{"not_picked":["Intimidate","Anger"],"picked":"Sword Boomerang+1","floor":44.0},{"not_picked":["Perfected Strike","Shrug It Off"],"picked":"Rage+1","floor":47.0},{"not_picked":["Berserk","Sentinel+1"],"picked":"Feel No Pain+1","floor":48.0},{"not_picked":["Spot Weakness","AT_IchimonjiDouble","Anger"],"picked":"SKIP","floor":55.0}],"player_experience":300757,"relics_obtained":[{"floor":2.0,"key":"Mummified Hand"},{"floor":7.0,"key":"Bottled Flame"},{"floor":8.0,"key":"Letter Opener"},{"floor":9.0,"key":"AT_MibuBalloonWealth"},{"floor":11.0,"key":"Juzu Bracelet"},{"floor":24.0,"key":"Strawberry"},{"floor":26.0,"key":"Blood Vial"},{"floor":28.0,"key":"Red Skull"},{"floor":31.0,"key":"Sundial"},{"floor":40.0,"key":"AT_ImmortalShieldbow"},{"floor":42.0,"key":"Bag of Marbles"},{"floor":43.0,"key":"AT_SunfireAegis"},{"floor":44.0,"key":"Lizard Tail"},{"floor":45.0,"key":"Unceasing Top"},{"floor":47.0,"key":"Happy Flower"},{"floor":55.0,"key":"Akabeko"}],"event_choices":[{"damage_healed":0.0,"max_hp_gain":5.0,"max_hp_loss":0.0,"gold_gain":0.0,"event_name":"Big Fish","player_choice":"Donut","floor":5.0,"gold_loss":0.0,"damage_taken":0.0},{"damage_healed":0.0,"max_hp_gain":0.0,"max_hp_loss":0.0,"gold_gain":30.0,"event_name":"Dead Adventurer","player_choice":"Searched \u00272\u0027 times","floor":7.0,"gold_loss":0.0,"damage_taken":0.0},{"damage_healed":0.0,"max_hp_gain":0.0,"max_hp_loss":0.0,"gold_gain":0.0,"event_name":"Upgrade Shrine","player_choice":"Upgraded","floor":19.0,"gold_loss":0.0,"damage_taken":0.0,"cards_upgraded":["Corruption"]},{"damage_healed":0.0,"max_hp_gain":0.0,"max_hp_loss":0.0,"gold_gain":0.0,"event_name":"Accursed Blacksmith","player_choice":"Forge","floor":27.0,"gold_loss":0.0,"damage_taken":0.0,"cards_upgraded":["Master of Strategy"]},{"damage_healed":0.0,"max_hp_gain":0.0,"max_hp_loss":0.0,"gold_gain":0.0,"cards_transformed":["Strike_R","Strike_R"],"event_name":"Drug Dealer","player_choice":"Became Test Subject","floor":30.0,"gold_loss":0.0,"damage_taken":0.0,"cards_obtained":["Dual Wield","AT_DiedThrough"]},{"cards_removed":["Dual Wield"],"damage_healed":0.0,"max_hp_gain":0.0,"max_hp_loss":0.0,"gold_gain":0.0,"event_name":"Falling","player_choice":"Removed Skill","floor":36.0,"gold_loss":0.0,"damage_taken":0.0},{"damage_healed":0.0,"max_hp_gain":0.0,"max_hp_loss":5.0,"gold_gain":0.0,"event_name":"Winding Halls","player_choice":"Max HP","floor":38.0,"gold_loss":0.0,"damage_taken":0.0},{"damage_healed":0.0,"max_hp_gain":0.0,"max_hp_loss":0.0,"gold_gain":0.0,"event_name":"Tomb of Lord Red Mask","player_choice":"Ignored","floor":41.0,"gold_loss":0.0,"damage_taken":0.0},{"damage_healed":0.0,"max_hp_gain":0.0,"max_hp_loss":0.0,"gold_gain":0.0,"event_name":"Mysterious Sphere","player_choice":"Fight","floor":44.0,"gold_loss":0.0,"damage_taken":0.0}],"is_beta":false,"boss_relics":[{"not_picked":["Ectoplasm","Sozu"],"picked":"Runic Pyramid"},{"not_picked":["Cursed Key","Snecko Eye"],"picked":"Mark of Pain"}],"items_purged_floors":[21,37,39],"is_endless":false,"potions_floor_spawned":[1,4,13,16,20,33,40,42],"ascension_level":20}}