{"host":"bbld1ic1uj90ldt9","time":1608995824,"event":{"mods":["2.2 Compatiblity","AchievementEnabler","Act Like it!","BaseMod","Better Third Choice","Conspire","Downfall","Emptier Cage","Gensokyo","Hallownest","Hermit","Highlight Path","Hubris","Marisa????????","Minty Spire (QoL Compilation)","Random Character Button","Replay The Spire","StSLib","The Animator","The Bug Knight","The Cursed","The Disciple","The Hierophant","The Jungle","The Runesmith","The Servant 0.9.4"],"gold_per_floor":[112,112,112,58,63,63,65,65,65,48,70,67,80,79,79,57,57],"floor_reached":16,"playtime":1665,"items_purged":[],"score":131,"play_id":"3207736c-15ab-4bae-a3db-dfd247d2c5ed","local_time":"20201226161704","is_ascension_mode":false,"campfire_choices":[{"floor":6,"key":"REST"},{"floor":8,"key":"REST"},{"floor":15,"key":"RECALL"}],"circlet_count":0,"master_deck":["hierophant:Strike_Hierophant","hierophant:Strike_Hierophant","hierophant:Punish","hierophant:Defend_Hierophant","hierophant:Defend_Hierophant","hierophant:Defend_Hierophant","hierophant:ChurchCoffers","hierophant:HolyVerse","hierophant:Doubloon","hierophant:Charity","hierophant:CoinFling+1","hierophant:Doubloon","hierophant:PristineSoul","hierophant:RepressedViolence","hierophant:Doubloon","hierophant:Remorse","hierophant:Doomsaying","hierophant:Smite","hierophant:Glossolalia","hierophant:Community"],"relics":["hierophant:PropheticMaskRelic","White Beast Statue","ReplayFunnel"],"acts_visited":["Gensokyo:Gensokyo"],"potions_floor_usage":[11,13],"damage_taken":[{"damage":0,"enemies":"Gensokyo:2_Kodama","floor":1,"turns":4},{"damage":4,"enemies":"Gensokyo:Python","floor":3,"turns":3},{"damage":7,"enemies":"Gensokyo:Gryphon","floor":5,"turns":3},{"damage":5,"enemies":"Gensokyo:VengefulSpirit","floor":7,"turns":4},{"damage":11,"enemies":"Gensokyo:CorruptedTreant","floor":10,"turns":3},{"damage":0,"enemies":"Gensokyo:Cirno","floor":11,"turns":2},{"damage":1,"enemies":"Gensokyo:Python_and_Kodama","floor":12,"turns":4},{"damage":0,"enemies":"Gensokyo:5_Fairies","floor":13,"turns":2},{"damage":0,"enemies":"Gensokyo:2_Rabbits","floor":14,"turns":3},{"damage":72,"enemies":"Gensokyo:Reimu","floor":16,"turns":11}],"seed_played":"-7142908271359944729","potions_obtained":[{"floor":5,"key":"Reflective Coating"},{"floor":7,"key":"Strength Potion"},{"floor":10,"key":"BlessingOfTheForge"},{"floor":11,"key":"Explosive Potion"},{"floor":13,"key":"Swift Potion"},{"floor":14,"key":"CultistPotion"}],"is_trial":false,"path_per_floor":["M","?","M","$","M","R","M","R","T","M","E","M","M","M","R","B"],"character_chosen":"HIEROPHANT","items_purchased":["hierophant:CoinFling+1"],"campfire_rested":2,"item_purchase_floors":[4],"current_hp_per_floor":[82,50,46,46,39,63,58,82,82,71,71,70,70,70,70,0,0],"gold":57,"neow_bonus":"TEN_PERCENT_HP_BONUS","is_daily":false,"chose_seed":false,"campfire_upgraded":0,"win_rate":0.0,"timestamp":1608995824,"path_taken":["M","?","M","?","M","R","M","R","T","M","E","M","M","M","R","BOSS"],"items_purchased_type":["Card"],"build_version":"2020-12-22","purchased_purges":0,"victory":false,"max_hp_per_floor":[82,82,82,82,82,82,82,82,82,82,82,82,82,82,82,82,82],"card_choices":[{"not_picked":["hierophant:Chorus","hierophant:Encroach"],"picked":"hierophant:HolyVerse","floor":1},{"not_picked":["hierophant:Repentance","hierophant:Exaltation"],"picked":"hierophant:Charity","floor":3},{"not_picked":["hierophant:Smite","hierophant:Chorus"],"picked":"hierophant:PristineSoul","floor":5},{"not_picked":["hierophant:HolyVerse","hierophant:Purify"],"picked":"hierophant:RepressedViolence","floor":7},{"not_picked":["hierophant:MorningPrayer","hierophant:WrathOfGod"],"picked":"hierophant:Remorse","floor":10},{"not_picked":["hierophant:Flagellation","hierophant:Repentance"],"picked":"hierophant:Doomsaying","floor":11},{"not_picked":["hierophant:HolyVerse","hierophant:SealAway"],"picked":"hierophant:Smite","floor":12},{"not_picked":["hierophant:Sermon","hierophant:Smite"],"picked":"hierophant:Glossolalia","floor":13},{"not_picked":["hierophant:Embezzle","hierophant:Sermon"],"picked":"hierophant:Community","floor":14}],"player_experience":2170691,"relics_obtained":[{"floor":9,"key":"White Beast Statue"},{"floor":11,"key":"ReplayFunnel"}],"event_choices":[],"is_beta":false,"boss_relics":[],"items_purged_floors":[],"is_endless":false,"potions_floor_spawned":[5,7,10,11,12,13,14],"killed_by":"Gensokyo:Reimu","ascension_level":0}}