{"host":"w31as9kcl9qjbzmo","time":1608981353,"event":{"mods":["BaseMod","Friendly Minions","Lobotomy","Minty Spire (QoL Compilation)","StSLib"],"gold_per_floor":[114,125,138,151,116,148,164,67,67,67,84,103,103,160,160,261,261,280,280,280],"floor_reached":19,"playtime":1347,"items_purged":["Mercenary"],"score":221,"play_id":"80b08e3e-b1da-435d-9066-4b67f32bcd78","local_time":"20201226201553","is_ascension_mode":false,"campfire_choices":[{"floor":10,"key":"REST"}],"circlet_count":0,"master_deck":["SpecialBullet","SpecialBullet","SpecialBullet","SpecialBullet","SpecialBullet","SpecialBullet","SpecialBullet","SpecialBullet","InformationCode","SecurityCode","CentralCode","Wellcheers","Harvest","MHz","ShyLook","TodaysExpression","CherryBlossoms","Lamp+2","OSAHOGD","Horn","Soda","WristCuter","BigBird","Christmas","VoidDream","Ecstasy","PunishingBird","RedEyes","DisciplinaryCode","BeautyBeast","SoundOfStar","WallGazer","Lantern"],"relics":["CogitoBucket","The Courier","HellTrain","Ornamental Fan","Potion Belt","SlaversCollar","BackwardClock"],"acts_visited":["Exordium","TheCity"],"potions_floor_usage":[6,16],"damage_taken":[{"damage":6,"enemies":"Cultist","floor":1,"turns":3},{"damage":10,"enemies":"Small Slimes","floor":2,"turns":2},{"damage":5,"enemies":"2 Louse","floor":3,"turns":2},{"damage":26,"enemies":"Large Slime","floor":4,"turns":5},{"damage":52,"enemies":"Lagavulin","floor":6,"turns":7},{"damage":30,"enemies":"Lots of Slimes","floor":7,"turns":4},{"damage":7,"enemies":"Blue Slaver","floor":11,"turns":2},{"damage":13,"enemies":"Exordium Thugs","floor":12,"turns":3},{"damage":6,"enemies":"Gremlin Nob","floor":14,"turns":3},{"damage":27,"enemies":"Slime Boss","floor":16,"turns":5},{"damage":99,"enemies":"Spheric Guardian","floor":18,"turns":6}],"seed_played":"847362540944858556","potions_obtained":[{"floor":1,"key":"AttackPotion"},{"floor":4,"key":"LiquidBronze"},{"floor":11,"key":"ColorlessPotion"},{"floor":12,"key":"FairyPotion"},{"floor":16,"key":"Dexterity Potion"}],"is_trial":false,"path_per_floor":["M","M","M","M","?","E","M","$","T","R","M","M","R","?","R","B",null,"M","M"],"character_chosen":"Angela","items_purchased":["WristCuter"],"campfire_rested":1,"item_purchase_floors":[8],"current_hp_per_floor":[65,63,69,54,75,34,12,12,12,37,38,40,40,47,47,39,96,32,0,0],"gold":280,"neow_bonus":"TWENTY_PERCENT_HP_BONUS","is_daily":false,"chose_seed":false,"campfire_upgraded":0,"win_rate":0.0,"timestamp":1608981353,"path_taken":["M","M","M","M","?","E","M","?","T","R","M","M","R","?","R","BOSS","M","M"],"items_purchased_type":["Card"],"build_version":"2020-12-22","purchased_purges":1,"victory":false,"max_hp_per_floor":[84,84,84,84,84,84,84,84,84,84,84,88,88,92,92,96,96,100,100,100],"card_choices":[{"not_picked":["Scorched","CherryBlossoms"],"picked":"Wellcheers","floor":1},{"not_picked":["Tough"],"picked":"Harvest","floor":1},{"not_picked":["QueenBee","Bloodbath"],"picked":"MHz","floor":2},{"not_picked":["LifeForTheDareDevil","Amita"],"picked":"SKIP","floor":2},{"not_picked":["SnowQueen","CrumblingArmor"],"picked":"ShyLook","floor":3},{"not_picked":["Justitia"],"picked":"TodaysExpression","floor":3},{"not_picked":["Bloodbath","MeatLantern"],"picked":"CherryBlossoms","floor":4},{"not_picked":["Harmony"],"picked":"Lamp","floor":4},{"not_picked":["NakedNest","FairyFestival"],"picked":"OSAHOGD","floor":6},{"not_picked":["Tough"],"picked":"Horn","floor":6},{"not_picked":["FairyFestival","Scorched"],"picked":"Mercenary","floor":7},{"not_picked":["Beak"],"picked":"Soda","floor":7},{"not_picked":["BeautyBeast","BlackSwan"],"picked":"BigBird","floor":11},{"not_picked":["Penitence"],"picked":"Christmas","floor":11},{"not_picked":["SpiderBud","SingingMachine"],"picked":"VoidDream","floor":12},{"not_picked":["Spore"],"picked":"Ecstasy","floor":12},{"not_picked":["RedShoes","Mercenary"],"picked":"PunishingBird","floor":14},{"not_picked":["Tough"],"picked":"RedEyes","floor":14},{"not_picked":["MeatLantern","Scorched"],"picked":"BeautyBeast","floor":16},{"not_picked":["Justitia"],"picked":"SoundOfStar","floor":16},{"not_picked":["OldLady","Scorched"],"picked":"WallGazer","floor":18},{"not_picked":["BlackSwan_ego"],"picked":"Lantern","floor":18}],"player_experience":342075,"relics_obtained":[{"floor":6,"key":"The Courier"},{"floor":9,"key":"Ornamental Fan"},{"floor":14,"key":"Potion Belt"}],"event_choices":[{"damage_healed":21,"gold_gain":0,"player_choice":"Healed","damage_taken":0,"max_hp_gain":0,"max_hp_loss":0,"event_name":"The Cleric","floor":5,"gold_loss":35},{"damage_healed":0,"gold_gain":0,"player_choice":"Searched \u00271\u0027 times","damage_taken":0,"max_hp_gain":0,"max_hp_loss":0,"event_name":"Dead Adventurer","floor":14,"gold_loss":0}],"is_beta":false,"boss_relics":[{"not_picked":["Velvet Choker","Philosopher\u0027s Stone"],"picked":"SlaversCollar"}],"items_purged_floors":[8],"is_endless":false,"potions_floor_spawned":[1,4,11,12,16],"killed_by":"Shell Parasite","ascension_level":0}}