{"host":"y7sd46uq4xlni546","time":1608983085,"event":{"mods":["AchievementEnabler","BaseMod","Colored Map","Colored Powertips","Curses Come First","Minty Spire (QoL Compilation)","Random Character Button","Rare Cards Sparkle","StSLib"],"gold_per_floor":[116,116,116,79,99,99,274,300,324,355,386,386,386],"floor_reached":12,"playtime":406,"items_purged":[],"score":134,"play_id":"65f6a9ce-2496-47af-9b93-678ddbc9db50","local_time":"20201226124445","daily_mods":["SealedDeck","ControlledChaos","Heirloom","Time Dilation","Flight"],"is_ascension_mode":false,"campfire_choices":[{"data":"Sunder","floor":6,"key":"SMITH"}],"circlet_count":0,"master_deck":["Demon Form","Wraith Form v2","Echo Form+1","DevaForm","Self Repair","Defragment","Capacitor","Glacier","Hologram","Chaos+1","Hologram+1","Hologram","Streamline","Streamline","Defragment","Sunder+1","Doubt"],"relics":["Snecko Eye","Unceasing Top","Thread and Needle","Smiling Mask","Lantern","Pen Nib","CeramicFish"],"acts_visited":["Exordium"],"potions_floor_usage":[],"damage_taken":[{"damage":0,"enemies":"Jaw Worm","floor":1,"turns":3},{"damage":0,"enemies":"2 Louse","floor":5,"turns":1},{"damage":0,"enemies":"Lagavulin","floor":10,"turns":4},{"damage":0,"enemies":"Gremlin Nob","floor":11,"turns":2},{"damage":0,"enemies":"Lagavulin","floor":12,"turns":3}],"seed_played":"-2593909653307016753","potions_obtained":[{"floor":1,"key":"Swift Potion"},{"floor":5,"key":"LiquidBronze"}],"is_trial":true,"path_per_floor":["M","?","?","$","M","R","?","T","T","E","E","E"],"character_chosen":"DEFECT","items_purchased":["Sunder"],"campfire_rested":0,"item_purchase_floors":[4],"current_hp_per_floor":[75,60,60,60,60,60,60,60,60,60,67,67,67],"gold":386,"neow_bonus":"","is_daily":false,"chose_seed":false,"campfire_upgraded":1,"win_rate":0.0,"timestamp":1608983085,"path_taken":["M","?","?","?","?","R","?","?","T","E","E","E"],"items_purchased_type":["Card"],"build_version":"2020-12-22","purchased_purges":0,"victory":false,"max_hp_per_floor":[75,75,75,75,75,75,75,75,75,75,75,75,75],"card_choices":[{"not_picked":["Undo","Scrape"],"picked":"Defragment","floor":1},{"not_picked":["Scrape","Conserve Battery","Hologram"],"picked":"SKIP","floor":5},{"not_picked":["Cold Snap","Rip and Tear","Hologram"],"picked":"SKIP","floor":10},{"not_picked":["Streamline","Hologram","Stack"],"picked":"SKIP","floor":11}],"player_experience":509467,"relics_obtained":[{"floor":8,"key":"Smiling Mask"},{"floor":9,"key":"Lantern"},{"floor":10,"key":"Pen Nib"},{"floor":11,"key":"CeramicFish"}],"event_choices":[{"damage_healed":0,"gold_gain":0,"player_choice":"Entered Light","damage_taken":15,"max_hp_gain":0,"max_hp_loss":0,"event_name":"Shining Light","floor":2,"gold_loss":0,"cards_upgraded":["Chaos","Hologram"]},{"damage_healed":0,"gold_gain":0,"player_choice":"Grow","damage_taken":0,"max_hp_gain":0,"max_hp_loss":0,"event_name":"Living Wall","floor":3,"gold_loss":0,"cards_upgraded":["Echo Form"]},{"damage_healed":0,"gold_gain":175,"player_choice":"AGREE","damage_taken":0,"max_hp_gain":0,"max_hp_loss":0,"event_name":"Liars Game","floor":7,"gold_loss":0,"cards_obtained":["Doubt"]}],"is_beta":false,"boss_relics":[],"items_purged_floors":[],"is_endless":false,"potions_floor_spawned":[1,5],"killed_by":"Lagavulin","ascension_level":0}}