{"host":"9kjfrj3pewitpdem","time":1608983234,"event":{"mods":["AchievementEnabler","BaseMod","Better Altar","Better Match","Better Note","Better Sensory Stone","Better Skull","Better Third Choice","BetterRewards","Colored Map","Colored Powertips","GifTheSpireLib","Hermit","Hero for Fun","Hubris","Jorbs\u0027s Wanderer Trilogy","Minty Spire (QoL Compilation)","Replay The Spire","StSLib","The Bladedancer","The Cursed","The Hierophant","The Runesmith","The Servant 0.9.4"],"gold_per_floor":[117,136,136,45,55,55,65,78,102,118,118,118,134,4,4,108,108,126,66,78,91,108,108,108],"floor_reached":23,"playtime":1259,"items_purged":[],"score":189,"play_id":"ee00c795-866d-4fd0-8804-fbcfc689b460","local_time":"20201226224714","is_ascension_mode":false,"campfire_choices":[{"data":"Runesmith:Grindstone","floor":6,"key":"SMITH"},{"data":"Runesmith:CraftFirestone","floor":15,"key":"SMITH"}],"circlet_count":0,"master_deck":["Runesmith:Strike_RS","Runesmith:Strike_RS","Runesmith:Defend_RS","Runesmith:Defend_RS","Runesmith:Defend_RS","Runesmith:Defend_RS+1","Runesmith:CraftFirestone+1","Runesmith:Fortify","Runesmith:EnergizedChisel","Runesmith:Grindstone+1","Runesmith:CraftMagma","Runesmith:HammerThrow","Runesmith:BackupBattery+1","Runesmith:EarthShield","Runesmith:EarthShield","Runesmith:HeatedChisel","Burn","Runesmith:CraftVitae","Finesse","Runesmith:CraftMagma","Runesmith:ReplicatingBarrier","Runesmith:Superposition","Runesmith:OneForEveryone","Runesmith:StaticCage","Runesmith:LithiumIon","Runesmith:ShiftingStrike","Runesmith:PoweredAnvil"],"relics":["Runesmith:BrokenRuby","NeowsBlessing","War Paint","Honey Jar"],"acts_visited":["Exordium","TheCity"],"potions_floor_usage":[11,16,16,20],"damage_taken":[{"damage":0,"enemies":"Jaw Worm","floor":1,"turns":1},{"damage":0,"enemies":"Cultist","floor":2,"turns":1},{"damage":0,"enemies":"Small Slimes","floor":5,"turns":1},{"damage":6,"enemies":"2 Fungi Beasts","floor":7,"turns":5},{"damage":12,"enemies":"3 Louse","floor":8,"turns":5},{"damage":0,"enemies":"Red Slaver","floor":10,"turns":4},{"damage":0,"enemies":"Exordium Thugs","floor":11,"turns":1},{"damage":4,"enemies":"2 Fungi Beasts","floor":13,"turns":4},{"damage":14,"enemies":"The Guardian","floor":16,"turns":11},{"damage":2,"enemies":"Shell Parasite","floor":18,"turns":7},{"damage":16,"enemies":"2 Thieves","floor":20,"turns":5},{"damage":12,"enemies":"Centurion and Healer","floor":21,"turns":8},{"damage":17,"enemies":"Snake Plant","floor":22,"turns":5},{"damage":24,"enemies":"Snecko","floor":23,"turns":5}],"seed_played":"2267246904532873649","potions_obtained":[{"floor":2,"key":"SmokeBomb"},{"floor":8,"key":"ColorlessPotion"},{"floor":10,"key":"Milkshake"},{"floor":16,"key":"Ancient Potion"},{"floor":18,"key":"SteroidPotion"},{"floor":21,"key":"Dexterity Potion"}],"is_trial":false,"path_per_floor":["M","M","?","$","M","R","M","M","T","M","M","?","M","$","R","B",null,"M","?","M","M","M","M"],"character_chosen":"RUNESMITH_CLASS","items_purchased":["Runesmith:CraftMagma","Runesmith:HammerThrow","Finesse","Runesmith:CraftMagma"],"campfire_rested":0,"item_purchase_floors":[4,4,14,14],"current_hp_per_floor":[70,70,70,70,70,70,64,52,52,52,52,52,48,48,48,34,70,68,68,52,40,23,0,0],"gold":108,"neow_bonus":"THREE_ENEMY_KILL","is_daily":false,"chose_seed":false,"campfire_upgraded":2,"win_rate":0.0,"timestamp":1608983234,"path_taken":["M","M","?","$","?","R","M","M","T","?","M","?","M","$","R","BOSS","M","?","M","M","?","M"],"items_purchased_type":["Card","Card","Card","Card"],"build_version":"2020-12-22","purchased_purges":0,"victory":false,"max_hp_per_floor":[70,70,70,70,70,70,70,70,70,70,70,70,70,70,70,70,70,70,70,70,70,70,70,70],"card_choices":[{"not_picked":["Runesmith:UnstableHammer","Runesmith:Augment"],"picked":"Runesmith:EnergizedChisel","floor":1},{"not_picked":["Runesmith:Prism","Runesmith:Attraction"],"picked":"Runesmith:Grindstone","floor":2},{"not_picked":["Runesmith:HeatedChisel","Runesmith:ShiftingStrike"],"picked":"Runesmith:BackupBattery","floor":5},{"not_picked":["Runesmith:LithiumIon","Runesmith:RuneHurl"],"picked":"Runesmith:EarthShield","floor":7},{"not_picked":["Runesmith:Malloc","Runesmith:HeatExchange"],"picked":"Runesmith:EarthShield","floor":8},{"not_picked":["Runesmith:Terraform","Runesmith:CraftMedicinae"],"picked":"Runesmith:HeatedChisel","floor":10},{"not_picked":["Runesmith:EnergizedChisel","Runesmith:EarthShield"],"picked":"Runesmith:CraftVitae","floor":13},{"not_picked":["Runesmith:MetallurgicalResearch","Runesmith:LastStand"],"picked":"Runesmith:ReplicatingBarrier","floor":16},{"not_picked":["Runesmith:Refine","Runesmith:EnergizedChisel","Runesmith:CraftObretio"],"picked":"Runesmith:Superposition","floor":18},{"not_picked":["Runesmith:RuneHurl","Runesmith:MakeshiftArmor","Runesmith:HeatedChisel+1"],"picked":"Runesmith:LithiumIon","floor":20},{"not_picked":["Runesmith:OneForEveryone","Runesmith:NanitesCloud","Runesmith:Prism"],"picked":"Runesmith:ShiftingStrike","floor":21},{"not_picked":["Runesmith:HammerThrow","Runesmith:ShiftingStrike+1","Runesmith:HammerAndChisel"],"picked":"Runesmith:PoweredAnvil","floor":22}],"player_experience":119612,"relics_obtained":[{"floor":9,"key":"War Paint"}],"event_choices":[{"damage_healed":0,"gold_gain":0,"player_choice":"Bought 0 Potions","damage_taken":0,"max_hp_gain":0,"max_hp_loss":0,"event_name":"The Woman in Blue","floor":3,"gold_loss":0},{"damage_healed":52,"gold_gain":0,"player_choice":"Embrace Burn","damage_taken":0,"max_hp_gain":0,"max_hp_loss":70,"event_name":"betterThird:BetterShining","floor":12,"gold_loss":0},{"damage_healed":0,"gold_gain":0,"cards_transformed":["Runesmith:Strike_RS","Runesmith:Strike_RS"],"player_choice":"Transformed Cards","damage_taken":0,"max_hp_gain":0,"max_hp_loss":0,"event_name":"Designer","floor":19,"gold_loss":60,"cards_obtained":["Runesmith:OneForEveryone","Runesmith:StaticCage"]}],"is_beta":false,"boss_relics":[{"not_picked":["hubris:CrackedHourglass","hubris:VirtuousBlindfold"],"picked":"Honey Jar"}],"items_purged_floors":[],"is_endless":false,"potions_floor_spawned":[2,8,10,11,16,18,21],"killed_by":"Snecko","ascension_level":0}}