{"host":"ttx8tv95o5vka1nm","time":1608968832,"event":{"mods":["BaseMod","Downfall","Minty Spire (QoL Compilation)","Replay The Spire","StSLib"],"gold_per_floor":[99,118,137,287,287,287,287,34,34,64,81,93,108,208,224,224,224,224],"floor_reached":16,"playtime":1931,"items_purged":["Slimebound:Icky"],"score":102,"play_id":"7560a0e9-a248-41a6-8117-80517d959389","local_time":"20201226174712","is_ascension_mode":false,"campfire_choices":[{"data":"Guardian:Strike_Guardian","floor":1,"key":"PURGE"},{"data":"Guardian:CurlUp","floor":6,"key":"SMITH"}],"circlet_count":0,"master_deck":["Guardian:Strike_Guardian","Guardian:Strike_Guardian","Guardian:Strike_Guardian","Guardian:Defend_Guardian","Guardian:Defend_Guardian","Guardian:Defend_Guardian","Guardian:Defend_Guardian","Guardian:CurlUp+1","Guardian:TwinSlam","Guardian:Gem_Green","Guardian:BronzeOrb","Guardian:Orbwalk","Guardian:Gem_Purple","Guardian:CrystalBeam","Guardian:RollAttack","Guardian:Planning","Guardian:ShieldCharger","Guardian:ShieldCharger","Guardian:Gem_Synthetic","Guardian:Repulse","Guardian:Gem_Green","Amnesia","Guardian:Gem_Red","Replay:SS_forest_6","Guardian:SpikerProtocol","Guardian:DecasProtection"],"relics":["Guardian:ModeShifter","Torii","ReplayTheSpireMod:CursedCoin","Bronze Scales","Lantern","downfall:GremlinSack"],"acts_visited":["Exordium"],"potions_floor_usage":[13,14],"damage_taken":[{"damage":1,"enemies":"Jaw Worm","floor":2,"turns":4},{"damage":0,"enemies":"Small Slimes","floor":3,"turns":4},{"damage":0,"enemies":"downfall:FleeingMerchant","floor":8,"turns":4},{"damage":43,"enemies":"Gremlin Nob","floor":10,"turns":6},{"damage":0,"enemies":"Cultist","floor":11,"turns":3},{"damage":6,"enemies":"Exordium Thugs","floor":12,"turns":3},{"damage":1,"enemies":"Large Slime","floor":13,"turns":5},{"damage":16,"enemies":"Large Slime","floor":14,"turns":6},{"damage":2,"enemies":"Exordium Thugs","floor":15,"turns":6},{"damage":54,"enemies":"downfall:Ironclad","floor":16,"turns":9}],"seed_played":"5431288386185312972","potions_obtained":[{"floor":2,"key":"Cursed Concoction"},{"floor":11,"key":"EssenceOfSteel"},{"floor":12,"key":"Adrenaline Potion"}],"is_trial":false,"path_per_floor":["R","M","M","?","?","R","T","$","?","E","M","M","M","?","M","B"],"character_chosen":"GUARDIAN","items_purchased":["ReplayTheSpireMod:CursedCoin","Bronze Scales","Guardian:Orbwalk","Guardian:Gem_Purple","Guardian:CrystalBeam"],"campfire_rested":0,"item_purchase_floors":[8,8,8,8,8],"current_hp_per_floor":[88,87,87,87,87,87,87,87,87,44,44,38,37,21,27,0,0,0],"gold":224,"neow_bonus":"TEN_PERCENT_HP_BONUS","is_daily":false,"chose_seed":false,"campfire_upgraded":1,"win_rate":0.0,"timestamp":1608968832,"path_taken":["R","M","M","?","?","R","T","$","?","E","M","M","M","?","M","BOSS"],"items_purchased_type":["Relic","Relic","Card","Card","Card"],"build_version":"2020-12-22","purchased_purges":1,"victory":false,"max_hp_per_floor":[88,88,88,88,88,88,88,88,88,88,88,88,88,88,88,88,88,88],"card_choices":[{"not_picked":["Guardian:Repulse","Guardian:Recover"],"picked":"Guardian:Gem_Green","floor":2},{"not_picked":["Guardian:Suspension","Guardian:Gem_Lightblue"],"picked":"Guardian:Gem_Cyan","floor":3},{"not_picked":["Guardian:Suspension","Guardian:ChargeUp"],"picked":"Guardian:BronzeOrb","floor":8},{"not_picked":["Guardian:MultiBeam","Guardian:AncientConstruct"],"picked":"Guardian:RollAttack","floor":10},{"not_picked":["Guardian:CrystalBeam","Guardian:WalkerClaw"],"picked":"Guardian:Planning","floor":11},{"not_picked":["Guardian:CrystalBeam","Guardian:PrimingBeam"],"picked":"Guardian:ShieldCharger","floor":12},{"not_picked":["Guardian:Recover","Guardian:BronzeOrb"],"picked":"Guardian:ShieldCharger","floor":13},{"not_picked":["Guardian:CrystalBeam","Guardian:ChargeUp"],"picked":"Guardian:SpikerProtocol","floor":14},{"not_picked":["Guardian:PiercingHide","Guardian:TemporalShield"],"picked":"Guardian:DecasProtection","floor":15}],"player_experience":425118,"relics_obtained":[{"floor":7,"key":"Torii"},{"floor":10,"key":"Lantern"},{"floor":14,"key":"downfall:GremlinSack"}],"event_choices":[],"is_beta":false,"boss_relics":[],"items_purged_floors":[8],"is_endless":false,"potions_floor_spawned":[2,11,12],"killed_by":"downfall:Ironclad","ascension_level":0}}