{"host":"l017gercouzhorma","time":1608967902,"event":{"mods":["AchievementEnabler","Aspiration","BaseMod","Challenge The Spire","Conspire","Downfall","Halation","Hermit","Hubris","Infinite Spire","Jorbs\u0027s Wanderer Trilogy","Mad Scientist","Marisa????????","Mimic Mod","Minty Spire (QoL Compilation)","Random Character Button","Rare Cards Sparkle","Relic Stats","Replay The Spire","Shade Mod","StSLib","The Cursed","The Disciple","The Hierophant","The Jungle","The Runesmith","The Servant 0.9.4"],"gold_per_floor":[84,100,110,110,90,104,121,121,121],"floor_reached":8,"playtime":564,"items_purged":[],"score":52,"play_id":"a9595ea9-c00a-4265-9cdd-1d8c10755fef","local_time":"20201226003142","is_ascension_mode":false,"campfire_choices":[],"circlet_count":0,"master_deck":["hierophant:Strike_Hierophant","hierophant:Strike_Hierophant","hierophant:Strike_Hierophant","hierophant:Punish","hierophant:Defend_Hierophant","hierophant:Defend_Hierophant","hierophant:Defend_Hierophant","hierophant:Defend_Hierophant","hierophant:ChurchCoffers","hierophant:Prophecy","hierophant:HolyVerse","hierophant:HolyVerse","hierophant:Upheaval","hierophant:ArchangelShield","hierophant:FaithHealing","hierophant:Shelter"],"relics":["hierophant:PropheticMaskRelic","halation:EternalFortune"],"acts_visited":["Exordium"],"potions_floor_usage":[5,7,8],"damage_taken":[{"damage":23,"enemies":"Jaw Worm","floor":1,"turns":6},{"damage":10,"enemies":"Small Slimes","floor":2,"turns":2},{"damage":0,"enemies":"2 Louse","floor":3,"turns":1},{"damage":4,"enemies":"Looter","floor":5,"turns":3},{"damage":11,"enemies":"3 Louse","floor":6,"turns":2},{"damage":6,"enemies":"2 Fungi Beasts","floor":7,"turns":3},{"damage":27,"enemies":"3 Sentries","floor":8,"turns":2}],"seed_played":"7736965987277893212","potions_obtained":[{"floor":3,"key":"Weak Potion"},{"floor":5,"key":"Flashbang"},{"floor":6,"key":"Strength Potion"}],"is_trial":false,"path_per_floor":["M","M","M","?","M","M","M","E"],"character_chosen":"HIEROPHANT","items_purchased":[],"campfire_rested":0,"item_purchase_floors":[],"current_hp_per_floor":[52,42,42,45,41,30,24,0,0],"gold":121,"neow_bonus":"TRANSFORM_CARD","is_daily":false,"chose_seed":false,"campfire_upgraded":0,"win_rate":0.0,"timestamp":1608967902,"path_taken":["M","M","M","?","M","M","M","E"],"items_purchased_type":[],"build_version":"2020-12-22","purchased_purges":0,"victory":false,"max_hp_per_floor":[75,75,75,78,78,78,78,78,78],"relic_stats":{"counters":[7,19],"obtain_stats":[{"hierophant:PropheticMaskRelic":0,"halation:EternalFortune":4},{"hierophant:PropheticMaskRelic":0,"halation:EternalFortune":3},{"hierophant:PropheticMaskRelic":0,"halation:EternalFortune":9}]},"card_choices":[{"not_picked":["hierophant:RustyCrate","hierophant:SealAway"],"picked":"hierophant:HolyVerse","floor":1},{"not_picked":["hierophant:Dazzle","hierophant:CoinFling"],"picked":"hierophant:HolyVerse","floor":2},{"not_picked":["hierophant:Racketeering","hierophant:Encroach"],"picked":"hierophant:Upheaval","floor":3},{"not_picked":["hierophant:DisplayOfPower","hierophant:RustyCrate"],"picked":"hierophant:ArchangelShield","floor":5},{"not_picked":["hierophant:EyeForCoin","hierophant:Remorse"],"picked":"hierophant:FaithHealing","floor":6},{"not_picked":["hierophant:Encroach","hierophant:TollTheBells"],"picked":"hierophant:Shelter","floor":7}],"player_experience":766815,"relics_obtained":[],"event_choices":[],"is_beta":false,"boss_relics":[],"items_purged_floors":[],"is_endless":false,"potions_floor_spawned":[3,5,6],"killed_by":"3 Sentries","ascension_level":0}}