{"host":"qhhcmep1unj6mpf7","time":1608949112,"event":{"mods":["2.2 Compatiblity","AchievementEnabler","BaseMod","Colored Map","DeckTracker","Highlight Path","Keyboard Shortcuts","Minty Spire (QoL Compilation)","Permanent Neow","Quick Restart","Random Character Button","StSLib","SuperFastMode","everything is the same but u backflip on backflip"],"gold_per_floor":[20,20,38,48,59,59,85,10,34,54,68,93,22,22,22,22,22],"floor_reached":16,"playtime":931,"items_purged":["Strike_B"],"score":199,"play_id":"fda9b4b9-d5a4-4751-9dbe-d66a98e06acb","local_time":"20201226111832","is_ascension_mode":true,"campfire_choices":[{"data":"Fusion","floor":6,"key":"SMITH"},{"data":"Coolheaded","floor":15,"key":"SMITH"}],"circlet_count":0,"master_deck":["Strike_B","Strike_B","Defend_B","Defend_B","Defend_B","Defend_B","Zap","Dualcast","Reinforced Body","Core Surge","Bandage Up","Fusion+1","Glacier","Double Energy","Coolheaded+1","Skim"],"relics":["Cracked Core","Toy Ornithopter","Juzu Bracelet","Bronze Scales"],"acts_visited":["Exordium"],"potions_floor_usage":[7,11,12,12],"damage_taken":[{"damage":1.0,"enemies":"Cultist","floor":1.0,"turns":3.0},{"damage":5,"enemies":"2 Louse","floor":3,"turns":3},{"damage":0,"enemies":"Jaw Worm","floor":4,"turns":3},{"damage":5,"enemies":"3 Louse","floor":5,"turns":6},{"damage":23,"enemies":"Lagavulin","floor":7,"turns":8},{"damage":17,"enemies":"Exordium Thugs","floor":10,"turns":9},{"damage":4,"enemies":"2 Fungi Beasts","floor":11,"turns":5},{"damage":0,"enemies":"3 Sentries","floor":12,"turns":14},{"damage":68,"enemies":"Hexaghost","floor":16,"turns":15}],"seed_played":"-2293298358929914168","potions_obtained":[{"floor":1.0,"key":"AttackPotion"},{"floor":3,"key":"PowerPotion"},{"floor":7,"key":"EssenceOfSteel"},{"floor":11,"key":"Fruit Juice"}],"is_trial":false,"path_per_floor":["M","?","M","M","M","R","E","$","T","M","M","E","$","?","R","B"],"character_chosen":"DEFECT","items_purchased":["Skim"],"campfire_rested":0,"item_purchase_floors":[13],"current_hp_per_floor":[67,67,66,70,69,69,50,50,50,37,47,61,61,61,61,0,0],"gold":22,"neow_bonus":"THREE_RARE_CARDS","is_daily":false,"chose_seed":false,"campfire_upgraded":2,"win_rate":0.0,"timestamp":1608949112,"path_taken":["M","?","M","M","M","R","E","?","T","M","M","E","$","?","R","BOSS"],"items_purchased_type":["Card"],"build_version":"2020-12-22","purchased_purges":1,"victory":false,"max_hp_per_floor":[75,75,75,75,75,75,75,75,75,75,80,80,80,80,80,80,80],"card_choices":[{"not_picked":["Echo Form","Machine Learning"],"picked":"Meteor Strike","floor":0.0},{"not_picked":["BootSequence","Chill"],"picked":"Reinforced Body","floor":1.0},{"not_picked":["FTL","Stack"],"picked":"Fusion","floor":3},{"not_picked":["Leap","Ball Lightning"],"picked":"Glacier","floor":4},{"not_picked":["Redo","Beam Cell","Gash"],"picked":"SKIP","floor":5},{"not_picked":["Aggregate","Self Repair","Rainbow"],"picked":"SKIP","floor":7},{"not_picked":["Streamline","Go for the Eyes"],"picked":"Double Energy","floor":10},{"not_picked":["Rebound","Conserve Battery"],"picked":"Coolheaded","floor":11},{"not_picked":["Lockon","All For One","Blizzard"],"picked":"SKIP","floor":12}],"player_experience":304289,"relics_obtained":[{"floor":7,"key":"Toy Ornithopter"},{"floor":9,"key":"Juzu Bracelet"},{"floor":12,"key":"Bronze Scales"}],"event_choices":[{"damage_healed":0,"gold_gain":0,"player_choice":"2 cards matched","damage_taken":0,"max_hp_gain":0,"max_hp_loss":0,"event_name":"Match and Keep!","floor":2,"gold_loss":0,"cards_obtained":["Core Surge","Bandage Up"]},{"cards_removed":["Strike_B"],"damage_healed":0,"gold_gain":0,"player_choice":"Purged","damage_taken":0,"max_hp_gain":0,"max_hp_loss":0,"event_name":"Purifier","floor":14,"gold_loss":0}],"is_beta":false,"boss_relics":[],"items_purged_floors":[8],"is_endless":false,"potions_floor_spawned":[1,3,7,11],"killed_by":"Hexaghost","ascension_level":9}}