{"host":"q0yztes6vyjz67b3","time":1608962026,"event":{"mods":["BaseMod","Better Altar","Better Match","Better Note","Better Sensory Stone","Better Skull","Better Third Choice","Energized Spire","Minty Spire (QoL Compilation)","Replay The Spire","StSLib","The Gatherer"],"gold_per_floor":[116,116,126,143,143,175,191,202,255,300,74,85,96,114,114,213,213,124,0,15,15,28,28,42,54,123,123,83,83,100,118,118,215,215,232,250,260,276,302,302,0,0,51,77,93,93,104,167,167,167],"floor_reached":51,"playtime":2795,"items_purged":["Gatherer:Strike_Gatherer","Injury"],"score":537,"play_id":"4fbe5cfc-0a2f-4184-87f0-29046884c081","local_time":"20201225215346","is_ascension_mode":false,"metric_token":785,"campfire_choices":[{"data":"Gatherer:FlowerWhip+1","floor":15,"key":"SMITH"},{"data":"Gatherer:FlowerWhip+2","floor":23,"key":"SMITH"},{"data":"Gatherer:AlchemyTrial","floor":27,"key":"SMITH"},{"floor":32,"key":"REST"},{"floor":40,"key":"REST"},{"floor":42,"key":"REST"},{"data":"Gatherer:FlowerShield+1","floor":46,"key":"SMITH"},{"floor":49,"key":"REST"}],"circlet_count":0,"master_deck":["Gatherer:Strike_Gatherer","Gatherer:Defend_Gatherer","Gatherer:Defend_Gatherer","Gatherer:Centralize","Gatherer:FlowerWhip+3","Gatherer:FinishingStrike","Gatherer:FlowerShield+2","Gatherer:BambuSword+1","Gatherer:ScherryThrow","Gatherer:Pollute","Gatherer:VenomBarrier","Gatherer:AcidicSpray","Gatherer:FlowerBeam+1","Gatherer:Uplift","Gatherer:AlchemyTrial+1","Gatherer:Enchant","Gatherer:WoolGloves","Gatherer:LuckyClover","Gatherer:CollectorsShot","Gatherer:EnergyBasket","Gatherer:Snatch+1","Gatherer:Nutrients+1","Gatherer:FeelingFine","Gatherer:BigPouch+1","Gatherer:BlackTea","Gatherer:EnergyBasket+1","Gatherer:EnergyBasket+1","Gatherer:RecoveryHerb+1"],"relics":["Gatherer:AlchemyBag","Tiny Chest","Simple Rune","Nunchaku","Kintsugi","Onion Ring","Gatherer:FlyingFruit","SacredBark","Akabeko","Red Mask","PreservedInsect","Singing Bowl","Orichalcum"],"acts_visited":["Exordium","TheCity","TheBeyond"],"potions_floor_usage":[16,16,31,31,33,33,37,37,48,50,50,50],"damage_taken":[{"damage":0,"enemies":"2 Louse","floor":1,"turns":2},{"damage":0,"enemies":"Cultist","floor":3,"turns":3},{"damage":1,"enemies":"Jaw Worm","floor":4,"turns":2},{"damage":9,"enemies":"3 Sentries","floor":6,"turns":6},{"damage":0,"enemies":"Blue Slaver","floor":7,"turns":1},{"damage":2,"enemies":"Exordium Thugs","floor":8,"turns":3},{"damage":12,"enemies":"Gremlin Gang","floor":12,"turns":4},{"damage":0,"enemies":"3 Louse","floor":13,"turns":2},{"damage":1,"enemies":"2 Fungi Beasts","floor":14,"turns":4},{"damage":26,"enemies":"Slime Boss","floor":16,"turns":6},{"damage":4,"enemies":"3 Byrds","floor":18,"turns":3},{"damage":10,"enemies":"Spheric Guardian","floor":20,"turns":3},{"damage":8,"enemies":"Snecko","floor":22,"turns":3},{"damage":13,"enemies":"Snake Plant","floor":24,"turns":3},{"damage":8,"enemies":"Centurion and Healer","floor":25,"turns":4},{"damage":11,"enemies":"3 Cultists","floor":30,"turns":5},{"damage":0,"enemies":"Chosen and Byrds","floor":31,"turns":3},{"damage":14,"enemies":"Automaton","floor":33,"turns":9},{"damage":35,"enemies":"3 Shapes","floor":35,"turns":3},{"damage":7,"enemies":"3 Darklings","floor":36,"turns":4},{"damage":0,"enemies":"Transient","floor":37,"turns":5},{"damage":13,"enemies":"Writhing Mass","floor":38,"turns":5},{"damage":0,"enemies":"Nemesis","floor":44,"turns":3},{"damage":0,"enemies":"Jaw Worm Horde","floor":45,"turns":3},{"damage":24,"enemies":"Transient","floor":47,"turns":5},{"damage":55,"enemies":"Replay:Hell Engine","floor":50,"turns":16}],"seed_played":"-3903325275441667521","potions_obtained":[{"floor":6,"key":"Venom Potion"},{"floor":7,"key":"Adrenaline Potion"},{"floor":12,"key":"GamblersBrew"},{"floor":13,"key":"Milkshake"},{"floor":14,"key":"Ancient Potion"},{"floor":18,"key":"Explosive Potion"},{"floor":25,"key":"DuplicationPotion"},{"floor":30,"key":"Block Potion"},{"floor":31,"key":"Explosive Potion"},{"floor":33,"key":"Weak Potion"},{"floor":36,"key":"AttackPotion"},{"floor":37,"key":"EssenceOfSteel"},{"floor":47,"key":"BloodPotion"},{"floor":48,"key":"Venom Potion"},{"floor":48,"key":"LiquidMemories"}],"is_trial":false,"path_per_floor":["M","?","M","M","?","E","M","M","T","T","$","M","M","M","R","B",null,"M","$","M","T","M","R","M","M","T","R","?","?","M","M","R","B",null,"M","M","M","M","T","R","?","R","T","E","M","R","M","?","R","B",null],"character_chosen":"THE_GATHERER","items_purchased":["Gatherer:FlowerBeam","Gatherer:Uplift","Gatherer:EnergyBasket"],"campfire_rested":4,"item_purchase_floors":[11,11,19],"current_hp_per_floor":[65,65,65,64,51,42,42,40,40,40,40,28,28,27,27,1,65,61,61,51,51,43,43,30,22,22,22,22,22,15,15,35,21,69,34,27,27,14,14,34,34,54,54,63,65,65,46,48,72,20],"gold":167,"neow_bonus":"THREE_RARE_CARDS","is_daily":false,"chose_seed":false,"campfire_upgraded":4,"win_rate":0.0,"timestamp":1608962026,"path_taken":["M","?","M","?","?","E","M","M","T","?","?","M","?","M","R","BOSS","M","$","M","?","M","R","M","M","T","R","?","?","?","M","R","BOSS","M","M","M","M","?","R","?","R","T","E","M","R","M","?","R","BOSS"],"items_purchased_type":["Card","Card","Card"],"build_version":"2020-12-22","purchased_purges":2,"victory":true,"max_hp_per_floor":[65,65,65,65,65,65,65,65,65,65,65,65,65,65,65,65,65,65,65,65,65,65,65,65,65,65,65,65,65,69,69,69,69,69,69,69,69,69,69,69,69,69,69,75,77,77,79,81,81,81],"card_choices":[{"not_picked":["Gatherer:PoisonMastery","Gatherer:BlackTea"],"picked":"Gatherer:FinishingStrike","floor":0},{"not_picked":["Gatherer:SaveValuables","Gatherer:CollectorsShot"],"picked":"Gatherer:FlowerShield","floor":1},{"not_picked":["Gatherer:DrugPower","Gatherer:FruitForce"],"picked":"Gatherer:BambuSword","floor":3},{"not_picked":["Gatherer:RecoveryHerb","Gatherer:EnergyBasket"],"picked":"Gatherer:ScherryThrow","floor":4},{"not_picked":["Gatherer:FlowerFalling","Gatherer:Convert"],"picked":"Gatherer:Pollute","floor":6},{"not_picked":["Gatherer:Solidify","Gatherer:Polymorphism"],"picked":"Gatherer:VenomBarrier","floor":7},{"not_picked":["Gatherer:BambuSword","Gatherer:Polymorphism"],"picked":"Gatherer:AcidicSpray","floor":8},{"not_picked":["Gatherer:BlackTea","Gatherer:FlowerPower"],"picked":"Gatherer:AlchemyTrial","floor":12},{"not_picked":["Gatherer:GatherMaterial","Gatherer:FlowerFalling"],"picked":"Gatherer:Enchant","floor":13},{"not_picked":["Gatherer:FlowerFalling","Gatherer:FlowerShield"],"picked":"Gatherer:WoolGloves","floor":14},{"not_picked":["Gatherer:Bulldoze","Gatherer:FinishingStrike"],"picked":"Gatherer:LuckyClover","floor":16},{"not_picked":["Gatherer:TacticalStrike","Gatherer:ScrollOfWall+1"],"picked":"Gatherer:CollectorsShot","floor":18},{"not_picked":["Gatherer:Pollute","Gatherer:FlowerPower"],"picked":"Gatherer:Snatch+1","floor":20},{"not_picked":["Gatherer:Duplicator+1","Gatherer:FeelingFine+1","Gatherer:Snatch+1"],"picked":"SKIP","floor":22},{"not_picked":["Gatherer:ScrollOfWall","Gatherer:Liquidism","Gatherer:FruitForce"],"picked":"SKIP","floor":24},{"not_picked":["Gatherer:SaveValuables","Gatherer:Snatch"],"picked":"Gatherer:Nutrients","floor":25},{"not_picked":["Gatherer:CarefulStrike+1","Gatherer:VenomBarrier+1","Gatherer:UpgradeBag"],"picked":"SKIP","floor":30},{"not_picked":["Gatherer:AcidicSpray","Gatherer:Frenzy+1"],"picked":"Gatherer:BigPouch+1","floor":31},{"not_picked":["Gatherer:LuckyClover","Gatherer:ScrollOfPurity"],"picked":"Gatherer:BlackTea","floor":33},{"not_picked":["Gatherer:BambuSword","Gatherer:UpgradeBag+1","Gatherer:Frenzy+1"],"picked":"SKIP","floor":35},{"not_picked":["Gatherer:Herbalism","Gatherer:CarefulStrike+1"],"picked":"Gatherer:EnergyBasket+1","floor":36},{"not_picked":["Gatherer:FlowerShield","Gatherer:ScherryThrow+1"],"picked":"Gatherer:EnergyBasket+1","floor":37},{"not_picked":["Gatherer:Pollute","Gatherer:Uplift"],"picked":"Gatherer:RecoveryHerb+1","floor":38},{"not_picked":["Gatherer:SaveValuables+1","Gatherer:ScrollOfWall","Gatherer:FlowerBeam"],"picked":"Singing Bowl","floor":44},{"not_picked":["Gatherer:GatherMaterial+1","Gatherer:CollectorsShot","Gatherer:Frenzy"],"picked":"Singing Bowl","floor":45},{"not_picked":["Gatherer:AcidicSpray+1","Gatherer:SealedBomb","Gatherer:ScentOfRosmari+1"],"picked":"Singing Bowl","floor":47},{"not_picked":["Gatherer:ColorfulGarden","Gatherer:FlowerShield+1","Gatherer:MiningStrike"],"picked":"Singing Bowl","floor":48}],"player_experience":515999,"relics_obtained":[{"floor":6,"key":"Tiny Chest"},{"floor":9,"key":"Simple Rune"},{"floor":10,"key":"Nunchaku"},{"floor":21,"key":"Onion Ring"},{"floor":26,"key":"Gatherer:FlyingFruit"},{"floor":39,"key":"Akabeko"},{"floor":43,"key":"PreservedInsect"},{"floor":44,"key":"Singing Bowl"},{"floor":48,"key":"Orichalcum"}],"event_choices":[{"damage_healed":0,"gold_gain":0,"player_choice":"Upgraded","damage_taken":0,"max_hp_gain":0,"max_hp_loss":0,"event_name":"Upgrade Shrine","floor":2,"gold_loss":0,"cards_upgraded":["Gatherer:FlowerWhip"]},{"damage_healed":64,"gold_gain":0,"player_choice":"Upgrade","damage_taken":13,"max_hp_gain":0,"max_hp_loss":65,"event_name":"betterThird:BetterShining","floor":5,"gold_loss":0,"cards_upgraded":["Gatherer:BambuSword","Gatherer:Strike_Gatherer"]},{"damage_healed":0,"gold_gain":0,"player_choice":"Upgraded Two","damage_taken":0,"max_hp_gain":0,"max_hp_loss":0,"event_name":"Designer","floor":28,"gold_loss":40,"cards_upgraded":["Gatherer:Defend_Gatherer","Gatherer:Nutrients"]},{"damage_healed":0,"gold_gain":0,"cards_transformed":["Gatherer:Strike_Gatherer"],"player_choice":"Transformed","damage_taken":0,"max_hp_gain":0,"max_hp_loss":0,"event_name":"Transmorgrifier","floor":29,"gold_loss":0,"cards_obtained":["Gatherer:FeelingFine"]},{"damage_healed":0,"gold_gain":0,"player_choice":"Paid","damage_taken":0,"relics_obtained":["Red Mask"],"max_hp_gain":0,"max_hp_loss":0,"event_name":"Tomb of Lord Red Mask","floor":41,"gold_loss":302}],"is_beta":false,"boss_relics":[{"not_picked":["SlaversCollar","Painkiller Herb"],"picked":"Kintsugi"},{"not_picked":["Black Star","Cursed Key"],"picked":"SacredBark"}],"items_purged_floors":[11,19],"is_endless":false,"potions_floor_spawned":[6,7,12,13,14,18,25,30,31,33,36,37,47],"ascension_level":0}}