{"host":"hu38hxukylnnynm2","time":1608971570,"event":{"mods":["AchievementEnabler","BaseMod","Card Forge","Colored Powertips","DNKmod","DeckTracker","Friendly Minions","Highlight Path","Minty Spire (QoL Compilation)","Spicy Shops","StSLib"],"gold_per_floor":[1010,1010,1010,1030,1043,1077,1077,1104,1104,1115,1190,1220,568,598,598,698,698,716,729,504,519,536,563,580,610,636,664,483,483,582,613,613,710,710,723,723,738,788,804,832,848,868,921,0,0,34,45,70,70,70,70,70,70,104,104],"floor_reached":56,"playtime":2620,"items_purged":[],"score":2219,"play_id":"866b15a4-de21-4b7d-a85f-ebc5edf5d5e2","local_time":"20201226033250","is_ascension_mode":true,"campfire_choices":[{"floor":7,"key":"RECALL"},{"floor":15,"key":"REST"},{"floor":32,"key":"REST"},{"floor":49,"key":"REST"},{"floor":52,"key":"REST"}],"circlet_count":0,"master_deck":["Strike_P+1","Strike_P+1","Strike_P+1","Strike_P+1","Defend_P+1","Defend_P+1","Defend_P+1","Defend_P+1","Eruption+1","Vigilance+1","Magnetism+1","Metamorphosis+1","Discovery+1","Chrysalis+1","Jack Of All Trades+1","Omega+1","Omega+1","Omega+1","Omega+1","Omega+1","PathToVictory+1","ForeignInfluence+1","EmptyMind+1","Prostrate+1","Worship+1","Omniscience+1","Brilliance+1","Omniscience+1","CurseOfTheBell","DevaForm+1","WheelKick+1","Pray+1","ThirdEye+1","Protect+1","Judgement+1","TalkToTheHand+1","Prostrate+1","PathToVictory+1","WreathOfFlame+1","ThirdEye+1","ReachHeaven+1","Tantrum+1","Vengeance+1","Worship+1"],"relics":["PureWater","Hammer of Thor","Seething Fire","Anvil of the Gods","Bag of Preparation","WarpedTongs","TeardropLocket","Unceasing Top","Pocketwatch","Pen Nib","HornCleat","Membership Card","Akabeko","Anchor","Strawberry","Calling Bell","MealTicket","Meat on the Bone","WingedGreaves","Lee\u0027s Waffle","TungstenRod","War Paint","PreservedInsect","Boot","Mango","Potion Belt","Bronze Scales","Sling","StrikeDummy","Vajra","Fusion Hammer","Turnip","Question Card","Centennial Puzzle","Red Mask","Damaru","Oddly Smooth Stone","Whetstone"],"acts_visited":["Exordium","TheCity","TheBeyond","TheEnding"],"potions_floor_usage":[14],"damage_taken":[{"damage":0,"enemies":"Jaw Worm","floor":1,"turns":1},{"damage":0,"enemies":"Cultist","floor":4,"turns":1},{"damage":0,"enemies":"2 Louse","floor":5,"turns":1},{"damage":0,"enemies":"Gremlin Nob","floor":6,"turns":1},{"damage":0,"enemies":"Lagavulin","floor":8,"turns":2},{"damage":0,"enemies":"Blue Slaver","floor":10,"turns":2},{"damage":0,"enemies":"3 Sentries","floor":12,"turns":1},{"damage":0,"enemies":"Gremlin Nob","floor":14,"turns":2},{"damage":0,"enemies":"Slime Boss","floor":16,"turns":2},{"damage":0,"enemies":"Chosen","floor":18,"turns":1},{"damage":0,"enemies":"3 Byrds","floor":19,"turns":1},{"damage":0,"enemies":"Snecko","floor":21,"turns":2},{"damage":0,"enemies":"Snake Plant","floor":22,"turns":1},{"damage":0,"enemies":"Slavers","floor":23,"turns":1},{"damage":0,"enemies":"Centurion and Healer","floor":24,"turns":1},{"damage":0,"enemies":"Book of Stabbing","floor":25,"turns":1},{"damage":0,"enemies":"Gremlin Leader","floor":27,"turns":1},{"damage":0,"enemies":"Slavers","floor":31,"turns":1},{"damage":2,"enemies":"Champ","floor":33,"turns":3},{"damage":0,"enemies":"Orb Walker","floor":35,"turns":1},{"damage":0,"enemies":"3 Shapes","floor":37,"turns":2},{"damage":0,"enemies":"Mind Bloom Boss Battle","floor":38,"turns":2},{"damage":0,"enemies":"Writhing Mass","floor":39,"turns":1},{"damage":0,"enemies":"Nemesis","floor":40,"turns":1},{"damage":0,"enemies":"Transient","floor":41,"turns":3},{"damage":0,"enemies":"4 Shapes","floor":42,"turns":3},{"damage":0,"enemies":"Reptomancer","floor":46,"turns":1},{"damage":0,"enemies":"3 Darklings","floor":47,"turns":1},{"damage":0,"enemies":"Nemesis","floor":48,"turns":1},{"damage":6,"enemies":"Time Eater","floor":50,"turns":3},{"damage":0,"enemies":"Shield and Spear","floor":54,"turns":1},{"damage":43,"enemies":"The Heart","floor":55,"turns":3}],"seed_played":"-1365924443711468920","potions_obtained":[{"floor":8,"key":"PowerPotion"},{"floor":10,"key":"SkillPotion"},{"floor":12,"key":"Fire Potion"},{"floor":14,"key":"Fruit Juice"},{"floor":16,"key":"DuplicationPotion"},{"floor":19,"key":"BottledMiracle"},{"floor":37,"key":"FairyPotion"},{"floor":38,"key":"AttackPotion"}],"is_trial":false,"path_per_floor":["M","?","?","M","M","E","R","E","T","M","?","E","$","E","R","B",null,"M","M","$","M","M","E","M","E","T","E","$","?","?","E","R","B",null,"M","?","M","?","M","E","M","M","T","?","$","E","M","E","R","B",null,"R","$","E","B",null],"character_chosen":"WATCHER","items_purchased":["Pen Nib","HornCleat","Membership Card","Akabeko","Anchor","Lee\u0027s Waffle","TungstenRod","Potion Belt","Bronze Scales","Sling"],"campfire_rested":4,"item_purchase_floors":[13,13,13,13,13,20,20,28,28,28],"current_hp_per_floor":[100,105,105,105,105,105,105,105,105,105,94,94,94,106,117,117,117,117,117,124,124,124,124,124,124,124,138,138,138,138,138,138,136,138,138,138,138,138,138,138,138,138,138,138,138,138,138,138,138,132,137,138,138,138,95],"gold":104,"neow_bonus":"RANDOM_COMMON_RELIC","is_daily":false,"chose_seed":false,"campfire_upgraded":0,"win_rate":0.0,"timestamp":1608971570,"path_taken":["M","?","?","M","M","E","R","E","T","?","?","E","$","E","R","BOSS","M","M","$","M","M","E","M","E","T","E","$","?","?","E","R","BOSS","M","?","M","?","M","E","M","M","T","?","$","E","M","E","R","BOSS","R","$","E","BOSS"],"items_purchased_type":["Relic","Relic","Relic","Relic","Relic","Relic","Relic","Relic","Relic","Relic"],"build_version":"2020-12-22","purchased_purges":0,"victory":true,"max_hp_per_floor":[100,105,105,105,105,105,105,105,105,105,105,105,105,117,117,117,117,117,117,124,124,124,124,124,124,124,138,138,138,138,138,138,138,138,138,138,138,138,138,138,138,138,138,138,138,138,138,138,138,138,138,138,138,138,138],"card_choices":[{"not_picked":["FlyingSleeves","BowlingBash"],"picked":"PathToVictory","floor":1},{"not_picked":["Wireheading","FlyingSleeves","MentalFortress"],"picked":"SKIP","floor":4},{"not_picked":["Conclude","EmptyBody"],"picked":"ForeignInfluence","floor":5},{"not_picked":["BowlingBash","EmptyFist"],"picked":"EmptyMind","floor":6},{"not_picked":["DeceiveReality","Meditate"],"picked":"Prostrate","floor":8},{"not_picked":["FearNoEvil","FollowUp"],"picked":"Worship","floor":10},{"not_picked":["Prostrate","BowlingBash"],"picked":"Omniscience","floor":12},{"not_picked":["DeceiveReality","Consecrate"],"picked":"Brilliance","floor":14},{"not_picked":["Establishment","DeusExMachina"],"picked":"Omniscience","floor":16},{"not_picked":["ClearTheMind","BattleHymn"],"picked":"JustLucky","floor":18},{"not_picked":["ReachHeaven","Pray"],"picked":"DevaForm","floor":19},{"not_picked":["Consecrate","Protect"],"picked":"WheelKick","floor":21},{"not_picked":["Halt","LessonLearned","FlyingSleeves"],"picked":"SKIP","floor":22},{"not_picked":["Protect","CrushJoints"],"picked":"Pray","floor":23},{"not_picked":["Evaluate","EmptyFist","FlurryOfBlows"],"picked":"SKIP","floor":24},{"not_picked":["Vengeance","FlurryOfBlows"],"picked":"ThirdEye","floor":25},{"not_picked":["Establishment","Study+1","FollowUp"],"picked":"SKIP","floor":27},{"not_picked":["SandsOfTime","EmptyBody"],"picked":"Protect","floor":31},{"not_picked":["Scrawl","Brilliance"],"picked":"Judgement","floor":33},{"not_picked":["JustLucky","WaveOfTheHand"],"picked":"TalkToTheHand+1","floor":35},{"not_picked":["BowlingBash","Evaluate"],"picked":"Prostrate","floor":37},{"not_picked":["Perseverance","SashWhip"],"picked":"PathToVictory","floor":38},{"not_picked":["Protect","FlurryOfBlows+1"],"picked":"WreathOfFlame+1","floor":39},{"not_picked":["ClearTheMind+1","Vengeance","Adaptation+1"],"picked":"SKIP","floor":40},{"not_picked":["Collect","FearNoEvil","JustLucky+1"],"picked":"ThirdEye+1","floor":41},{"not_picked":["CrushJoints","CarveReality","EmptyFist+1","JustLucky+1"],"picked":"SKIP","floor":42},{"not_picked":["Sanctity","Wireheading+1","Blasphemy"],"picked":"ReachHeaven+1","floor":46},{"not_picked":["ThirdEye","ClearTheMind","Wallop"],"picked":"Tantrum","floor":47},{"not_picked":["CutThroughFate","CrushJoints+1","EmptyBody+1"],"picked":"Vengeance+1","floor":48},{"not_picked":["WaveOfTheHand+1","Halt+1","Evaluate+1"],"picked":"Worship","floor":54}],"player_experience":518381,"relics_obtained":[{"floor":6,"key":"TeardropLocket"},{"floor":8,"key":"Unceasing Top"},{"floor":12,"key":"Pocketwatch"},{"floor":14,"key":"Strawberry"},{"floor":17,"key":"MealTicket"},{"floor":17,"key":"Meat on the Bone"},{"floor":17,"key":"WingedGreaves"},{"floor":23,"key":"War Paint"},{"floor":25,"key":"PreservedInsect"},{"floor":26,"key":"Boot"},{"floor":27,"key":"Mango"},{"floor":31,"key":"Vajra"},{"floor":38,"key":"Turnip"},{"floor":40,"key":"Question Card"},{"floor":43,"key":"Centennial Puzzle"},{"floor":46,"key":"Damaru"},{"floor":48,"key":"Oddly Smooth Stone"},{"floor":54,"key":"Whetstone"}],"event_choices":[{"damage_healed":0,"gold_gain":0,"player_choice":"Donut","damage_taken":0,"max_hp_gain":5,"max_hp_loss":0,"event_name":"Big Fish","floor":2,"gold_loss":0},{"damage_healed":0,"gold_gain":0,"player_choice":"Rummage","damage_taken":0,"relics_obtained":["WarpedTongs"],"max_hp_gain":0,"max_hp_loss":0,"event_name":"Accursed Blacksmith","floor":3,"gold_loss":0,"cards_obtained":["Pain"]},{"damage_healed":0,"gold_gain":75,"player_choice":"Gather Gold","damage_taken":11,"max_hp_gain":0,"max_hp_loss":0,"event_name":"World of Goop","floor":11,"gold_loss":0},{"damage_healed":0,"gold_gain":0,"player_choice":"Stole Relic","damage_taken":0,"relics_obtained":["StrikeDummy"],"max_hp_gain":0,"max_hp_loss":0,"event_name":"Addict","floor":29,"gold_loss":0,"cards_obtained":["Shame"]},{"damage_healed":0,"gold_gain":99,"player_choice":"Stole From Cult","damage_taken":0,"max_hp_gain":0,"max_hp_loss":0,"event_name":"Nest","floor":30,"gold_loss":0},{"cards_removed":["JustLucky"],"damage_healed":0,"gold_gain":0,"player_choice":"Removed Attack","damage_taken":0,"max_hp_gain":0,"max_hp_loss":0,"event_name":"Falling","floor":36,"gold_loss":0},{"damage_healed":0,"gold_gain":0,"player_choice":"Fight","damage_taken":0,"max_hp_gain":0,"max_hp_loss":0,"event_name":"MindBloom","floor":38,"gold_loss":0},{"damage_healed":0,"gold_gain":0,"player_choice":"Paid","damage_taken":0,"relics_obtained":["Red Mask"],"max_hp_gain":0,"max_hp_loss":0,"event_name":"Tomb of Lord Red Mask","floor":44,"gold_loss":921}],"is_beta":false,"boss_relics":[{"not_picked":["Ectoplasm","SlaversCollar"],"picked":"Calling Bell"},{"not_picked":["Busted Crown","VioletLotus"],"picked":"Fusion Hammer"}],"items_purged_floors":[],"is_endless":false,"potions_floor_spawned":[8,10,12,14,16,19,21,27,37,38,40,46,48],"ascension_level":5}}