{"host":"k6w1k0xtzejbq5ja","time":1608964339,"event":{"mods":["AchievementEnabler","BaseMod","DeckTracker","Minty Spire (QoL Compilation)","Relic Stats","StSLib"],"gold_per_floor":[211,225,80,92,104,104,135,150,201,219,219,235,235,248,248,353,353,363,363,248,262,288,313,313,341,341,441,456,456,484,484,484,585,585,598,611,27,47,47,74,86,106,106,123,123,173,30,30,30,30,30,30,30,64,64,64],"floor_reached":55,"playtime":4171,"items_purged":["Defend_B","Defend_B"],"score":771,"play_id":"1fd7739b-aebc-42af-a24d-2b8f8f70ed5e","local_time":"20201226013219","is_ascension_mode":true,"campfire_choices":[{"data":"Hologram","floor":6.0,"key":"SMITH"},{"data":"Capacitor","floor":15.0,"key":"SMITH"},{"data":"Capacitor","floor":24,"key":"SMITH"},{"data":"Defragment","floor":29,"key":"SMITH"},{"data":"Consume","floor":32,"key":"SMITH"},{"floor":45,"key":"RECALL"},{"data":"Barrage","floor":49,"key":"SMITH"},{"data":"Creative AI","floor":52,"key":"SMITH"}],"circlet_count":0,"master_deck":["Strike_B","Strike_B","Strike_B","Defend_B+1","Defend_B","Zap","Dualcast+1","Coolheaded","Capacitor+1","Hologram+1","Biased Cognition","Coolheaded","Consume+1","Leap","Core Surge","Defragment+1","Doom and Gloom+1","Capacitor+1","Storm+1","Skim","Defragment+1","Creative AI","Self Repair+1","Storm+1","Coolheaded+1","Barrage+1","Creative AI+1"],"relics":["Cracked Core","DataDisk","Lantern","Orichalcum","Meat on the Bone","Sozu","Happy Flower","Oddly Smooth Stone","War Paint","TungstenRod","Unceasing Top","InkBottle","MealTicket","Coffee Dripper","ClockworkSouvenir","StoneCalendar","Question Card","Du-Vu Doll","Frozen Eye","Strawberry"],"acts_visited":["Exordium","TheCity","TheBeyond","TheEnding"],"potions_floor_usage":[23],"damage_taken":[{"damage":0.0,"enemies":"Cultist","floor":1.0,"turns":4.0},{"damage":0.0,"enemies":"Small Slimes","floor":2.0,"turns":3.0},{"damage":2.0,"enemies":"2 Louse","floor":4.0,"turns":3.0},{"damage":4.0,"enemies":"Red Slaver","floor":5.0,"turns":5.0},{"damage":12.0,"enemies":"Lagavulin","floor":7.0,"turns":7.0},{"damage":0.0,"enemies":"Blue Slaver","floor":8.0,"turns":2.0},{"damage":4.0,"enemies":"Exordium Thugs","floor":10.0,"turns":5.0},{"damage":0.0,"enemies":"3 Louse","floor":12.0,"turns":1.0},{"damage":0.0,"enemies":"2 Fungi Beasts","floor":14.0,"turns":5.0},{"damage":7.0,"enemies":"Slime Boss","floor":16.0,"turns":12.0},{"damage":7.0,"enemies":"Shell Parasite","floor":18.0,"turns":5.0},{"damage":14,"enemies":"3 Byrds","floor":21,"turns":7},{"damage":31,"enemies":"Slavers","floor":23,"turns":5},{"damage":21,"enemies":"Gremlin Leader","floor":25,"turns":5},{"damage":17,"enemies":"Colosseum Slavers","floor":27,"turns":5},{"damage":8,"enemies":"Colosseum Nobs","floor":27,"turns":5},{"damage":12,"enemies":"Snake Plant","floor":28,"turns":4},{"damage":0,"enemies":"Book of Stabbing","floor":30,"turns":8},{"damage":11,"enemies":"Automaton","floor":33,"turns":7},{"damage":0,"enemies":"Orb Walker","floor":35,"turns":3},{"damage":2,"enemies":"3 Shapes","floor":36,"turns":3},{"damage":0,"enemies":"Spire Growth","floor":38,"turns":3},{"damage":6,"enemies":"Giant Head","floor":40,"turns":6},{"damage":6,"enemies":"Sphere and 2 Shapes","floor":41,"turns":3},{"damage":0,"enemies":"3 Darklings","floor":42,"turns":3},{"damage":15,"enemies":"Writhing Mass","floor":44,"turns":3},{"damage":2,"enemies":"Mind Bloom Boss Battle","floor":46,"turns":3},{"damage":8,"enemies":"Donu and Deca","floor":50,"turns":5},{"damage":50,"enemies":"Shield and Spear","floor":54,"turns":4},{"damage":44,"enemies":"The Heart","floor":55,"turns":5}],"seed_played":"3862662460692049701","potions_obtained":[{"floor":2.0,"key":"Explosive Potion"},{"floor":4.0,"key":"SkillPotion"},{"floor":5.0,"key":"Energy Potion"},{"floor":8.0,"key":"Weak Potion"},{"floor":13.0,"key":"Weak Potion"},{"floor":13.0,"key":"Regen Potion"}],"is_trial":false,"path_per_floor":["M","M","$","M","M","R","E","M","T","M","?","M","?","M","R","B",null,"M","?","$","M","T","E","R","E","T","?","M","R","E","?","R","B",null,"M","M","$","M","?","E","M","M","T","M","R","?","$","?","R","B",null,"R","$","E","B"],"character_chosen":"DEFECT","items_purchased":["DataDisk","Defragment","Storm","ClockworkSouvenir","StoneCalendar","Frozen Eye"],"campfire_rested":0,"item_purchase_floors":[3,20,37,37,37,47],"current_hp_per_floor":[75,75,75,73,69,69,57,57,57,53,53,53,53,53,53,61,75,68,68,68,54,54,35,35,26,26,25,25,25,37,62,62,51,75,75,73,75,75,75,69,63,73,73,68,68,75,75,75,75,75,75,75,75,44,0,0],"gold":64,"neow_bonus":"HUNDRED_GOLD","is_daily":false,"chose_seed":false,"campfire_upgraded":7,"win_rate":0.0,"timestamp":1608964339,"path_taken":["M","M","$","M","?","R","E","M","T","M","?","M","?","?","R","BOSS","M","?","$","M","?","E","R","E","T","?","M","R","E","?","R","BOSS","M","M","$","M","?","E","M","?","T","M","R","?","$","?","R","BOSS","R","$","E","BOSS"],"items_purchased_type":["Relic","Card","Card","Relic","Relic","Relic"],"build_version":"2020-12-22","purchased_purges":2,"victory":false,"max_hp_per_floor":[75,75,75,75,75,75,75,75,75,75,75,75,75,75,75,75,75,75,75,75,75,75,75,75,75,75,75,75,75,75,75,75,75,75,75,75,75,75,75,75,75,75,75,75,75,75,75,75,75,75,75,75,75,82,82,82],"relic_stats":{"Happy Flower":[26],"counters":[30,139],"StoneCalendar":[0],"Orichalcum":[222],"War Paint":["Defend_B","Dualcast"],"Question Card":6,"Sozu":8,"MealTicket":2,"obtain_stats":[{"Lantern":7,"Happy Flower":22,"Oddly Smooth Stone":23,"StoneCalendar":37,"Orichalcum":9,"War Paint":25,"Question Card":40,"ClockworkSouvenir":37,"Sozu":17,"Du-Vu Doll":46,"Frozen Eye":47,"DataDisk":3,"Strawberry":54,"MealTicket":30,"Coffee Dripper":34,"Cracked Core":0,"TungstenRod":26,"Unceasing Top":27,"InkBottle":27,"Meat on the Bone":11},{"Lantern":5,"Happy Flower":12,"Oddly Smooth Stone":13,"StoneCalendar":21,"Orichalcum":6,"War Paint":14,"Question Card":23,"ClockworkSouvenir":21,"Sozu":10,"Du-Vu Doll":27,"Frozen Eye":27,"DataDisk":2,"Strawberry":29,"MealTicket":18,"Coffee Dripper":19,"Cracked Core":0,"TungstenRod":14,"Unceasing Top":16,"InkBottle":16,"Meat on the Bone":7},{"Lantern":22,"Happy Flower":59,"Oddly Smooth Stone":64,"StoneCalendar":104,"Orichalcum":24,"War Paint":69,"Question Card":113,"ClockworkSouvenir":104,"Sozu":47,"Du-Vu Doll":125,"Frozen Eye":125,"DataDisk":7,"Strawberry":134,"MealTicket":91,"Coffee Dripper":98,"Cracked Core":0,"TungstenRod":69,"Unceasing Top":79,"InkBottle":79,"Meat on the Bone":29}],"TungstenRod":45,"Unceasing Top":[3],"InkBottle":[24],"Meat on the Bone":84},"card_choices":[{"not_picked":["Streamline","Redo"],"picked":"Coolheaded","floor":1.0},{"not_picked":["Skim","Undo"],"picked":"Capacitor","floor":2.0},{"not_picked":["Sweeping Beam","Turbo"],"picked":"Hologram","floor":4.0},{"not_picked":["Compile Driver","Chaos","Tempest"],"picked":"SKIP","floor":5.0},{"not_picked":["Redo","Rebound"],"picked":"Biased Cognition","floor":7.0},{"not_picked":["Barrage","Streamline"],"picked":"Coolheaded","floor":8.0},{"not_picked":["Conserve Battery","Glacier"],"picked":"Consume","floor":10.0},{"not_picked":["Reboot","Barrage"],"picked":"Leap","floor":12.0},{"not_picked":["Conserve Battery","Stack","Sweeping Beam"],"picked":"SKIP","floor":14.0},{"not_picked":["Multi-Cast","Thunder Strike"],"picked":"Core Surge","floor":16.0},{"not_picked":["Force Field+1","Auto Shields","Loop"],"picked":"SKIP","floor":18},{"not_picked":["Darkness","Cold Snap"],"picked":"Doom and Gloom+1","floor":21},{"not_picked":["Sweeping Beam+1","Scrape"],"picked":"Capacitor","floor":23},{"not_picked":["Steam Power+1","Gash","Streamline+1"],"picked":"SKIP","floor":25},{"not_picked":["Tempest","Gash"],"picked":"Storm+1","floor":27},{"not_picked":["Leap","Auto Shields"],"picked":"Skim","floor":28},{"not_picked":["White Noise","Go for the Eyes"],"picked":"Defragment+1","floor":30},{"not_picked":["Electrodynamics","Echo Form"],"picked":"Creative AI","floor":33},{"not_picked":["Streamline","Compile Driver+1","Sunder"],"picked":"SKIP","floor":35},{"not_picked":["Lockon+1","Cold Snap+1"],"picked":"Self Repair+1","floor":36},{"not_picked":["Rebound","Double Energy+1","Reprogram+1"],"picked":"SKIP","floor":38},{"not_picked":["Go for the Eyes","Beam Cell"],"picked":"Coolheaded+1","floor":40},{"not_picked":["Fusion","Consume+1","Go for the Eyes+1"],"picked":"Barrage","floor":41},{"not_picked":["Sunder+1","Meteor Strike","Gash","Cold Snap"],"picked":"SKIP","floor":42},{"not_picked":["Glacier+1","Conserve Battery","Hologram+1","Coolheaded"],"picked":"SKIP","floor":44},{"not_picked":["Reinforced Body+1","Sweeping Beam+1","Recycle+1"],"picked":"Creative AI","floor":46},{"not_picked":["Beam Cell+1","Streamline+1","All For One","Compile Driver"],"picked":"SKIP","floor":54}],"player_experience":357033,"relics_obtained":[{"floor":7.0,"key":"Lantern"},{"floor":9.0,"key":"Orichalcum"},{"floor":22,"key":"Happy Flower"},{"floor":23,"key":"Oddly Smooth Stone"},{"floor":25,"key":"War Paint"},{"floor":26,"key":"TungstenRod"},{"floor":27,"key":"Unceasing Top"},{"floor":27,"key":"InkBottle"},{"floor":30,"key":"MealTicket"},{"floor":40,"key":"Question Card"},{"floor":46,"key":"Du-Vu Doll"},{"floor":54,"key":"Strawberry"}],"event_choices":[{"damage_healed":0.0,"max_hp_gain":0.0,"max_hp_loss":0.0,"gold_gain":0.0,"event_name":"Dead Adventurer","player_choice":"Searched \u00272\u0027 times","floor":11.0,"gold_loss":0.0,"damage_taken":0.0,"relics_obtained":["Meat on the Bone"]},{"damage_healed":0.0,"max_hp_gain":0.0,"max_hp_loss":0.0,"gold_gain":0.0,"event_name":"Lab","player_choice":"Got Potions","floor":13.0,"gold_loss":0.0,"damage_taken":0.0},{"cards_removed":["Strike_B"],"damage_healed":0,"gold_gain":0,"player_choice":"Elegance","damage_taken":0,"max_hp_gain":0,"max_hp_loss":0,"event_name":"Back to Basics","floor":19,"gold_loss":0},{"damage_healed":0,"gold_gain":0,"player_choice":"Fight","damage_taken":0,"max_hp_gain":0,"max_hp_loss":0,"event_name":"Colosseum","floor":27,"gold_loss":0},{"damage_healed":0,"gold_gain":0,"player_choice":"Fought Nobs","damage_taken":0,"max_hp_gain":0,"max_hp_loss":0,"event_name":"Colosseum","floor":27,"gold_loss":0},{"damage_healed":25,"gold_gain":0,"player_choice":"Heal","damage_taken":0,"max_hp_gain":0,"max_hp_loss":0,"event_name":"The Library","floor":31,"gold_loss":0},{"damage_healed":0,"gold_gain":0,"player_choice":"Forge","damage_taken":0,"max_hp_gain":0,"max_hp_loss":0,"event_name":"Accursed Blacksmith","floor":39,"gold_loss":0,"cards_upgraded":["Storm"]},{"damage_healed":0,"gold_gain":0,"player_choice":"Fight","damage_taken":0,"max_hp_gain":0,"max_hp_loss":0,"event_name":"MindBloom","floor":46,"gold_loss":0},{"damage_healed":0,"gold_gain":0,"player_choice":"Memory 1","damage_taken":0,"max_hp_gain":0,"max_hp_loss":0,"event_name":"SensoryStone","floor":48,"gold_loss":0}],"is_beta":false,"boss_relics":[{"not_picked":["Astrolabe","SlaversCollar"],"picked":"Sozu"},{"not_picked":["Fusion Hammer","FrozenCore"],"picked":"Coffee Dripper"}],"items_purged_floors":[20,37],"is_endless":false,"potions_floor_spawned":[2,4,5,8,18,23,25,27,33,38,42,44],"killed_by":"The Heart","ascension_level":1}}