{"host":"7z3jc42jktneum1n","time":1608977418,"event":{"mods":["Arknights The Spire","BaseMod","Minty Spire (QoL Compilation)","Quick Restart","StSLib","UnlockEverythingMod"],"gold_per_floor":[118,48,63,83,83,114,114,127,127,127,76,76,96,61,61,61,61],"floor_reached":16,"playtime":741,"items_purged":[],"score":100,"play_id":"4f2d0ea1-42ba-4b44-bb16-99bc25536f58","local_time":"20201226191018","is_ascension_mode":false,"campfire_choices":[{"data":"ats:Sword Rain","floor":7,"key":"SMITH"},{"floor":10,"key":"REST"},{"floor":15,"key":"REST"}],"circlet_count":0,"master_deck":["ats:Strike C","ats:Strike G","ats:Strike S","ats:Strike V","ats:Armor Crushing Shot","ats:Defend","ats:Defend","ats:Defend","ats:Defend","ats:Emotion Absorption","ats:Ignite","ats:Leaping Hammer","ats:Sword Rain+1","ats:Revitalization","ats:Assault Order","ats:Healing Drone"],"relics":["ats:Sanity","NeowsBlessing","Mummified Hand","ats:Originium","Pantograph","ats:Bonebreaker","TungstenRod"],"acts_visited":["Exordium"],"potions_floor_usage":[],"damage_taken":[{"damage":0,"enemies":"Small Slimes","floor":1,"turns":1},{"damage":0,"enemies":"Cultist","floor":3,"turns":1},{"damage":0,"enemies":"2 Louse","floor":4,"turns":1},{"damage":29,"enemies":"Gremlin Nob","floor":6,"turns":5},{"damage":13,"enemies":"Exordium Wildlife","floor":8,"turns":3},{"damage":11,"enemies":"2 Fungi Beasts","floor":13,"turns":3},{"damage":104,"enemies":"The Guardian","floor":16,"turns":16}],"seed_played":"-360702280772591712","potions_obtained":[{"floor":3,"key":"SneckoOil"},{"floor":13,"key":"PowerPotion"}],"is_trial":false,"path_per_floor":["M","?","M","M","?","E","R","M","T","R","$","?","M","?","R","B"],"character_chosen":"DOCTOR_CLASS","items_purchased":["ats:Assault Order"],"campfire_rested":2,"item_purchase_floors":[11],"current_hp_per_floor":[72,72,72,72,72,43,43,30,30,51,51,26,17,35,56,0,0],"gold":61,"neow_bonus":"THREE_ENEMY_KILL","is_daily":false,"chose_seed":false,"campfire_upgraded":1,"win_rate":0.0,"timestamp":1608977418,"path_taken":["M","?","?","M","?","E","R","M","T","R","$","?","M","?","R","BOSS"],"items_purchased_type":["Card"],"build_version":"2020-12-22","purchased_purges":0,"victory":false,"max_hp_per_floor":[72,72,72,72,72,72,72,72,72,72,72,72,72,72,72,72,72],"card_choices":[{"not_picked":["ats:Powerful Strike","ats:Cat Scratch"],"picked":"ats:Ignite","floor":1},{"not_picked":["ats:Assault Order","ats:Very Hot Blade"],"picked":"ats:Leaping Hammer","floor":3},{"not_picked":["ats:Counter Healing Mode","ats:Red Shift","ats:Powerful Strike"],"picked":"SKIP","floor":4},{"not_picked":["ats:Assault Order","ats:Shadow Assault"],"picked":"ats:Sword Rain","floor":6},{"not_picked":["ats:Explosion Area Strengthen","ats:Poison Spread"],"picked":"ats:Revitalization","floor":8},{"not_picked":["ats:Consecutive Shot Auto","ats:Curse Doll"],"picked":"ats:Healing Drone","floor":13}],"player_experience":53758,"relics_obtained":[{"floor":6,"key":"ats:Originium"},{"floor":6,"key":"Pantograph"},{"floor":9,"key":"ats:Bonebreaker"}],"event_choices":[{"damage_healed":0,"gold_gain":0,"player_choice":"Paid Gold","damage_taken":0,"relics_obtained":["Mummified Hand"],"max_hp_gain":0,"max_hp_loss":0,"event_name":"WeMeetAgain","floor":2,"gold_loss":70},{"damage_healed":0,"gold_gain":0,"player_choice":"Ignored","damage_taken":0,"max_hp_gain":0,"max_hp_loss":0,"event_name":"Golden Wing","floor":5,"gold_loss":0},{"damage_healed":0,"gold_gain":0,"player_choice":"Success","damage_taken":25,"relics_obtained":["TungstenRod"],"max_hp_gain":0,"max_hp_loss":0,"event_name":"Scrap Ooze","floor":12,"gold_loss":0},{"damage_healed":18,"gold_gain":0,"player_choice":"Healed","damage_taken":0,"max_hp_gain":0,"max_hp_loss":0,"event_name":"The Cleric","floor":14,"gold_loss":35}],"is_beta":false,"boss_relics":[],"items_purged_floors":[],"is_endless":false,"potions_floor_spawned":[3,13],"killed_by":"The Guardian","ascension_level":0}}