{"host":"5dn9v6uqcruncej8","time":1608973041,"event":{"mods":["Act Like it!","BaseMod","Colored Powertips","Gensokyo","Koishi","Lobotomy","LobotomyExtend","Marisa£®ÏF”Í°°ƒß¿Ì…≥£©","Minty Spire (QoL Compilation)","Reimu£®≤©¿ˆ¡È√Œ£©","Remilia£®¿Ÿ√◊¿Ú—«£©","Shop Mod","StSLib"],"gold_per_floor":[113,126,57,74,74,74,94,94,119,288,288,301,78,78,78,78,78],"floor_reached":16,"playtime":2269,"items_purged":["Defend_RM"],"score":92,"play_id":"be60aab8-c918-4ca1-aa12-726aa6661ac6","local_time":"20201226165721","is_ascension_mode":false,"campfire_choices":[{"data":"UnstableMagic","floor":8,"key":"SMITH"},{"data":"RedMoon","floor":11,"key":"SMITH"},{"data":"VampireKiss","floor":15,"key":"SMITH"}],"circlet_count":0,"master_deck":["Strike_RM","Strike_RM","Strike_RM","Strike_RM","Defend_RM","Defend_RM","Defend_RM","RedMoon+1","ScarletShoot","EternalNight","PunishingBird","UnstableMagic+1","MHz","VampireKiss+1"],"relics":["ScarletHat","CogitoBucket","LetterFromLob","Happy Flower","Nunchaku","Anchor","Strange Spoon","Mango"],"acts_visited":["Gensokyo:Gensokyo"],"potions_floor_usage":[10],"damage_taken":[{"damage":0,"enemies":"Gensokyo:Gryphon","floor":1,"turns":5},{"damage":0,"enemies":"Gensokyo:Python","floor":2,"turns":6},{"damage":7,"enemies":"Gensokyo:3_Fairies","floor":4,"turns":5},{"damage":4,"enemies":"Gensokyo:Kitsune","floor":7,"turns":7},{"damage":2,"enemies":"Gensokyo:Python_and_Kodama","floor":10,"turns":6},{"damage":9,"enemies":"Gensokyo:CorruptedTreant","floor":12,"turns":10},{"damage":54,"enemies":"Gensokyo:Kokoro","floor":16,"turns":14}],"seed_played":"-5767820413779818070","potions_obtained":[{"floor":2,"key":"Swift Potion"}],"is_trial":false,"path_per_floor":["M","M","COS","M","?","?","M","R","T","M","R","M","$","?","R","B"],"character_chosen":"REMILIA","items_purchased":["Strange Spoon"],"campfire_rested":0,"item_purchase_floors":[13],"current_hp_per_floor":[75,75,75,74,75,75,71,71,71,75,75,69,69,62,62,27,27],"gold":78,"neow_bonus":"","is_daily":false,"chose_seed":false,"campfire_upgraded":3,"win_rate":0.0,"timestamp":1608973041,"path_taken":["M","M","COS","M","?","?","M","R","T","M","R","M","$","?","R","BOSS"],"items_purchased_type":["Relic"],"build_version":"2020-12-22","purchased_purges":1,"victory":false,"max_hp_per_floor":[75,75,75,75,75,75,75,75,75,75,75,75,75,89,89,89,89],"card_choices":[{"not_picked":["WallGazer","Freischutz","ShyLook"],"picked":"Singing Bowl","floor":1},{"not_picked":["FavorOfDestiny","NightDance"],"picked":"EternalNight","floor":1},{"not_picked":["MeatLantern","Murderer","WallGazer"],"picked":"Singing Bowl","floor":2},{"not_picked":["ShyLook","Scorched"],"picked":"PunishingBird","floor":2},{"not_picked":["LeisurelyOfLord","CharismaGuard"],"picked":"VampireKiss","floor":2},{"not_picked":["BeautyBeast","Wellcheers","Laetitia"],"picked":"Singing Bowl","floor":4},{"not_picked":["ScarletImprint","MastersStateliness"],"picked":"UnstableMagic","floor":4},{"not_picked":["Wellcheers","CherryBlossoms","BeautyBeast"],"picked":"Singing Bowl","floor":7},{"not_picked":["FavorOfDestiny","LeisurelyOfLord","RedRainbow"],"picked":"SKIP","floor":7},{"not_picked":["OSAHOGD","Freischutz","FairyFestival"],"picked":"Singing Bowl","floor":10},{"not_picked":["ShyLook","Alriune"],"picked":"MHz","floor":10},{"not_picked":["KillingBlow","EndlessAdversity","StarOfDavid"],"picked":"SKIP","floor":10},{"not_picked":["BeautyBeast","ShyLook","VoidDream"],"picked":"Singing Bowl","floor":12},{"not_picked":["CharismaGuard","ScarletGensokyo"],"picked":"VampireKiss","floor":12}],"player_experience":130221,"relics_obtained":[{"floor":1,"key":"LetterFromLob"},{"floor":9,"key":"Anchor"}],"event_choices":[],"is_beta":false,"boss_relics":[],"items_purged_floors":[13],"is_endless":false,"potions_floor_spawned":[2],"killed_by":"Gensokyo:Kokoro","ascension_level":0}}