{"host":"nb9upq3jx3hg2lpa","time":1608957271,"event":{"mods":["BaseMod","Colored Map","Conspire","Downfall","Hubris","Marisa????????","Minty Spire (QoL Compilation)","Replay The Spire","StSLib","The Cursed","The Servant 0.9.4"],"gold_per_floor":[110,70,30,41,54,72,102,119,119,135,161,161,161,111,111,207,207,223,238,238,238,106,106,106],"floor_reached":23,"playtime":1044,"items_purged":[],"score":251,"play_id":"b2d335d6-e902-4e55-9415-5cb86644d568","local_time":"20201225223431","is_ascension_mode":false,"campfire_choices":[{"floor":13,"key":"REST"}],"circlet_count":0,"master_deck":["conspire:GhostlyStrike","conspire:GhostlyStrike","conspire:GhostlyStrike","conspire:GhostlyStrike","conspire:GhostlyStrike","conspire:GhostlyDefend","conspire:GhostlyDefend","conspire:GhostlyDefend","conspire:GhostlyDefend","Bash","Brutality","Warcry","Inflame","Ghostly Armor","Iron Wave","Anger","Anger+1","Abandon","Fiend Fire","Iron Wave","hubris:ReadiedAction+1","Spot Weakness","ReplayTheSpireMod:Private Reserves"],"relics":["Burning Blood","conspire:GlowingRock","Happy Flower","Shuriken","Mark of Pain","MutagenicStrength"],"acts_visited":["Exordium","TheCity"],"potions_floor_usage":[7,16,16,23],"damage_taken":[{"damage":16,"enemies":"conspire:RoseBush","floor":1,"turns":4},{"damage":13,"enemies":"Cultist","floor":4,"turns":5},{"damage":2,"enemies":"Small Slimes","floor":5,"turns":5},{"damage":2,"enemies":"2 Fungi Beasts","floor":6,"turns":5},{"damage":18,"enemies":"Lagavulin","floor":7,"turns":6},{"damage":9,"enemies":"conspire:2 RoseBushes","floor":8,"turns":6},{"damage":14,"enemies":"Blue Slaver","floor":10,"turns":4},{"damage":34,"enemies":"Gremlin Nob","floor":11,"turns":5},{"damage":28,"enemies":"Slime Boss","floor":16,"turns":9},{"damage":27,"enemies":"Shell Parasite","floor":18,"turns":6},{"damage":8,"enemies":"conspire:FuzzyDice","floor":19,"turns":7},{"damage":58,"enemies":"Slavers","floor":23,"turns":4}],"seed_played":"-5602247372033624297","potions_obtained":[{"floor":2,"key":"Toxic Potion"},{"floor":2,"key":"SneckoOil"},{"floor":2,"key":"HeartOfIron"},{"floor":4,"key":"sneckomod:MuddlingPotion"},{"floor":7,"key":"SpeedPotion"},{"floor":19,"key":"champ:CounterPotion"}],"is_trial":false,"path_per_floor":["M","?","$","M","M","M","E","M","T","M","E","?","R","?","R_BF","B",null,"M","M","?","?","$","E"],"character_chosen":"IRONCLAD","items_purchased":["Inflame","Spot Weakness","ReplayTheSpireMod:Private Reserves"],"campfire_rested":1,"item_purchase_floors":[3,22,22],"current_hp_per_floor":[70,70,70,63,67,71,59,56,56,48,20,20,44,44,44,22,80,59,57,57,57,57,0,0],"gold":106,"neow_bonus":"ONE_RANDOM_RARE_CARD","is_daily":false,"chose_seed":false,"campfire_upgraded":0,"win_rate":0.0,"timestamp":1608957271,"path_taken":["M","?","$","?","M","M","E","M","T","M","E","?","R","?","R_BF","BOSS","M","M","?","?","$","E"],"items_purchased_type":["Card","Card","Card"],"build_version":"2020-12-22","purchased_purges":0,"victory":false,"max_hp_per_floor":[80,80,80,80,80,80,80,80,80,80,80,80,80,80,80,80,80,80,80,80,80,80,80,80],"card_choices":[{"not_picked":["True Grit","Clash"],"picked":"Warcry","floor":1},{"not_picked":["conspire:ExplosiveBarrier","Infernal Blade"],"picked":"Ghostly Armor","floor":4},{"not_picked":["Perfected Strike","Sword Boomerang"],"picked":"Iron Wave","floor":5},{"not_picked":["Body Slam","True Grit"],"picked":"Anger","floor":6},{"not_picked":["Perfected Strike","Uppercut"],"picked":"Whirlwind","floor":7},{"not_picked":["Thunderclap","Warcry","Clothesline"],"picked":"SKIP","floor":8},{"not_picked":["Power Through","Pommel Strike"],"picked":"Anger","floor":10},{"not_picked":["Perfected Strike","Cleave"],"picked":"Abandon","floor":11},{"not_picked":["Corruption","Juggernaut"],"picked":"Fiend Fire","floor":16},{"not_picked":["Dropkick","Warcry"],"picked":"Iron Wave","floor":18},{"not_picked":["Cleave","Heavy Blade"],"picked":"hubris:ReadiedAction+1","floor":19}],"player_experience":3207,"relics_obtained":[{"floor":7,"key":"conspire:GlowingRock"},{"floor":9,"key":"Happy Flower"},{"floor":11,"key":"Shuriken"}],"event_choices":[{"damage_healed":0,"gold_gain":0,"player_choice":"Bought 3 Potions","damage_taken":0,"max_hp_gain":0,"max_hp_loss":0,"event_name":"The Woman in Blue","floor":2,"gold_loss":0},{"damage_healed":0,"gold_gain":0,"player_choice":"Agree","damage_taken":0,"max_hp_gain":0,"max_hp_loss":0,"event_name":"conspire:LoneGhost","floor":12,"gold_loss":0},{"cards_removed":["Whirlwind"],"damage_healed":0,"gold_gain":0,"player_choice":"Card Removal","damage_taken":0,"max_hp_gain":0,"max_hp_loss":0,"event_name":"The Cleric","floor":14,"gold_loss":50},{"damage_healed":0,"gold_gain":0,"player_choice":"Grow","damage_taken":0,"max_hp_gain":0,"max_hp_loss":0,"event_name":"Living Wall","floor":15,"gold_loss":0,"cards_upgraded":["Anger"]},{"damage_healed":0,"gold_gain":0,"player_choice":"Ignored","damage_taken":0,"max_hp_gain":0,"max_hp_loss":0,"event_name":"Ghosts","floor":20,"gold_loss":0},{"damage_healed":0,"gold_gain":0,"player_choice":"Inject Mutagens","damage_taken":0,"relics_obtained":["MutagenicStrength"],"max_hp_gain":0,"max_hp_loss":0,"event_name":"Drug Dealer","floor":21,"gold_loss":0}],"is_beta":false,"boss_relics":[{"not_picked":["ReplayTheSpireMod:DimensionalGlitch","Replay:Bronze Core"],"picked":"Mark of Pain"}],"items_purged_floors":[],"is_endless":false,"potions_floor_spawned":[4,7,10,11,19],"killed_by":"Slavers","ascension_level":0}}