{"host":"zuc5xqvlhed5q6ad","time":1608999491,"event":{"mods":["BaseMod","Block Reminder","Colored Powertips","Halation","Highlight Path","Mimic Mod","Minty Spire (QoL Compilation)","Permanent Neow","Practice Mode","Quick Restart","Spikes Relics","StSLib","UnlockEverythingMod"],"gold_per_floor":[114,124,4,4,16,16,0,0,24,34,34,63,80,26,26,127,127,141,141,155,104,104,104,120,130,160,160,171,19,19,19,19,119,119,139,139,151,168,218,218,229,229,281,291,17,17,17,28,28,28],"floor_reached":51,"playtime":2643,"items_purged":[],"score":697,"play_id":"a0ca1a6c-6c52-49cd-9e83-adabaca31f1b","local_time":"20201226191811","is_ascension_mode":false,"campfire_choices":[{"data":"Noxious Fumes","floor":6.0,"key":"SMITH"},{"data":"Neutralize","floor":8.0,"key":"SMITH"},{"data":"Bane","floor":11.0,"key":"SMITH"},{"data":"Deflect","floor":15.0,"key":"SMITH"},{"data":"Blade Dance","floor":23.0,"key":"SMITH"},{"floor":27.0,"key":"REST"},{"floor":30.0,"key":"REST"},{"floor":32.0,"key":"REST"},{"data":"Storm of Steel","floor":40.0,"key":"SMITH"},{"data":"Catalyst","floor":42.0,"key":"SMITH"},{"data":"Accuracy","floor":47.0,"key":"SMITH"},{"data":"Blur","floor":49.0,"key":"SMITH"}],"circlet_count":0,"master_deck":["Defend_G","Defend_G","Defend_G","Defend_G","Defend_G","Survivor","Neutralize+1","Slice","Slice","Noxious Fumes+1","Deadly Poison","Bane+1","Deflect+1","Deadly Poison","Deadly Poison","Necronomicurse","Blade Dance+1","Bite+1","Bite+1","Bite+1","Bite+1","Bite+1","Blade Dance+1","Storm of Steel+1","Blur+1","Bouncing Flask+1","Catalyst+1","Bouncing Flask+1","Accuracy+1"],"relics":["Busted Crown","halation:EternalFortune","Bag of Preparation","WristBlade","Necronomicon","Shuriken","ToxicTincture","CosmicIsotope","Unceasing Top","Potion Belt","Snake Skull","halation:PinkSoulGem"],"acts_visited":["Exordium","TheCity","TheBeyond"],"potions_floor_usage":[50,50],"damage_taken":[{"damage":3.0,"enemies":"Jaw Worm","floor":1.0,"turns":4.0},{"damage":0.0,"enemies":"Small Slimes","floor":2.0,"turns":4.0},{"damage":0.0,"enemies":"Cultist","floor":5.0,"turns":3.0},{"damage":0.0,"enemies":"2 Fungi Beasts","floor":10.0,"turns":3.0},{"damage":8.0,"enemies":"Lagavulin","floor":12.0,"turns":5.0},{"damage":3.0,"enemies":"Large Slime","floor":13.0,"turns":4.0},{"damage":30.0,"enemies":"Hexaghost","floor":16.0,"turns":8.0},{"damage":11.0,"enemies":"Spheric Guardian","floor":18.0,"turns":4.0},{"damage":7.0,"enemies":"2 Thieves","floor":20.0,"turns":4.0},{"damage":18.0,"enemies":"Shelled Parasite and Fungi","floor":24.0,"turns":5.0},{"damage":33.0,"enemies":"Snake Plant","floor":25.0,"turns":4.0},{"damage":14.0,"enemies":"Centurion and Healer","floor":26.0,"turns":6.0},{"damage":4.0,"enemies":"Centurion and Healer","floor":28.0,"turns":4.0},{"damage":54.0,"enemies":"Collector","floor":33.0,"turns":5.0},{"damage":13.0,"enemies":"Orb Walker","floor":35.0,"turns":4.0},{"damage":5.0,"enemies":"3 Darklings","floor":37.0,"turns":5.0},{"damage":9.0,"enemies":"Transient","floor":38.0,"turns":5.0},{"damage":31.0,"enemies":"Mind Bloom Boss Battle","floor":39.0,"turns":5.0},{"damage":8.0,"enemies":"Spire Growth","floor":41.0,"turns":2.0},{"damage":20.0,"enemies":"Maw","floor":44.0,"turns":6.0},{"damage":0.0,"enemies":"Transient","floor":48.0,"turns":5.0},{"damage":78,"enemies":"Time Eater","floor":50,"turns":5}],"seed_played":"1786616363226138706","potions_obtained":[{"floor":10.0,"key":"Weak Potion"},{"floor":12.0,"key":"Energy Potion"},{"floor":13.0,"key":"CunningPotion"},{"floor":28.0,"key":"FearPotion"},{"floor":35.0,"key":"CunningPotion"},{"floor":37.0,"key":"Weak Potion"},{"floor":41.0,"key":"Swift Potion"},{"floor":48.0,"key":"Poison Potion"}],"is_trial":false,"path_per_floor":["M","M","$","?","M","R","?","R","T","M","R","E","M","$","R","B",null,"M","?","M","$","?","R","M","M","MIM","R","M","$","R","?","R","B",null,"M","?","M","M","?","R","M","R","T","M","$","?","R","M","R","B",null],"character_chosen":"THE_SILENT","items_purchased":["Noxious Fumes","Deadly Poison","Deadly Poison","Blade Dance","ToxicTincture","Accuracy","Snake Skull","Dexterity Potion"],"campfire_rested":3,"item_purchase_floors":[3,3,14,21,29,45,45,45],"current_hp_per_floor":[67,67,67,70,73,73,73,73,73,73,73,65,65,65,65,35,79,68,52,45,45,45,45,48,30,28,51,62,62,79,64,84,36,84,74,74,84,81,62,62,60,60,60,58,58,58,58,73,73,10],"gold":28,"neow_bonus":"BOSS_RELIC","is_daily":false,"chose_seed":false,"campfire_upgraded":9,"win_rate":0.0,"timestamp":1608999491,"path_taken":["M","M","$","?","M","R","?","R","T","M","R","E","M","?","R","BOSS","M","?","M","$","?","R","M","?","MIM","R","M","$","R","?","R","BOSS","M","?","M","?","?","R","M","R","T","M","$","?","R","M","R","BOSS"],"items_purchased_type":["Card","Card","Card","Card","Relic","Card","Relic","Potion"],"build_version":"2020-12-22","purchased_purges":0,"victory":true,"max_hp_per_floor":[70,70,70,73,76,76,76,76,76,76,76,76,79,79,79,79,79,79,79,79,79,79,79,79,79,79,79,79,79,79,84,84,84,84,84,84,84,84,84,84,84,84,84,84,84,84,84,84,84,84],"card_choices":[{"not_picked":[],"picked":"Slice","floor":1.0},{"not_picked":[],"picked":"Slice","floor":2.0},{"not_picked":["Acrobatics"],"picked":"SKIP","floor":5.0},{"not_picked":[],"picked":"Bane","floor":10.0},{"not_picked":["Sucker Punch"],"picked":"SKIP","floor":12.0},{"not_picked":[],"picked":"Deflect","floor":13.0},{"not_picked":[],"picked":"Deadly Poison","floor":18.0},{"not_picked":["Sucker Punch"],"picked":"SKIP","floor":20.0},{"not_picked":["Quick Slash"],"picked":"SKIP","floor":24.0},{"not_picked":[],"picked":"Blade Dance+1","floor":25.0},{"not_picked":["Concentrate"],"picked":"SKIP","floor":28.0},{"not_picked":[],"picked":"Storm of Steel","floor":33.0},{"not_picked":[],"picked":"Blur","floor":35.0},{"not_picked":[],"picked":"Bouncing Flask+1","floor":37.0},{"not_picked":[],"picked":"Catalyst","floor":38.0},{"not_picked":[],"picked":"Bouncing Flask+1","floor":41.0},{"not_picked":["Choke"],"picked":"SKIP","floor":44.0},{"not_picked":["Quick Slash+1"],"picked":"SKIP","floor":48.0}],"player_experience":137618,"relics_obtained":[{"floor":5.0,"key":"halation:EternalFortune"},{"floor":9.0,"key":"Bag of Preparation"},{"floor":12.0,"key":"halation:TwoAmDonut"},{"floor":13.0,"key":"halation:EternalFortune"},{"floor":19.0,"key":"Necronomicon"},{"floor":26.0,"key":"Shuriken"},{"floor":39.0,"key":"Unceasing Top"},{"floor":43.0,"key":"Potion Belt"}],"event_choices":[{"damage_healed":0.0,"max_hp_gain":0.0,"max_hp_loss":0.0,"gold_gain":0.0,"event_name":"World of Goop","player_choice":"Left Gold","floor":7.0,"gold_loss":16.0,"damage_taken":0.0},{"damage_healed":0.0,"max_hp_gain":0.0,"max_hp_loss":0.0,"gold_gain":0.0,"event_name":"Cursed Tome","player_choice":"Obtained Book","floor":19.0,"gold_loss":0.0,"damage_taken":16.0},{"damage_healed":0.0,"max_hp_gain":5.0,"max_hp_loss":0.0,"gold_gain":0.0,"event_name":"Forgotten Altar","player_choice":"Shed Blood","floor":31.0,"gold_loss":0.0,"damage_taken":20.0},{"damage_healed":0.0,"max_hp_gain":0.0,"max_hp_loss":0.0,"gold_gain":0.0,"event_name":"Purifier","player_choice":"Ignored","floor":36.0,"gold_loss":0.0,"damage_taken":0.0},{"damage_healed":0.0,"max_hp_gain":0.0,"max_hp_loss":0.0,"gold_gain":0.0,"event_name":"MindBloom","player_choice":"Fight","floor":39.0,"gold_loss":0.0,"damage_taken":0.0}],"is_beta":false,"boss_relics":[{"not_picked":["Pandora\u0027s Box","Cursed Key"],"picked":"WristBlade"},{"not_picked":["halation:PlatinumPhoenix","Fusion Hammer"],"picked":"CosmicIsotope"}],"items_purged_floors":[],"is_endless":false,"potions_floor_spawned":[10,12,13,16,18,28,35,37,41,48],"ascension_level":0}}