{"host":"h5acbxt0wmjo1kpm","time":1608951762,"event":{"mods":["2.2 Compatiblity","Act Like it!","AlwaysNeverKeys","Aspiration","Bartender","BaseMod","Better Third Choice","Colored Map","Elementarium","Gensokyo","GifTheSpireLib","Hallownest","Marisa????????","Minty Spire (QoL Compilation)","Permanent Neow","Potionbrewer","Relic Filter","Replay The Spire","Robot Space Explorer","RumiaBox-????????","Shade Mod","Spicy Shops","StSLib","Strawberry Spire","The Blackbeard","The Dragon Tamer","The Forsaken","The Gatherer","The Problem Sleuth","The Servant 0.9.4","Wandering Minibosses","vexMod"],"gold_per_floor":[113,130,130,42,42,77,77,77,128,128,28,53,63,63,63,138,138,103,103,103,26,26,26,26,26,26,26],"floor_reached":26,"playtime":846,"items_purged":[],"score":462,"play_id":"f367382a-9e59-4518-9d33-565fd012032b","local_time":"20201225190242","is_ascension_mode":true,"campfire_choices":[{"data":"Mirror Shield","floor":7,"key":"SMITH"},{"data":"Gensokyo:CrescentMoonSlash","floor":10,"key":"SMITH"},{"floor":15,"key":"REST"},{"data":"strawberrySpire:Ronchyble","floor":25,"key":"SMITH"}],"circlet_count":0,"master_deck":["AscendersBane","Strike_B","Strike_B","Defend_B","Defend_B","Zap","Dualcast","Storm","Cold Snap","strawberrySpire:BlasterWyrm","Gensokyo:CrescentMoonSlash+1","Mirror Shield+1","Leap","Ball Lightning","Core Surge","Compile Driver","Sweeping Beam","strawberrySpire:Ronchyble+1","Steam","Slice","PiercingWail","Venomology","Gensokyo:LockedMedkit"],"relics":["Cracked Core","Shovel","ZombieArmy","Orichalcum","Quantum Egg","Mango","Silver_Glasses","Gensokyo:DirgeOfMelancholy","Frozen Eye"],"acts_visited":["Gensokyo:Gensokyo","Gensokyo:Gensokyoer"],"potions_floor_usage":[5,12,16],"damage_taken":[{"damage":0,"enemies":"Gensokyo:3_Fairies","floor":1,"turns":4},{"damage":10,"enemies":"Gensokyo:Gryphon","floor":2,"turns":4},{"damage":23,"enemies":"Gensokyo:Mamizou","floor":6,"turns":9},{"damage":3,"enemies":"Gensokyo:Aya","floor":12,"turns":5},{"damage":0,"enemies":"Gensokyo:Python","floor":13,"turns":2},{"damage":0,"enemies":"Gensokyo:Reimu","floor":16,"turns":7},{"damage":57,"enemies":"Gensokyo:3_Dogs","floor":18,"turns":6},{"damage":24,"enemies":"Gensokyo:Koishi","floor":26,"turns":4}],"seed_played":"3210000306127554045","potions_obtained":[{"floor":2,"key":"Fruit Juice"},{"floor":6,"key":"Block Potion"},{"floor":13,"key":"AttackPotion"}],"is_trial":false,"path_per_floor":["M","M","?","COS","?","E","R","?","T","R","$","E","M","?","R","B",null,"M","?","?","COS","?","PTL","PTL","R","E"],"character_chosen":"DEFECT","items_purchased":["Leap","Ball Lightning"],"campfire_rested":1,"item_purchase_floors":[11,11],"current_hp_per_floor":[64,54,45,45,57,34,34,34,34,34,34,31,31,17,44,44,79,22,22,22,22,22,22,22,22,0,0],"gold":26,"neow_bonus":"TRANSFORM_CARD","is_daily":false,"chose_seed":false,"campfire_upgraded":3,"win_rate":0.0,"timestamp":1608951762,"path_taken":["M","M","?","COS","?","E","R","?","T","R","$","E","?","?","R","BOSS","M","?","?","COS","?","PTL","PTL","R","E"],"items_purchased_type":["Card","Card"],"build_version":"2020-12-22","purchased_purges":0,"victory":false,"max_hp_per_floor":[71,71,71,71,76,76,76,76,76,76,76,76,76,90,90,90,90,90,90,90,90,90,90,90,90,90,90],"card_choices":[{"not_picked":["strawberrySpire:NeonFlight","ReplayTheSpireMod:Repulse"],"picked":"Cold Snap","floor":1},{"not_picked":["Skim","Compile Driver"],"picked":"strawberrySpire:BlasterWyrm","floor":2},{"not_picked":["strawberrySpire:NeonFlight","Glacier"],"picked":"Mirror Shield","floor":6},{"not_picked":["All For One","strawberrySpire:Refactor"],"picked":"Core Surge","floor":12},{"not_picked":["strawberrySpire:DataDump","strawberrySpire:Adapter"],"picked":"Compile Driver","floor":12},{"not_picked":["Conserve Battery","BasicCrystalCard"],"picked":"Sweeping Beam","floor":13},{"not_picked":["Thunder Strike","All For One"],"picked":"strawberrySpire:Ronchyble","floor":16},{"not_picked":["Go for the Eyes","BasicCrystalCard"],"picked":"Steam","floor":18}],"player_experience":1942963,"relics_obtained":[{"floor":6,"key":"Shovel"},{"floor":9,"key":"ZombieArmy"},{"floor":12,"key":"Quantum Egg"}],"event_choices":[],"is_beta":false,"boss_relics":[{"not_picked":["Coffee Dripper","Cursed Key"],"picked":"Silver_Glasses"}],"items_purged_floors":[],"is_endless":false,"potions_floor_spawned":[2,6,13],"killed_by":"Gensokyo:Koishi","ascension_level":15}}