{"host":"kw4o7b3ro2ktmmbe","time":1608962708,"event":{"mods":["BaseMod","Downfall","Evolution","Minty Spire (QoL Compilation)","StSLib","Treasure Hunter"],"gold_per_floor":[108,126,126,146,146,146,171,171,171,271,111,126,143,171,190,293,293,293,318,318,318,338,338,338,338,367,379,379,391,391,391,391],"floor_reached":30,"playtime":2488,"items_purged":[],"score":283,"play_id":"65ac3d08-0e74-4275-93ee-541e979b0116","local_time":"20201226190508","is_ascension_mode":true,"campfire_choices":[{"data":"hexamod:Sear","floor":1,"key":"SMITH"},{"data":"TH:CursedSword","floor":6,"key":"SMITH"},{"data":"TH:ArmorSpikes","floor":8,"key":"SMITH"},{"data":"TH:ElvenBoots","floor":18,"key":"SMITH"},{"data":"TH:ArmorSpikes","floor":25,"key":"SMITH"},{"floor":28,"key":"REST"}],"circlet_count":0,"master_deck":["hexamod:Firestarter","hexamod:Strike","hexamod:Strike","hexamod:Strike","hexamod:Defend","hexamod:Defend","hexamod:Defend","hexamod:Defend","hexamod:Sear+1","hexamod:Float","hexamod:SpectersWail","TH:CursedSword+1","hexamod:SpectersWail","hexamod:FirstSeal","TH:ArmorSpikes+1","hexamod:SpectersWail","hexamod:DynamicBlow","hexamod:SpectersWail","TH:ArmorSpikes+1","hexamod:GhostflameInferno","hexamod:Hexaguard","TH:ElvenBoots+1","hexamod:WildfireWeapon","hexamod:AdvancingGuard+1","hexamod:SoulSteal","TH:TreasureMap","TH:BikiniMail","hexamod:RadiantFlame","hexamod:BurningTouch+1","hexamod:GhostShield+1"],"relics":["EVO:Axolotl","Sozu","Shuriken","Juzu Bracelet","HandDrill","Happy Flower","Runic Dome","Red Mask","Ancient Tea Set","Incense Burner","Turnip"],"acts_visited":["Exordium","TheCity"],"potions_floor_usage":[],"damage_taken":[{"damage":0,"enemies":"Cultist","floor":2,"turns":3},{"damage":7,"enemies":"Small Slimes","floor":4,"turns":3},{"damage":0,"enemies":"downfall:FleeingMerchant","floor":11,"turns":4},{"damage":6,"enemies":"Jaw Worm","floor":12,"turns":2},{"damage":4,"enemies":"Blue Slaver","floor":13,"turns":3},{"damage":21,"enemies":"Lagavulin","floor":14,"turns":4},{"damage":3,"enemies":"Lots of Slimes","floor":15,"turns":2},{"damage":31,"enemies":"downfall:Watcher","floor":16,"turns":6},{"damage":36,"enemies":"Masked Bandits","floor":19,"turns":4},{"damage":25,"enemies":"Spheric Guardian","floor":22,"turns":4},{"damage":37,"enemies":"Book of Stabbing","floor":26,"turns":5},{"damage":17,"enemies":"Shell Parasite","floor":27,"turns":5},{"damage":15,"enemies":"Centurion and Healer","floor":29,"turns":7},{"damage":35,"enemies":"Shelled Parasite and Fungi","floor":30,"turns":4}],"seed_played":"-3312333790750317953","potions_obtained":[],"is_trial":false,"path_per_floor":["R","M","T","M","?","R","T","R","?","?","$","M","M","E","M","B",null,"R","?","?","?","M","?","T","R","E","M","R","M","M"],"character_chosen":"THE_SPIRIT","items_purchased":["HandDrill"],"campfire_rested":1,"item_purchase_floors":[11],"current_hp_per_floor":[70,70,70,63,56,56,56,56,61,61,68,62,65,44,41,17,75,75,46,46,46,28,53,53,53,23,13,35,27,0,0,0],"gold":391,"neow_bonus":"BOSS_RELIC","is_daily":false,"chose_seed":false,"campfire_upgraded":5,"win_rate":0.0,"timestamp":1608962708,"path_taken":["R","M","?","M","?","R","T","R","?","?","$","M","M","E","M","BOSS","R","?","?","?","M","?","T","R","E","M","R","M","M"],"items_purchased_type":["Relic"],"build_version":"2020-12-22","purchased_purges":0,"victory":false,"max_hp_per_floor":[70,70,70,70,70,70,70,70,75,75,75,75,75,75,75,75,75,75,75,75,75,75,75,75,75,75,75,75,75,75,75,75],"card_choices":[{"not_picked":["hexamod:GhostLash","hexamod:GhostOfSpireFuture"],"picked":"hexamod:SpectersWail","floor":2},{"not_picked":["TH:TreasureMap"],"picked":"TH:CursedSword","floor":3},{"not_picked":["hexamod:SpectralAdrenaline","hexamod:InspiringFlames"],"picked":"hexamod:SpectersWail","floor":4},{"not_picked":["TH:PixieDust"],"picked":"TH:ArmorSpikes","floor":7},{"not_picked":["hexamod:NightmareStrike","hexamod:Firestarter"],"picked":"hexamod:SpectersWail","floor":11},{"not_picked":["hexamod:ShieldOfDarkness","hexamod:GhostLash"],"picked":"hexamod:DynamicBlow","floor":12},{"not_picked":["hexamod:Haunt","hexamod:RetreatToShadows"],"picked":"hexamod:SpectersWail","floor":13},{"not_picked":["TH:CursedSword"],"picked":"TH:ArmorSpikes","floor":14},{"not_picked":["hexamod:RainOfEmbers","hexamod:Firestarter"],"picked":"hexamod:GhostflameInferno","floor":14},{"not_picked":["hexamod:HauntingEcho","hexamod:NightmareStrike"],"picked":"hexamod:Hexaguard","floor":15},{"not_picked":["TH:EnergyPotion"],"picked":"TH:ElvenBoots","floor":16},{"not_picked":["hexamod:Toasty","hexamod:GiftsFromTheDead"],"picked":"hexamod:WildfireWeapon","floor":16},{"not_picked":["hexamod:RainOfEmbers","hexamod:NightmareStrike"],"picked":"hexamod:AdvancingGuard+1","floor":19},{"not_picked":["hexamod:BurningTouch","hexamod:Incineration"],"picked":"hexamod:SoulSteal","floor":22},{"not_picked":["TH:CopperCoins"],"picked":"TH:TreasureMap","floor":24},{"not_picked":["TH:ElvenBoots"],"picked":"TH:BikiniMail","floor":26},{"not_picked":["hexamod:GhostShield","hexamod:SearingWound"],"picked":"hexamod:RadiantFlame","floor":26},{"not_picked":["hexamod:AdvancingGuard+1","hexamod:GhostOfSpirePast+1"],"picked":"hexamod:BurningTouch+1","floor":27},{"not_picked":["hexamod:NightmareStrike","hexamod:SecondSeal"],"picked":"hexamod:GhostShield+1","floor":29}],"player_experience":1857703,"relics_obtained":[{"floor":3,"key":"Shuriken"},{"floor":7,"key":"Juzu Bracelet"},{"floor":14,"key":"Happy Flower"},{"floor":19,"key":"Red Mask"},{"floor":24,"key":"Incense Burner"},{"floor":26,"key":"Turnip"}],"event_choices":[{"damage_healed":0,"gold_gain":0,"player_choice":"Donut","damage_taken":0,"max_hp_gain":5,"max_hp_loss":0,"event_name":"Big Fish","floor":9,"gold_loss":0},{"damage_healed":0,"gold_gain":0,"player_choice":"Fought Bandits","damage_taken":0,"max_hp_gain":0,"max_hp_loss":0,"event_name":"Masked Bandits","floor":19,"gold_loss":0},{"cards_removed":["Writhe"],"damage_healed":0,"gold_gain":0,"player_choice":"Purged","damage_taken":0,"max_hp_gain":0,"max_hp_loss":0,"event_name":"Purifier","floor":21,"gold_loss":0},{"damage_healed":25,"gold_gain":0,"player_choice":"Heal","damage_taken":0,"max_hp_gain":0,"max_hp_loss":0,"event_name":"The Library","floor":23,"gold_loss":0}],"is_beta":false,"boss_relics":[{"not_picked":["Busted Crown","downfall:Hecktoplasm"],"picked":"Runic Dome"}],"items_purged_floors":[],"is_endless":false,"potions_floor_spawned":[2,14,22],"killed_by":"Shelled Parasite and Fungi","ascension_level":1}}