{"host":"oiai0qxasotny765","time":1608982498,"event":{"mods":["2.2 Compatiblity","AchievementEnabler","BaseMod","Colored Map","Minty Spire (QoL Compilation)","Permanent Neow","Relic Stats","StSLib","SuperFastMode","everything is the same but u backflip on backflip"],"gold_per_floor":[111,111,128,147,164,164,184,200,200,200,212,227,227,240,240,315,315,335,235,54,54,54],"floor_reached":21,"playtime":724,"items_purged":["Strike_G"],"score":333,"play_id":"0ed9490c-5808-4bb5-b4b7-11eba57fd702","local_time":"20201226203458","is_ascension_mode":true,"campfire_choices":[{"data":"Deadly Poison","floor":6.0,"key":"SMITH"},{"data":"Burst","floor":10.0,"key":"SMITH"},{"floor":15,"key":"REST"}],"circlet_count":0,"master_deck":["AscendersBane","Strike_G","Strike_G+1","Strike_G","Defend_G","Defend_G","Defend_G+1","Defend_G","Survivor","Neutralize","Poisoned Stab","After Image","Predator","Calculated Gamble","Caltrops","Deadly Poison+1","Burst+1","Bullet Time","Catalyst","Blur","Finesse"],"relics":["Ring of the Snake","Darkstone Periapt","SacredBark"],"acts_visited":["Exordium","TheCity"],"potions_floor_usage":[14,14,14,21,21],"damage_taken":[{"damage":2.0,"enemies":"Jaw Worm","floor":1.0,"turns":6.0},{"damage":0.0,"enemies":"Cultist","floor":3.0,"turns":3.0},{"damage":0.0,"enemies":"Small Slimes","floor":4.0,"turns":4.0},{"damage":3.0,"enemies":"Looter","floor":5.0,"turns":4.0},{"damage":8.0,"enemies":"3 Louse","floor":7.0,"turns":2.0},{"damage":12.0,"enemies":"Exordium Wildlife","floor":8.0,"turns":5.0},{"damage":3.0,"enemies":"Looter","floor":11.0,"turns":3.0},{"damage":5.0,"enemies":"Large Slime","floor":12.0,"turns":5.0},{"damage":5,"enemies":"Gremlin Gang","floor":14,"turns":6},{"damage":6,"enemies":"Hexaghost","floor":16,"turns":9},{"damage":31,"enemies":"Spheric Guardian","floor":18,"turns":6},{"damage":15,"enemies":"2 Thieves","floor":19,"turns":5},{"damage":25,"enemies":"Cultist and Chosen","floor":21,"turns":5}],"seed_played":"-4729895659990623872","potions_obtained":[{"floor":3.0,"key":"Fire Potion"},{"floor":4.0,"key":"Weak Potion"},{"floor":7.0,"key":"EntropicBrew"},{"floor":16,"key":"GhostInAJar"}],"is_trial":false,"path_per_floor":["M","?","M","M","M","R","M","M","T","R","M","M","?","M","R","B",null,"M","M","$","M"],"character_chosen":"THE_SILENT","items_purchased":["Finesse"],"campfire_rested":1,"item_purchase_floors":[20],"current_hp_per_floor":[57,57,57,57,54,54,46,34,34,34,31,26,8,3,21,15,49,18,3,3,0,0],"gold":54,"neow_bonus":"REMOVE_TWO","is_daily":false,"chose_seed":false,"campfire_upgraded":2,"win_rate":0.0,"timestamp":1608982498,"path_taken":["M","?","M","?","M","R","M","M","T","R","M","M","?","M","R","BOSS","M","M","$","M"],"items_purchased_type":["Card"],"build_version":"2020-12-22","purchased_purges":1,"victory":false,"max_hp_per_floor":[60,60,60,60,60,60,60,60,60,60,60,60,60,60,60,60,60,60,60,60,60,60],"relic_stats":{"Darkstone Periapt":0,"counters":[13,63],"obtain_stats":[{"Darkstone Periapt":9,"SacredBark":17,"Ring of the Snake":0},{"Darkstone Periapt":6,"SacredBark":10,"Ring of the Snake":0},{"Darkstone Periapt":24,"SacredBark":47,"Ring of the Snake":0}],"Ring of the Snake":[26]},"card_choices":[{"not_picked":["Sucker Punch","Bane"],"picked":"Poisoned Stab","floor":1.0},{"not_picked":["Sucker Punch","Noxious Fumes"],"picked":"Calculated Gamble","floor":3.0},{"not_picked":["PiercingWail","Prepared"],"picked":"Caltrops","floor":4.0},{"not_picked":["Flying Knee","Slice"],"picked":"Deadly Poison","floor":5.0},{"not_picked":["Masterful Stab","Dodge and Roll","PiercingWail"],"picked":"SKIP","floor":7.0},{"not_picked":["All Out Attack","Dodge and Roll"],"picked":"Burst","floor":8.0},{"not_picked":["All Out Attack","Dagger Spray","Infinite Blades"],"picked":"SKIP","floor":11.0},{"not_picked":["Prepared","Finisher","Flying Knee"],"picked":"SKIP","floor":12.0},{"not_picked":["Blade Dance","Flying Knee","Terror"],"picked":"SKIP","floor":14},{"not_picked":["Storm of Steel","A Thousand Cuts"],"picked":"Bullet Time","floor":16},{"not_picked":["Caltrops","Poisoned Stab"],"picked":"Catalyst","floor":18},{"not_picked":["Quick Slash","Flying Knee"],"picked":"Blur","floor":19}],"player_experience":283957,"relics_obtained":[{"floor":9.0,"key":"Darkstone Periapt"}],"event_choices":[{"damage_healed":0.0,"max_hp_gain":0.0,"max_hp_loss":0.0,"gold_gain":0.0,"event_name":"Match and Keep!","player_choice":"2 cards matched","floor":2.0,"gold_loss":0.0,"damage_taken":0.0,"cards_obtained":["After Image","Predator"]},{"damage_healed":0.0,"max_hp_gain":0.0,"max_hp_loss":0.0,"gold_gain":0.0,"event_name":"Shining Light","player_choice":"Entered Light","floor":13.0,"gold_loss":0.0,"damage_taken":18.0,"cards_upgraded":["Defend_G","Strike_G"]}],"is_beta":false,"boss_relics":[{"not_picked":["Black Star","SlaversCollar"],"picked":"SacredBark"}],"items_purged_floors":[20],"is_endless":false,"potions_floor_spawned":[3,4,7,8,16],"killed_by":"Cultist and Chosen","ascension_level":18}}