{"host":"4ql3fbq4ff03iluc","time":1608948043,"event":{"mods":["BaseMod","Minty Spire (QoL Compilation)","Rare Cards Sparkle","StSLib"],"gold_per_floor":[109,125,27,43,55,55,83,83,129,129,142,152,152,152,152,283,283,296,317,336,336,207,207,247,267,267,280,379,379,417,298,298,298,298],"floor_reached":33,"playtime":1259,"items_purged":["Strike_G+1"],"score":445,"play_id":"3399a674-fabf-4b5f-ab71-10fdff2d720d","local_time":"20201225180043","is_ascension_mode":true,"campfire_choices":[{"data":"Crippling Poison","floor":6,"key":"SMITH"},{"floor":10,"key":"REST"},{"data":"Phantasmal Killer","floor":13,"key":"SMITH"},{"data":"Bane","floor":15,"key":"SMITH"},{"data":"Bane","floor":23,"key":"SMITH"},{"floor":29,"key":"REST"},{"data":"Terror","floor":32,"key":"SMITH"}],"circlet_count":0,"master_deck":["AscendersBane","Strike_G+1","Strike_G+1","Strike_G+1","Defend_G+1","Defend_G+1","Defend_G+1","Defend_G+1","Defend_G+1","Survivor","Neutralize","Corpse Explosion","All Out Attack","Crippling Poison+1","Deadly Poison","Bane+1","Bane+1","Deadly Poison","Phantasmal Killer+1","Die Die Die","Dash+1","Cloak And Dagger","Escape Plan+1","Terror+1","Backflip","Well Laid Plans"],"relics":["Ring of the Snake","Mercury Hourglass","Lantern","Golden Idol","Velvet Choker","MealTicket","Ninja Scroll","Blood Vial"],"acts_visited":["Exordium","TheCity"],"potions_floor_usage":[12,24],"damage_taken":[{"damage":0,"enemies":"Jaw Worm","floor":1,"turns":4},{"damage":0,"enemies":"Cultist","floor":2,"turns":4},{"damage":0,"enemies":"Small Slimes","floor":4,"turns":3},{"damage":11,"enemies":"Looter","floor":5,"turns":4},{"damage":20,"enemies":"Lagavulin","floor":7,"turns":5},{"damage":0,"enemies":"3 Louse","floor":11,"turns":2},{"damage":6,"enemies":"Exordium Thugs","floor":12,"turns":3},{"damage":17,"enemies":"The Guardian","floor":16,"turns":8},{"damage":2,"enemies":"Chosen","floor":18,"turns":4},{"damage":0,"enemies":"Spheric Guardian","floor":19,"turns":3},{"damage":18,"enemies":"Snake Plant","floor":20,"turns":3},{"damage":10,"enemies":"Book of Stabbing","floor":24,"turns":4},{"damage":0,"enemies":"3 Cultists","floor":25,"turns":2},{"damage":0,"enemies":"Chosen and Byrds","floor":27,"turns":3},{"damage":16,"enemies":"Slavers","floor":30,"turns":3},{"damage":73,"enemies":"Champ","floor":33,"turns":10}],"seed_played":"-1427155196057352440","potions_obtained":[{"floor":1,"key":"Explosive Potion"},{"floor":12,"key":"SmokeBomb"},{"floor":18,"key":"LiquidMemories"},{"floor":25,"key":"Strength Potion"}],"is_trial":false,"path_per_floor":["M","M","$","M","M","R","E","?","T","R","M","M","R","?","R","B",null,"M","M","M","?","$","R","E","M","T","M","?","R","E","$","R","B"],"character_chosen":"THE_SILENT","items_purchased":["Deadly Poison","Bane","Cloak And Dagger","Backflip","Well Laid Plans"],"campfire_rested":2,"item_purchase_floors":[3,3,22,31,31],"current_hp_per_floor":[45,45,45,45,34,34,14,14,14,35,35,29,29,29,29,12,52,50,50,32,32,32,32,22,22,22,22,22,41,25,40,40,0,0],"gold":298,"neow_bonus":"THREE_RARE_CARDS","is_daily":false,"chose_seed":false,"campfire_upgraded":5,"win_rate":0.0,"timestamp":1608948043,"path_taken":["M","M","$","M","M","R","E","?","T","R","M","?","R","?","R","BOSS","M","M","M","?","$","R","E","M","T","M","?","R","E","$","R","BOSS"],"items_purchased_type":["Card","Card","Card","Card","Card"],"build_version":"2020-12-22","purchased_purges":1,"victory":false,"max_hp_per_floor":[70,70,70,70,70,70,70,70,70,70,70,70,70,65,65,65,65,65,65,65,65,65,65,65,65,65,65,65,65,65,65,65,65,65],"card_choices":[{"not_picked":["Malaise","Unload"],"picked":"Corpse Explosion","floor":0},{"not_picked":["Heel Hook","Prepared"],"picked":"All Out Attack","floor":1},{"not_picked":["Underhanded Strike","Slice"],"picked":"Crippling Poison","floor":2},{"not_picked":["Blade Dance","Slice"],"picked":"Bane","floor":4},{"not_picked":["Acrobatics","Expertise"],"picked":"Deadly Poison","floor":5},{"not_picked":["Bane","Outmaneuver","Crippling Poison"],"picked":"SKIP","floor":7},{"not_picked":["Tactician","Acrobatics"],"picked":"Phantasmal Killer","floor":11},{"not_picked":["Backstab","Dodge and Roll","Outmaneuver"],"picked":"SKIP","floor":12},{"not_picked":["Wraith Form v2","Malaise"],"picked":"Die Die Die","floor":16},{"not_picked":["Reflex","Dagger Throw+1","Blur"],"picked":"SKIP","floor":18},{"not_picked":["Setup+1","Slice"],"picked":"Dash+1","floor":19},{"not_picked":["Deadly Poison","Blade Dance","Dagger Spray"],"picked":"SKIP","floor":20},{"not_picked":["Cloak And Dagger","Sucker Punch","Masterful Stab+1"],"picked":"SKIP","floor":24},{"not_picked":["Outmaneuver","Sucker Punch"],"picked":"Escape Plan+1","floor":25},{"not_picked":["Outmaneuver","PiercingWail"],"picked":"Terror","floor":27},{"not_picked":["Finisher","Unload","Distraction"],"picked":"SKIP","floor":30}],"player_experience":619373,"relics_obtained":[{"floor":7,"key":"Mercury Hourglass"},{"floor":9,"key":"Lantern"},{"floor":24,"key":"MealTicket"},{"floor":26,"key":"Ninja Scroll"},{"floor":30,"key":"Blood Vial"}],"event_choices":[{"cards_removed":["Strike_G"],"damage_healed":0,"gold_gain":0,"player_choice":"Purged","damage_taken":0,"max_hp_gain":0,"max_hp_loss":0,"event_name":"Purifier","floor":8,"gold_loss":0},{"damage_healed":0,"gold_gain":0,"player_choice":"Lose Max HP","damage_taken":0,"relics_obtained":["Golden Idol"],"max_hp_gain":0,"max_hp_loss":5,"event_name":"Golden Idol","floor":14,"gold_loss":0},{"damage_healed":0,"gold_gain":0,"player_choice":"Simplicity","damage_taken":0,"max_hp_gain":0,"max_hp_loss":0,"event_name":"Back to Basics","floor":21,"gold_loss":0,"cards_upgraded":["Strike_G","Strike_G","Strike_G","Strike_G","Defend_G","Defend_G","Defend_G","Defend_G","Defend_G"]},{"damage_healed":0,"gold_gain":99,"player_choice":"Stole From Cult","damage_taken":0,"max_hp_gain":0,"max_hp_loss":0,"event_name":"Nest","floor":28,"gold_loss":0}],"is_beta":false,"boss_relics":[{"not_picked":["Runic Dome","HoveringKite"],"picked":"Velvet Choker"}],"items_purged_floors":[22],"is_endless":false,"potions_floor_spawned":[1,12,18,25,30],"killed_by":"Champ","ascension_level":11}}