{"host":"cm56dopeulr50jn0","time":1608951162,"event":{"mods":["BaseMod","Bestiary","Better Match","Better Third Choice","Downfall","Minty Spire (QoL Compilation)","Relic Stats","StSLib"],"gold_per_floor":[111,126,139,49,110,130,130,143,38,38,23,23,23,52,2,81,81,95,107,118,118,128,145,145,175,125,1,33,33,33,68,18,91,91,111,124,137,152,169,69,69,102,102,52,52,77,27,53,3,3],"floor_reached":51,"playtime":4000,"items_purged":["Slimebound:Strike_Slimebound","Slimebound:Strike_Slimebound"],"score":1506,"play_id":"5324d3c6-82a9-4e75-a1f3-f1c792441584","local_time":"20201225185242","is_ascension_mode":true,"campfire_choices":[{"floor":13,"key":"REST"},{"floor":15,"key":"REST"},{"data":"Slimebound:MassFeed","floor":26,"key":"SMITH"},{"data":"Slimebound:SelfFormingGoo","floor":30,"key":"SMITH"},{"data":"Slimebound:LeadByExample","floor":32,"key":"SMITH"},{"floor":44,"key":"RECALL"},{"data":"Slimebound:Recycling","floor":47,"key":"SMITH"},{"data":"Slimebound:SlimeBarrage","floor":49,"key":"SMITH"}],"circlet_count":0,"master_deck":["AscendersBane","Slimebound:Tackle","Slimebound:Defend_Slimebound","Slimebound:Defend_Slimebound","Slimebound:Defend_Slimebound","Slimebound:Defend_Slimebound","Slimebound:Split","Slimebound:CorrosiveSpit","Slimebound:GrowthPunch","Slimebound:RollThrough","Slimebound:Repurpose","Slimebound:Equalize","Slimebound:SpikyOuterGoop","Slimebound:GoopTackle","Slimebound:SplitMire","Slimebound:MegaLick","Slimebound:SpikyOuterGoop","Slimebound:MassFeed+1","Slimebound:Recollect","Slimebound:Recycling+1","Slimebound:FinishingTackle+1","Slimebound:LeadByExample+1","Slimebound:SlimeSpikes","Necronomicurse","Slimebound:SlimeTap","Slimebound:LivingWall","Slimebound:GoopSpray+1","Slimebound:SelfFormingGoo+1","Slimebound:SamplingLick+1","Slimebound:SlimeSpikes+1","Slimebound:Darklings+1","Slimebound:SplitSpecialist+1","Slimebound:FormOfPuddle+1","Slimebound:SlimeBarrage+1","Slimebound:Prepare+1","Slimebound:Replication+1","Slimebound:SlimeTap+1","Slimebound:SplitSpecialist+1","Slimebound:WasteNot+1"],"relics":["Slimebound:AbsorbEndCombat","Slimebound:MaxSlimesRelic","Anchor","Slimebound:GreedOozeRelic","Toy Ornithopter","Runic Dome","Necronomicon","Toxic Egg 2","Boot","Eternal Feather","Orichalcum","StoneCalendar","Nunchaku","Black Star","Question Card","Bag of Preparation","Kunai","Centennial Puzzle","Mercury Hourglass","StrikeDummy"],"acts_visited":["Exordium","TheCity","TheBeyond"],"potions_floor_usage":[5,8,16,20,25,27,33,35,46],"damage_taken":[{"damage":8,"enemies":"Cultist","floor":1,"turns":4},{"damage":5,"enemies":"Small Slimes","floor":2,"turns":4},{"damage":5,"enemies":"2 Louse","floor":3,"turns":3},{"damage":9,"enemies":"downfall:FleeingMerchant","floor":4,"turns":4},{"damage":64,"enemies":"Lagavulin Event","floor":5,"turns":7},{"damage":14,"enemies":"2 Fungi Beasts","floor":6,"turns":3},{"damage":8,"enemies":"3 Louse","floor":8,"turns":5},{"damage":17,"enemies":"downfall:FleeingMerchant","floor":9,"turns":4},{"damage":26,"enemies":"downfall:FleeingMerchant","floor":11,"turns":4},{"damage":46,"enemies":"Lagavulin","floor":14,"turns":7},{"damage":67,"enemies":"downfall:Ironclad","floor":16,"turns":10},{"damage":28,"enemies":"Chosen","floor":18,"turns":5},{"damage":19,"enemies":"3 Byrds","floor":19,"turns":4},{"damage":25,"enemies":"Centurion and Healer","floor":20,"turns":6},{"damage":12,"enemies":"3 Cultists","floor":22,"turns":4},{"damage":24,"enemies":"Snake Plant","floor":23,"turns":5},{"damage":48,"enemies":"Gremlin Leader","floor":25,"turns":5},{"damage":34,"enemies":"downfall:FleeingMerchant","floor":27,"turns":4},{"damage":31,"enemies":"Book of Stabbing","floor":28,"turns":4},{"damage":25,"enemies":"Slavers","floor":31,"turns":4},{"damage":16,"enemies":"downfall:Defect","floor":33,"turns":5},{"damage":12,"enemies":"Orb Walker","floor":35,"turns":4},{"damage":26,"enemies":"3 Shapes","floor":36,"turns":4},{"damage":43,"enemies":"3 Darklings","floor":37,"turns":6},{"damage":31,"enemies":"Maw","floor":38,"turns":5},{"damage":49,"enemies":"Spire Growth","floor":39,"turns":4},{"damage":42,"enemies":"Nemesis","floor":42,"turns":7},{"damage":28,"enemies":"Nemesis","floor":45,"turns":3},{"damage":36,"enemies":"Reptomancer","floor":46,"turns":5},{"damage":53,"enemies":"Nemesis","floor":48,"turns":5},{"damage":33,"enemies":"downfall:Watcher","floor":50,"turns":5}],"seed_played":"5372481474846861023","potions_obtained":[{"floor":2,"key":"FearPotion"},{"floor":5,"key":"SneckoOil"},{"floor":14,"key":"sneckomod:MuddlingPotion"},{"floor":16,"key":"Slimebound:SpawnSlimePotion"},{"floor":18,"key":"BlessingOfTheForge"},{"floor":22,"key":"Energy Potion"},{"floor":28,"key":"SteroidPotion"},{"floor":31,"key":"DistilledChaos"},{"floor":35,"key":"Fruit Juice"},{"floor":42,"key":"SkillPotion"},{"floor":46,"key":"SpeedPotion"}],"is_trial":false,"path_per_floor":["M","M","M","$","?","M","T","M","$","?","$","?","R","E","R","B",null,"M","M","M","?","M","M","T","E","R","$","E","$","R","E","R","B",null,"M","M","M","M","M","$","T","E","?","R","?","E","R","E","R","B",null],"character_chosen":"SLIMEBOUND","items_purchased":["Slimebound:SpikyOuterGoop","Eternal Feather","Slimebound:SamplingLick+1","Orichalcum"],"campfire_rested":2,"item_purchase_floors":[9,27,27,27],"current_hp_per_floor":[58,59,59,59,11,9,9,13,26,26,20,20,37,19,36,18,49,43,52,67,46,51,54,54,41,41,38,39,39,57,64,82,85,85,90,98,91,101,85,85,85,93,93,102,106,110,110,97,110,110],"gold":3,"neow_bonus":"TEN_PERCENT_HP_BONUS","is_daily":false,"chose_seed":false,"campfire_upgraded":5,"win_rate":0.0,"timestamp":1608951162,"path_taken":["M","M","M","?","?","M","T","M","$","?","$","?","R","E","R","BOSS","M","M","M","?","M","M","T","E","R","$","E","$","R","E","R","BOSS","M","M","M","M","M","$","T","E","?","R","?","E","R","E","R","BOSS"],"items_purchased_type":["Card","Relic","Card","Relic"],"build_version":"2020-12-22","purchased_purges":2,"victory":true,"max_hp_per_floor":[59,59,59,59,59,59,59,59,59,59,59,59,59,59,59,59,59,59,59,67,67,70,73,73,73,73,73,77,77,77,85,85,85,85,90,98,102,102,102,102,102,102,102,102,106,110,110,110,110,110],"relic_stats":{"counters":[31,146],"Eternal Feather":58,"StoneCalendar":[4],"Bag of Preparation":[8],"Orichalcum":[12],"Boot":[15],"Question Card":3,"Mercury Hourglass":[7],"Nunchaku":[6],"Centennial Puzzle":[6],"Necronomicon":[33],"Black Star":3,"Kunai":[1],"obtain_stats":[{"Eternal Feather":27,"StoneCalendar":28,"Bag of Preparation":42,"Orichalcum":27,"Boot":25,"Question Card":42,"Mercury Hourglass":48,"Slimebound:GreedOozeRelic":12,"Runic Dome":17,"Anchor":7,"Nunchaku":31,"Centennial Puzzle":46,"Slimebound:MaxSlimesRelic":5,"Slimebound:AbsorbEndCombat":0,"Necronomicon":21,"Black Star":34,"Kunai":46,"Toxic Egg 2":24,"StrikeDummy":48,"Toy Ornithopter":14},{"Eternal Feather":18,"StoneCalendar":19,"Bag of Preparation":27,"Orichalcum":18,"Boot":17,"Question Card":27,"Mercury Hourglass":30,"Slimebound:GreedOozeRelic":9,"Runic Dome":11,"Anchor":6,"Nunchaku":20,"Centennial Puzzle":29,"Slimebound:MaxSlimesRelic":5,"Slimebound:AbsorbEndCombat":0,"Necronomicon":14,"Black Star":21,"Kunai":29,"Toxic Egg 2":16,"StrikeDummy":30,"Toy Ornithopter":10},{"Eternal Feather":86,"StoneCalendar":90,"Bag of Preparation":128,"Orichalcum":86,"Boot":83,"Question Card":128,"Mercury Hourglass":141,"Slimebound:GreedOozeRelic":38,"Runic Dome":55,"Anchor":25,"Nunchaku":94,"Centennial Puzzle":136,"Slimebound:MaxSlimesRelic":22,"Slimebound:AbsorbEndCombat":0,"Necronomicon":69,"Black Star":99,"Kunai":136,"Toxic Egg 2":78,"StrikeDummy":141,"Toy Ornithopter":45}],"Toy Ornithopter":27},"card_choices":[{"not_picked":["Slimebound:ViciousTackle","Slimebound:SplitBruiser"],"picked":"Slimebound:GrowthPunch","floor":1},{"not_picked":["Slimebound:SplitMire","Slimebound:LeechingTouch"],"picked":"Slimebound:RollThrough","floor":2},{"not_picked":["Slimebound:Nibble","Slimebound:AcidTongue"],"picked":"Slimebound:Repurpose","floor":3},{"not_picked":["Slimebound:SlimeSlap","Slimebound:SlimeBarrage"],"picked":"Slimebound:Equalize","floor":4},{"not_picked":["Slimebound:HauntingLick","Slimebound:SplitLeeching"],"picked":"Slimebound:SpikyOuterGoop","floor":5},{"not_picked":["Slimebound:Chomp","Slimebound:Schlurp"],"picked":"Slimebound:GoopTackle","floor":6},{"not_picked":["Slimebound:HungryTackle","Slimebound:SplitLeeching"],"picked":"Slimebound:SplitMire","floor":8},{"not_picked":["Slimebound:SplitLeeching","Slimebound:RollThrough"],"picked":"Slimebound:MegaLick","floor":9},{"not_picked":["Slimebound:RallyTheTroops","Slimebound:AcidTongue"],"picked":"Slimebound:MassFeed","floor":11},{"not_picked":["Slimebound:PressTheAttack","Slimebound:LeechingTouch"],"picked":"Slimebound:Recollect","floor":14},{"not_picked":["Slimebound:Overexert","Slimebound:MinionMaster"],"picked":"Slimebound:Recycling","floor":16},{"not_picked":["Slimebound:Repurpose","Slimebound:TongueLash"],"picked":"Slimebound:FinishingTackle+1","floor":18},{"not_picked":["Slimebound:GoopSpray","Slimebound:SplitLeeching"],"picked":"Slimebound:LeadByExample","floor":19},{"not_picked":["Slimebound:LeechingTouch","Slimebound:Grow"],"picked":"Slimebound:SlimeSpikes","floor":20},{"not_picked":["Slimebound:SplitAcid","Slimebound:GoopSpray"],"picked":"Slimebound:SlimeTap","floor":22},{"not_picked":["Slimebound:ViciousTackle","Slimebound:Repurpose"],"picked":"Slimebound:LivingWall","floor":23},{"not_picked":["Slimebound:Schlurp+1","Slimebound:FinishingTackle"],"picked":"Slimebound:GoopSpray+1","floor":25},{"not_picked":["Slimebound:RollThrough","Slimebound:MassFeed"],"picked":"Slimebound:SelfFormingGoo","floor":27},{"not_picked":["Slimebound:SamplingLick+1","Slimebound:BestDefense"],"picked":"Slimebound:SlimeSpikes+1","floor":28},{"not_picked":["Slimebound:ItLooksTasty","Slimebound:FirmFortitude","Slimebound:ForwardTackle"],"picked":"SKIP","floor":31},{"not_picked":["Slimebound:OneTwoCombo","Slimebound:MassRepurpose+1"],"picked":"Slimebound:Darklings+1","floor":33},{"not_picked":["Slimebound:GrowthPunch","Slimebound:SlimeSpikes+1"],"picked":"Slimebound:SplitSpecialist+1","floor":35},{"not_picked":["Slimebound:SplitLeeching+1","Slimebound:ViciousTackle"],"picked":"Slimebound:FormOfPuddle+1","floor":36},{"not_picked":["Slimebound:Nibble+1","Slimebound:SplitLeeching+1"],"picked":"Slimebound:SlimeBarrage","floor":37},{"not_picked":["Slimebound:SplitAcid+1","Slimebound:ViciousTackle","Slimebound:PressTheAttack+1"],"picked":"SKIP","floor":38},{"not_picked":["Slimebound:Recycling","Slimebound:SplitLeeching+1"],"picked":"Slimebound:Prepare+1","floor":39},{"not_picked":["Slimebound:MassFeed","Slimebound:SlimeBarrage"],"picked":"Slimebound:Replication+1","floor":42},{"not_picked":["Slimebound:SplitAcid+1","Slimebound:LeechEnergy","Slimebound:Repurpose+1"],"picked":"Slimebound:SlimeTap+1","floor":45},{"not_picked":["Slimebound:SpikyOuterGoop","Slimebound:RollThrough","Slimebound:ComboTackle"],"picked":"Slimebound:SplitSpecialist+1","floor":46},{"not_picked":["Slimebound:RejuvenatingLick+1","Slimebound:RollThrough+1","Slimebound:LeechingTouch"],"picked":"Slimebound:WasteNot+1","floor":48}],"player_experience":1360368,"relics_obtained":[{"floor":5,"key":"Slimebound:MaxSlimesRelic"},{"floor":7,"key":"Anchor"},{"floor":14,"key":"Toy Ornithopter"},{"floor":21,"key":"Necronomicon"},{"floor":24,"key":"Toxic Egg 2"},{"floor":25,"key":"Boot"},{"floor":28,"key":"StoneCalendar"},{"floor":31,"key":"Nunchaku"},{"floor":42,"key":"Question Card"},{"floor":42,"key":"Bag of Preparation"},{"floor":46,"key":"Kunai"},{"floor":46,"key":"Centennial Puzzle"},{"floor":48,"key":"Mercury Hourglass"},{"floor":48,"key":"StrikeDummy"}],"event_choices":[],"is_beta":false,"boss_relics":[{"not_picked":["Pandora\u0027s Box","Calling Bell"],"picked":"Runic Dome"},{"not_picked":["Philosopher\u0027s Stone","expansioncontent:StudyCardRelic"],"picked":"Black Star"}],"items_purged_floors":[4,40],"is_endless":false,"potions_floor_spawned":[2,5,14,16,18,19,22,28,31,35,42,46,48],"ascension_level":16}}