{"host":"wha9hktbkslqvblg","time":1608990323,"event":{"mods":["BaseMod","Colored Map","Minty Spire (QoL Compilation)","Relic Stats","SuperFastMode","everything is the same but u backflip on backflip"],"gold_per_floor":[111,124,199,199,96,129,129,129,129,29,44,79,102,102,102,200,200,218,93,145,161,11,11,11,11,79,79,97,133,153,153,153,242,242,257,275,293,293,293,293,626,644,693,730,742,765,788,811,823,835,847,859,871,95,120,120],"floor_reached":57,"playtime":1593,"items_purged":["Strike_R","Strike_R","Strike_R","Strike_R","Defend_R"],"score":3150,"play_id":"ab24df98-1fe8-41a1-bbc7-4f5d14ec4a7d","local_time":"20201226224523","is_ascension_mode":true,"campfire_choices":[{"data":"Body Slam","floor":8.0,"key":"SMITH"},{"data":"Armaments","floor":15.0,"key":"SMITH"},{"data":"Barricade","floor":23.0,"key":"SMITH"},{"data":"Fire Breathing","floor":25.0,"key":"SMITH"},{"data":"Shrug It Off","floor":27.0,"key":"SMITH"},{"floor":32.0,"key":"RECALL"},{"data":"Second Wind","floor":40.0,"key":"SMITH"},{"data":"Dark Embrace","floor":49.0,"key":"SMITH"},{"data":"Pommel Strike","floor":53.0,"key":"SMITH"}],"circlet_count":0,"master_deck":["AscendersBane","Defend_R","Defend_R","Defend_R","Bash","Body Slam+1","Shrug It Off+1","Armaments+1","Pommel Strike+1","Second Wind+1","Barricade+1","Fire Breathing+1","Dark Embrace+1","Shrug It Off+1"],"relics":["Burning Blood","NeowsBlessing","Pen Nib","HornCleat","Odd Mushroom","Runic Pyramid","Happy Flower","MutagenicStrength","Mercury Hourglass","SlaversCollar","MawBank","Kunai","Orichalcum","White Beast Statue","StrikeDummy"],"acts_visited":["Exordium","TheCity","TheBeyond","TheEnding"],"potions_floor_usage":[56,56,56,56],"damage_taken":[{"damage":0.0,"enemies":"Small Slimes","floor":1.0,"turns":1.0},{"damage":0.0,"enemies":"2 Louse","floor":2.0,"turns":1.0},{"damage":0.0,"enemies":"Lagavulin","floor":6.0,"turns":1.0},{"damage":6.0,"enemies":"Jaw Worm","floor":11.0,"turns":4.0},{"damage":3.0,"enemies":"The Mushroom Lair","floor":12.0,"turns":4.0},{"damage":20.0,"enemies":"Exordium Wildlife","floor":13.0,"turns":3.0},{"damage":30.0,"enemies":"Hexaghost","floor":16.0,"turns":10.0},{"damage":9.0,"enemies":"2 Thieves","floor":18.0,"turns":3.0},{"damage":0.0,"enemies":"Spheric Guardian","floor":21.0,"turns":4.0},{"damage":0.0,"enemies":"Cultist and Chosen","floor":28.0,"turns":4.0},{"damage":0.0,"enemies":"Gremlin Leader","floor":29.0,"turns":4.0},{"damage":0.0,"enemies":"3 Cultists","floor":30.0,"turns":4.0},{"damage":0.0,"enemies":"Collector","floor":33.0,"turns":7.0},{"damage":2.0,"enemies":"Orb Walker","floor":35.0,"turns":4.0},{"damage":15.0,"enemies":"3 Shapes","floor":36.0,"turns":3.0},{"damage":4.0,"enemies":"Maw","floor":37.0,"turns":7.0},{"damage":0.0,"enemies":"4 Shapes","floor":42.0,"turns":3.0},{"damage":33.0,"enemies":"Reptomancer","floor":44.0,"turns":7.0},{"damage":5.0,"enemies":"Jaw Worm Horde","floor":46.0,"turns":4.0},{"damage":0.0,"enemies":"Spire Growth","floor":47.0,"turns":3.0},{"damage":6.0,"enemies":"Maw","floor":48.0,"turns":6.0},{"damage":0.0,"enemies":"Time Eater","floor":50.0,"turns":6.0},{"damage":0.0,"enemies":"Donu and Deca","floor":51.0,"turns":5.0},{"damage":28.0,"enemies":"Shield and Spear","floor":55.0,"turns":4.0},{"damage":70,"enemies":"The Heart","floor":56,"turns":11}],"seed_played":"24531634102334830","potions_obtained":[{"floor":1.0,"key":"SteroidPotion"},{"floor":6.0,"key":"SkillPotion"},{"floor":11.0,"key":"Fruit Juice"},{"floor":16.0,"key":"Fire Potion"},{"floor":18.0,"key":"EssenceOfSteel"},{"floor":35.0,"key":"Explosive Potion"},{"floor":36.0,"key":"EssenceOfSteel"},{"floor":37.0,"key":"SpeedPotion"},{"floor":46.0,"key":"SpeedPotion"},{"floor":55.0,"key":"EntropicBrew"}],"is_trial":false,"path_per_floor":["M","M","?","?","$","E","?","R","T","$","M","?","M","?","R","B",null,"M","$","T","M","$","R","?","R","T","R","M","E","M","$","R","B",null,"M","M","M","?","$","R","?","M","T","E","?","M","M","M","R","B","B",null,"R","$","E","B",null],"character_chosen":"IRONCLAD","items_purchased":["Armaments","GamblersBrew","Orichalcum","White Beast Statue","ElixirPotion"],"campfire_rested":0,"item_purchase_floors":[5,54,54,54,54],"current_hp_per_floor":[74,75,64,64,64,70,44,44,44,44,49,52,38,38,38,14,64,61,61,61,67,67,67,67,67,67,67,73,79,80,80,80,80,80,80,71,73,73,73,73,73,79,79,52,52,53,59,59,59,65,71,78,78,78,56,7],"gold":120,"neow_bonus":"THREE_ENEMY_KILL","is_daily":false,"chose_seed":false,"campfire_upgraded":8,"win_rate":0.0,"timestamp":1608990323,"path_taken":["M","M","?","?","$","E","?","R","T","?","?","?","M","?","R","BOSS","M","$","?","M","?","R","?","R","T","R","M","E","M","$","R","BOSS","M","M","M","?","$","R","?","M","T","E","?","?","?","M","R","BOSS","BOSS","R","$","E","BOSS"],"items_purchased_type":["Card","Potion","Relic","Relic","Potion"],"build_version":"2020-12-22","purchased_purges":5,"victory":true,"max_hp_per_floor":[75,75,75,75,75,75,75,75,75,75,80,80,80,80,80,80,80,80,80,80,80,80,80,80,80,80,80,80,80,80,80,80,80,80,80,80,80,80,80,80,80,80,80,80,80,80,80,80,80,80,80,80,80,80,80,80],"relic_stats":{"Happy Flower":[28],"counters":[25,113],"Pen Nib":[18],"Kunai":[13],"Orichalcum":[6],"MawBank":132,"obtain_stats":[{"NeowsBlessing":0,"Happy Flower":20,"Golden Idol":7,"Pen Nib":6,"Odd Mushroom":12,"Orichalcum":54,"MawBank":43,"Burning Blood":0,"White Beast Statue":54,"Mercury Hourglass":29,"SlaversCollar":34,"HornCleat":9,"MutagenicStrength":24,"Kunai":44,"StrikeDummy":55,"Runic Pyramid":17},{"NeowsBlessing":0,"Happy Flower":8,"Golden Idol":3,"Pen Nib":3,"Odd Mushroom":5,"Orichalcum":23,"MawBank":17,"Burning Blood":0,"White Beast Statue":23,"Mercury Hourglass":11,"SlaversCollar":13,"HornCleat":3,"MutagenicStrength":9,"Kunai":18,"StrikeDummy":24,"Runic Pyramid":7},{"NeowsBlessing":0,"Happy Flower":27,"Golden Idol":3,"Pen Nib":3,"Odd Mushroom":11,"Orichalcum":98,"MawBank":67,"Burning Blood":0,"White Beast Statue":98,"Mercury Hourglass":39,"SlaversCollar":50,"HornCleat":3,"MutagenicStrength":31,"Kunai":74,"StrikeDummy":102,"Runic Pyramid":24}],"Burning Blood":130,"Mercury Hourglass":[317]},"card_choices":[{"not_picked":["Dark Embrace","Rupture"],"picked":"Body Slam","floor":1.0},{"not_picked":["Disarm","Inflame"],"picked":"Shrug It Off","floor":2.0},{"not_picked":["Flame Barrier","True Grit"],"picked":"Pommel Strike","floor":6.0},{"not_picked":["Shockwave","Reckless Charge"],"picked":"Second Wind","floor":11.0},{"not_picked":["Rage","Pommel Strike","Heavy Blade"],"picked":"SKIP","floor":13.0},{"not_picked":["Limit Break","Berserk"],"picked":"Barricade","floor":16.0},{"not_picked":["Flex","Warcry","Clothesline"],"picked":"SKIP","floor":18.0},{"not_picked":["Twin Strike","Dropkick"],"picked":"Fire Breathing","floor":21.0},{"not_picked":["Sword Boomerang+1","Searing Blow","Disarm+1"],"picked":"SKIP","floor":28.0},{"not_picked":["Carnage","Sever Soul","Sword Boomerang"],"picked":"SKIP","floor":29.0},{"not_picked":["Warcry","Hemokinesis+1","Iron Wave"],"picked":"SKIP","floor":30.0},{"not_picked":["Cleave+1","Wild Strike","Iron Wave"],"picked":"SKIP","floor":35.0},{"not_picked":["Perfected Strike","Clash","Thunderclap"],"picked":"SKIP","floor":36.0},{"not_picked":["Perfected Strike","Sword Boomerang","Clash+1"],"picked":"SKIP","floor":37.0},{"not_picked":["Flex","Sword Boomerang+1","True Grit"],"picked":"SKIP","floor":42.0},{"not_picked":["Anger","Pummel+1"],"picked":"Dark Embrace","floor":44.0},{"not_picked":["Sword Boomerang","Havoc+1","Perfected Strike"],"picked":"SKIP","floor":46.0},{"not_picked":["Disarm","Body Slam+1","Anger"],"picked":"SKIP","floor":47.0},{"not_picked":["Shrug It Off","Metallicize","Brutality"],"picked":"SKIP","floor":48.0},{"not_picked":["Dark Embrace","Twin Strike","Headbutt+1"],"picked":"SKIP","floor":55.0}],"player_experience":895910,"relics_obtained":[{"floor":6.0,"key":"Pen Nib"},{"floor":9.0,"key":"HornCleat"},{"floor":12.0,"key":"Odd Mushroom"},{"floor":20.0,"key":"Happy Flower"},{"floor":29.0,"key":"Mercury Hourglass"},{"floor":43.0,"key":"MawBank"},{"floor":44.0,"key":"Kunai"},{"floor":55.0,"key":"StrikeDummy"}],"event_choices":[{"damage_healed":0.0,"max_hp_gain":0.0,"max_hp_loss":0.0,"gold_gain":75.0,"event_name":"World of Goop","player_choice":"Gather Gold","floor":3.0,"gold_loss":0.0,"damage_taken":11.0},{"damage_healed":0.0,"max_hp_gain":0.0,"max_hp_loss":0.0,"gold_gain":0.0,"event_name":"Liars Game","player_choice":"Ignored","floor":4.0,"gold_loss":0.0,"damage_taken":0.0},{"damage_healed":0.0,"max_hp_gain":0.0,"max_hp_loss":0.0,"gold_gain":0.0,"event_name":"Golden Idol","player_choice":"Take Damage","floor":7.0,"gold_loss":0.0,"damage_taken":26.0,"relics_obtained":["Golden Idol"]},{"damage_healed":0.0,"max_hp_gain":0.0,"max_hp_loss":0.0,"gold_gain":0.0,"event_name":"Mushrooms","player_choice":"Fought Mushrooms","floor":12.0,"gold_loss":0.0,"damage_taken":0.0},{"cards_removed":["Strike_R"],"damage_healed":0.0,"max_hp_gain":0.0,"max_hp_loss":0.0,"gold_gain":0.0,"event_name":"Purifier","player_choice":"Purged","floor":14.0,"gold_loss":0.0,"damage_taken":0.0},{"damage_healed":0.0,"max_hp_gain":0.0,"max_hp_loss":0.0,"gold_gain":0.0,"event_name":"Drug Dealer","player_choice":"Inject Mutagens","floor":24.0,"gold_loss":0.0,"damage_taken":0.0,"relics_obtained":["MutagenicStrength"]},{"damage_healed":0.0,"max_hp_gain":0.0,"max_hp_loss":0.0,"gold_gain":0.0,"event_name":"Tomb of Lord Red Mask","player_choice":"Ignored","floor":38.0,"gold_loss":0.0,"damage_taken":0.0},{"damage_healed":0.0,"max_hp_gain":0.0,"max_hp_loss":0.0,"gold_gain":333.0,"event_name":"The Moai Head","player_choice":"Gave Idol","floor":41.0,"relics_lost":["Golden Idol"],"gold_loss":0.0,"damage_taken":0.0},{"damage_healed":0.0,"max_hp_gain":0.0,"max_hp_loss":0.0,"gold_gain":0.0,"event_name":"Duplicator","player_choice":"Copied","floor":45.0,"gold_loss":0.0,"damage_taken":0.0,"cards_obtained":["Shrug It Off"]}],"is_beta":false,"boss_relics":[{"not_picked":["SacredBark","Velvet Choker"],"picked":"Runic Pyramid"},{"not_picked":["Astrolabe","Pandora\u0027s Box"],"picked":"SlaversCollar"}],"items_purged_floors":[5,10,19,22,54],"is_endless":false,"potions_floor_spawned":[1,6,11,16,18,35,36,37,46,55],"ascension_level":20}}