{"host":"dh4nu8nelr2izibb","time":1608961375,"event":{"mods":["Act Like it!","BaseMod","Better Third Choice","Card Forge","Displayed Cursed Tome","HololiveMod","Marisa????????","Minty Spire (QoL Compilation)","Puzzle Mod","Quick Restart","Relic Filter","StSLib","The Marked","The Poker Player","The Servant 0.9.4","WarShipGirlsR/????R mod","Yakumo Yukari mod"],"gold_per_floor":[113,130,149,159,171,171,246,246,246,266,300,250,250,262,262,357,357,367,292,274,274,288,288,288,323,374,409,67,80,93,53,53,53,53],"floor_reached":33,"playtime":1122,"items_purged":["Strike_MRS","Parasite"],"score":424,"play_id":"08511e11-24bf-427e-8781-6d32e3093374","local_time":"20201226004255","is_ascension_mode":true,"campfire_choices":[{"data":"MasterSpark","floor":6.0,"key":"SMITH"},{"data":"StarBarrage","floor":13.0,"key":"SMITH"},{"data":"NonDirectionalLaser","floor":15.0,"key":"SMITH"},{"floor":23,"key":"REST"},{"floor":32,"key":"REST"}],"circlet_count":0,"master_deck":["Strike_MRS","Strike_MRS+1","Defend_MRS","Defend_MRS","Defend_MRS","Defend_MRS","MasterSpark+1","UpSweep+1","NonDirectionalLaser+1","SprinkleStarSeal","PowerUp","ChargeUpSpray","StarBarrage+1","SuperPerseids","AbsoluteMagnitude","GalacticHalo","OortCloud","AsteroidBelt"],"relics":["MiniHakkero","Hammer of Thor","Seething Fire","Anvil of the Gods","Question Card","PreservedInsect","Cursed Key","Whetstone","Boot","Dream Catcher","Pear"],"acts_visited":["Exordium","TheCity"],"potions_floor_usage":[25,27,27,27,27,29,30,33,33],"damage_taken":[{"damage":0.0,"enemies":"Small Slimes","floor":1.0,"turns":3.0},{"damage":0.0,"enemies":"2 Louse","floor":2.0,"turns":2.0},{"damage":7.0,"enemies":"Jaw Worm","floor":3.0,"turns":3.0},{"damage":7.0,"enemies":"Blue Slaver","floor":4.0,"turns":4.0},{"damage":7.0,"enemies":"Looter","floor":5.0,"turns":3.0},{"damage":5.0,"enemies":"Gremlin Gang","floor":10.0,"turns":4.0},{"damage":6.0,"enemies":"Gremlin Nob","floor":11.0,"turns":3.0},{"damage":8.0,"enemies":"Blue Slaver","floor":14.0,"turns":3.0},{"damage":32.0,"enemies":"The Guardian","floor":16.0,"turns":10.0},{"damage":0,"enemies":"Spheric Guardian","floor":18,"turns":3},{"damage":28,"enemies":"2 Thieves","floor":20,"turns":4},{"damage":39,"enemies":"Snake Plant","floor":22,"turns":4},{"damage":34,"enemies":"Book of Stabbing","floor":25,"turns":4},{"damage":2,"enemies":"Slavers","floor":27,"turns":4},{"damage":7,"enemies":"Chosen and Byrds","floor":29,"turns":6},{"damage":2,"enemies":"Cultist and Chosen","floor":30,"turns":7},{"damage":57,"enemies":"Champ","floor":33,"turns":11}],"seed_played":"1991901699626140914","potions_obtained":[{"floor":2.0,"key":"Energy Potion"},{"floor":3.0,"key":"CultistPotion"},{"floor":5.0,"key":"EssenceOfSteel"},{"floor":25,"key":"EntropicBrew"},{"floor":27,"key":"SpeedPotion"},{"floor":29,"key":"Block Potion"},{"floor":30,"key":"CultistPotion"},{"floor":31,"key":"Energy Potion"}],"is_trial":false,"path_per_floor":["M","M","M","M","M","R","?","?","T","M","E","?","R","M","R","B",null,"M","$","M","?","M","R","?","E","T","E","$","M","M","?","R","B"],"character_chosen":"MARISA","items_purchased":["Pear"],"campfire_rested":2,"item_purchase_floors":[28],"current_hp_per_floor":[75,75,68,61,54,54,43,70,70,65,59,59,59,51,51,19,66,66,66,38,65,26,50,50,16,16,14,24,17,15,15,41,0,0],"gold":53,"neow_bonus":"TEN_PERCENT_HP_BONUS","is_daily":false,"chose_seed":false,"campfire_upgraded":3,"win_rate":0.0,"timestamp":1608961375,"path_taken":["M","M","M","M","M","R","?","?","T","M","E","?","R","?","R","BOSS","M","$","M","?","M","R","?","E","T","E","$","M","M","?","R","BOSS"],"items_purchased_type":["Relic"],"build_version":"2020-12-22","purchased_purges":2,"victory":false,"max_hp_per_floor":[82,82,82,82,82,82,82,82,82,82,82,82,82,82,82,82,82,82,82,82,82,82,82,82,82,82,82,89,89,89,89,89,89,89],"card_choices":[{"not_picked":["PowerUp","DarkSpark"],"picked":"NonDirectionalLaser","floor":1.0},{"not_picked":["UnstableBomb","WitchOfGreed"],"picked":"SprinkleStarSeal","floor":2.0},{"not_picked":["NonDirectionalLaser","MagicChant","ManaConvection"],"picked":"SKIP","floor":3.0},{"not_picked":["WitchOfGreed","IllusionStar"],"picked":"PowerUp","floor":4.0},{"not_picked":["DoubleSpark","LuminesStrike"],"picked":"ChargeUpSpray","floor":5.0},{"not_picked":["SprinkleStarSeal","UnstableBomb","DC"],"picked":"StarBarrage","floor":10.0},{"not_picked":["EnergyRecoil","MysteriousBeam","StarBarrage"],"picked":"SuperPerseids","floor":11.0},{"not_picked":["BlazingStar","DC","EnergyRecoil","UnstableBomb"],"picked":"SKIP","floor":14.0},{"not_picked":["SuperNova","TreasureHunter","MaximisePower"],"picked":"AbsoluteMagnitude","floor":16.0},{"not_picked":["6A","FairyDestructionRay+1","SprinkleStarSeal","OneTimeOff+1"],"picked":"SKIP","floor":18},{"not_picked":["DoubleSpark","UnstableBomb+1","DC","ShootingEcho"],"picked":"SKIP","floor":20},{"not_picked":["DoubleSpark+1","NonDirectionalLaser","MysteriousBeam","WitchOfGreed"],"picked":"SKIP","floor":22},{"not_picked":["CollectingQuirk","6A","FairyDestructionRay"],"picked":"GalacticHalo","floor":25},{"not_picked":["EnergyRecoil","GravityBeat","NonDirectionalLaser"],"picked":"OortCloud","floor":27},{"not_picked":["6A+1","GravityBeat+1","Orbital","NonDirectionalLaser"],"picked":"SKIP","floor":29},{"not_picked":["PowerUp","Occultation+1","NonDirectionalLaser"],"picked":"AsteroidBelt","floor":30}],"player_experience":1120428,"relics_obtained":[{"floor":9.0,"key":"Question Card"},{"floor":11.0,"key":"PreservedInsect"},{"floor":25,"key":"Whetstone"},{"floor":26,"key":"Boot"},{"floor":27,"key":"Dream Catcher"}],"event_choices":[{"damage_healed":0.0,"max_hp_gain":0.0,"max_hp_loss":0.0,"gold_gain":75.0,"event_name":"betterThird:BetterGoop","player_choice":"Gold","floor":7.0,"gold_loss":0.0,"damage_taken":11.0},{"damage_healed":27.0,"max_hp_gain":0.0,"max_hp_loss":0.0,"gold_gain":0.0,"event_name":"Big Fish","player_choice":"Banana","floor":8.0,"gold_loss":0.0,"damage_taken":0.0},{"cards_removed":["Strike_MRS"],"damage_healed":0.0,"max_hp_gain":0.0,"max_hp_loss":0.0,"gold_gain":0.0,"event_name":"The Cleric","player_choice":"Card Removal","floor":12.0,"gold_loss":50.0,"damage_taken":0.0},{"damage_healed":27,"gold_gain":0,"player_choice":"Heal","damage_taken":0,"max_hp_gain":0,"max_hp_loss":0,"event_name":"The Library","floor":21,"gold_loss":0},{"damage_healed":0,"gold_gain":0,"player_choice":"Ignored","damage_taken":0,"max_hp_gain":0,"max_hp_loss":0,"event_name":"Ghosts","floor":24,"gold_loss":0},{"damage_healed":0,"gold_gain":0,"player_choice":"Bought 3 Potions","damage_taken":0,"max_hp_gain":0,"max_hp_loss":0,"event_name":"The Woman in Blue","floor":31,"gold_loss":0}],"is_beta":false,"boss_relics":[{"not_picked":["Hololive_Finger","Runic Pyramid"],"picked":"Cursed Key"}],"items_purged_floors":[19,28],"is_endless":false,"potions_floor_spawned":[2,3,5,11,25,27,29,30],"killed_by":"Champ","ascension_level":7}}