{"host":"m0l7iybr7y7a2mwh","time":1608960484,"event":{"mods":["AchievementEnabler","AlwaysNeverKeys","BaseMod","Block Reminder","Colored Map","Colored Powertips","Highlight Path","Minty Spire (QoL Compilation)","Permanent Neow","Quick Restart","StSLib"],"gold_per_floor":[109,34,53,228,228,255,255,205,230,130,130,143,143,143],"floor_reached":13,"playtime":253,"items_purged":["Strike_B","Strike_B"],"score":85,"play_id":"5f795449-b15f-40a1-9554-865a2a7f2928","local_time":"20201226162804","is_ascension_mode":true,"campfire_choices":[{"floor":7,"key":"REST"},{"data":"Fusion","floor":11,"key":"SMITH"}],"circlet_count":0,"master_deck":["Strike_B","Strike_B","Defend_B","Defend_B","Defend_B","Defend_B","Zap","Dualcast","Sunder","Fusion+1","Static Discharge"],"relics":["Cracked Core","Mummified Hand","Bronze Scales","Nunchaku"],"acts_visited":["Exordium"],"potions_floor_usage":[13],"damage_taken":[{"damage":0,"enemies":"2 Louse","floor":1,"turns":2},{"damage":1,"enemies":"Jaw Worm","floor":3,"turns":3},{"damage":45,"enemies":"Lagavulin","floor":6,"turns":8},{"damage":0,"enemies":"Small Slimes","floor":12,"turns":3},{"damage":0,"enemies":"Gremlin Nob","floor":13,"turns":1}],"seed_played":"-7533914824334959677","potions_obtained":[{"floor":12,"key":"ColorlessPotion"}],"is_trial":false,"path_per_floor":["M","$","M","?","T","E","R","?","T","$","R","M","E"],"character_chosen":"DEFECT","items_purchased":[],"campfire_rested":1,"item_purchase_floors":[],"current_hp_per_floor":[68,68,67,67,67,22,48,48,48,48,48,48,48,48],"gold":143,"neow_bonus":"TWENTY_PERCENT_HP_BONUS","is_daily":false,"chose_seed":false,"campfire_upgraded":1,"win_rate":0.0,"timestamp":1608960484,"path_taken":["M","$","M","?","?","E","R","?","T","?","R","M","E"],"items_purchased_type":[],"build_version":"2020-12-22","purchased_purges":2,"victory":false,"max_hp_per_floor":[89,89,89,89,89,89,89,89,89,89,89,89,89,89],"card_choices":[{"not_picked":["Leap","White Noise"],"picked":"Sunder","floor":1},{"not_picked":["Cold Snap","Turbo"],"picked":"Fusion","floor":3},{"not_picked":["Redo","Turbo"],"picked":"Static Discharge","floor":6},{"not_picked":["Redo","Sweeping Beam","Rebound"],"picked":"SKIP","floor":12}],"player_experience":102825,"relics_obtained":[{"floor":5,"key":"Mummified Hand"},{"floor":6,"key":"Bronze Scales"},{"floor":9,"key":"Nunchaku"}],"event_choices":[{"damage_healed":0,"gold_gain":175,"player_choice":"AGREE","damage_taken":0,"max_hp_gain":0,"max_hp_loss":0,"event_name":"Liars Game","floor":4,"gold_loss":0,"cards_obtained":["Doubt"]},{"cards_removed":["Doubt"],"damage_healed":0,"gold_gain":0,"player_choice":"Card Removal","damage_taken":0,"max_hp_gain":0,"max_hp_loss":0,"event_name":"The Cleric","floor":8,"gold_loss":50}],"is_beta":false,"boss_relics":[],"items_purged_floors":[2,10],"is_endless":false,"potions_floor_spawned":[12],"killed_by":"Gremlin Nob","ascension_level":1}}