{"host":"irhsmqiih3m4u4t9","time":1608962792,"event":{"mods":["BaseMod","DeckTracker","Minty Spire (QoL Compilation)","StSLib"],"gold_per_floor":[114,129,144,15,30,60,75,75,75,75,90,90,105,120,120,220,220,235,160,22,22,37,67,67,97,122,137,137,152,152,167,167,267,267,282,297,312,327,427,427,52,52,77,77,92,107,122,137,137,137,137],"floor_reached":50,"playtime":3224,"items_purged":["Barrage","Burning Pact","Escape Plan"],"score":542,"play_id":"66ccac6e-3369-4b34-b326-4ed67d56c389","local_time":"20201225220632","daily_mods":["SealedDeck","Diverse","Binary"],"is_ascension_mode":false,"campfire_choices":[{"data":"Armaments","floor":10.0,"key":"SMITH"},{"data":"Inflame","floor":12.0,"key":"SMITH"},{"data":"Dagger Spray","floor":15.0,"key":"SMITH"},{"data":"Streamline","floor":24.0,"key":"SMITH"},{"data":"Uppercut","floor":28,"key":"SMITH"},{"floor":32,"key":"REST"},{"data":"Leg Sweep","floor":40,"key":"SMITH"},{"data":"Dagger Spray","floor":42,"key":"SMITH"},{"data":"Bludgeon","floor":49,"key":"SMITH"}],"circlet_count":0,"master_deck":["Quick Slash","Gash","Deadly Poison","Headbutt","Dagger Spray+1","Clash","Coolheaded","Twin Strike","Streamline+1","Pommel Strike","Armaments+1","Go for the Eyes","Inflame+1","Cleave","Dagger Spray+1","Uppercut+1","Blood for Blood","Leg Sweep+1","Bludgeon+1","Conserve Battery+1","Carnage+1","Bouncing Flask","Carnage+1"],"relics":["Burning Blood","Blood Vial","PreservedInsect","Sundial","Velvet Choker","Champion Belt","Incense Burner","Bronze Scales","Coffee Dripper","Ornamental Fan","Nunchaku"],"acts_visited":["Exordium","TheCity","TheBeyond"],"potions_floor_usage":[31,33,50,50,50],"damage_taken":[{"damage":4.0,"enemies":"Cultist","floor":1.0,"turns":3.0},{"damage":0.0,"enemies":"Small Slimes","floor":2.0,"turns":2.0},{"damage":0.0,"enemies":"2 Louse","floor":3.0,"turns":2.0},{"damage":17.0,"enemies":"Large Slime","floor":5.0,"turns":4.0},{"damage":17.0,"enemies":"Lagavulin","floor":6.0,"turns":4.0},{"damage":0.0,"enemies":"Gremlin Gang","floor":7.0,"turns":2.0},{"damage":9.0,"enemies":"2 Fungi Beasts","floor":11.0,"turns":2.0},{"damage":7.0,"enemies":"Exordium Thugs","floor":13.0,"turns":3.0},{"damage":6.0,"enemies":"Exordium Wildlife","floor":14.0,"turns":2.0},{"damage":0.0,"enemies":"Slime Boss","floor":16.0,"turns":6.0},{"damage":1.0,"enemies":"Chosen","floor":18.0,"turns":3.0},{"damage":12.0,"enemies":"Shell Parasite","floor":22.0,"turns":3.0},{"damage":30.0,"enemies":"Book of Stabbing","floor":23.0,"turns":4.0},{"damage":29.0,"enemies":"Slavers","floor":25.0,"turns":3.0},{"damage":13,"enemies":"Chosen and Byrds","floor":27,"turns":2},{"damage":20,"enemies":"Centurion and Healer","floor":29,"turns":4},{"damage":8,"enemies":"Shelled Parasite and Fungi","floor":31,"turns":4},{"damage":7,"enemies":"Collector","floor":33,"turns":4},{"damage":17,"enemies":"3 Darklings","floor":35,"turns":4},{"damage":10,"enemies":"Orb Walker","floor":36,"turns":2},{"damage":0,"enemies":"Maw","floor":37,"turns":5},{"damage":40,"enemies":"Sphere and 2 Shapes","floor":38,"turns":3},{"damage":3,"enemies":"Writhing Mass","floor":45,"turns":4},{"damage":7,"enemies":"Transient","floor":46,"turns":5},{"damage":7,"enemies":"Spire Growth","floor":47,"turns":3},{"damage":1,"enemies":"3 Darklings","floor":48,"turns":3},{"damage":63,"enemies":"Time Eater","floor":50,"turns":6}],"seed_played":"5451747836825439005","potions_obtained":[{"floor":3.0,"key":"Energy Potion"},{"floor":5.0,"key":"SneckoOil"},{"floor":6.0,"key":"Energy Potion"},{"floor":11.0,"key":"DistilledChaos"},{"floor":13.0,"key":"DistilledChaos"},{"floor":18.0,"key":"Weak Potion"},{"floor":25.0,"key":"SneckoOil"},{"floor":29,"key":"SteroidPotion"},{"floor":31,"key":"ColorlessPotion"},{"floor":35,"key":"LiquidBronze"},{"floor":45,"key":"DuplicationPotion"}],"is_trial":false,"path_per_floor":["M","M","M","$","M","E","M","?","T","R","M","R","M","M","R","B",null,"M","?","$","?","M","E","R","E","T","M","R","M","?","M","R","B",null,"M","M","M","M","?","R","$","R","T","$","M","M","M","M","R","B"],"character_chosen":"IRONCLAD","items_purchased":["Armaments","Uppercut","Ornamental Fan"],"campfire_rested":1,"item_purchase_floors":[4,20,41],"current_hp_per_floor":[80,80,80,80,69,58,66,66,66,66,65,65,66,68,68,76,80,80,80,80,80,74,52,52,31,31,26,26,14,14,14,38,39,80,69,67,75,43,43,43,43,43,43,43,48,49,50,57,57,0,0],"gold":137,"neow_bonus":"","is_daily":true,"chose_seed":false,"campfire_upgraded":8,"win_rate":0.0,"timestamp":1608962792,"path_taken":["M","M","M","$","?","E","M","?","T","R","M","R","M","M","R","BOSS","M","?","$","?","M","E","R","E","T","M","R","M","?","M","R","BOSS","M","M","M","M","?","R","$","R","T","$","M","M","?","M","R","BOSS"],"items_purchased_type":["Card","Card","Relic"],"build_version":"2020-12-22","purchased_purges":3,"victory":false,"max_hp_per_floor":[80,80,80,80,80,80,80,80,80,80,80,80,80,80,80,80,80,80,80,80,80,80,80,80,80,80,80,80,80,80,80,80,80,80,80,80,80,80,80,80,80,80,80,80,80,80,80,80,80,80,80],"card_choices":[{"not_picked":["Self Repair"],"picked":"Twin Strike","floor":1.0},{"not_picked":["Self Repair"],"picked":"Streamline","floor":2.0},{"not_picked":["Glacier"],"picked":"Pommel Strike","floor":3.0},{"not_picked":["Turbo"],"picked":"Go for the Eyes","floor":5.0},{"not_picked":["Storm"],"picked":"Inflame","floor":6.0},{"not_picked":["Coolheaded"],"picked":"Burning Pact","floor":7.0},{"not_picked":["Eviscerate"],"picked":"Cleave","floor":11.0},{"not_picked":["Underhanded Strike","Reflex"],"picked":"SKIP","floor":13.0},{"not_picked":["Stack"],"picked":"Dagger Spray","floor":14.0},{"not_picked":["Coolheaded","Concentrate+1"],"picked":"SKIP","floor":18.0},{"not_picked":["Outmaneuver","Dropkick"],"picked":"SKIP","floor":22.0},{"not_picked":["Feel No Pain"],"picked":"Blood for Blood","floor":23.0},{"not_picked":["Twin Strike","Sentinel"],"picked":"SKIP","floor":25.0},{"not_picked":["Cleave","Quick Slash"],"picked":"SKIP","floor":27},{"not_picked":["Riddle With Holes"],"picked":"Leg Sweep","floor":29},{"not_picked":["True Grit","Poisoned Stab"],"picked":"SKIP","floor":31},{"not_picked":["Corruption"],"picked":"Bludgeon","floor":33},{"not_picked":["Stack","Flex"],"picked":"SKIP","floor":35},{"not_picked":["Havoc","Escape Plan"],"picked":"SKIP","floor":36},{"not_picked":["Sword Boomerang"],"picked":"Conserve Battery+1","floor":37},{"not_picked":["Beam Cell","Dodge and Roll"],"picked":"SKIP","floor":38},{"not_picked":["Glass Knife"],"picked":"Carnage+1","floor":45},{"not_picked":["Pommel Strike"],"picked":"Bouncing Flask","floor":46},{"not_picked":["All Out Attack+1","Rip and Tear+1"],"picked":"SKIP","floor":47},{"not_picked":["Clothesline+1"],"picked":"Carnage+1","floor":48}],"player_experience":90528,"relics_obtained":[{"floor":6.0,"key":"Blood Vial"},{"floor":9.0,"key":"Sundial"},{"floor":23.0,"key":"Champion Belt"},{"floor":25.0,"key":"Incense Burner"},{"floor":26.0,"key":"Bronze Scales"},{"floor":43,"key":"Nunchaku"}],"event_choices":[{"damage_healed":0.0,"max_hp_gain":0.0,"max_hp_loss":0.0,"gold_gain":0.0,"event_name":"WeMeetAgain","player_choice":"Gave Potion","floor":8.0,"gold_loss":0.0,"damage_taken":0.0,"relics_obtained":["PreservedInsect"]},{"cards_removed":["Setup"],"damage_healed":0.0,"max_hp_gain":0.0,"max_hp_loss":0.0,"gold_gain":0.0,"event_name":"Beggar","player_choice":"Gave Gold","floor":19.0,"gold_loss":75.0,"damage_taken":0.0},{"damage_healed":0.0,"max_hp_gain":0.0,"max_hp_loss":0.0,"gold_gain":0.0,"event_name":"Ghosts","player_choice":"Ignored","floor":21.0,"gold_loss":0.0,"damage_taken":0.0},{"damage_healed":0,"gold_gain":0,"player_choice":"Ignored","damage_taken":0,"max_hp_gain":0,"max_hp_loss":0,"event_name":"Cursed Tome","floor":30,"gold_loss":0},{"damage_healed":0,"gold_gain":100,"player_choice":"Pray","damage_taken":0,"max_hp_gain":0,"max_hp_loss":0,"event_name":"Golden Shrine","floor":39,"gold_loss":0}],"is_beta":false,"boss_relics":[{"not_picked":["Cursed Key","Runic Cube"],"picked":"Velvet Choker"},{"not_picked":["Fusion Hammer","SlaversCollar"],"picked":"Coffee Dripper"}],"items_purged_floors":[4,20,41],"is_endless":false,"potions_floor_spawned":[3,5,6,11,13,18,25,29,31,35,37,45],"killed_by":"Time Eater","ascension_level":0}}