{"host":"l15sdf2mmi0nobpi","time":1608979692,"event":{"mods":["ATMod(阿瑾Mod)","BaseMod","Highlight Path","Minty Spire (QoL Compilation)","Quick Restart","StSLib","【功能Mod】Neow奖励","残留之物"],"gold_per_floor":[16,32,43,43,55,92,104,151,163,175,221,244,256,302,314,431,443,467,499,531,554,409,409,438,450,477,492,527,546,579,593,593,695,695,705,705,717,733,783,783,794,819,819,819,845,897,691,701,701,701,701,701,36,63,63],"floor_reached":56,"playtime":2813,"items_purged":["PlaceholderMod:BaseStrike","PlaceholderMod:BaseStrike","PlaceholderMod:BaseStrike"],"score":1683,"play_id":"43a7ed01-2b7c-404a-b4ed-cffb60569765","local_time":"20201226184812","is_ascension_mode":true,"campfire_choices":[{"data":"PlaceholderMod:BlastSpray","floor":10.0,"key":"SMITH"},{"data":"AT_Dispersion","floor":15.0,"key":"SMITH"},{"data":"PlaceholderMod:Crystallization","floor":23.0,"key":"SMITH"},{"data":"PlaceholderMod:FastReaction","floor":32.0,"key":"SMITH"},{"floor":40.0,"key":"RECALL"},{"floor":49.0,"key":"REST"},{"data":"PlaceholderMod:CrystallizationStrike","floor":52,"key":"SMITH"}],"circlet_count":0,"master_deck":["PlaceholderMod:BaseDefend","PlaceholderMod:BaseDefend","PlaceholderMod:BaseDefend","PlaceholderMod:BaseDefend","PlaceholderMod:Crystal","PlaceholderMod:PoisonWhip","AT_Dispersion+1","PlaceholderMod:FastReaction+1","PlaceholderMod:BlastSpray+1","PlaceholderMod:HealingAttack","PlaceholderMod:CorePoison+1","PlaceholderMod:Hard+1","PlaceholderMod:SelectReaction+1","PlaceholderMod:Crystallization+1","Deep Breath+1","PlaceholderMod:CrystallizationStrike+1","PlaceholderMod:DoublePoint+1","PlaceholderMod:HornyBlast+1","PlaceholderMod:SpinBlade+1"],"relics":["PlaceholderMod:Tancle","AT_ATBox","MawBank","Toxic Egg 2","AT_TimeSand","Lantern","Shuriken","Anchor","PlaceholderMod:LiveLive","AT_ArcaneBoots","Boot","Black Star","AT_RedNoBalance","TungstenRod","Blue Candle","PlaceholderMod:SlimeBlood","Ginger","Smiling Mask","PreservedInsect","Dream Catcher","TheAbacus","AT_SunfireAegis","Kunai","OrangePellets","AT_SilvercatRing","AT_EbonyIvory"],"acts_visited":["Exordium","TheCity","TheBeyond","TheEnding"],"potions_floor_usage":[55],"damage_taken":[{"damage":1.0,"enemies":"Cultist","floor":1.0,"turns":3.0},{"damage":0.0,"enemies":"Small Slimes","floor":2.0,"turns":2.0},{"damage":0.0,"enemies":"2 Louse","floor":3.0,"turns":1.0},{"damage":0.0,"enemies":"Gremlin Nob","floor":6.0,"turns":3.0},{"damage":11.0,"enemies":"3 Sentries","floor":8.0,"turns":4.0},{"damage":8.0,"enemies":"Lagavulin","floor":11.0,"turns":10.0},{"damage":2.0,"enemies":"Large Slime","floor":12.0,"turns":3.0},{"damage":23.0,"enemies":"Gremlin Nob","floor":14.0,"turns":4.0},{"damage":0.0,"enemies":"The Guardian","floor":16.0,"turns":7.0},{"damage":0.0,"enemies":"Chosen","floor":18.0,"turns":3.0},{"damage":5.0,"enemies":"2 Thieves","floor":19.0,"turns":2.0},{"damage":0.0,"enemies":"Snake Plant","floor":20.0,"turns":3.0},{"damage":14.0,"enemies":"Sentry and Sphere","floor":21.0,"turns":7.0},{"damage":5.0,"enemies":"Book of Stabbing","floor":24.0,"turns":5.0},{"damage":0.0,"enemies":"Centurion and Healer","floor":25.0,"turns":6.0},{"damage":3.0,"enemies":"Shelled Parasite and Fungi","floor":27.0,"turns":6.0},{"damage":0.0,"enemies":"Gremlin Leader","floor":28.0,"turns":7.0},{"damage":0.0,"enemies":"Chosen and Byrds","floor":29.0,"turns":6.0},{"damage":7.0,"enemies":"Slavers","floor":30.0,"turns":4.0},{"damage":0.0,"enemies":"3 Cultists","floor":31.0,"turns":4.0},{"damage":2.0,"enemies":"Automaton","floor":33.0,"turns":10.0},{"damage":0.0,"enemies":"3 Shapes","floor":35.0,"turns":2.0},{"damage":10.0,"enemies":"3 Darklings","floor":37.0,"turns":3.0},{"damage":18.0,"enemies":"Transient","floor":38.0,"turns":5.0},{"damage":3.0,"enemies":"Mind Bloom Boss Battle","floor":39.0,"turns":6.0},{"damage":16.0,"enemies":"Writhing Mass","floor":41.0,"turns":5.0},{"damage":0.0,"enemies":"Giant Head","floor":42.0,"turns":5.0},{"damage":0.0,"enemies":"Nemesis","floor":45.0,"turns":3.0},{"damage":0.0,"enemies":"Sphere and 2 Shapes","floor":48.0,"turns":3.0},{"damage":8,"enemies":"Time Eater","floor":50,"turns":6},{"damage":0,"enemies":"Shield and Spear","floor":54,"turns":4},{"damage":5,"enemies":"The Heart","floor":55,"turns":8}],"seed_played":"949689694739856553","potions_obtained":[{"floor":1.0,"key":"SmokeBomb"},{"floor":2.0,"key":"DuplicationPotion"},{"floor":8.0,"key":"ColorlessPotion"},{"floor":11.0,"key":"DistilledChaos"},{"floor":18.0,"key":"Weak Potion"},{"floor":24.0,"key":"Swift Potion"},{"floor":25.0,"key":"LiquidMemories"},{"floor":33.0,"key":"PlaceholderMod:PlaceholderPotion"},{"floor":38.0,"key":"Regen Potion"}],"is_trial":false,"path_per_floor":["M","M","M","?","?","E","?","E","T","R","E","M","$","E","R","B",null,"M","M","M","M","$","R","E","M","T","M","E","M","E","M","R","B",null,"M","?","M","M","?","R","M","E","T","?","E","T","$","M","R","B",null,"R","$","E","B",null],"character_chosen":"THE_PLACEHOLDER","items_purchased":["Deep Breath+1","TheAbacus","AT_SunfireAegis","Kunai","OrangePellets","PlaceholderMod:PlaceholderPotion"],"campfire_rested":1,"item_purchase_floors":[22,47,53,53,53,53],"current_hp_per_floor":[77,77,77,70,75,75,75,71,71,71,73,71,71,57,57,66,83,83,82,83,72,72,72,77,83,83,80,83,83,83,83,83,83,83,83,83,40,33,64,64,46,67,67,67,67,67,67,71,79,79,79,79,79,79,79],"gold":63,"neow_bonus":"TRANSFORM_TWO_CARDS","is_daily":false,"chose_seed":false,"campfire_upgraded":5,"win_rate":0.0,"timestamp":1608979692,"path_taken":["M","M","?","?","?","E","?","E","T","R","E","M","$","E","R","BOSS","M","?","?","M","$","R","E","M","T","M","E","M","E","M","R","BOSS","M","?","M","?","?","R","M","E","T","?","E","?","$","M","R","BOSS","R","$","E","BOSS"],"items_purchased_type":["Card","Relic","Relic","Relic","Relic","Potion"],"build_version":"2020-12-22","purchased_purges":3,"victory":true,"max_hp_per_floor":[78,78,78,78,83,83,83,83,83,83,83,83,83,83,83,83,83,83,83,83,83,83,83,83,83,83,83,83,83,83,83,83,83,83,83,83,83,83,83,83,83,83,83,79,79,79,79,79,79,79,79,79,79,79,79],"card_choices":[{"not_picked":["PlaceholderMod:ProliferateStrike","PlaceholderMod:DiffusionChemical"],"picked":"PlaceholderMod:HealingAttack","floor":1.0},{"not_picked":["PlaceholderMod:DissolvingSpikes","PlaceholderMod:Break","PlaceholderMod:PoisonExcitation"],"picked":"SKIP","floor":2.0},{"not_picked":["PlaceholderMod:OHStrongAttack","PlaceholderMod:DirectingGroup","PlaceholderMod:SpinBlade"],"picked":"SKIP","floor":3.0},{"not_picked":["PlaceholderMod:Polyp+1","PlaceholderMod:SprayAttack","PlaceholderMod:ContinueSpray"],"picked":"SKIP","floor":6.0},{"not_picked":["PlaceholderMod:Polyp+1","PlaceholderMod:SprayAttack","PlaceholderMod:ContinueSpray"],"picked":"SKIP","floor":6.0},{"not_picked":["PlaceholderMod:Internalization+1","PlaceholderMod:Break","PlaceholderMod:Sweep"],"picked":"SKIP","floor":8.0},{"not_picked":["PlaceholderMod:ChainPoly+1","PlaceholderMod:SubstitutionNucleophilic1"],"picked":"PlaceholderMod:CorePoison+1","floor":11.0},{"not_picked":["PlaceholderMod:DissolvingSpikes","PlaceholderMod:DirectingGroup+1"],"picked":"PlaceholderMod:Hard+1","floor":12.0},{"not_picked":["PlaceholderMod:Polyp+1","PlaceholderMod:NearChange+1"],"picked":"PlaceholderMod:SelectReaction+1","floor":14.0},{"not_picked":["PlaceholderMod:NutritionAbsorb+1","PlaceholderMod:PoisonBlast+1","PlaceholderMod:DissolvingSpikes"],"picked":"SKIP","floor":18.0},{"not_picked":["PlaceholderMod:SpinBlade","PlaceholderMod:DirectingGroup+1","PlaceholderMod:Sweep"],"picked":"SKIP","floor":19.0},{"not_picked":["PlaceholderMod:SeverePoisonStrike","PlaceholderMod:Corrosion+1","PlaceholderMod:CycleAttack+1"],"picked":"SKIP","floor":20.0},{"not_picked":["PlaceholderMod:OHStrongAttack","PlaceholderMod:CycleAttack"],"picked":"PlaceholderMod:Crystallization","floor":21.0},{"not_picked":["PlaceholderMod:Corrosion+1","PlaceholderMod:PoisonAbsorb+1"],"picked":"PlaceholderMod:CrystallizationStrike","floor":24.0},{"not_picked":["PlaceholderMod:DirectingGroup+1","PlaceholderMod:TriggerStrike","PlaceholderMod:PoisonAbsorb+1"],"picked":"SKIP","floor":25.0},{"not_picked":["PlaceholderMod:AngryAttack","PlaceholderMod:Package+1","PlaceholderMod:Internalization+1"],"picked":"SKIP","floor":27.0},{"not_picked":["PlaceholderMod:HornyCollision","PlaceholderMod:DiffusionChemical+1","PlaceholderMod:SprayAttack"],"picked":"SKIP","floor":28.0},{"not_picked":["PlaceholderMod:HornyCollision","PlaceholderMod:DiffusionChemical+1","PlaceholderMod:SprayAttack"],"picked":"SKIP","floor":28.0},{"not_picked":["PlaceholderMod:AttackAsDefend+1","PlaceholderMod:CycleAttack","PlaceholderMod:OHStrongAttack"],"picked":"SKIP","floor":29.0},{"not_picked":["PlaceholderMod:SpinBlade","PlaceholderMod:Inner","PlaceholderMod:SubstitutionNucleophilic1"],"picked":"SKIP","floor":30.0},{"not_picked":["PlaceholderMod:Sweep+1","PlaceholderMod:AttackAsDefend","PlaceholderMod:HardStrike"],"picked":"SKIP","floor":31.0},{"not_picked":["PlaceholderMod:HornyCollision","PlaceholderMod:ReactionCatalyze+1"],"picked":"PlaceholderMod:DoublePoint+1","floor":33.0},{"not_picked":["PlaceholderMod:SeverePoisonStrike","PlaceholderMod:Internalization+1","PlaceholderMod:HardStinger+1"],"picked":"SKIP","floor":35.0},{"not_picked":["PlaceholderMod:SevereHeat+1","PlaceholderMod:SpinBlade+1"],"picked":"PlaceholderMod:HornyBlast+1","floor":37.0},{"not_picked":["PlaceholderMod:ThreeBenzyolStart+1","PlaceholderMod:NearChange+1","PlaceholderMod:PoisonAbsorb+1"],"picked":"SKIP","floor":38.0},{"not_picked":["PlaceholderMod:TriggerStrike+1","PlaceholderMod:RadicalHit","PlaceholderMod:StrongAcid+1"],"picked":"SKIP","floor":41.0},{"not_picked":["PlaceholderMod:Crystallization","PlaceholderMod:Assimilation"],"picked":"PlaceholderMod:SpinBlade+1","floor":42.0},{"not_picked":["PlaceholderMod:Sweep","PlaceholderMod:ThreeBenzyolStart+1","PlaceholderMod:CycleAttack+1"],"picked":"SKIP","floor":45.0},{"not_picked":["PlaceholderMod:Turn+1","PlaceholderMod:NutritionAbsorb+1","PlaceholderMod:Hard+1"],"picked":"SKIP","floor":48.0},{"not_picked":["PlaceholderMod:DissolvingSpikes+1","PlaceholderMod:OHStrongAttack","PlaceholderMod:Colorful"],"picked":"SKIP","floor":54}],"player_experience":436783,"relics_obtained":[{"floor":6.0,"key":"Toxic Egg 2"},{"floor":8.0,"key":"AT_TimeSand"},{"floor":9.0,"key":"Lantern"},{"floor":11.0,"key":"Shuriken"},{"floor":14.0,"key":"Anchor"},{"floor":24.0,"key":"AT_SpeedBoots"},{"floor":28.0,"key":"Boot"},{"floor":39.0,"key":"TungstenRod"},{"floor":42.0,"key":"Blue Candle"},{"floor":42.0,"key":"PlaceholderMod:SlimeBlood"},{"floor":43.0,"key":"Ginger"},{"floor":45.0,"key":"Smiling Mask"},{"floor":45.0,"key":"PreservedInsect"},{"floor":46.0,"key":"Dream Catcher"},{"floor":54,"key":"AT_SilvercatRing"},{"floor":54,"key":"AT_EbonyIvory"}],"event_choices":[{"damage_healed":0.0,"max_hp_gain":0.0,"max_hp_loss":0.0,"gold_gain":0.0,"event_name":"Scrap Ooze","player_choice":"Success","floor":4.0,"gold_loss":0.0,"damage_taken":7.0,"relics_obtained":["MawBank"]},{"damage_healed":0.0,"max_hp_gain":5.0,"max_hp_loss":0.0,"gold_gain":0.0,"event_name":"Big Fish","player_choice":"Donut","floor":5.0,"gold_loss":0.0,"damage_taken":0.0},{"cards_removed":["PlaceholderMod:BaseStrike"],"damage_healed":0.0,"max_hp_gain":0.0,"max_hp_loss":0.0,"gold_gain":0.0,"event_name":"Bonfire Elementals","player_choice":"Offered Basic","floor":7.0,"gold_loss":0.0,"damage_taken":0.0},{"damage_healed":0.0,"max_hp_gain":0.0,"max_hp_loss":0.0,"gold_gain":0.0,"event_name":"WeMeetAgain","player_choice":"Gave Potion","floor":36.0,"gold_loss":0.0,"damage_taken":0.0,"relics_obtained":["AT_SilverBalance"]},{"damage_healed":0.0,"max_hp_gain":0.0,"max_hp_loss":0.0,"gold_gain":0.0,"event_name":"MindBloom","player_choice":"Fight","floor":39.0,"gold_loss":0.0,"damage_taken":0.0},{"damage_healed":0.0,"max_hp_gain":0.0,"max_hp_loss":4.0,"gold_gain":0.0,"event_name":"Winding Halls","player_choice":"Max HP","floor":44.0,"gold_loss":0.0,"damage_taken":0.0}],"is_beta":false,"boss_relics":[{"not_picked":["Velvet Choker","Fusion Hammer"],"picked":"PlaceholderMod:LiveLive"},{"not_picked":["Coffee Dripper","Runic Dome"],"picked":"Black Star"}],"items_purged_floors":[22,47,53],"is_endless":false,"potions_floor_spawned":[1,2,8,11,12,18,21,24,25,28,33,35,38,48,54],"ascension_level":1}}