{"host":"ssbj2e5691x5ub3h","time":1608951523,"event":{"mods":["BaseMod","Duelist Mod","Minty Spire (QoL Compilation)","StSLib"],"gold_per_floor":[142,142,214,226,239,239,269,269,269,279,298,298,298,314,314,417,417,435,435,447,447,447,447,290,290,290,302,302,302,180,180,180,285,285,300,310,310,310],"floor_reached":37,"playtime":1484,"items_purged":["Normality"],"score":514,"play_id":"abd0a23b-af40-4450-bd93-80ab626cf5bd","local_time":"20201226005843","is_ascension_mode":true,"campfire_choices":[{"data":"theDuelist:BusterBlader","floor":6,"key":"SMITH"},{"floor":8,"key":"REST"},{"data":"theDuelist:LeviaDragon","floor":12,"key":"SMITH"},{"data":"theDuelist:GuardragonJusticia","floor":15,"key":"SMITH"},{"data":"theDuelist:QueenDragunDjinn","floor":23,"key":"SMITH"},{"data":"theDuelist:SliferSky","floor":25,"key":"SMITH"},{"floor":28,"key":"REST"},{"floor":32,"key":"REST"}],"circlet_count":0,"master_deck":["theDuelist:BabyDragon","theDuelist:CastleWalls","theDuelist:CastleWalls","theDuelist:CaveDragon","theDuelist:CaveDragon","theDuelist:LesserDragon","theDuelist:LesserDragon","theDuelist:Sparks","theDuelist:Sparks","theDuelist:YamataDragon","theDuelist:BusterBlader+1","theDuelist:Mountain","theDuelist:GuardragonJusticia+1","theDuelist:LeviaDragon+1","theDuelist:DragonPiper","theDuelist:QueenDragunDjinn+1","theDuelist:DragonZombie","theDuelist:MegafleetDragon+1","theDuelist:SliferSky+1","theDuelist:BurstBreath","theDuelist:MirageDragon","theDuelist:StardustDragon","theDuelist:LavaDragon+1"],"relics":["theDuelist:MillenniumPuzzle","theDuelist:CardPoolRelic","theDuelist:CardPoolBasicRelic","theDuelist:BoosterPackPoolRelic","theDuelist:CardPoolAddRelic","theDuelist:CardPoolMinusRelic","theDuelist:CardPoolSaveRelic","theDuelist:CardPoolOptionsRelic","Du-Vu Doll","Unceasing Top","Cursed Key","MutagenicStrength","theDuelist:DuelistLetterOpener","theDuelist:CursedHealer","HoveringKite"],"acts_visited":["Exordium","TheCity","TheBeyond"],"potions_floor_usage":[16,33,36,37],"damage_taken":[{"damage":0,"enemies":"Small Slimes","floor":1,"turns":4},{"damage":0,"enemies":"2 Louse","floor":4,"turns":2},{"damage":5,"enemies":"Jaw Worm","floor":5,"turns":3},{"damage":32,"enemies":"3 Sentries","floor":7,"turns":7},{"damage":1,"enemies":"Blue Slaver","floor":10,"turns":3},{"damage":2,"enemies":"3 Louse","floor":11,"turns":6},{"damage":36,"enemies":"Gremlin Gang","floor":14,"turns":6},{"damage":12,"enemies":"Hexaghost","floor":16,"turns":8},{"damage":7,"enemies":"3 Byrds","floor":18,"turns":6},{"damage":11,"enemies":"Chosen","floor":20,"turns":6},{"damage":47,"enemies":"3 Cultists","floor":27,"turns":6},{"damage":22,"enemies":"Champ","floor":33,"turns":9},{"damage":39,"enemies":"3 Shapes","floor":35,"turns":6},{"damage":32,"enemies":"3 Darklings","floor":36,"turns":7},{"damage":10,"enemies":"Spire Growth","floor":37,"turns":2}],"seed_played":"-1276261766688239650","potions_obtained":[{"floor":5,"key":"LiquidBronze"},{"floor":11,"key":"theDuelist:SealedPackC"},{"floor":16,"key":"AttackPotion"},{"floor":20,"key":"theDuelist:BurningPotionB"},{"floor":33,"key":"theDuelist:DragonOrbPlusBottle"},{"floor":36,"key":"theDuelist:LavaBottle"}],"is_trial":false,"path_per_floor":["M","?","?","M","M","R","E","R","T","M","M","R","$","M","R","B",null,"M","$","M","?","?","R","$","R","T","M","R","T","$","?","R","B",null,"M","M","M"],"character_chosen":"THE_DUELIST","items_purchased":["theDuelist:SliferSky","theDuelist:MirageDragon"],"campfire_rested":3,"item_purchase_floors":[24,30],"current_hp_per_floor":[80,80,80,80,75,75,43,69,69,68,66,66,66,30,30,18,71,64,64,53,53,53,53,53,53,53,6,32,32,32,57,83,61,81,42,10,0,0],"gold":310,"neow_bonus":"TEN_PERCENT_HP_BONUS","is_daily":false,"chose_seed":false,"campfire_upgraded":5,"win_rate":0.0,"timestamp":1608951523,"path_taken":["M","?","?","M","M","R","E","R","T","M","M","R","$","M","R","BOSS","M","$","M","?","?","R","$","R","T","M","R","?","?","?","R","BOSS","M","M","M"],"items_purchased_type":["Card","Card"],"build_version":"2020-12-22","purchased_purges":1,"victory":false,"max_hp_per_floor":[88,88,88,88,88,88,88,88,88,88,88,88,88,88,88,88,88,88,88,88,88,88,88,88,88,88,88,88,88,88,88,88,88,88,88,88,88,88],"card_choices":[{"not_picked":["theDuelist:SpiralSpearStrike","theDuelist:GravityLash","theDuelist:SoulCharge","theDuelist:GoldSarcophagus","theDuelist:LostWorld"],"picked":"SKIP","floor":1},{"not_picked":["theDuelist:Kabazauls","theDuelist:DarkHorus","theDuelist:CurseDragon","theDuelist:TwinHeadedBehemoth"],"picked":"theDuelist:BusterBlader","floor":4},{"not_picked":["theDuelist:Earthquake","theDuelist:MoltenDestruction","theDuelist:SilverWing","theDuelist:SoulCharge"],"picked":"theDuelist:Mountain","floor":5},{"not_picked":["theDuelist:BlackStego","theDuelist:HymnOfLight","theDuelist:MetalDragon","theDuelist:LeviaDragon"],"picked":"theDuelist:GuardragonJusticia","floor":7},{"not_picked":["theDuelist:CyberDinosaur","theDuelist:AquaDolphin","theDuelist:SilverDragon","theDuelist:BlackStego"],"picked":"theDuelist:LeviaDragon","floor":10},{"not_picked":["theDuelist:ViceDragon","theDuelist:SilverDragon","theDuelist:CyberDragonNachster","theDuelist:HymnOfLight"],"picked":"theDuelist:DragonPiper","floor":11},{"not_picked":["theDuelist:TailSwipe+1","theDuelist:StampingDestruction+1","theDuelist:SeismicShockwave+1"],"picked":"SKIP","floor":14},{"not_picked":["theDuelist:Scapegoat","theDuelist:DoomkaiserDragon","theDuelist:DefensiveTactics","theDuelist:BlueDuston"],"picked":"theDuelist:QueenDragunDjinn","floor":16},{"not_picked":["theDuelist:Pyrorex+1","theDuelist:Kabazauls","theDuelist:Hydrogeddon","theDuelist:Beatraptor"],"picked":"theDuelist:DragonZombie","floor":18},{"not_picked":["theDuelist:Beatraptor+1","theDuelist:CaveDragon","theDuelist:DragonPiper+1","theDuelist:TwinHeadedFire"],"picked":"theDuelist:MegafleetDragon+1","floor":20},{"not_picked":["theDuelist:BlueEyes","theDuelist:AncientPixieDragon+1","theDuelist:BlueEyesUltimate","theDuelist:AmuletDragon"],"picked":"theDuelist:BurstBreath","floor":27},{"not_picked":["theDuelist:VoidOgreDragon","theDuelist:SurvivalFittest","theDuelist:SeismicShockwave","theDuelist:ChimeratechOverdragon"],"picked":"theDuelist:StardustDragon","floor":33},{"not_picked":["theDuelist:ViceDragon","theDuelist:Pyrorex","theDuelist:DefenseZone+1","theDuelist:GoldSarcophagus+1"],"picked":"theDuelist:LavaDragon+1","floor":35},{"not_picked":["theDuelist:TrihornedDragon","theDuelist:GiantRex","theDuelist:BlackTyranno","theDuelist:MadSwordBeast+1","theDuelist:MadFlameKaiju+1"],"picked":"SKIP","floor":36}],"player_experience":228443,"relics_obtained":[{"floor":7,"key":"Du-Vu Doll"},{"floor":9,"key":"Unceasing Top"},{"floor":26,"key":"theDuelist:DuelistLetterOpener"}],"event_choices":[{"damage_healed":0,"gold_gain":0,"player_choice":"Leave","duelist":true,"damage_taken":0,"max_hp_gain":0,"max_hp_loss":0,"event_name":"Egyptian Village","floor":2,"gold_loss":0},{"damage_healed":0,"gold_gain":72,"player_choice":"Gained Gold","damage_taken":0,"max_hp_gain":0,"max_hp_loss":0,"event_name":"Golden Wing","floor":3,"gold_loss":0},{"damage_healed":0,"gold_gain":0,"player_choice":"Inject Mutagens","damage_taken":0,"relics_obtained":["MutagenicStrength"],"max_hp_gain":0,"max_hp_loss":0,"event_name":"Drug Dealer","floor":21,"gold_loss":0},{"damage_healed":0,"gold_gain":0,"player_choice":"Leave","duelist":true,"damage_taken":0,"max_hp_gain":0,"max_hp_loss":0,"event_name":"Relic Duplicator","floor":22,"gold_loss":0},{"damage_healed":0,"gold_gain":0,"player_choice":"Succumb - +25HP/Cursed Relic","duelist":true,"damage_taken":0,"max_hp_gain":0,"max_hp_loss":0,"event_name":"Tomb of the Nameless","floor":31,"gold_loss":0}],"is_beta":false,"boss_relics":[{"not_picked":["theDuelist:HauntedRelic","theDuelist:ElectricKey"],"picked":"Cursed Key"},{"not_picked":["Empty Cage","Pandora\u0027s Box"],"picked":"HoveringKite"}],"items_purged_floors":[30],"is_endless":false,"potions_floor_spawned":[5,11,16,20,33,35,36],"killed_by":"Spire Growth","ascension_level":8}}