{"host":"2461dio7vetlq1z3","time":1608975681,"event":{"mods":["2.2 Compatiblity","AchievementEnabler","Aspiration","BaseMod","Better Skull","Better Third Choice","Friendly Minions","Hermit","Minty Spire (QoL Compilation)","Relic Stats","Spicy Shops","StSLib","The Mystic","Waifu the Spire"],"gold_per_floor":[117,117,127,57,67,101,101,121,121,148,164,164,30,72,72,182,182,168,196,221,235,248,248,257,257,257],"floor_reached":25,"playtime":1476,"items_purged":["mysticmod:Strike_Mystic"],"score":217,"play_id":"642bce95-a671-4a31-bfc5-0f1937943506","local_time":"20201226104121","is_ascension_mode":false,"campfire_choices":[{"data":"mysticmod:MagicWeapon","floor":7,"key":"SMITH"},{"data":"mysticmod:MagicMissile","floor":12,"key":"SMITH"},{"data":"mysticmod:Dedication","floor":15,"key":"SMITH"},{"floor":23,"key":"REST"}],"circlet_count":0,"master_deck":["mysticmod:Strike_Mystic","mysticmod:Strike_Mystic","mysticmod:Defend_Mystic","mysticmod:Defend_Mystic","mysticmod:Defend_Mystic","mysticmod:Defend_Mystic","mysticmod:ArcaneDodge","mysticmod:ShockingGrasp","mysticmod:Probe","mysticmod:MagicWeapon+1","mysticmod:Flurry","mysticmod:MagicMissile+1","mysticmod:EbbAndFlow","mysticmod:Disengage","mysticmod:MagicWeapon","mysticmod:Shield","mysticmod:Dedication+1","mysticmod:ClosingBarrage","mysticmod:Alacrity+1","mysticmod:BladeMaster+1","mysticmod:HeavyStrike+1"],"relics":["mysticmod:BlessedBook","CeramicFish","Matryoshka","Orichalcum"],"acts_visited":["Exordium","TheCity"],"potions_floor_usage":[6],"damage_taken":[{"damage":0,"enemies":"Jaw Worm","floor":1,"turns":4},{"damage":0,"enemies":"Cultist","floor":3,"turns":4},{"damage":0,"enemies":"2 Louse","floor":5,"turns":1},{"damage":4,"enemies":"Lagavulin","floor":6,"turns":5},{"damage":1,"enemies":"2 Fungi Beasts","floor":8,"turns":3},{"damage":0,"enemies":"Looter","floor":10,"turns":4},{"damage":0,"enemies":"Blue Slaver","floor":11,"turns":3},{"damage":4,"enemies":"Gremlin Nob","floor":14,"turns":3},{"damage":29,"enemies":"Slime Boss","floor":16,"turns":5},{"damage":23,"enemies":"2 Thieves","floor":18,"turns":4},{"damage":16,"enemies":"Shell Parasite","floor":19,"turns":6},{"damage":7,"enemies":"Snecko","floor":20,"turns":6},{"damage":19,"enemies":"Sentry and Sphere","floor":21,"turns":5},{"damage":0,"enemies":"Centurion and Healer","floor":22,"turns":5},{"damage":28,"enemies":"Book of Stabbing","floor":25,"turns":5}],"seed_played":"-387160010271524761","potions_obtained":[{"floor":3,"key":"SpeedPotion"},{"floor":5,"key":"Dexterity Potion"},{"floor":6,"key":"Ancient Potion"},{"floor":19,"key":"FearPotion"}],"is_trial":false,"path_per_floor":["M","?","M","$","M","E","R","M","T","M","M","R","$","E","R","B",null,"M","M","M","M","M","R","?","E"],"character_chosen":"MYSTIC_CLASS","items_purchased":["mysticmod:MagicMissile","mysticmod:Shield"],"campfire_rested":1,"item_purchase_floors":[4,13],"current_hp_per_floor":[77,77,77,77,77,73,73,72,72,72,72,72,72,68,68,39,77,54,38,31,12,12,35,27,0,0],"gold":257,"neow_bonus":"THREE_CARDS","is_daily":false,"chose_seed":false,"campfire_upgraded":3,"win_rate":0.0,"timestamp":1608975681,"path_taken":["M","?","M","?","M","E","R","?","T","M","?","R","?","E","R","BOSS","M","M","M","M","M","R","?","E"],"items_purchased_type":["Card","Card"],"build_version":"2020-12-22","purchased_purges":1,"victory":false,"max_hp_per_floor":[77,77,77,77,77,77,77,77,77,77,77,77,77,77,77,77,77,77,77,77,77,77,77,77,77,77],"relic_stats":{"counters":[15,63],"CeramicFish":72,"Orichalcum":[48],"obtain_stats":[{"Matryoshka":9,"CeramicFish":6,"mysticmod:SpellBook":0,"mysticmod:BlessedBook":17,"Orichalcum":14},{"Matryoshka":5,"CeramicFish":4,"mysticmod:SpellBook":0,"mysticmod:BlessedBook":9,"Orichalcum":8},{"Matryoshka":17,"CeramicFish":14,"mysticmod:SpellBook":0,"mysticmod:BlessedBook":32,"Orichalcum":27}]},"card_choices":[{"not_picked":["mysticmod:ComponentsPouch","mysticmod:LightningBolt"],"picked":"mysticmod:Probe","floor":0},{"not_picked":["mysticmod:ComponentsPouch","mysticmod:Riposte"],"picked":"mysticmod:MagicWeapon","floor":1},{"not_picked":["mysticmod:Disengage","mysticmod:CureLightWounds"],"picked":"mysticmod:Flurry","floor":3},{"not_picked":["mysticmod:Shield","mysticmod:PureInstinct"],"picked":"mysticmod:EbbAndFlow","floor":5},{"not_picked":["mysticmod:CorrosiveTouch","mysticmod:BladeMaster","mysticmod:Stoneskin"],"picked":"SKIP","floor":6},{"not_picked":["mysticmod:IllusionOfCalm","mysticmod:PowerSlash"],"picked":"mysticmod:Disengage","floor":8},{"not_picked":["mysticmod:Probe","mysticmod:CorrosiveTouch"],"picked":"mysticmod:MagicWeapon","floor":10},{"not_picked":["mysticmod:MightyMagic","mysticmod:ComponentsPouch","mysticmod:Sideswipe"],"picked":"SKIP","floor":11},{"not_picked":["mysticmod:PowerSlash","mysticmod:SuddenClarity"],"picked":"mysticmod:Dedication","floor":14},{"not_picked":["mysticmod:KnowledgePool","mysticmod:Disintegrate"],"picked":"mysticmod:ClosingBarrage","floor":16},{"not_picked":["mysticmod:Disengage","mysticmod:Feint","mysticmod:Riposte+1"],"picked":"SKIP","floor":18},{"not_picked":["mysticmod:PureInstinct","mysticmod:Fireball"],"picked":"mysticmod:Alacrity+1","floor":19},{"not_picked":["mysticmod:SuddenClarity","mysticmod:Probe"],"picked":"mysticmod:BladeMaster+1","floor":20},{"not_picked":["mysticmod:Disengage+1","mysticmod:Fly","mysticmod:SuddenClarity"],"picked":"SKIP","floor":21},{"not_picked":["mysticmod:PowerSlash","mysticmod:Fireball","mysticmod:PureInstinct"],"picked":"SKIP","floor":22},{"not_picked":["mysticmod:Probe+1","mysticmod:Flourish+1"],"picked":"mysticmod:HeavyStrike+1","floor":24}],"player_experience":933300,"relics_obtained":[{"floor":6,"key":"CeramicFish"},{"floor":9,"key":"Matryoshka"},{"floor":14,"key":"Orichalcum"}],"event_choices":[{"cards_removed":["mysticmod:Strike_Mystic"],"damage_healed":0,"gold_gain":0,"player_choice":"Offered Basic","damage_taken":0,"max_hp_gain":0,"max_hp_loss":0,"event_name":"Bonfire Elementals","floor":2,"gold_loss":0}],"is_beta":false,"boss_relics":[{"not_picked":["Calling Bell","SlaversCollar"],"picked":"mysticmod:BlessedBook"}],"items_purged_floors":[13],"is_endless":false,"potions_floor_spawned":[3,5,6,19,21],"killed_by":"Book of Stabbing","ascension_level":0}}