{"host":"rolltorest","time":1608972058,"event":{"mods":["BaseMod","Minty Spire (QoL Compilation)","StSLib"],"gold_per_floor":[115,130,147,147,7,36,36,69,69,69,132,132,5,34,34,108,108,120,140,140,160,160,160,160],"floor_reached":23,"playtime":628,"items_purged":[],"score":564,"play_id":"4c5d324a-a126-4cfc-886a-027ab3e2a71f","local_time":"20201226004058","is_ascension_mode":true,"campfire_choices":[{"data":"Eruption","floor":10,"key":"SMITH"},{"data":"Fasting2","floor":12,"key":"SMITH"},{"data":"Vigilance","floor":15,"key":"SMITH"}],"circlet_count":0,"master_deck":["AscendersBane","Strike_P+1","Strike_P","Strike_P","Strike_P","Defend_P","Defend_P","Defend_P","Defend_P","Eruption+1","Vigilance+1","Fasting2+1","Tantrum","Consecrate","BowlingBash","SandsOfTime","LessonLearned","CutThroughFate","Protect+1","InnerPeace","FlurryOfBlows","CutThroughFate","Judgement+1","TalkToTheHand+1","FearNoEvil","Shame","CutThroughFate"],"relics":["Runic Dome","Bottled Tornado","InkBottle","Darkstone Periapt","Sundial","Bottled Flame","Runic Pyramid","Art of War"],"acts_visited":["Exordium","TheCity"],"potions_floor_usage":[3,8,11,21],"damage_taken":[{"damage":16,"enemies":"Jaw Worm","floor":1,"turns":6},{"damage":4,"enemies":"Small Slimes","floor":2,"turns":5},{"damage":0,"enemies":"Cultist","floor":3,"turns":2},{"damage":16,"enemies":"Gremlin Nob","floor":6,"turns":3},{"damage":3,"enemies":"3 Sentries","floor":8,"turns":4},{"damage":0,"enemies":"Lagavulin Event","floor":11,"turns":2},{"damage":0,"enemies":"Lagavulin","floor":14,"turns":3},{"damage":0,"enemies":"The Guardian","floor":16,"turns":8},{"damage":3,"enemies":"Chosen","floor":18,"turns":5},{"damage":0,"enemies":"Spheric Guardian","floor":19,"turns":5},{"damage":6,"enemies":"3 Cultists","floor":21,"turns":3},{"damage":64,"enemies":"Slavers","floor":23,"turns":2}],"seed_played":"5115842526965244766","potions_obtained":[{"floor":1,"key":"BlessingOfTheForge"},{"floor":3,"key":"DuplicationPotion"},{"floor":6,"key":"FearPotion"},{"floor":18,"key":"Explosive Potion"}],"is_trial":false,"path_per_floor":["M","M","M","?","$","E","?","E","T","R","?","R","$","E","R","B",null,"M","M","?","M","?","E"],"character_chosen":"WATCHER","items_purchased":["BowlingBash","SandsOfTime","InnerPeace","FlurryOfBlows"],"campfire_rested":0,"item_purchase_floors":[5,5,13,13],"current_hp_per_floor":[45,41,41,41,41,25,25,22,22,22,22,22,22,22,22,22,57,54,54,60,54,54,0,0],"gold":160,"neow_bonus":"BOSS_RELIC","is_daily":false,"chose_seed":false,"campfire_upgraded":3,"win_rate":0.0,"timestamp":1608972058,"path_taken":["M","M","M","?","$","E","?","E","T","R","?","R","$","E","R","BOSS","M","M","?","M","?","E"],"items_purchased_type":["Card","Card","Card","Card"],"build_version":"2020-12-18","purchased_purges":0,"victory":false,"max_hp_per_floor":[68,68,68,68,68,68,68,68,68,68,68,68,68,68,68,68,68,68,68,74,74,74,74,74],"card_choices":[{"not_picked":["Worship","SashWhip"],"picked":"Fasting2","floor":1},{"not_picked":["FlyingSleeves","Conclude"],"picked":"Tantrum","floor":2},{"not_picked":["Protect","FollowUp"],"picked":"Consecrate","floor":3},{"not_picked":["Prostrate","CrushJoints"],"picked":"LessonLearned","floor":6},{"not_picked":["CrushJoints","Protect"],"picked":"CutThroughFate","floor":8},{"not_picked":["Prostrate","Wireheading"],"picked":"Protect","floor":11},{"not_picked":["Prostrate","JustLucky"],"picked":"CutThroughFate","floor":14},{"not_picked":["MasterReality","Alpha"],"picked":"Judgement","floor":16},{"not_picked":["Adaptation","Protect"],"picked":"TalkToTheHand","floor":18},{"not_picked":["ForeignInfluence","Sanctity+1"],"picked":"FearNoEvil","floor":19},{"not_picked":["Swivel","BowlingBash"],"picked":"CutThroughFate","floor":21}],"player_experience":1707681,"relics_obtained":[{"floor":6,"key":"Bottled Tornado"},{"floor":8,"key":"InkBottle"},{"floor":9,"key":"Darkstone Periapt"},{"floor":11,"key":"Sundial"},{"floor":14,"key":"Bottled Flame"}],"event_choices":[{"damage_healed":0,"gold_gain":0,"player_choice":"Ignored","damage_taken":0,"max_hp_gain":0,"max_hp_loss":0,"event_name":"Golden Wing","floor":4,"gold_loss":0},{"damage_healed":0,"gold_gain":0,"player_choice":"Fled","damage_taken":0,"max_hp_gain":0,"max_hp_loss":0,"event_name":"Scrap Ooze","floor":7,"gold_loss":0},{"damage_healed":0,"gold_gain":0,"player_choice":"Searched \u00271\u0027 times","damage_taken":0,"max_hp_gain":0,"max_hp_loss":0,"event_name":"Dead Adventurer","floor":11,"gold_loss":0},{"damage_healed":0,"gold_gain":0,"player_choice":"Stole Relic","damage_taken":0,"relics_obtained":["Art of War"],"max_hp_gain":0,"max_hp_loss":0,"event_name":"Addict","floor":20,"gold_loss":0,"cards_obtained":["Shame"]},{"damage_healed":0,"gold_gain":0,"player_choice":"Forge","damage_taken":0,"max_hp_gain":0,"max_hp_loss":0,"event_name":"Accursed Blacksmith","floor":22,"gold_loss":0,"cards_upgraded":["TalkToTheHand"]}],"is_beta":true,"boss_relics":[{"not_picked":["Astrolabe","Snecko Eye"],"picked":"Runic Pyramid"}],"items_purged_floors":[],"is_endless":false,"potions_floor_spawned":[1,3,6,18],"killed_by":"Slavers","ascension_level":20}}