{"host":"ul103bh19qas5vs8","time":1608960576,"event":{"mods":["BaseMod","Downfall","Googly Eyes","Minty Spire (QoL Compilation)","Replay The Spire","Shop Mod","StSLib"],"gold_per_floor":[110,128,128,128,128,128,153,153,153,153,171,197,167,92,92,193,193,212,212,212,127,108,140,158,176,201,17,32,43,43,59,59,156,156,170,189,204,153,28,28,162,197,221,240,266,282,282,315,315,315,315,315,106,141,141],"floor_reached":56,"playtime":2885,"items_purged":["Strike_R","Pain","Strike_R","Fire Breathing"],"score":2160,"play_id":"24acd419-c6db-463f-a8fe-b5018d6e4b3e","local_time":"20201226132936","is_ascension_mode":true,"campfire_choices":[{"data":"Armaments","floor":6.0,"key":"SMITH"},{"data":"Body Slam","floor":8.0,"key":"SMITH"},{"data":"Shockwave","floor":10.0,"key":"SMITH"},{"data":"Strike_R","floor":15.0,"key":"PURGE"},{"data":"Burning Pact","floor":32.0,"key":"SMITH"},{"floor":40.0,"key":"RECALL"},{"floor":49.0,"key":"REST"},{"floor":52.0,"key":"REST"}],"circlet_count":0,"master_deck":["AscendersBane","Defend_R+1","Defend_R+1","Defend_R+1","Defend_R+1","Shockwave+1","Armaments+1","Survivor+1","Body Slam+1","Berserk","Burning Pact+1","Battle Trance+1","Apotheosis","Finesse","Sentinel","Exhume","Brutality"],"relics":["Burning Blood","NeowsBlessing","Self Forming Clay","InkBottle","Painkiller Herb","Art of War","Centennial Puzzle","MerchantsRug","Simple Rune","Replay:Accelerometer","Fusion Hammer","Pen Nib","Gremlin Horn","Anchor","Potion Belt","Bottled Flame","Garlic"],"acts_visited":["Exordium","TheCity","TheBeyond","TheEnding"],"potions_floor_usage":[54,55],"damage_taken":[{"damage":0.0,"enemies":"Jaw Worm","floor":1.0,"turns":1.0},{"damage":0.0,"enemies":"Small Slimes","floor":2.0,"turns":1.0},{"damage":0.0,"enemies":"3 Sentries","floor":7.0,"turns":1.0},{"damage":0.0,"enemies":"Cultist","floor":11.0,"turns":3.0},{"damage":0.0,"enemies":"Replay:BlueRogue","floor":12.0,"turns":5.0},{"damage":8.0,"enemies":"Looter","floor":13.0,"turns":4.0},{"damage":20.0,"enemies":"Slime Boss","floor":16.0,"turns":17.0},{"damage":4.0,"enemies":"Chosen","floor":18.0,"turns":5.0},{"damage":6.0,"enemies":"2 Thieves","floor":22.0,"turns":4.0},{"damage":41.0,"enemies":"Gremlin Leader","floor":23.0,"turns":8.0},{"damage":29.0,"enemies":"Snecko","floor":24.0,"turns":9.0},{"damage":10.0,"enemies":"Centurion and Healer","floor":25.0,"turns":12.0},{"damage":13.0,"enemies":"Cultist and Chosen","floor":28.0,"turns":6.0},{"damage":4.0,"enemies":"3 Cultists","floor":29.0,"turns":5.0},{"damage":9.0,"enemies":"Sentry and Sphere","floor":31.0,"turns":7.0},{"damage":26.0,"enemies":"Automaton","floor":33.0,"turns":11.0},{"damage":9.0,"enemies":"3 Shapes","floor":35.0,"turns":3.0},{"damage":4.0,"enemies":"Orb Walker","floor":36.0,"turns":3.0},{"damage":14.0,"enemies":"Transient","floor":37.0,"turns":5.0},{"damage":0.0,"enemies":"Giant Head","floor":42.0,"turns":5.0},{"damage":10.0,"enemies":"Writhing Mass","floor":44.0,"turns":3.0},{"damage":6.0,"enemies":"R_Hoarder","floor":45.0,"turns":8.0},{"damage":0.0,"enemies":"Sphere and 2 Shapes","floor":46.0,"turns":3.0},{"damage":0.0,"enemies":"Nemesis","floor":48.0,"turns":15.0},{"damage":0.0,"enemies":"Donu and Deca","floor":50.0,"turns":6.0},{"damage":10,"enemies":"Shield and Spear","floor":54,"turns":8},{"damage":7,"enemies":"The Heart","floor":55,"turns":7}],"seed_played":"-8331220052534718213","potions_obtained":[{"floor":1.0,"key":"Dexterity Potion"},{"floor":7.0,"key":"BloodPotion"},{"floor":11.0,"key":"Swift Potion"},{"floor":23.0,"key":"AttackPotion"},{"floor":24.0,"key":"SteroidPotion"},{"floor":28.0,"key":"LiquidBronze"},{"floor":31.0,"key":"SpeedPotion"},{"floor":33.0,"key":"Adrenaline Potion"},{"floor":36.0,"key":"champ:CounterPotion"},{"floor":41.0,"key":"Languid Potion"},{"floor":42.0,"key":"Adrenaline Potion"},{"floor":54,"key":"Milkshake"}],"is_trial":false,"path_per_floor":["M","M","?","?","T","R","E","R","T","R","M","E","M","$","R","B",null,"?","?","?","?","?","E","?","?","T","T","?","?","?","?","T","B",null,"?","?","?","T","T","T","?","E","T","?","E","?","?","E","T","B",null,"T","T","E","B",null],"character_chosen":"IRONCLAD","items_purchased":["MerchantsRug","Simple Rune","AttackPotion","Bottled Flame"],"campfire_rested":2,"item_purchase_floors":[27,27,53,53],"current_hp_per_floor":[78,80,80,80,80,80,80,80,80,80,82,82,80,80,80,68,80,84,84,86,86,88,55,34,32,32,32,27,29,29,28,28,10,78,77,81,75,75,75,75,53,61,61,57,59,67,59,67,103,109,117,120,120,116,115],"gold":141,"neow_bonus":"THREE_ENEMY_KILL","is_daily":false,"chose_seed":false,"campfire_upgraded":4,"win_rate":0.0,"timestamp":1608960576,"path_taken":["M","M","?","?","?","R","E","R","T","R","M","E","?","$","R","BOSS","?","?","?","?","?","E","?","?","T","?","?","?","?","?","T","BOSS","?","?","?","?","T","T","?","E","T","?","E","?","?","E","T","BOSS","T","T","E","BOSS"],"items_purchased_type":["Relic","Relic","Potion","Relic"],"build_version":"2020-12-22","purchased_purges":4,"victory":true,"max_hp_per_floor":[80,80,80,80,80,80,80,80,80,80,82,82,82,82,82,84,84,86,86,86,86,88,90,92,94,94,94,96,96,96,98,98,100,100,102,104,106,106,106,106,110,112,112,112,114,116,118,120,120,120,120,120,120,120,120],"card_choices":[{"not_picked":["Flame Barrier","Sword Boomerang","Combust"],"picked":"SKIP","floor":1.0},{"not_picked":["ReplayReversal","Heavy Blade"],"picked":"Shockwave","floor":2.0},{"not_picked":["Perfected Strike","Dark Embrace"],"picked":"Body Slam","floor":7.0},{"not_picked":["Iron Wave","Headbutt","Clash"],"picked":"Singing Bowl","floor":11.0},{"not_picked":["Ghostly Armor","Rupture"],"picked":"Berserk","floor":12.0},{"not_picked":["Anger","Perfected Strike"],"picked":"Burning Pact","floor":13.0},{"not_picked":["Demon Form","Limit Break","Brutality"],"picked":"Singing Bowl","floor":16.0},{"not_picked":["Flex","Warcry","Power Through"],"picked":"Singing Bowl","floor":18.0},{"not_picked":["Armaments","Anger","Heavy Blade"],"picked":"Singing Bowl","floor":22.0},{"not_picked":["Flex+1","Rupture","Headbutt+1"],"picked":"Singing Bowl","floor":23.0},{"not_picked":["Power Through","Infernal Blade","Twin Strike"],"picked":"Singing Bowl","floor":24.0},{"not_picked":["Blood for Blood","Warcry+1","Twin Strike"],"picked":"Singing Bowl","floor":25.0},{"not_picked":["Body Slam","Sword Boomerang","Iron Wave"],"picked":"Singing Bowl","floor":28.0},{"not_picked":["Clothesline","Shrug It Off+1"],"picked":"Burning Pact","floor":29.0},{"not_picked":["Clash+1","Juggernaut","Disarm+1"],"picked":"Singing Bowl","floor":31.0},{"not_picked":["Reaper","Juggernaut","Double Tap"],"picked":"Singing Bowl","floor":33.0},{"not_picked":["Sword Boomerang+1","Searing Blow+1","Pummel"],"picked":"Singing Bowl","floor":35.0},{"not_picked":["Inflame","Thunderclap+1","Body Slam+1"],"picked":"Singing Bowl","floor":36.0},{"not_picked":["Hemokinesis+1","Twin Strike","Bloodletting"],"picked":"Singing Bowl","floor":37.0},{"not_picked":["Immolate","Rampage","Searing Blow"],"picked":"Singing Bowl","floor":41.0},{"not_picked":["Headbutt+1","Sentinel","Armaments"],"picked":"Singing Bowl","floor":41.0},{"not_picked":["Inflame+1","Demon Form","Power Through"],"picked":"Singing Bowl","floor":42.0},{"not_picked":["Power Through","Cleave"],"picked":"Battle Trance+1","floor":44.0},{"not_picked":["Clash+1","Anger","Headbutt"],"picked":"Singing Bowl","floor":45.0},{"not_picked":["Iron Wave","Reaper","Pommel Strike"],"picked":"Singing Bowl","floor":46.0},{"not_picked":["expansioncontent:SlimeTackle","Forethought"],"picked":"Apotheosis","floor":47.0},{"not_picked":["Replay:Sssssssssshield","Replay:SS_hec_1"],"picked":"Finesse","floor":47.0},{"not_picked":["Replay:SS_hec_4","expansioncontent:Sear","Enlightenment"],"picked":"Singing Bowl","floor":47.0},{"not_picked":["Flex","Second Wind+1","Seeing Red"],"picked":"Singing Bowl","floor":48.0},{"not_picked":["Headbutt","Infernal Blade"],"picked":"Brutality","floor":54}],"player_experience":124106,"relics_obtained":[{"floor":5.0,"key":"Self Forming Clay"},{"floor":7.0,"key":"Singing Bowl"},{"floor":9.0,"key":"Replay:Bottled Eggs"},{"floor":12.0,"key":"InkBottle"},{"floor":23.0,"key":"Replay:PocketPolymizer"},{"floor":26.0,"key":"Centennial Puzzle"},{"floor":26.0,"key":"Ancient Tea Set"},{"floor":41.0,"key":"Pen Nib"},{"floor":41.0,"key":"Gremlin Horn"},{"floor":42.0,"key":"Anchor"},{"floor":45.0,"key":"Potion Belt"},{"floor":48.0,"key":"War Paint"},{"floor":54,"key":"Garlic"}],"event_choices":[{"damage_healed":0.0,"max_hp_gain":0.0,"max_hp_loss":0.0,"gold_gain":0.0,"cards_transformed":["Strike_R"],"event_name":"Living Wall","player_choice":"Change","floor":3.0,"gold_loss":0.0,"damage_taken":0.0,"cards_obtained":["Armaments"]},{"damage_healed":28.0,"max_hp_gain":0.0,"max_hp_loss":0.0,"gold_gain":0.0,"event_name":"The Library","player_choice":"Heal","floor":20.0,"gold_loss":0.0,"damage_taken":0.0},{"damage_healed":0.0,"max_hp_gain":0.0,"max_hp_loss":0.0,"gold_gain":0.0,"event_name":"Addict","player_choice":"Obtained Relic","floor":21.0,"gold_loss":85.0,"damage_taken":0.0,"relics_obtained":["Art of War"]},{"damage_healed":0.0,"max_hp_gain":0.0,"max_hp_loss":0.0,"gold_gain":0.0,"event_name":"WeMeetAgain","player_choice":"Gave Potion","floor":30.0,"gold_loss":0.0,"damage_taken":0.0,"relics_obtained":["Replay:Accelerometer"]},{"damage_healed":0.0,"max_hp_gain":0.0,"max_hp_loss":0.0,"gold_gain":0.0,"event_name":"SensoryStone","player_choice":"Memory 3","floor":47.0,"gold_loss":0.0,"damage_taken":10.0}],"is_beta":false,"boss_relics":[{"not_picked":["Busted Crown","Philosopher\u0027s Stone"],"picked":"Painkiller Herb"},{"not_picked":["Abe\u0027s Treasure","Ooze Armor"],"picked":"Fusion Hammer"}],"items_purged_floors":[14,38,39,53],"is_endless":false,"potions_floor_spawned":[1,7,11,23,24,28,31,33,36,37,42,54],"ascension_level":10}}