{"host":"922zt4fjsmmy4kg9","time":1608969682,"event":{"mods":["A Magickal Journey","Act Like it!","BaseMod","Better Third Choice","Downfall","Friendly Minions","Hermit","HololiveMod","Hubris","Jorbs\u0027s Wanderer Trilogy","Kiyohime????","Koishi","Marisa????????","Minty Spire (QoL Compilation)","Quick Restart","Reimu??????","Shop Mod","Spicy Shops","StSLib","SuperFastMode","The Animator","The Disciple","The Runesmith"],"gold_per_floor":[129,94,111,111,111,145,169,210,210,210,242,4,26,37,37,137,137,152,152,172,189,189,189],"floor_reached":22,"playtime":2079,"items_purged":[],"score":358,"play_id":"311b9206-d18d-4b19-8499-f017161d566f","local_time":"20201226190122","is_ascension_mode":true,"campfire_choices":[{"floor":10,"key":"REST"},{"floor":15,"key":"REST"}],"circlet_count":0,"master_deck":["AscendersBane","animator:Strike_MadokaMagica","animator:Defend_MadokaMagica","animator:Strike","animator:Strike","animator:Strike","animator:Defend","animator:Defend","animator:Defend","animator:IrohaTamaki","animator:YuiTsuruno","animator:Layla","animator:Elsword","animator:DwarfShaman","animator:MamiTomoe","animator:HighElfArcher","animator:Biyorigo","animator:Chung","animator:KyokoSakura","animator:PinaCoLada","animator:Hitei+1","animator:AcuraTooru","animator:Ciel"],"relics":["animator:LivingPicture","animator:TheMissingPiece","NeowsBlessing","betterThird:SlimedRelic","The Courier","hubris:SlimyHat","Letter Opener","Pear","Sling","Oddly Smooth Stone","SacredBark"],"acts_visited":["Exordium","TheCity"],"potions_floor_usage":[8,14,14,20],"damage_taken":[{"damage":0,"enemies":"Jaw Worm","floor":1,"turns":1},{"damage":0,"enemies":"2 Louse","floor":3,"turns":1},{"damage":0,"enemies":"Lagavulin","floor":6,"turns":2},{"damage":6,"enemies":"Cultist","floor":7,"turns":4},{"damage":35,"enemies":"3 Sentries","floor":8,"turns":8},{"damage":30,"enemies":"Lagavulin","floor":11,"turns":5},{"damage":9,"enemies":"Blue Slaver","floor":13,"turns":3},{"damage":4,"enemies":"Exordium Thugs","floor":14,"turns":5},{"damage":28,"enemies":"Hexaghost","floor":16,"turns":9},{"damage":1,"enemies":"Spheric Guardian","floor":18,"turns":2},{"damage":22,"enemies":"Shell Parasite","floor":20,"turns":4},{"damage":32,"enemies":"Chosen and Byrds","floor":21,"turns":5},{"damage":12,"enemies":"3 Cultists","floor":22,"turns":2}],"seed_played":"7636443651860035589","potions_obtained":[{"floor":1,"key":"LiquidMemories"},{"floor":7,"key":"Block Potion"},{"floor":8,"key":"SpeedPotion"},{"floor":11,"key":"BlessingOfTheForge"},{"floor":18,"key":"DuplicationPotion"}],"is_trial":false,"path_per_floor":["M","?","M","?","?","E","M","E","T","R","E","$","M","M","R","B",null,"M","?","M","M","M"],"character_chosen":"THE_ANIMATOR","items_purchased":["Sling","Oddly Smooth Stone"],"campfire_rested":2,"item_purchase_floors":[12,12],"current_hp_per_floor":[59,48,48,48,66,67,61,26,26,46,26,26,17,14,37,9,61,60,60,38,7,0,0],"gold":189,"neow_bonus":"THREE_ENEMY_KILL","is_daily":false,"chose_seed":false,"campfire_upgraded":0,"win_rate":0.0,"timestamp":1608969682,"path_taken":["M","?","M","?","?","E","M","E","T","R","E","$","?","M","R","BOSS","M","?","M","M","M"],"items_purchased_type":["Relic","Relic"],"build_version":"2020-12-22","purchased_purges":0,"victory":false,"max_hp_per_floor":[66,66,66,66,66,67,67,67,67,67,77,77,77,78,78,78,78,78,78,78,79,79,79],"card_choices":[{"not_picked":["animator:Tyuule","animator:PandorasActor"],"picked":"animator:CowGirl","floor":1},{"not_picked":["animator:IrohaTamaki","animator:Ara"],"picked":"animator:Layla","floor":3},{"not_picked":["animator:Kuribayashi","animator:YaoHaDucy"],"picked":"animator:DwarfShaman","floor":6},{"not_picked":["animator:YachiyoNanami","animator:SuzuneAmano"],"picked":"animator:MamiTomoe","floor":7},{"not_picked":["animator:Gillette","animator:UneriGinkaku"],"picked":"animator:HighElfArcher","floor":8},{"not_picked":["animator:Emonzaemon","animator:Elesis"],"picked":"animator:Biyorigo","floor":11},{"not_picked":["animator:ZankiKiguchi","animator:TukaLunaMarceau"],"picked":"animator:Chung","floor":13},{"not_picked":["animator:YuiTsuruno","animator:IrohaTamaki"],"picked":"animator:KyokoSakura","floor":14},{"not_picked":["animator:MadokaKaname","animator:GoblinSlayer"],"picked":"animator:PinaCoLada","floor":16},{"not_picked":["animator:Kuribayashi","animator:PandorasActor"],"picked":"animator:Hitei+1","floor":18},{"not_picked":["animator:Hitei","animator:UneriGinkaku"],"picked":"animator:AcuraTooru","floor":20},{"not_picked":["animator:Viivi","animator:Bozes+1"],"picked":"animator:Ciel","floor":21}],"player_experience":1309565,"relics_obtained":[{"floor":6,"key":"The Courier"},{"floor":8,"key":"hubris:SlimyHat"},{"floor":9,"key":"Letter Opener"},{"floor":11,"key":"Pear"}],"event_choices":[{"damage_healed":0,"gold_gain":0,"player_choice":"Slimed","damage_taken":11,"max_hp_gain":0,"max_hp_loss":0,"event_name":"betterThird:BetterGoop","floor":2,"gold_loss":35},{"cards_removed":["animator:CowGirl"],"damage_healed":18,"gold_gain":0,"player_choice":"Offered Uncommon","damage_taken":0,"max_hp_gain":0,"max_hp_loss":0,"event_name":"Bonfire Elementals","floor":5,"gold_loss":0},{"damage_healed":0,"gold_gain":0,"player_choice":"Bought 0 Potions","damage_taken":0,"max_hp_gain":0,"max_hp_loss":0,"event_name":"The Woman in Blue","floor":19,"gold_loss":0}],"is_beta":false,"boss_relics":[{"not_picked":["RedLine:ReiMu","hubris:CrackedHourglass"],"picked":"SacredBark"}],"items_purged_floors":[],"is_endless":false,"potions_floor_spawned":[1,7,8,11,18],"killed_by":"3 Cultists","ascension_level":11}}