{"host":"f5n4tidiz2n5sooh","time":1608947091,"event":{"mods":["BaseMod","Bestiary","Colored Map","Minty Spire (QoL Compilation)","Relic Stats","StSLib"],"gold_per_floor":[109,120,120,120,133,133,168,168,168,168,194,269,286,298,298,372,372,388,228,228,258,278,278,278,278],"floor_reached":24,"playtime":1575,"items_purged":["Strike_R"],"score":458,"play_id":"5a87e5e5-0421-44bb-8f42-9b8e33e615af","local_time":"20201225194451","is_ascension_mode":true,"campfire_choices":[{"data":"Carnage","floor":6.0,"key":"SMITH"},{"data":"Wild Strike","floor":8.0,"key":"SMITH"},{"data":"Double Tap","floor":15.0,"key":"SMITH"},{"floor":23.0,"key":"REST"}],"circlet_count":0,"master_deck":["AscendersBane","Strike_R","Strike_R+1","Strike_R","Defend_R","Defend_R","Defend_R","Defend_R","Bash+1","Wild Strike+1","Carnage+1","Battle Trance","Pommel Strike","Double Tap+1","Burning Pact","Reaper","Pommel Strike","Flame Barrier"],"relics":["Mark of Pain","Champion Belt","Torii","Pear","Black Star","Red Mask"],"acts_visited":["Exordium","TheCity"],"potions_floor_usage":[24,24],"damage_taken":[{"damage":0.0,"enemies":"Small Slimes","floor":1.0,"turns":3.0},{"damage":3.0,"enemies":"2 Louse","floor":2.0,"turns":2.0},{"damage":2.0,"enemies":"Jaw Worm","floor":5.0,"turns":3.0},{"damage":4.0,"enemies":"Gremlin Nob","floor":7.0,"turns":3.0},{"damage":0.0,"enemies":"Lagavulin","floor":11.0,"turns":2.0},{"damage":0.0,"enemies":"Blue Slaver","floor":13.0,"turns":1.0},{"damage":0.0,"enemies":"Large Slime","floor":14.0,"turns":3.0},{"damage":1.0,"enemies":"Slime Boss","floor":16.0,"turns":5.0},{"damage":0.0,"enemies":"Chosen","floor":18.0,"turns":3.0},{"damage":56.0,"enemies":"Masked Bandits","floor":21.0,"turns":4.0},{"damage":13.0,"enemies":"3 Byrds","floor":22.0,"turns":4.0},{"damage":59,"enemies":"Book of Stabbing","floor":24,"turns":5}],"seed_played":"6332578288445783429","potions_obtained":[{"floor":5.0,"key":"LiquidMemories"},{"floor":11.0,"key":"CultistPotion"},{"floor":13.0,"key":"Block Potion"},{"floor":22.0,"key":"Regen Potion"}],"is_trial":false,"path_per_floor":["M","M","?","?","M","R","E","R","T","?","E","?","M","M","R","B",null,"M","$","?","?","M","R","E"],"character_chosen":"IRONCLAD","items_purchased":["Flame Barrier"],"campfire_rested":1,"item_purchase_floors":[19],"current_hp_per_floor":[68,65,42,35,33,33,29,29,29,29,39,28,28,28,28,27,71,71,71,71,15,8,33,0,0],"gold":278,"neow_bonus":"BOSS_RELIC","is_daily":false,"chose_seed":false,"campfire_upgraded":3,"win_rate":0.0,"timestamp":1608947091,"path_taken":["M","M","?","?","M","R","E","R","T","?","E","?","M","M","R","BOSS","M","$","?","?","M","R","E"],"items_purchased_type":["Card"],"build_version":"2020-12-22","purchased_purges":1,"victory":false,"max_hp_per_floor":[75,75,75,75,75,75,75,75,75,75,85,85,85,85,85,85,85,85,85,85,85,85,85,85,85],"relic_stats":{"Torii":11,"counters":[12,38],"Black Star":0,"Champion Belt":[5],"obtain_stats":[{"Pear":11,"Torii":9,"Mark of Pain":0,"Black Star":17,"Red Mask":21,"Champion Belt":7,"Burning Blood":0},{"Pear":5,"Torii":4,"Mark of Pain":0,"Black Star":8,"Red Mask":10,"Champion Belt":4,"Burning Blood":0},{"Pear":13,"Torii":11,"Mark of Pain":0,"Black Star":22,"Red Mask":29,"Champion Belt":11,"Burning Blood":0}]},"card_choices":[{"not_picked":["Clash","Seeing Red"],"picked":"Wild Strike","floor":1.0},{"not_picked":["Sentinel","Heavy Blade"],"picked":"Carnage","floor":2.0},{"not_picked":["Bloodletting","Wild Strike"],"picked":"Battle Trance","floor":5.0},{"not_picked":["Dual Wield","Cleave"],"picked":"Pommel Strike","floor":7.0},{"not_picked":["Iron Wave","Sentinel","Twin Strike"],"picked":"SKIP","floor":11.0},{"not_picked":["Headbutt","Clash"],"picked":"Double Tap","floor":13.0},{"not_picked":["Sword Boomerang","Iron Wave"],"picked":"Burning Pact","floor":14.0},{"not_picked":["Demon Form","Double Tap"],"picked":"Reaper","floor":16.0},{"not_picked":["Rampage+1","Clothesline"],"picked":"Pommel Strike","floor":18.0},{"not_picked":["Hemokinesis+1","Flex","Clothesline"],"picked":"SKIP","floor":22.0}],"player_experience":1934274,"relics_obtained":[{"floor":7.0,"key":"Champion Belt"},{"floor":9.0,"key":"Torii"},{"floor":11.0,"key":"Pear"},{"floor":21.0,"key":"Red Mask"}],"event_choices":[{"damage_healed":0.0,"max_hp_gain":0.0,"max_hp_loss":0.0,"gold_gain":0.0,"event_name":"Shining Light","player_choice":"Entered Light","floor":3.0,"gold_loss":0.0,"damage_taken":23.0,"cards_upgraded":["Bash","Strike_R"]},{"cards_removed":["Strike_R"],"damage_healed":0.0,"max_hp_gain":0.0,"max_hp_loss":0.0,"gold_gain":0.0,"event_name":"Golden Wing","player_choice":"Card Removal","floor":4.0,"gold_loss":0.0,"damage_taken":7.0},{"damage_healed":0.0,"max_hp_gain":0.0,"max_hp_loss":0.0,"gold_gain":0.0,"event_name":"Liars Game","player_choice":"Ignored","floor":10.0,"gold_loss":0.0,"damage_taken":0.0},{"damage_healed":0.0,"max_hp_gain":0.0,"max_hp_loss":0.0,"gold_gain":75.0,"event_name":"World of Goop","player_choice":"Gather Gold","floor":12.0,"gold_loss":0.0,"damage_taken":11.0},{"damage_healed":0.0,"max_hp_gain":0.0,"max_hp_loss":0.0,"gold_gain":0.0,"event_name":"The Mausoleum","player_choice":"Ignored","floor":20.0,"gold_loss":0.0,"damage_taken":0.0},{"damage_healed":0.0,"max_hp_gain":0.0,"max_hp_loss":0.0,"gold_gain":0.0,"event_name":"Masked Bandits","player_choice":"Fought Bandits","floor":21.0,"gold_loss":0.0,"damage_taken":0.0}],"is_beta":false,"boss_relics":[{"not_picked":["Sozu","Coffee Dripper"],"picked":"Black Star"}],"items_purged_floors":[19],"is_endless":false,"potions_floor_spawned":[5,11,13,16,18,22],"killed_by":"Book of Stabbing","ascension_level":20}}