{"host":"phniwng9zo19jwdb","time":1608980741,"event":{"mods":["AchievementEnabler","BaseMod","Colored Powertips","Faster Ascension Climbing","GifTheSpireLib","Minty Spire (QoL Compilation)","Permanent Neow","Quick Restart","Rare Cards Sparkle","StSLib"],"gold_per_floor":[17,32,42,42,59,88,88,101,124,140,170,170,247,279,279,355,355,369,369,369,381,405,405,433,433,433,451,451,480,480,508,508,582,582,594,594,35,47,60,94,94,121,147,163,177,204,216,216,216,216],"floor_reached":51,"playtime":2553,"items_purged":["Strike_R"],"score":1561,"play_id":"6e53b56e-a03c-415f-acca-34c0d0ffad72","local_time":"20201226120541","is_ascension_mode":true,"campfire_choices":[{"data":"Blood for Blood","floor":7,"key":"SMITH"},{"floor":12,"key":"REST"},{"data":"Feed","floor":15,"key":"SMITH"},{"data":"Corruption","floor":23,"key":"SMITH"},{"data":"Armaments","floor":25,"key":"SMITH"},{"data":"Offering","floor":28,"key":"SMITH"},{"data":"Burning Pact","floor":30,"key":"SMITH"},{"data":"Disarm","floor":32,"key":"SMITH"},{"data":"Offering","floor":41,"key":"SMITH"},{"data":"Pommel Strike","floor":49,"key":"SMITH"}],"circlet_count":0,"master_deck":["AscendersBane","Strike_R","Strike_R","Strike_R","Strike_R","Defend_R","Defend_R","Defend_R","Defend_R","Bash+1","Clash","Blood for Blood+1","Disarm+1","Offering+1","Flame Barrier","Feed+1","Rampage+1","Corruption+1","Burning Pact+1","Ghostly","Ghostly","Ghostly","Ghostly+1","Ghostly","Inflame","Armaments+1","Flame Barrier","Impervious","Feel No Pain","Offering+1","Warcry+1","Shrug It Off","Metallicize","Seeing Red","Offering+1","Rupture","Pommel Strike+1","Offering+1","Flame Barrier+1"],"relics":["Burning Blood","Magic Flower","Tiny Chest","Dream Catcher","Oddly Smooth Stone","Smiling Mask","Self Forming Clay","Pocketwatch","Black Star","Whetstone","Boot","Blood Vial","Vajra","Pantograph","Torii","Orichalcum","Bag of Preparation","Juzu Bracelet","Philosopher\u0027s Stone","Sling","Unceasing Top","Bronze Scales","Strawberry","Paper Frog","Regal Pillow","Nunchaku","War Paint","Art of War"],"acts_visited":["Exordium","TheCity","TheBeyond"],"potions_floor_usage":[6,11,16,21,24,33,50,50],"damage_taken":[{"damage":9,"enemies":"Jaw Worm","floor":1,"turns":6},{"damage":6,"enemies":"Cultist","floor":2,"turns":3},{"damage":3,"enemies":"2 Louse","floor":3,"turns":3},{"damage":15,"enemies":"Lots of Slimes","floor":5,"turns":5},{"damage":34,"enemies":"Gremlin Nob","floor":6,"turns":5},{"damage":20,"enemies":"2 Fungi Beasts","floor":8,"turns":4},{"damage":10,"enemies":"Exordium Wildlife","floor":10,"turns":3},{"damage":16,"enemies":"3 Sentries","floor":11,"turns":9},{"damage":14,"enemies":"Gremlin Nob","floor":14,"turns":3},{"damage":22,"enemies":"Hexaghost","floor":16,"turns":11},{"damage":25,"enemies":"Chosen","floor":18,"turns":6},{"damage":3,"enemies":"2 Thieves","floor":21,"turns":4},{"damage":32,"enemies":"Slavers","floor":24,"turns":8},{"damage":6,"enemies":"Centurion and Healer","floor":27,"turns":6},{"damage":10,"enemies":"Gremlin Leader","floor":29,"turns":8},{"damage":6,"enemies":"Book of Stabbing","floor":31,"turns":7},{"damage":37,"enemies":"Automaton","floor":33,"turns":12},{"damage":12,"enemies":"Orb Walker","floor":35,"turns":4},{"damage":6,"enemies":"3 Shapes","floor":38,"turns":7},{"damage":18,"enemies":"3 Darklings","floor":39,"turns":6},{"damage":32,"enemies":"Reptomancer","floor":40,"turns":9},{"damage":12,"enemies":"Nemesis","floor":42,"turns":5},{"damage":3,"enemies":"Jaw Worm Horde","floor":44,"turns":4},{"damage":3,"enemies":"Maw","floor":45,"turns":5},{"damage":3,"enemies":"Giant Head","floor":46,"turns":4},{"damage":4,"enemies":"Transient","floor":47,"turns":5},{"damage":15,"enemies":"Time Eater","floor":50,"turns":10}],"seed_played":"3281162692631240393","potions_obtained":[{"floor":1,"key":"ColorlessPotion"},{"floor":3,"key":"Dexterity Potion"},{"floor":6,"key":"LiquidMemories"},{"floor":11,"key":"Dexterity Potion"},{"floor":16,"key":"Strength Potion"},{"floor":21,"key":"Strength Potion"},{"floor":24,"key":"HeartOfIron"}],"is_trial":false,"path_per_floor":["M","M","M","?","M","E","R","M","T","M","E","R","T","E","R","B",null,"M","?","T","M","T","R","E","R","T","M","R","E","R","E","R","B",null,"M","?","$","M","M","E","R","E","T","M","M","E","M","?","R","B",null],"character_chosen":"IRONCLAD","items_purchased":["Sling","Unceasing Top","Strength Potion"],"campfire_rested":1,"item_purchase_floors":[37,37,37],"current_hp_per_floor":[72,75,80,68,62,37,37,26,26,25,18,42,42,37,37,24,66,56,42,42,46,46,46,29,29,29,41,41,43,43,49,49,32,52,52,52,52,59,50,43,43,43,43,58,67,74,74,74,74,68],"gold":216,"neow_bonus":"ONE_RARE_RELIC","is_daily":false,"chose_seed":false,"campfire_upgraded":9,"win_rate":0.0,"timestamp":1608980741,"path_taken":["M","M","M","?","M","E","R","M","T","M","E","R","?","E","R","BOSS","M","?","?","M","?","R","E","R","T","M","R","E","R","E","R","BOSS","M","?","$","M","M","E","R","E","T","M","M","E","M","?","R","BOSS"],"items_purchased_type":["Relic","Relic","Potion"],"build_version":"2020-12-22","purchased_purges":1,"victory":true,"max_hp_per_floor":[80,80,80,80,80,80,80,80,80,80,80,80,80,80,80,80,80,84,42,42,46,46,46,50,50,50,54,54,54,54,54,54,58,58,58,55,55,59,59,70,70,70,70,74,74,74,74,74,74,74],"card_choices":[{"not_picked":["Spot Weakness","Pummel"],"picked":"Clash","floor":1},{"not_picked":["Sword Boomerang","Heavy Blade"],"picked":"Blood for Blood","floor":2},{"not_picked":["Dropkick","Power Through"],"picked":"Disarm","floor":3},{"not_picked":["Burning Pact","Clothesline","Entrench"],"picked":"SKIP","floor":5},{"not_picked":["Iron Wave","Twin Strike"],"picked":"Offering","floor":6},{"not_picked":["Heavy Blade","Entrench","Reckless Charge"],"picked":"SKIP","floor":8},{"not_picked":["Sword Boomerang","Thunderclap","Perfected Strike"],"picked":"SKIP","floor":10},{"not_picked":["Entrench","Flex"],"picked":"Flame Barrier","floor":11},{"not_picked":["Reckless Charge","Clash"],"picked":"Feed","floor":12},{"not_picked":["Ghostly Armor","Shockwave"],"picked":"Rampage","floor":14},{"not_picked":["Barricade","Fiend Fire"],"picked":"Corruption","floor":16},{"not_picked":["Disarm+1","Flex"],"picked":"Burning Pact","floor":18},{"not_picked":["Twin Strike","Heavy Blade"],"picked":"Inflame","floor":21},{"not_picked":["Inflame","True Grit"],"picked":"Armaments","floor":24},{"not_picked":["Entrench+1","Flex"],"picked":"Flame Barrier","floor":27},{"not_picked":["Dropkick+1","Combust"],"picked":"Impervious","floor":29},{"not_picked":["Armaments","Bludgeon"],"picked":"Feel No Pain","floor":31},{"not_picked":["Limit Break","Corruption"],"picked":"Offering","floor":33},{"not_picked":["Headbutt","Clash"],"picked":"Warcry+1","floor":35},{"not_picked":["Armaments","Burning Pact"],"picked":"Shrug It Off","floor":38},{"not_picked":["Twin Strike","Armaments"],"picked":"Metallicize","floor":39},{"not_picked":["Limit Break","Fire Breathing"],"picked":"Seeing Red","floor":40},{"not_picked":["Iron Wave+1","Perfected Strike+1"],"picked":"Offering","floor":42},{"not_picked":["Blood for Blood","Clothesline+1"],"picked":"Rupture","floor":44},{"not_picked":["Hemokinesis","Pummel"],"picked":"Pommel Strike","floor":45},{"not_picked":["Fiend Fire","Twin Strike"],"picked":"Offering","floor":46},{"not_picked":["Pommel Strike","Infernal Blade"],"picked":"Flame Barrier+1","floor":47}],"player_experience":13258,"relics_obtained":[{"floor":6,"key":"Dream Catcher"},{"floor":9,"key":"Oddly Smooth Stone"},{"floor":11,"key":"Smiling Mask"},{"floor":13,"key":"Self Forming Clay"},{"floor":14,"key":"Pocketwatch"},{"floor":20,"key":"Whetstone"},{"floor":22,"key":"Boot"},{"floor":24,"key":"Blood Vial"},{"floor":24,"key":"Vajra"},{"floor":26,"key":"Pantograph"},{"floor":29,"key":"Torii"},{"floor":29,"key":"Orichalcum"},{"floor":31,"key":"Bag of Preparation"},{"floor":31,"key":"Juzu Bracelet"},{"floor":40,"key":"Bronze Scales"},{"floor":40,"key":"Strawberry"},{"floor":42,"key":"Paper Frog"},{"floor":42,"key":"Regal Pillow"},{"floor":43,"key":"Nunchaku"},{"floor":46,"key":"War Paint"},{"floor":46,"key":"Art of War"}],"event_choices":[{"damage_healed":0,"gold_gain":0,"player_choice":"Success","damage_taken":12,"relics_obtained":["Tiny Chest"],"max_hp_gain":0,"max_hp_loss":0,"event_name":"Scrap Ooze","floor":4,"gold_loss":0},{"damage_healed":0,"gold_gain":0,"player_choice":"Became a Ghost","damage_taken":0,"max_hp_gain":0,"max_hp_loss":42,"event_name":"Ghosts","floor":19,"gold_loss":0,"cards_obtained":["Ghostly","Ghostly","Ghostly","Ghostly","Ghostly"]},{"damage_healed":0,"gold_gain":0,"player_choice":"Max HP","damage_taken":0,"max_hp_gain":0,"max_hp_loss":3,"event_name":"Winding Halls","floor":36,"gold_loss":0},{"damage_healed":0,"gold_gain":0,"player_choice":"Upgraded","damage_taken":0,"max_hp_gain":0,"max_hp_loss":0,"event_name":"Upgrade Shrine","floor":48,"gold_loss":0,"cards_upgraded":["Offering"]}],"is_beta":false,"boss_relics":[{"not_picked":["Cursed Key","Runic Cube"],"picked":"Black Star"},{"not_picked":["SacredBark","Mark of Pain"],"picked":"Philosopher\u0027s Stone"}],"items_purged_floors":[37],"is_endless":false,"potions_floor_spawned":[1,3,6,11,16,18,21,24,39,40,44,45,46],"ascension_level":13}}