{"host":"s0d2u711fzg2n3il","time":1608995289,"event":{"mods":["2.2 Compatiblity","AchievementEnabler","Act Like it!","Aspiration","BaseMod","BetterRewards","Block Reminder","Conspire","Downfall","Duelist Mod","Ekko","GifTheSpireLib","Hermit","Hubris","JesterMod","Melee Mod","Minty Spire (QoL Compilation)","Nova Terra(??·??)","Pikachu Mod","Rare Cards Sparkle","Replay The Spire","Robot Space Explorer","Shade Mod","StSLib","The Bug Knight","The Death Knight","The Disciple","The Dragon Tamer","The Hierophant","The Necromancer","The Valiant","TheVacant","vexMod"],"gold_per_floor":[112,112,112,112,127,127,157,157,157,177,188,203,203,217,217,314,314,324,324,343,359,390,390,409,409,436,447,447,447,104,115,115,213,213,229,248,94,107,107,107,126,126,152,162,162,180,180,195,195,195,195],"floor_reached":50,"playtime":4299,"items_purged":["RobotSpaceExplorer:GlueShot+1"],"score":448,"play_id":"892f8af2-4589-4332-8ff0-aa60da22239a","local_time":"20201226160809","is_ascension_mode":false,"campfire_choices":[{"data":"RobotSpaceExplorer:DoubleFind","floor":6,"key":"SMITH"},{"data":"RobotSpaceExplorer:ScrapMissile","floor":8,"key":"SMITH"},{"floor":15,"key":"REST"},{"data":"RobotSpaceExplorer:Multitool","floor":23,"key":"SMITH"},{"data":"RobotSpaceExplorer:ChargingLaser","floor":25,"key":"SMITH"},{"floor":28,"key":"REST"},{"floor":32,"key":"REST"},{"floor":40,"key":"REST"},{"data":"RobotSpaceExplorer:DroneSwarm","floor":42,"key":"SMITH"},{"data":"RobotSpaceExplorer:ScrapToss","floor":45,"key":"SMITH"},{"data":"RobotSpaceExplorer:Scan","floor":47,"key":"SMITH"},{"floor":49,"key":"REST"}],"circlet_count":0,"master_deck":["RobotSpaceExplorer:Strike","RobotSpaceExplorer:Strike","RobotSpaceExplorer:Strike","RobotSpaceExplorer:Strike","RobotSpaceExplorer:Defend","RobotSpaceExplorer:Defend","RobotSpaceExplorer:Defend","RobotSpaceExplorer:Defend","RobotSpaceExplorer:Scan+1","RobotSpaceExplorer:MiniLasers","RobotSpaceExplorer:DoubleFind+1","RobotSpaceExplorer:StunGrenade","RobotSpaceExplorer:ScrapMissile+1","RobotSpaceExplorer:ScrapToss+1","RobotSpaceExplorer:Multitool+1","RobotSpaceExplorer:LuckyStrike","RobotSpaceExplorer:ChargingLaser+1","RobotSpaceExplorer:StunGrenade+1","RobotSpaceExplorer:SurgingShield","RobotSpaceExplorer:ShovelStrike","RobotSpaceExplorer:PowerGlove+1","RobotSpaceExplorer:Fix+1","RobotSpaceExplorer:DroneSwarm+1","RobotSpaceExplorer:MiniDrones+1","RobotSpaceExplorer:Pulsar+1","RobotSpaceExplorer:Pulsar+1","RobotSpaceExplorer:BigMissile+1","Parasite","RobotSpaceExplorer:MiniBoosters+1","RobotSpaceExplorer:PlasmaMissile+1","RobotSpaceExplorer:IronShell"],"relics":["RobotSpaceExplorer:TurboCore","Replay:Rubber Ducky","Replay:WaspNest","GremlinMask","hubris:ScarierMask","Red Mask","Bag of Marbles","Vajra","BargainBundle","HollowMod:PaleOreRelic","ReplayTheSpireMod:Lightbulb"],"acts_visited":["Exordium","TheCity","TheBeyond"],"potions_floor_usage":[7,21,22,33,33,33,38,38,44,50],"damage_taken":[{"damage":0,"enemies":"Jaw Worm","floor":1,"turns":5},{"damage":1,"enemies":"2 Louse","floor":5,"turns":2},{"damage":18,"enemies":"Gremlin Nob","floor":7,"turns":4},{"damage":0,"enemies":"Cultist","floor":10,"turns":3},{"damage":7,"enemies":"3 Louse","floor":11,"turns":2},{"damage":7,"enemies":"conspire:2 RoseBushes","floor":12,"turns":5},{"damage":0,"enemies":"Exordium Wildlife","floor":14,"turns":4},{"damage":16,"enemies":"The Guardian","floor":16,"turns":13},{"damage":3,"enemies":"2 Thieves","floor":18,"turns":3},{"damage":14,"enemies":"Spheric Guardian","floor":20,"turns":5},{"damage":11,"enemies":"conspire:HollyBat","floor":21,"turns":8},{"damage":0,"enemies":"Masked Bandits","floor":22,"turns":3},{"damage":2,"enemies":"Centurion and Healer","floor":24,"turns":4},{"damage":14,"enemies":"Snake Plant","floor":27,"turns":4},{"damage":2,"enemies":"conspire:HollyBat","floor":31,"turns":8},{"damage":71,"enemies":"Collector","floor":33,"turns":6},{"damage":0,"enemies":"3 Shapes","floor":35,"turns":4},{"damage":0,"enemies":"3 Darklings","floor":36,"turns":5},{"damage":53,"enemies":"Spire Growth","floor":38,"turns":7},{"damage":0,"enemies":"Sphere and 2 Shapes","floor":41,"turns":3},{"damage":5,"enemies":"Writhing Mass","floor":44,"turns":7},{"damage":0,"enemies":"4 Shapes","floor":46,"turns":3},{"damage":15,"enemies":"Transient","floor":48,"turns":5},{"damage":55,"enemies":"hubris:GrandSnecko","floor":50,"turns":22}],"seed_played":"-5514950257948655003","potions_obtained":[{"floor":5,"key":"RobotSpaceExplorer:PlasmaFlask"},{"floor":10,"key":"Flashbang"},{"floor":16,"key":"FearPotion"},{"floor":18,"key":"SteroidPotion"},{"floor":21,"key":"RobotSpaceExplorer:PlasmaFlask"},{"floor":27,"key":"RobotSpaceExplorer:RecyclePotion"},{"floor":33,"key":"BlessingOfTheForge"},{"floor":35,"key":"Death Potion"},{"floor":36,"key":"SkillPotion"},{"floor":38,"key":"AttackPotion"}],"is_trial":false,"path_per_floor":["M","$","?","$","M","R","E","R","T","M","M","M","?","M","R","B",null,"M","?","M","M","?","R","M","R","T","M","R","?","$","M","R","B",null,"M","M","$","M","?","R","M","R","T","M","R","M","R","M","R","B"],"character_chosen":"RobotSpaceExplorer","items_purchased":["Vajra","BargainBundle","Energy Potion","SkillPotion","HollowMod:PaleOreRelic"],"campfire_rested":5,"item_purchase_floors":[30,30,30,30,37],"current_hp_per_floor":[82,82,82,82,81,81,63,63,63,63,56,49,49,49,73,57,82,79,79,65,54,54,54,52,52,52,38,62,62,62,66,82,11,82,82,82,82,35,35,59,59,59,59,60,60,60,60,51,75,26,26],"gold":195,"neow_bonus":"TEN_PERCENT_HP_BONUS","is_daily":false,"chose_seed":false,"campfire_upgraded":7,"win_rate":0.0,"timestamp":1608995289,"path_taken":["M","$","?","$","M","R","E","R","T","M","M","M","?","?","R","BOSS","M","?","M","M","?","R","M","R","T","M","R","?","$","M","R","BOSS","M","M","$","M","?","R","?","R","T","M","R","M","R","M","R","BOSS"],"items_purchased_type":["Relic","Relic","Potion","Potion","Relic"],"build_version":"2020-12-22","purchased_purges":1,"victory":false,"max_hp_per_floor":[82,82,82,82,82,82,82,82,82,82,82,82,82,82,82,82,82,82,82,82,82,82,82,82,82,82,82,82,82,82,82,82,82,82,82,82,82,82,82,82,82,82,82,82,82,82,82,82,82,82,82],"card_choices":[{"not_picked":["RobotSpaceExplorer:Probe","RobotSpaceExplorer:Counterblock"],"picked":"RobotSpaceExplorer:DoubleFind","floor":1},{"not_picked":["RobotSpaceExplorer:MiniBoosters","RobotSpaceExplorer:FranticSearch"],"picked":"RobotSpaceExplorer:StunGrenade","floor":5},{"not_picked":["RobotSpaceExplorer:StunGrenade","RobotSpaceExplorer:ShockKick"],"picked":"RobotSpaceExplorer:ScrapMissile","floor":7},{"not_picked":["RobotSpaceExplorer:ShovelStrike","RobotSpaceExplorer:MiniDrones"],"picked":"RobotSpaceExplorer:ScrapToss","floor":10},{"not_picked":["RobotSpaceExplorer:SurgingShield","RobotSpaceExplorer:SwiftStep"],"picked":"RobotSpaceExplorer:Multitool","floor":11},{"not_picked":["RobotSpaceExplorer:SwiftStep","RobotSpaceExplorer:PowerCollector","RobotSpaceExplorer:Jetpack"],"picked":"SKIP","floor":12},{"not_picked":["RobotSpaceExplorer:Probe","RobotSpaceExplorer:LaserBurst"],"picked":"RobotSpaceExplorer:LuckyStrike","floor":14},{"not_picked":["RobotSpaceExplorer:Blaster","RobotSpaceExplorer:Autoloader"],"picked":"RobotSpaceExplorer:ChargingLaser","floor":16},{"not_picked":["RobotSpaceExplorer:SurgingStrike","RobotSpaceExplorer:Jetpack"],"picked":"RobotSpaceExplorer:StunGrenade+1","floor":18},{"not_picked":["RobotSpaceExplorer:MiniDrones","RobotSpaceExplorer:Calculate"],"picked":"RobotSpaceExplorer:SurgingShield","floor":20},{"not_picked":["RobotSpaceExplorer:SurgingStrike","RobotSpaceExplorer:DoubleBlock"],"picked":"RobotSpaceExplorer:GlueShot+1","floor":21},{"not_picked":["RobotSpaceExplorer:FranticSearch","RobotSpaceExplorer:SwiftStep+1"],"picked":"RobotSpaceExplorer:ShovelStrike","floor":22},{"not_picked":["RobotSpaceExplorer:ShockKick+1","RobotSpaceExplorer:FranticSearch"],"picked":"RobotSpaceExplorer:PowerGlove+1","floor":24},{"not_picked":["RobotSpaceExplorer:SurgingStrike","RobotSpaceExplorer:BlastShield"],"picked":"RobotSpaceExplorer:Fix","floor":27},{"not_picked":["RobotSpaceExplorer:SurgingShield+1","RobotSpaceExplorer:MetalStrike","RobotSpaceExplorer:FrostMissile"],"picked":"SKIP","floor":31},{"not_picked":["RobotSpaceExplorer:BlastShield","RobotSpaceExplorer:Multitool"],"picked":"RobotSpaceExplorer:DroneSwarm","floor":33},{"not_picked":["RobotSpaceExplorer:SurgingShield","RobotSpaceExplorer:ImprovisedAttack"],"picked":"RobotSpaceExplorer:MiniDrones+1","floor":35},{"not_picked":["RobotSpaceExplorer:FranticSearch","RobotSpaceExplorer:Electroshield"],"picked":"RobotSpaceExplorer:Pulsar+1","floor":36},{"not_picked":["RobotSpaceExplorer:Calculate","RobotSpaceExplorer:ShovelStrike+1"],"picked":"RobotSpaceExplorer:Pulsar+1","floor":38},{"not_picked":["RobotSpaceExplorer:MetalStrike","RobotSpaceExplorer:Smokescreen"],"picked":"RobotSpaceExplorer:BigMissile+1","floor":41},{"not_picked":["RobotSpaceExplorer:TurboDodge","RobotSpaceExplorer:Reload"],"picked":"RobotSpaceExplorer:MiniBoosters+1","floor":44},{"not_picked":["RobotSpaceExplorer:LuckyStrike+1","RobotSpaceExplorer:FranticSearch+1"],"picked":"RobotSpaceExplorer:PlasmaMissile+1","floor":46},{"not_picked":["RobotSpaceExplorer:Pulsar","RobotSpaceExplorer:StarDust+1"],"picked":"RobotSpaceExplorer:IronShell","floor":48}],"player_experience":520268,"relics_obtained":[{"floor":7,"key":"Replay:Rubber Ducky"},{"floor":9,"key":"Replay:WaspNest"},{"floor":22,"key":"Red Mask"},{"floor":26,"key":"Bag of Marbles"},{"floor":43,"key":"ReplayTheSpireMod:Lightbulb"}],"event_choices":[{"damage_healed":0,"gold_gain":0,"player_choice":"Ignored","damage_taken":0,"max_hp_gain":0,"max_hp_loss":0,"event_name":"Liars Game","floor":3,"gold_loss":0},{"damage_healed":0,"gold_gain":0,"player_choice":"Trade","damage_taken":0,"relics_obtained":["GremlinMask"],"max_hp_gain":0,"max_hp_loss":0,"event_name":"FaceTrader","floor":13,"gold_loss":0},{"damage_healed":0,"gold_gain":0,"player_choice":"Fought Bandits","damage_taken":0,"max_hp_gain":0,"max_hp_loss":0,"event_name":"Masked Bandits","floor":22,"gold_loss":0},{"damage_healed":0,"gold_gain":0,"player_choice":"Ignored","damage_taken":0,"max_hp_gain":0,"max_hp_loss":0,"event_name":"SecretPortal","floor":39,"gold_loss":0}],"is_beta":false,"boss_relics":[{"not_picked":["ReplayTheSpireMod:DimensionalGlitch","Abe\u0027s Treasure"],"picked":"hubris:ScarierMask"},{"not_picked":["jesterMod:MachoBrace","hubris:CrackedHourglass"],"picked":"RobotSpaceExplorer:TurboCore"}],"items_purged_floors":[30],"is_endless":false,"potions_floor_spawned":[5,10,16,18,21,27,31,33,35,36,38],"killed_by":"hubris:GrandSnecko","ascension_level":0}}