{"host":"8iou4n92kpqlvozr","time":1608965237,"event":{"mods":["Act Like it!","BaseMod","BetterRewards","Conspire","Dota2Spire","Downfall","Googly Eyes","Halation","Hermit","Hubris","Infinite Spire","Minty Spire (QoL Compilation)","Quick Restart","Replay The Spire","StSLib","Uncapped"],"gold_per_floor":[114,114,124,124,11,49,49,83,108,108,108,129,8,33,33,33,33],"floor_reached":16,"playtime":620,"items_purged":[],"score":153,"play_id":"701e0531-1bbd-452e-9455-e75d15dde64f","local_time":"20201226004717","is_ascension_mode":true,"campfire_choices":[{"data":"Defragment","floor":7,"key":"SMITH"},{"floor":10,"key":"REST"},{"floor":15,"key":"REST"}],"circlet_count":0,"master_deck":["Strike_B","Strike_B","Strike_B","Strike_B","Defend_B+1","Defend_B","Defend_B","Defend_B","Zap","Dualcast","Leap","Beam Cell","Defragment+1","Hologram+1","Streamline","Ball Lightning","ReplayTheSpireMod:??????????????????????+1","Rebound","Buffer+1","Amplify"],"relics":["Cracked Core","NeowsBlessing","Geode","Golden Idol","Dota2Spire:PhaseBoots","Dota2Spire:DrumOfEndurance","Gremlin Food"],"acts_visited":["Exordium"],"potions_floor_usage":[8,16],"damage_taken":[{"damage":0,"enemies":"Jaw Worm","floor":1,"turns":1},{"damage":0,"enemies":"Cultist","floor":3,"turns":1},{"damage":0,"enemies":"Lagavulin","floor":6,"turns":1},{"damage":25,"enemies":"3 Sentries","floor":8,"turns":6},{"damage":7,"enemies":"Small Slimes","floor":12,"turns":2},{"damage":11,"enemies":"Looter","floor":14,"turns":2},{"damage":66,"enemies":"Fading Forest","floor":16,"turns":9}],"seed_played":"-6389990323197370729","potions_obtained":[{"floor":1,"key":"Weak Potion"},{"floor":6,"key":"Adrenaline Potion"},{"floor":12,"key":"Elixir"},{"floor":14,"key":"Weak Potion"}],"is_trial":false,"path_per_floor":["M","?","M","?","$","E","R","E","T","R","?","M","$","M","R","B"],"character_chosen":"DEFECT","items_purchased":["Defragment","Hologram+1","Buffer+1"],"campfire_rested":2,"item_purchase_floors":[5,5,13],"current_hp_per_floor":[75,75,75,57,57,57,57,32,32,54,36,29,29,18,40,0,0],"gold":33,"neow_bonus":"THREE_ENEMY_KILL","is_daily":false,"chose_seed":false,"campfire_upgraded":1,"win_rate":0.0,"timestamp":1608965237,"path_taken":["M","?","?","?","$","E","R","E","T","R","?","M","?","M","R","BOSS"],"items_purchased_type":["Card","Card","Card"],"build_version":"2020-12-22","purchased_purges":0,"victory":false,"max_hp_per_floor":[75,75,75,75,75,75,75,75,75,75,75,75,75,75,75,75,75],"card_choices":[{"not_picked":["Scrape","Cold Snap"],"picked":"Leap","floor":1},{"not_picked":["Turbo","Conserve Battery"],"picked":"Beam Cell","floor":3},{"not_picked":["Scrape","Stack"],"picked":"Streamline","floor":6},{"not_picked":["Heatsinks","Steam"],"picked":"Ball Lightning","floor":8},{"not_picked":["infinitespire:UltimateForm","infinitespire:DeathsTouch"],"picked":"ReplayTheSpireMod:??????????????????????","floor":11},{"not_picked":["Melter","FTL"],"picked":"Rebound","floor":12},{"not_picked":["Cold Snap","Gash"],"picked":"Amplify","floor":14}],"player_experience":283775,"relics_obtained":[{"floor":6,"key":"Dota2Spire:PhaseBoots"},{"floor":8,"key":"Dota2Spire:DrumOfEndurance"},{"floor":9,"key":"Gremlin Food"}],"event_choices":[{"damage_healed":0,"gold_gain":0,"player_choice":"Gave Potion","damage_taken":0,"relics_obtained":["Geode"],"max_hp_gain":0,"max_hp_loss":0,"event_name":"WeMeetAgain","floor":2,"gold_loss":0},{"damage_healed":0,"gold_gain":0,"player_choice":"Take Damage","damage_taken":18,"relics_obtained":["Golden Idol"],"max_hp_gain":0,"max_hp_loss":0,"event_name":"Golden Idol","floor":4,"gold_loss":0}],"is_beta":false,"boss_relics":[],"items_purged_floors":[],"is_endless":false,"potions_floor_spawned":[1,6,12,14],"killed_by":"Fading Forest","ascension_level":3}}