{"host":"7k2a2omxz3voj5ax","time":1608965166,"event":{"mods":["BaseMod","Marisa£¨ìFÓê¡¡Ä§ÀíÉ³£©","Minty Spire (QoL Compilation)","Quick Restart","Spicy Shops","StSLib","Starting Relic: Pandora\u0027s Box","óô»ðÖ¸ÄÏ"],"gold_per_floor":[109,109,128,128,147,180,180,206,278,278,289,289,314,324,324,397,397,414,414,104,118,118,151,26,56,104,120,154,154,254,265,265,336,386,397,261,261,280,113,147,164,177,177,204,221,255,205,225,225,225,225,225,175,32,63,63,63],"floor_reached":56,"playtime":2229,"items_purged":["Heel Hook+1","Dash","Survivor","Cloak And Dagger","Neutralize+1"],"score":2855,"play_id":"8f3bfb58-27f8-4310-aa29-fb4f1e0f73ec","local_time":"20201226154606","is_ascension_mode":true,"campfire_choices":[{"data":"Blade Dance","floor":7.0,"key":"SMITH"},{"data":"Prepared","floor":10.0,"key":"SMITH"},{"data":"Concentrate","floor":15.0,"key":"SMITH"},{"data":"Terror","floor":29.0,"key":"SMITH"},{"data":"Reflex","floor":32.0,"key":"SMITH"},{"floor":49.0,"key":"RECALL"}],"circlet_count":0,"master_deck":["AscendersBane","Concentrate+1","Prepared+1","Noxious Fumes","Accuracy+1","Acrobatics+1","Reflex+1","Blade Dance+1","Terror+1","Adrenaline","Accuracy+1","Adrenaline","Escape Plan"],"relics":["Pandora\u0027s Box","NeowsBlessing","TungstenRod","Toy Ornithopter","Happy Flower","Pantograph","Bag of Preparation","Astrolabe","Molten Egg 2","Nilry\u0027s Codex","Strawberry","Bag of Marbles","Art of War","Anchor","Mango","Meat on the Bone","Tiny House","Blue Candle","Medical Kit","Shuriken","FossilizedHelix","Smiling Mask","Bronze Scales"],"acts_visited":["Exordium","TheCity","TheBeyond","TheEnding"],"potions_floor_usage":[56,56],"damage_taken":[{"damage":0.0,"enemies":"Jaw Worm","floor":1.0,"turns":1.0},{"damage":0.0,"enemies":"2 Louse","floor":3.0,"turns":1.0},{"damage":0.0,"enemies":"Cultist","floor":5.0,"turns":1.0},{"damage":21.0,"enemies":"Lagavulin","floor":6.0,"turns":5.0},{"damage":0.0,"enemies":"Gremlin Nob","floor":8.0,"turns":3.0},{"damage":0.0,"enemies":"Blue Slaver","floor":11.0,"turns":1.0},{"damage":0.0,"enemies":"3 Sentries","floor":13.0,"turns":4.0},{"damage":0.0,"enemies":"Exordium Thugs","floor":14.0,"turns":2.0},{"damage":4.0,"enemies":"The Guardian","floor":16.0,"turns":6.0},{"damage":0.0,"enemies":"Spheric Guardian","floor":18.0,"turns":1.0},{"damage":0.0,"enemies":"3 Byrds","floor":21.0,"turns":2.0},{"damage":0.0,"enemies":"Gremlin Leader","floor":23.0,"turns":2.0},{"damage":0.0,"enemies":"Slavers","floor":25.0,"turns":2.0},{"damage":0.0,"enemies":"Snake Plant","floor":27.0,"turns":1.0},{"damage":0.0,"enemies":"Book of Stabbing","floor":28.0,"turns":1.0},{"damage":0.0,"enemies":"Colosseum Slavers","floor":30.0,"turns":1.0},{"damage":0.0,"enemies":"Colosseum Nobs","floor":30.0,"turns":1.0},{"damage":0.0,"enemies":"Chosen and Byrds","floor":31.0,"turns":1.0},{"damage":0.0,"enemies":"Automaton","floor":33.0,"turns":1.0},{"damage":0.0,"enemies":"3 Shapes","floor":35.0,"turns":1.0},{"damage":0.0,"enemies":"Orb Walker","floor":38.0,"turns":1.0},{"damage":0.0,"enemies":"Reptomancer","floor":40.0,"turns":1.0},{"damage":0.0,"enemies":"Maw","floor":41.0,"turns":1.0},{"damage":0.0,"enemies":"Sphere and 2 Shapes","floor":42.0,"turns":1.0},{"damage":7.0,"enemies":"Nemesis","floor":44.0,"turns":3.0},{"damage":0.0,"enemies":"3 Darklings","floor":45.0,"turns":1.0},{"damage":0.0,"enemies":"Giant Head","floor":46.0,"turns":2.0},{"damage":0.0,"enemies":"Transient","floor":48.0,"turns":1.0},{"damage":0.0,"enemies":"Donu and Deca","floor":50.0,"turns":1.0},{"damage":0.0,"enemies":"Awakened One","floor":51.0,"turns":2.0},{"damage":0,"enemies":"Shield and Spear","floor":55,"turns":1},{"damage":102,"enemies":"The Heart","floor":56,"turns":5}],"seed_played":"-7702410328049842501","potions_obtained":[{"floor":5.0,"key":"AttackPotion"},{"floor":6.0,"key":"Fire Potion"},{"floor":13.0,"key":"LiquidBronze"},{"floor":14.0,"key":"CunningPotion"},{"floor":16.0,"key":"Fire Potion"},{"floor":25.0,"key":"Strength Potion"},{"floor":30.0,"key":"GhostInAJar"},{"floor":33.0,"key":"Fruit Juice"},{"floor":34.0,"key":"Ancient Potion"},{"floor":45.0,"key":"PowerPotion"}],"is_trial":false,"path_per_floor":["M","?","M","?","M","E","R","E","T","R","M","?","E","M","R","B",null,"M","?","$","M","?","E","$","E","T","M","E","R","?","M","R","B",null,"M","$","?","M","$","E","M","M","T","E","M","E","R","M","R","B","B",null,"R","$","E","B"],"character_chosen":"THE_SILENT","items_purchased":["Molten Egg 2","Blue Candle","Medical Kit","Dexterity Potion","Bronze Scales"],"campfire_rested":0,"item_purchase_floors":[20,36,39,54,54],"current_hp_per_floor":[59,39,39,39,39,18,18,23,23,23,23,23,23,23,23,49,62,62,62,62,62,45,52,52,57,57,57,57,57,71,71,71,92,97,97,97,97,97,97,97,97,97,97,90,90,90,90,90,90,97,97,97,97,97,97,0,0],"gold":63,"neow_bonus":"THREE_ENEMY_KILL","is_daily":false,"chose_seed":false,"campfire_upgraded":5,"win_rate":0.0,"timestamp":1608965166,"path_taken":["M","?","M","?","M","E","R","E","T","R","?","?","E","M","R","BOSS","M","?","?","M","?","E","$","E","T","?","E","R","?","M","R","BOSS","M","$","?","M","$","E","M","M","T","E","?","E","R","M","R","BOSS","BOSS","R","$","E","BOSS"],"items_purchased_type":["Relic","Relic","Relic","Potion","Relic"],"build_version":"2020-12-22","purchased_purges":5,"victory":false,"max_hp_per_floor":[66,66,66,66,66,66,66,66,66,66,66,66,66,66,66,66,66,66,66,66,66,66,73,73,73,73,73,73,73,87,87,87,92,97,97,97,97,97,97,97,97,97,97,97,97,97,97,97,97,97,97,97,97,97,97,97,97],"card_choices":[{"not_picked":["Backflip","Well Laid Plans"],"picked":"Acrobatics","floor":1.0},{"not_picked":["Flying Knee","Cloak And Dagger"],"picked":"Reflex","floor":3.0},{"not_picked":["Reflex","Deflect","Distraction"],"picked":"SKIP","floor":5.0},{"not_picked":["Well Laid Plans","Doppelganger"],"picked":"Blade Dance","floor":6.0},{"not_picked":["Poisoned Stab","Bouncing Flask","Flying Knee"],"picked":"SKIP","floor":8.0},{"not_picked":["Poisoned Stab","Deadly Poison","Dagger Spray"],"picked":"SKIP","floor":11.0},{"not_picked":["Quick Slash","Sucker Punch"],"picked":"Terror","floor":13.0},{"not_picked":["Dagger Spray","Acrobatics","Bane"],"picked":"SKIP","floor":14.0},{"not_picked":["Envenom","Unload"],"picked":"Adrenaline","floor":16.0},{"not_picked":["Quick Slash","Bane","Sucker Punch"],"picked":"SKIP","floor":18.0},{"not_picked":["Quick Slash+1","Expertise","Blade Dance+1"],"picked":"SKIP","floor":21.0},{"not_picked":["Poisoned Stab+1","Backflip","Slice+1"],"picked":"SKIP","floor":23.0},{"not_picked":["Flying Knee+1","Footwork","Sucker Punch+1"],"picked":"SKIP","floor":25.0},{"not_picked":["Poisoned Stab+1","Adrenaline","Flechettes+1"],"picked":"SKIP","floor":27.0},{"not_picked":["Sucker Punch+1","Die Die Die+1","Infinite Blades"],"picked":"SKIP","floor":28.0},{"not_picked":["Underhanded Strike+1","Poisoned Stab+1","Flying Knee+1"],"picked":"SKIP","floor":31.0},{"not_picked":["Dash+1","Flying Knee+1","Poisoned Stab+1"],"picked":"SKIP","floor":35.0},{"not_picked":["Flechettes+1","All Out Attack+1","Riddle With Holes+1"],"picked":"SKIP","floor":38.0},{"not_picked":["Dagger Throw+1","Venomology","Dash+1"],"picked":"SKIP","floor":40.0},{"not_picked":["Cloak And Dagger","Leg Sweep","PiercingWail"],"picked":"SKIP","floor":41.0},{"not_picked":["Dagger Throw+1","Dodge and Roll"],"picked":"Escape Plan","floor":42.0},{"not_picked":["Expertise","Predator+1","Outmaneuver"],"picked":"SKIP","floor":44.0},{"not_picked":["Flying Knee+1","Riddle With Holes+1","Bane+1"],"picked":"SKIP","floor":45.0},{"not_picked":["Endless Agony+1","Slice+1","Cloak And Dagger"],"picked":"SKIP","floor":46.0},{"not_picked":["Dagger Spray+1","Leg Sweep+1","Reflex+1"],"picked":"SKIP","floor":48.0},{"not_picked":["Tactician","Adrenaline","Catalyst+1"],"picked":"SKIP","floor":55}],"player_experience":343627,"relics_obtained":[{"floor":6.0,"key":"Toy Ornithopter"},{"floor":8.0,"key":"Happy Flower"},{"floor":9.0,"key":"Pantograph"},{"floor":13.0,"key":"Bag of Preparation"},{"floor":22.0,"key":"Nilry\u0027s Codex"},{"floor":23.0,"key":"Strawberry"},{"floor":25.0,"key":"Bag of Marbles"},{"floor":26.0,"key":"Art of War"},{"floor":28.0,"key":"Anchor"},{"floor":30.0,"key":"Mango"},{"floor":30.0,"key":"Meat on the Bone"},{"floor":40.0,"key":"Shuriken"},{"floor":44.0,"key":"FossilizedHelix"},{"floor":46.0,"key":"Smiling Mask"}],"event_choices":[{"damage_healed":0.0,"max_hp_gain":0.0,"max_hp_loss":0.0,"gold_gain":0.0,"event_name":"Shining Light","player_choice":"Entered Light","floor":2.0,"gold_loss":0.0,"damage_taken":20.0,"cards_upgraded":["Accuracy","Acrobatics"]},{"cards_removed":["Outmaneuver"],"damage_healed":0.0,"max_hp_gain":0.0,"max_hp_loss":0.0,"gold_gain":0.0,"event_name":"WeMeetAgain","player_choice":"Gave Card","floor":4.0,"gold_loss":0.0,"damage_taken":0.0,"relics_obtained":["TungstenRod"]},{"damage_healed":0.0,"max_hp_gain":0.0,"max_hp_loss":0.0,"gold_gain":0.0,"event_name":"Liars Game","player_choice":"Ignored","floor":12.0,"gold_loss":0.0,"damage_taken":0.0},{"damage_healed":0.0,"max_hp_gain":0.0,"max_hp_loss":0.0,"gold_gain":0.0,"event_name":"Duplicator","player_choice":"Copied","floor":19.0,"gold_loss":0.0,"damage_taken":0.0,"cards_obtained":["Adrenaline"]},{"damage_healed":0.0,"max_hp_gain":0.0,"max_hp_loss":0.0,"gold_gain":0.0,"event_name":"Cursed Tome","player_choice":"Obtained Book","floor":22.0,"gold_loss":0.0,"damage_taken":21.0},{"damage_healed":0.0,"max_hp_gain":0.0,"max_hp_loss":0.0,"gold_gain":0.0,"event_name":"Colosseum","player_choice":"Fight","floor":30.0,"gold_loss":0.0,"damage_taken":0.0},{"damage_healed":0.0,"max_hp_gain":0.0,"max_hp_loss":0.0,"gold_gain":0.0,"event_name":"Colosseum","player_choice":"Fought Nobs","floor":30.0,"gold_loss":0.0,"damage_taken":0.0},{"cards_removed":["Dagger Throw"],"damage_healed":0.0,"max_hp_gain":0.0,"max_hp_loss":0.0,"gold_gain":0.0,"event_name":"Purifier","player_choice":"Purged","floor":37.0,"gold_loss":0.0,"damage_taken":0.0}],"is_beta":false,"boss_relics":[{"not_picked":["SlaversCollar","Coffee Dripper"],"picked":"Astrolabe"},{"not_picked":["Busted Crown","Philosopher\u0027s Stone"],"picked":"Tiny House"}],"items_purged_floors":[20,20,24,47,53],"is_endless":false,"potions_floor_spawned":[5,6,13,14,16,25,30,33,35,40,41,45,48,55],"killed_by":"The Heart","ascension_level":20}}