{"host":"7erghha4zaoybdup","time":1608948188,"event":{"mods":["2.2 Compatiblity","AchievementEnabler","Act Like it!","Arknights The Spire","Astrologer","BaseMod","CapriCore","Colored Powertips","Conspire","Downfall","Friendly Minions","GifTheSpireLib","Glutton Mod","Hallownest","Hermit","Hubris","Infinite Spire","Jorbs\u0027s Wanderer Trilogy","Lobotomy","LobotomyExtend","MarisaÅiñ∂âJÅ@ñÇóùçπÅj","Minty Spire (QoL Compilation)","Quick Restart","Random Character Button","ReimuÅiîé??öÎÅj","Shade Mod","Somnambulant","StSLib","The Bug Knight","The Cursed","The Disciple","The Fake Hero","The Immortal","The Judge","The Marked","The Necromancer","The Poker Player","The Wild Card","Wandering Minibosses","Åy?ï®?îvÅzREMEMod"],"gold_per_floor":[99,113,213,226,226,226,226,238,238,238,256,57,57,77,88,187,187,187,207,207,220,110,127,127,139,139,158,158,118,43,43,61,165,165,165,179,189,189,189,208,280,280,280,299,315,333,353,381,306,306,306],"floor_reached":52,"playtime":5522,"items_purged":["Slimebound:Icky"],"score":678,"play_id":"dd05bbd4-0e38-412e-979a-72eee28a6019","local_time":"20201225200308","is_ascension_mode":false,"campfire_choices":[{"data":"sneckomod:SnekBite","floor":1.0,"key":"SMITH"},{"floor":6.0,"key":"REST"},{"floor":9.0,"key":"REST"},{"data":"sneckomod:UnknownRareSkill","floor":18.0,"key":"SMITH"},{"floor":26.0,"key":"RECALL"},{"data":"wanderingMiniBosses:FinaleOfPromise","floor":30.0,"key":"SMITH"},{"data":"sneckomod:UnlimitedRolls","floor":35,"key":"SMITH"},{"data":"sneckomod:UnknownRarePower","floor":42,"key":"SMITH"},{"floor":49,"key":"REST"}],"circlet_count":0,"master_deck":["sneckomod:Strike","sneckomod:Strike","sneckomod:Strike","sneckomod:Defend","sneckomod:Defend","sneckomod:Defend","sneckomod:TailWhip","sneckomod:SnekBite+1","sneckomod:Unknown","sneckomod:Unknown","ats:Sunburst","sneckomod:Nope","sneckomod:UnlimitedRolls+1","sneckomod:UnknownExhaust","sneckomod:UnknownVulnerable","sneckomod:UnknownClassSHADE_COLOR","sneckomod:UnknownRarePower+1","sneckomod:UnknownRareSkill+1","sneckomod:TrashToTreasure","Slimebound:CheckThePlaybook","sneckomod:QuickMove+1","sneckomod:SoulDraw","sneckomod:Unknown1Cost+1","wanderingMiniBosses:FinaleOfPromise+1","sneckomod:Nope+1","sneckomod:UnknownX","sneckomod:SoulExchange","hubris:NaturalOne","sneckomod:Unknown1Cost+1","Accelerando","sneckomod:UnknownUncommonSkill+1","sneckomod:UnknownStrike+1","sneckomod:UnknownClassGUARDIAN","sneckomod:UnknownUncommonSkill+1"],"relics":["sneckomod:SneckoSoul","REME_ComplimentaryCards","LetterFromLob","Gaze_r","Eternal Feather","Kunai","REME_CardOfGreed","hubris:Towel","hubris:GrandSneckoEye","hubris:BottledRain","wanderingMiniBosses:Blackblade","hubris:Icosahedron","ZunR:ReiMu","downfall:HeartBlessingRed","RedLine:ReiMu","Bottled Tornado","HollowMod:PaleOreRelic","ats:Originium","Oddly Smooth Stone","downfall:HeartBlessingGreen"],"acts_visited":["Exordium","TheCity","TheBeyond"],"potions_floor_usage":[48,50],"damage_taken":[{"damage":2.0,"enemies":"Cultist","floor":2.0,"turns":3.0},{"damage":11.0,"enemies":"Jaw Worm","floor":4.0,"turns":2.0},{"damage":23.0,"enemies":"2 Louse","floor":5.0,"turns":4.0},{"damage":13.0,"enemies":"2 Louse","floor":8.0,"turns":2.0},{"damage":9.0,"enemies":"Exordium Thugs","floor":11.0,"turns":6.0},{"damage":10.0,"enemies":"downfall:FleeingMerchant","floor":12.0,"turns":4.0},{"damage":0.0,"enemies":"3 Louse","floor":14.0,"turns":1.0},{"damage":4.0,"enemies":"2 Fungi Beasts","floor":15.0,"turns":3.0},{"damage":31.0,"enemies":"downfall:Watcher","floor":16.0,"turns":8.0},{"damage":0.0,"enemies":"Chosen","floor":19.0,"turns":2.0},{"damage":10.0,"enemies":"Snake Plant","floor":21.0,"turns":1.0},{"damage":16.0,"enemies":"downfall:FleeingMerchant","floor":22.0,"turns":4.0},{"damage":10.0,"enemies":"Chosen and Byrds","floor":23.0,"turns":3.0},{"damage":23.0,"enemies":"Cultist and Chosen","floor":25.0,"turns":7.0},{"damage":4.0,"enemies":"Shelled Parasite and Fungi","floor":27.0,"turns":2.0},{"damage":3.0,"enemies":"conspire:HollyBat","floor":32.0,"turns":4.0},{"damage":8.0,"enemies":"downfall:Ironclad","floor":33.0,"turns":3.0},{"damage":30,"enemies":"3 Darklings","floor":36,"turns":2},{"damage":10,"enemies":"3 Shapes","floor":37,"turns":2},{"damage":12,"enemies":"3 Darklings","floor":40,"turns":4},{"damage":13,"enemies":"Jaw Worm Horde","floor":44,"turns":3},{"damage":0,"enemies":"Spire Growth","floor":45,"turns":3},{"damage":9,"enemies":"4 Shapes","floor":46,"turns":2},{"damage":43,"enemies":"Maw","floor":47,"turns":3},{"damage":18,"enemies":"Giant Head","floor":48,"turns":5},{"damage":13,"enemies":"downfall:Silent","floor":50,"turns":3}],"seed_played":"-5195026544472896602","potions_obtained":[{"floor":4.0,"key":"LiquidMemories"},{"floor":8.0,"key":"MagicPotion:ReiMu"},{"floor":14.0,"key":"Explosive Potion"},{"floor":23.0,"key":"DuplicationPotion"},{"floor":32.0,"key":"hexamod:EctoCoolerPotion"},{"floor":33.0,"key":"SkillPotion"},{"floor":37,"key":"infinitespire:BlackPotion"},{"floor":46,"key":"CultistPotion"}],"is_trial":false,"path_per_floor":["R","M","?","M","M","R","T","M","R","T","M","$","?","M","M","B",null,"R","M","?","M","$","M","T","M","R","M","?","?","R","?","M","B",null,"R","M","M","?","?","M","T","R","AVR","M","M","M","M","E","R","B",null,null],"character_chosen":"THE_SNECKO","items_purchased":["REME_CardOfGreed","sneckomod:UnknownClassSHADE_COLOR"],"campfire_rested":3,"item_purchase_floors":[12,12],"current_hp_per_floor":[99,99,99,89,16,46,46,33,69,69,61,53,53,54,50,20,105,105,105,105,95,80,71,71,48,60,56,56,56,71,106,104,96,108,108,79,69,69,69,97,97,109,109,97,97,89,47,30,81,68,68],"gold":306,"neow_bonus":"TEN_PERCENT_HP_BONUS","is_daily":false,"chose_seed":false,"campfire_upgraded":5,"win_rate":0.0,"timestamp":1608948188,"path_taken":["R","M","?","M","M","R","T","M","R","?","?","?","?","M","M","BOSS","R","M","?","M","$","M","T","M","R","M","?","?","R","?","M","BOSS","R","M","M","?","?","M","T","R","AVR","M","M","?","M","E","R","BOSS"],"items_purchased_type":["Relic","Card"],"build_version":"2020-12-22","purchased_purges":1,"victory":true,"max_hp_per_floor":[99,99,99,100,100,100,100,100,100,100,101,103,103,104,104,105,105,105,105,105,105,106,107,107,107,107,107,107,107,107,107,108,108,108,108,109,109,109,109,109,109,109,109,110,110,111,112,113,113,113,113],"card_choices":[{"not_picked":["sneckomod:UnknownCommonAttack","sneckomod:ImprovisedAttack"],"picked":"sneckomod:Nope","floor":2.0},{"not_picked":["sneckomod:WideSting","sneckomod:QuickBite"],"picked":"sneckomod:UnknownClassDEFAULT_BLUE_COLOR","floor":4.0},{"not_picked":["sneckomod:IronFang","sneckomod:UnknownClassHEXA_GHOST_PURPLE"],"picked":"sneckomod:UnlimitedRolls","floor":8.0},{"not_picked":["sneckomod:UnknownStrike","sneckomod:UnknownCommonAttack"],"picked":"sneckomod:UnknownExhaust","floor":11.0},{"not_picked":["sneckomod:UnknownCommonSkill","sneckomod:UnknownClassSOMNAMBULANT_GRAY"],"picked":"sneckomod:UnknownVulnerable","floor":12.0},{"not_picked":["sneckomod:IronFang","sneckomod:UnknownWeak"],"picked":"sneckomod:UnknownRarePower","floor":14.0},{"not_picked":["sneckomod:Nope","sneckomod:UnknownClassPOKER_PLAYER_GRAY","sneckomod:UnknownExhaust"],"picked":"SKIP","floor":15.0},{"not_picked":["sneckomod:Restock","sneckomod:SoulExchange"],"picked":"sneckomod:UnknownRareSkill","floor":16.0},{"not_picked":["sneckomod:UnknownStrike","sneckomod:UnknownClassSHADE_COLOR"],"picked":"sneckomod:TrashToTreasure","floor":19.0},{"not_picked":["sneckomod:UnknownClassMKU_RED_COLOR","sneckomod:UnknownStrike"],"picked":"sneckomod:QuickMove+1","floor":21.0},{"not_picked":["sneckomod:UnknownCommonSkill","sneckomod:WideSting"],"picked":"sneckomod:SoulDraw","floor":22.0},{"not_picked":["sneckomod:SoulDraw","sneckomod:UnknownStrike"],"picked":"sneckomod:Unknown1Cost+1","floor":23.0},{"not_picked":[],"picked":"wanderingMiniBosses:FinaleOfPromise","floor":25.0},{"not_picked":["sneckomod:SoulRoll","sneckomod:UnknownClassGREEN","sneckomod:DangerNoodle"],"picked":"SKIP","floor":25.0},{"not_picked":["sneckomod:Unknown1Cost","sneckomod:UnknownBlock"],"picked":"sneckomod:Nope+1","floor":27.0},{"not_picked":["sneckomod:WideSting","sneckomod:SoulDraw"],"picked":"sneckomod:UnknownX","floor":32.0},{"not_picked":["sneckomod:Restock","sneckomod:UnknownRareSkill"],"picked":"sneckomod:SoulExchange","floor":33.0},{"not_picked":["sneckomod:SoulDraw+1","sneckomod:UnknownClassWHITE+1"],"picked":"sneckomod:Unknown1Cost+1","floor":36},{"not_picked":["sneckomod:UnknownClassDEFAULT_GRAY_COLOR+1","sneckomod:UnknownClassPOKER_PLAYER_GRAY+1","sneckomod:RainOfDice+1"],"picked":"SKIP","floor":37},{"not_picked":["sneckomod:QuickBite+1","sneckomod:UnknownClassMARISA_DERIVATIONS","sneckomod:DiceBlock"],"picked":"SKIP","floor":40},{"not_picked":["sneckomod:UnknownClassTHE_CURSED_PURPLE","sneckomod:DiceCrush"],"picked":"sneckomod:UnknownUncommonSkill+1","floor":44},{"not_picked":["sneckomod:UnknownClassSHADE_COLOR","sneckomod:UnknownClassREIMU_COLOR","sneckomod:TrashToTreasure"],"picked":"SKIP","floor":45},{"not_picked":["sneckomod:UnknownWeak","sneckomod:UnknownClassTHE_CURSED_PURPLE"],"picked":"sneckomod:UnknownStrike+1","floor":46},{"not_picked":["sneckomod:TrashToTreasure+1","sneckomod:ImprovisedAttack"],"picked":"sneckomod:UnknownClassGUARDIAN","floor":47},{"not_picked":["sneckomod:UnknownVulnerable","sneckomod:SlitherStrike"],"picked":"sneckomod:UnknownUncommonSkill+1","floor":48}],"player_experience":246758,"relics_obtained":[{"floor":2.0,"key":"LetterFromLob"},{"floor":7.0,"key":"Eternal Feather"},{"floor":10.0,"key":"Kunai"},{"floor":24.0,"key":"hubris:BottledRain"},{"floor":25.0,"key":"wanderingMiniBosses:Blackblade"},{"floor":41,"key":"Bottled Tornado"},{"floor":48,"key":"ats:Originium"},{"floor":48,"key":"Oddly Smooth Stone"}],"event_choices":[{"damage_healed":0.0,"max_hp_gain":0.0,"max_hp_loss":0.0,"gold_gain":0.0,"event_name":"ZunEvent","player_choice":"Keep O-miki","floor":29.0,"gold_loss":40.0,"damage_taken":0.0,"relics_obtained":["ZunR:ReiMu"]},{"damage_healed":35.0,"max_hp_gain":0.0,"max_hp_loss":0.0,"gold_gain":0.0,"event_name":"The Library","player_choice":"Heal","floor":31.0,"gold_loss":0.0,"damage_taken":0.0},{"damage_healed":0,"gold_gain":0,"player_choice":"Ignored","damage_taken":0,"max_hp_gain":0,"max_hp_loss":0,"event_name":"NoteForYourself","floor":39,"gold_loss":0}],"is_beta":false,"boss_relics":[{"not_picked":["conspire:RunicOctahedron","Astrolabe"],"picked":"hubris:GrandSneckoEye"},{"not_picked":["Empty Cage","hubris:VirtuousBlindfold"],"picked":"RedLine:ReiMu"}],"items_purged_floors":[22],"is_endless":false,"potions_floor_spawned":[4,8,14,23,32,33,37,44,46],"ascension_level":0}}