{"host":"19tvufa8xx4wr4o1","time":1608997401,"event":{"mods":["AchievementEnabler","BaseMod","Better Sensory Stone","Better Third Choice","Highlight Path","Minty Spire (QoL Compilation)","Relic Stats","StSLib"],"gold_per_floor":[113,130,49,68,81,81,109,41,41,41,41,72,72,87,87,215,215,233,233,148,148,148,166,166,189,189,114,139,163,203,223,223,343,343,366,389,452,203,203,203,203,241,241,264,264,312,352,19,19,19],"floor_reached":51,"playtime":1889,"items_purged":["Writhe","DeceiveReality","DeceiveReality"],"score":1444,"play_id":"aa253a81-91f0-4b69-af44-f42cdbb01d4b","local_time":"20201226094321","is_ascension_mode":true,"campfire_choices":[{"data":"Eruption","floor":6.0,"key":"SMITH"},{"data":"Wallop","floor":10.0,"key":"SMITH"},{"data":"BattleHymn","floor":15.0,"key":"SMITH"},{"data":"EmptyFist","floor":24.0,"key":"SMITH"},{"data":"Vigilance","floor":32.0,"key":"SMITH"},{"data":"Wish","floor":40.0,"key":"SMITH"},{"data":"Blasphemy","floor":45,"key":"SMITH"},{"data":"Tantrum","floor":49,"key":"SMITH"}],"circlet_count":0,"master_deck":["AscendersBane","Eruption+1","Vigilance+1","WheelKick+1","BattleHymn+1","Conclude+1","LessonLearned+1","Wallop+1","Vault+1","MentalFortress+1","EmptyFist+1","Blasphemy+1","Meditate+1","Wish+1","Tantrum+1","SashWhip","BowlingBash","Weave+1","Swivel","Halt+1","TalkToTheHand+1","ClearTheMind+1","FearNoEvil"],"relics":["Cursed Key","White Beast Statue","Sundial","Golden Idol","Snecko Eye","MealTicket","Ornamental Fan","Tiny Chest","Pandora\u0027s Box","Ice Cream","Bronze Scales","InkBottle","Molten Egg 2","Vajra"],"acts_visited":["Exordium","TheCity","TheBeyond"],"potions_floor_usage":[42,47,50,50],"damage_taken":[{"damage":3.0,"enemies":"Jaw Worm","floor":1.0,"turns":4.0},{"damage":2.0,"enemies":"Small Slimes","floor":2.0,"turns":2.0},{"damage":0.0,"enemies":"Cultist","floor":4.0,"turns":3.0},{"damage":1.0,"enemies":"Looter","floor":5.0,"turns":2.0},{"damage":12.0,"enemies":"3 Sentries","floor":7.0,"turns":5.0},{"damage":0.0,"enemies":"Gremlin Nob","floor":12.0,"turns":2.0},{"damage":1.0,"enemies":"3 Louse","floor":14.0,"turns":2.0},{"damage":0.0,"enemies":"Slime Boss","floor":16.0,"turns":3.0},{"damage":0.0,"enemies":"2 Thieves","floor":18.0,"turns":4.0},{"damage":0.0,"enemies":"3 Byrds","floor":23.0,"turns":4.0},{"damage":0.0,"enemies":"Cultist and Chosen","floor":25.0,"turns":5.0},{"damage":0.0,"enemies":"3 Cultists","floor":28.0,"turns":3.0},{"damage":2.0,"enemies":"Centurion and Healer","floor":29.0,"turns":4.0},{"damage":0.0,"enemies":"Book of Stabbing","floor":30.0,"turns":3.0},{"damage":1.0,"enemies":"Sentry and Sphere","floor":31.0,"turns":3.0},{"damage":25.0,"enemies":"Collector","floor":33.0,"turns":7.0},{"damage":10.0,"enemies":"3 Shapes","floor":35.0,"turns":2.0},{"damage":0.0,"enemies":"Orb Walker","floor":36.0,"turns":2.0},{"damage":0.0,"enemies":"Mind Bloom Boss Battle","floor":37.0,"turns":5.0},{"damage":0,"enemies":"Reptomancer","floor":42,"turns":4},{"damage":0,"enemies":"Writhing Mass","floor":44,"turns":4},{"damage":9,"enemies":"Sphere and 2 Shapes","floor":46,"turns":3},{"damage":0,"enemies":"Giant Head","floor":47,"turns":5},{"damage":8,"enemies":"Time Eater","floor":50,"turns":5}],"seed_played":"-3272649637194724807","potions_obtained":[{"floor":1.0,"key":"Block Potion"},{"floor":5.0,"key":"Swift Potion"},{"floor":14.0,"key":"DuplicationPotion"},{"floor":30.0,"key":"AttackPotion"},{"floor":31.0,"key":"CultistPotion"},{"floor":33.0,"key":"Ambrosia"},{"floor":35.0,"key":"AttackPotion"},{"floor":36.0,"key":"Regen Potion"},{"floor":37.0,"key":"Regen Potion"},{"floor":42,"key":"Strength Potion"},{"floor":47,"key":"SmokeBomb"}],"is_trial":false,"path_per_floor":["M","M","$","M","M","R","E","$","T","R","?","E","?","M","R","B",null,"M","?","?","?","?","M","R","M","T","$","M","M","E","M","R","B",null,"M","M","?","$","?","R","T","E","T","M","R","M","E","$","R","B",null],"character_chosen":"WATCHER","items_purchased":["BattleHymn","Wallop","Bronze Scales","Strength Potion","Vajra"],"campfire_rested":0,"item_purchase_floors":[3,8,38,48,48],"current_hp_per_floor":[62,60,60,60,59,59,47,47,47,47,33,33,33,32,32,32,58,58,58,58,58,58,58,58,58,58,67,67,65,65,64,64,39,60,50,50,50,65,65,65,65,67,67,67,67,58,67,67,67,59],"gold":19,"neow_bonus":"BOSS_RELIC","is_daily":false,"chose_seed":false,"campfire_upgraded":8,"win_rate":0.0,"timestamp":1608997401,"path_taken":["M","M","$","M","M","R","E","$","T","R","?","E","?","M","R","BOSS","M","?","?","?","?","M","R","M","T","$","M","M","E","M","R","BOSS","M","?","?","$","?","R","?","E","T","M","R","M","E","$","R","BOSS"],"items_purchased_type":["Card","Card","Relic","Potion","Relic"],"build_version":"2020-12-22","purchased_purges":3,"victory":true,"max_hp_per_floor":[72,72,72,72,72,72,72,72,72,72,72,72,67,67,67,67,67,67,67,67,67,67,67,67,67,67,67,67,67,67,67,67,67,67,67,67,67,67,67,67,67,67,67,67,67,67,67,67,67,67],"relic_stats":{"counters":[24,86],"Sundial":[12],"Golden Idol":161,"Ornamental Fan":[152],"Bronze Scales":[48],"Snecko Eye":[109,137,120,99],"MealTicket":24,"Tiny Chest":1,"Pandora\u0027s Box":["Tantrum","SashWhip","DeceiveReality","BowlingBash","DeceiveReality","Weave","Swivel","Halt"],"Cursed Key":1,"obtain_stats":[{"Ice Cream":37,"Golden Idol":13,"Vajra":48,"Cursed Key":0,"White Beast Statue":7,"Sundial":12,"Ornamental Fan":26,"Bronze Scales":38,"Snecko Eye":17,"MealTicket":20,"Tiny Chest":30,"Pandora\u0027s Box":34,"Molten Egg 2":47,"PureWater":0,"InkBottle":42},{"Ice Cream":19,"Golden Idol":6,"Vajra":23,"Cursed Key":0,"White Beast Statue":5,"Sundial":6,"Ornamental Fan":11,"Bronze Scales":19,"Snecko Eye":8,"MealTicket":9,"Tiny Chest":14,"Pandora\u0027s Box":16,"Molten Egg 2":23,"PureWater":0,"InkBottle":20},{"Ice Cream":65,"Golden Idol":18,"Vajra":81,"Cursed Key":0,"White Beast Statue":16,"Sundial":18,"Ornamental Fan":36,"Bronze Scales":65,"Snecko Eye":23,"MealTicket":27,"Tiny Chest":46,"Pandora\u0027s Box":56,"Molten Egg 2":81,"PureWater":0,"InkBottle":69}],"InkBottle":[7]},"card_choices":[{"not_picked":["BattleHymn","ClearTheMind"],"picked":"WheelKick","floor":1.0},{"not_picked":["FollowUp","Consecrate","JustLucky"],"picked":"SKIP","floor":2.0},{"not_picked":["PathToVictory","ReachHeaven"],"picked":"Conclude","floor":4.0},{"not_picked":["BowlingBash","CutThroughFate","ThirdEye"],"picked":"SKIP","floor":5.0},{"not_picked":["Evaluate","EmptyMind"],"picked":"LessonLearned","floor":7.0},{"not_picked":["ThirdEye","Crescendo","SandsOfTime"],"picked":"SKIP","floor":12.0},{"not_picked":["Crescendo","CrushJoints","Worship"],"picked":"SKIP","floor":14.0},{"not_picked":["MasterReality","Brilliance"],"picked":"Vault","floor":16.0},{"not_picked":["ReachHeaven+1","Evaluate+1"],"picked":"MentalFortress+1","floor":18.0},{"not_picked":["Vengeance","ThirdEye"],"picked":"EmptyFist","floor":23.0},{"not_picked":["WaveOfTheHand","Weave","Consecrate"],"picked":"SKIP","floor":25.0},{"not_picked":["Evaluate","SignatureMove"],"picked":"Blasphemy","floor":28.0},{"not_picked":["ClearTheMind","Collect","JustLucky"],"picked":"SKIP","floor":29.0},{"not_picked":["Wireheading","WreathOfFlame"],"picked":"Meditate","floor":30.0},{"not_picked":["DeceiveReality","PathToVictory","FlyingSleeves"],"picked":"SKIP","floor":31.0},{"not_picked":["Establishment","Blasphemy"],"picked":"Wish","floor":33.0},{"not_picked":["Study+1","FlyingSleeves","FlurryOfBlows"],"picked":"SKIP","floor":35.0},{"not_picked":["Evaluate+1","BowlingBash"],"picked":"TalkToTheHand+1","floor":36.0},{"not_picked":["Prostrate+1","EmptyBody"],"picked":"ClearTheMind+1","floor":37.0},{"not_picked":["Consecrate","BattleHymn+1","Tantrum"],"picked":"SKIP","floor":42},{"not_picked":["ClearTheMind+1","Weave+1"],"picked":"FearNoEvil","floor":44},{"not_picked":["LessonLearned","BattleHymn+1","Worship+1"],"picked":"SKIP","floor":46},{"not_picked":["Crescendo","CutThroughFate+1","FollowUp+1"],"picked":"SKIP","floor":47}],"player_experience":531195,"relics_obtained":[{"floor":7.0,"key":"White Beast Statue"},{"floor":12.0,"key":"Sundial"},{"floor":26.0,"key":"Ornamental Fan"},{"floor":30.0,"key":"Tiny Chest"},{"floor":37.0,"key":"Ice Cream"},{"floor":42,"key":"InkBottle"},{"floor":47,"key":"Molten Egg 2"}],"event_choices":[{"damage_healed":47.0,"max_hp_gain":0.0,"max_hp_loss":72.0,"gold_gain":0.0,"event_name":"betterThird:BetterShining","player_choice":"Upgrade","floor":11.0,"gold_loss":0.0,"damage_taken":14.0,"cards_upgraded":["Conclude","WheelKick"]},{"damage_healed":0.0,"max_hp_gain":0.0,"max_hp_loss":5.0,"gold_gain":0.0,"event_name":"Golden Idol","player_choice":"Lose Max HP","floor":13.0,"gold_loss":0.0,"damage_taken":0.0,"relics_obtained":["Golden Idol"]},{"damage_healed":0.0,"max_hp_gain":0.0,"max_hp_loss":0.0,"gold_gain":0.0,"event_name":"Ghosts","player_choice":"Ignored","floor":19.0,"gold_loss":0.0,"damage_taken":0.0},{"damage_healed":0.0,"max_hp_gain":0.0,"max_hp_loss":0.0,"gold_gain":0.0,"event_name":"Addict","player_choice":"Obtained Relic","floor":20.0,"gold_loss":85.0,"damage_taken":0.0,"relics_obtained":["MealTicket"]},{"damage_healed":0.0,"max_hp_gain":0.0,"max_hp_loss":0.0,"gold_gain":0.0,"event_name":"Beggar","player_choice":"Ignored","floor":21.0,"gold_loss":0.0,"damage_taken":0.0},{"damage_healed":0.0,"max_hp_gain":0.0,"max_hp_loss":0.0,"gold_gain":0.0,"event_name":"Lab","player_choice":"Got Potions","floor":22.0,"gold_loss":0.0,"damage_taken":0.0},{"damage_healed":0.0,"max_hp_gain":0.0,"max_hp_loss":0.0,"gold_gain":0.0,"event_name":"MindBloom","player_choice":"Fight","floor":37.0,"gold_loss":0.0,"damage_taken":0.0},{"damage_healed":0.0,"max_hp_gain":0.0,"max_hp_loss":0.0,"gold_gain":0.0,"event_name":"Mysterious Sphere","player_choice":"Ignored","floor":39.0,"gold_loss":0.0,"damage_taken":0.0}],"is_beta":false,"boss_relics":[{"not_picked":["Astrolabe","Busted Crown"],"picked":"Snecko Eye"},{"not_picked":["Sozu","SlaversCollar"],"picked":"Pandora\u0027s Box"}],"items_purged_floors":[27,38,48],"is_endless":false,"potions_floor_spawned":[1,5,7,12,14,16,18,23,25,28,29,30,31,33,35,36,37,42,44,46,47],"ascension_level":11}}