{"host":"e1pm3b7xpcm97e5w","time":1608942804,"event":{"mods":["BaseMod","Better Skull","Googly Eyes","Minty Spire (QoL Compilation)","Relic Stats","Shop Mod","Spicy Shops","StSLib"],"gold_per_floor":[117,128,9,9,9,41,41,51,51,51,70,99,135,202,202,312,312,324,34,34,63,63,63,93,93,93,93,123,133,147,181,181,288,288,307,307,327,327,337,337,369,369,395,395,422,442,442,476,476,476],"floor_reached":51,"playtime":2024,"items_purged":["Strike_P"],"score":1464,"play_id":"605151ab-1573-4af9-bcf9-f7d77c343cb1","local_time":"20201225193324","is_ascension_mode":true,"campfire_choices":[{"data":"PathToVictory","floor":10,"key":"SMITH"},{"data":"SpiritShield","floor":15,"key":"SMITH"},{"floor":23,"key":"REST"},{"floor":25,"key":"RECALL"},{"floor":27,"key":"REST"},{"floor":32,"key":"REST"},{"floor":40,"key":"REST"},{"floor":42,"key":"REST"},{"floor":44,"key":"REST"},{"floor":49,"key":"REST"}],"circlet_count":0,"master_deck":["AscendersBane","Strike_P+1","Defend_P+1","Defend_P","Defend_P+1","Defend_P","Eruption","Vigilance+1","FlurryOfBlows+1","CutThroughFate+1","PathToVictory+1","PathToVictory+1","SpiritShield+1","Protect","LessonLearned+1","PathToVictory+1","DeusExMachina","PathToVictory+1","DeusExMachina","Wallop+1","SpiritShield+1","PathToVictory+1","PathToVictory"],"relics":["PureWater","NeowsBlessing","Letter Opener","The Courier","CeramicFish","Bronze Scales","Ornamental Fan","Fusion Hammer","Orrery","OrangePellets","Darkstone Periapt","Pen Nib","Blood Vial","Art of War","Runic Pyramid","Nunchaku","Boot","Akabeko","Mummified Hand"],"acts_visited":["Exordium","TheCity","TheBeyond"],"potions_floor_usage":[13,21,33,35,37,37,39,50,50,50,50,50,50],"damage_taken":[{"damage":0,"enemies":"Small Slimes","floor":1,"turns":1},{"damage":0,"enemies":"Jaw Worm","floor":2,"turns":1},{"damage":0,"enemies":"Lagavulin","floor":6,"turns":1},{"damage":0,"enemies":"Cultist","floor":8,"turns":2},{"damage":0,"enemies":"Exordium Wildlife","floor":11,"turns":2},{"damage":0,"enemies":"Looter","floor":12,"turns":2},{"damage":0,"enemies":"Gremlin Nob","floor":13,"turns":2},{"damage":4,"enemies":"Gremlin Nob","floor":14,"turns":3},{"damage":28,"enemies":"Slime Boss","floor":16,"turns":6},{"damage":0,"enemies":"Chosen","floor":18,"turns":6},{"damage":0,"enemies":"3 Byrds","floor":21,"turns":3},{"damage":0,"enemies":"Gremlin Leader","floor":24,"turns":6},{"damage":10,"enemies":"Slavers","floor":28,"turns":4},{"damage":0,"enemies":"Snecko","floor":29,"turns":3},{"damage":0,"enemies":"Centurion and Healer","floor":30,"turns":5},{"damage":6,"enemies":"Book of Stabbing","floor":31,"turns":4},{"damage":0,"enemies":"Champ","floor":33,"turns":7},{"damage":0,"enemies":"3 Shapes","floor":35,"turns":4},{"damage":8,"enemies":"3 Darklings","floor":37,"turns":3},{"damage":15,"enemies":"Sphere and 2 Shapes","floor":39,"turns":4},{"damage":0,"enemies":"Nemesis","floor":41,"turns":3},{"damage":7,"enemies":"Giant Head","floor":45,"turns":7},{"damage":0,"enemies":"Spire Growth","floor":46,"turns":4},{"damage":1,"enemies":"Nemesis","floor":48,"turns":5},{"damage":46,"enemies":"Time Eater","floor":50,"turns":10}],"seed_played":"-1612771894228440783","potions_obtained":[{"floor":1,"key":"Fire Potion"},{"floor":8,"key":"DuplicationPotion"},{"floor":11,"key":"LiquidMemories"},{"floor":13,"key":"PowerPotion"},{"floor":29,"key":"ColorlessPotion"},{"floor":30,"key":"EntropicBrew"},{"floor":33,"key":"Swift Potion"},{"floor":39,"key":"GamblersBrew"},{"floor":45,"key":"BottledMiracle"}],"is_trial":false,"path_per_floor":["M","M","$","?","$","E","?","M","T","R","M","M","E","?","R","B",null,"M","$","?","M","?","R","E","R","T","R","E","M","M","E","R","B",null,"M","?","M","?","M","R","E","R","T","R","E","M","?","E","R","B",null],"character_chosen":"WATCHER","items_purchased":["Letter Opener","PathToVictory","Orrery","OrangePellets"],"campfire_rested":7,"item_purchase_floors":[3,19,19,19],"current_hp_per_floor":[65,65,65,58,58,58,58,58,58,58,58,58,58,54,54,26,61,61,61,61,61,61,72,72,72,72,72,62,64,66,62,72,72,72,72,72,64,64,51,72,72,72,72,72,65,67,67,68,72,26],"gold":476,"neow_bonus":"THREE_ENEMY_KILL","is_daily":false,"chose_seed":false,"campfire_upgraded":2,"win_rate":0.0,"timestamp":1608942804,"path_taken":["M","M","$","?","$","E","?","M","T","R","?","M","E","?","R","BOSS","M","$","?","M","?","R","E","R","T","R","E","M","M","E","R","BOSS","M","?","M","?","M","R","E","R","T","R","E","M","?","E","R","BOSS"],"items_purchased_type":["Relic","Card","Relic","Relic"],"build_version":"2020-12-22","purchased_purges":1,"victory":true,"max_hp_per_floor":[72,72,72,72,72,72,72,72,72,72,72,72,72,72,72,72,72,72,72,72,72,72,72,72,72,72,72,72,72,72,72,72,72,72,72,72,72,72,72,72,72,72,72,72,72,72,72,72,72,72],"relic_stats":{"Darkstone Periapt":0,"counters":[25,98],"CeramicFish":108,"Pen Nib":[7],"Letter Opener":[217],"Boot":[9],"Blood Vial":12,"OrangePellets":[0],"Nunchaku":[2],"Ornamental Fan":[48],"Mummified Hand":[0],"Bronze Scales":[198],"Art of War":[11],"obtain_stats":[{"Darkstone Periapt":24,"NeowsBlessing":0,"CeramicFish":9,"The Courier":6,"Pen Nib":26,"Letter Opener":3,"Boot":43,"Akabeko":45,"Blood Vial":28,"OrangePellets":19,"Nunchaku":41,"Ornamental Fan":14,"Mummified Hand":48,"Bronze Scales":13,"Orrery":19,"Fusion Hammer":17,"Art of War":31,"PureWater":0,"Runic Pyramid":34},{"Darkstone Periapt":12,"NeowsBlessing":0,"CeramicFish":4,"The Courier":3,"Pen Nib":12,"Letter Opener":2,"Boot":21,"Akabeko":22,"Blood Vial":13,"OrangePellets":10,"Nunchaku":21,"Ornamental Fan":8,"Mummified Hand":24,"Bronze Scales":7,"Orrery":10,"Fusion Hammer":9,"Art of War":16,"PureWater":0,"Runic Pyramid":17},{"Darkstone Periapt":35,"NeowsBlessing":0,"CeramicFish":5,"The Courier":3,"Pen Nib":35,"Letter Opener":2,"Boot":72,"Akabeko":79,"Blood Vial":39,"OrangePellets":26,"Nunchaku":72,"Ornamental Fan":14,"Mummified Hand":88,"Bronze Scales":11,"Orrery":26,"Fusion Hammer":20,"Art of War":51,"PureWater":0,"Runic Pyramid":58}]},"card_choices":[{"not_picked":["Wireheading","Worship"],"picked":"FlurryOfBlows","floor":1},{"not_picked":["DeceiveReality","Meditate"],"picked":"CutThroughFate","floor":2},{"not_picked":["Nirvana","FlurryOfBlows"],"picked":"PathToVictory","floor":6},{"not_picked":["Sanctity","CutThroughFate"],"picked":"TalkToTheHand","floor":8},{"not_picked":["ThirdEye","FlurryOfBlows","Nirvana"],"picked":"SKIP","floor":11},{"not_picked":["SashWhip","CutThroughFate"],"picked":"PathToVictory","floor":12},{"not_picked":["Wireheading","ThirdEye"],"picked":"SpiritShield","floor":13},{"not_picked":["MentalFortress","EmptyBody"],"picked":"Protect","floor":14},{"not_picked":["Judgement","SpiritShield"],"picked":"LessonLearned","floor":16},{"not_picked":["SignatureMove","Halt","EmptyFist"],"picked":"SKIP","floor":18},{"not_picked":["BowlingBash","EmptyMind+1"],"picked":"DeusExMachina","floor":19},{"not_picked":["FlyingSleeves+1","CarveReality+1"],"picked":"PathToVictory+1","floor":19},{"not_picked":["Weave","SignatureMove+1"],"picked":"DeusExMachina","floor":19},{"not_picked":["Wallop+1","Meditate+1","WheelKick"],"picked":"SKIP","floor":21},{"not_picked":["Wallop+1","Meditate+1","WheelKick"],"picked":"SKIP","floor":21},{"not_picked":["Meditate+1","WheelKick"],"picked":"Wallop+1","floor":21},{"not_picked":["SignatureMove","FlyingSleeves","SashWhip"],"picked":"SKIP","floor":24},{"not_picked":["Consecrate","SashWhip","CrushJoints+1"],"picked":"SKIP","floor":28},{"not_picked":["ThirdEye","SignatureMove+1","Swivel"],"picked":"SKIP","floor":29},{"not_picked":["WheelKick","Evaluate","ThirdEye"],"picked":"SKIP","floor":30},{"not_picked":["BowlingBash","Evaluate","CarveReality"],"picked":"SKIP","floor":31},{"not_picked":["Scrawl","Ragnarok"],"picked":"SpiritShield","floor":33},{"not_picked":["TalkToTheHand+1","LikeWater"],"picked":"PathToVictory+1","floor":35},{"not_picked":["Fasting2+1","Tantrum+1","Evaluate+1"],"picked":"SKIP","floor":37},{"not_picked":["Halt","EmptyMind","BowlingBash+1"],"picked":"SKIP","floor":39},{"not_picked":["FlurryOfBlows","EmptyFist","Wish"],"picked":"SKIP","floor":41},{"not_picked":["BowlingBash+1","Evaluate","FollowUp+1"],"picked":"SKIP","floor":45},{"not_picked":["SignatureMove","InnerPeace","Fasting2+1"],"picked":"SKIP","floor":46},{"not_picked":["Protect","WreathOfFlame+1"],"picked":"PathToVictory","floor":48}],"player_experience":436989,"relics_obtained":[{"floor":6,"key":"The Courier"},{"floor":9,"key":"CeramicFish"},{"floor":13,"key":"Bronze Scales"},{"floor":14,"key":"Ornamental Fan"},{"floor":24,"key":"Darkstone Periapt"},{"floor":26,"key":"Pen Nib"},{"floor":28,"key":"Blood Vial"},{"floor":31,"key":"Art of War"},{"floor":41,"key":"Nunchaku"},{"floor":43,"key":"Boot"},{"floor":45,"key":"Akabeko"},{"floor":48,"key":"Mummified Hand"}],"event_choices":[{"cards_removed":["Strike_P"],"damage_healed":0,"gold_gain":0,"player_choice":"Card Removal","damage_taken":7,"max_hp_gain":0,"max_hp_loss":0,"event_name":"Golden Wing","floor":4,"gold_loss":0},{"cards_removed":["Strike_P"],"damage_healed":0,"gold_gain":0,"player_choice":"Purged","damage_taken":0,"max_hp_gain":0,"max_hp_loss":0,"event_name":"Purifier","floor":7,"gold_loss":0},{"damage_healed":0,"gold_gain":0,"player_choice":"Searched \u00271\u0027 times","damage_taken":0,"max_hp_gain":0,"max_hp_loss":0,"event_name":"Dead Adventurer","floor":14,"gold_loss":0},{"damage_healed":0,"gold_gain":0,"player_choice":"Ignored","damage_taken":0,"max_hp_gain":0,"max_hp_loss":0,"event_name":"The Mausoleum","floor":20,"gold_loss":0},{"damage_healed":0,"gold_gain":0,"player_choice":"Upgraded","damage_taken":0,"max_hp_gain":0,"max_hp_loss":0,"event_name":"Upgrade Shrine","floor":22,"gold_loss":0,"cards_upgraded":["LessonLearned"]},{"damage_healed":0,"gold_gain":0,"player_choice":"Ignored","damage_taken":0,"max_hp_gain":0,"max_hp_loss":0,"event_name":"Tomb of Lord Red Mask","floor":36,"gold_loss":0},{"cards_removed":["TalkToTheHand"],"damage_healed":0,"gold_gain":0,"player_choice":"Removed Attack","damage_taken":0,"max_hp_gain":0,"max_hp_loss":0,"event_name":"Falling","floor":38,"gold_loss":0},{"damage_healed":0,"gold_gain":0,"player_choice":"Forge","damage_taken":0,"max_hp_gain":0,"max_hp_loss":0,"event_name":"Accursed Blacksmith","floor":47,"gold_loss":0,"cards_upgraded":["SpiritShield"]}],"is_beta":false,"boss_relics":[{"not_picked":["Busted Crown","Philosopher\u0027s Stone"],"picked":"Fusion Hammer"},{"not_picked":["Runic Dome","Tiny House"],"picked":"Runic Pyramid"}],"items_purged_floors":[19],"is_endless":false,"potions_floor_spawned":[1,8,11,13,16,29,30,31,33,39,45,46,48],"ascension_level":10}}