{"host":"5bdt6s51dmpd4l3v","time":1608981497,"event":{"mods":["AchievementEnabler","BaseMod","Colored Map","Colored Powertips","Highlight Path","Minty Spire (QoL Compilation)","Quick Restart","Rare Cards Sparkle","StSLib"],"gold_per_floor":[115,134,284,150,168,168,85,113,113,131,142,142,172,192,192,271,271,287,33,45,60,60,60],"floor_reached":22,"playtime":586,"items_purged":["Doubt"],"score":348,"play_id":"ef81758b-d572-4985-b200-020acf991904","local_time":"20201226191817","is_ascension_mode":true,"campfire_choices":[{"data":"Flex","floor":6,"key":"SMITH"},{"data":"Shockwave","floor":12,"key":"SMITH"},{"data":"Inflame","floor":15,"key":"SMITH"}],"circlet_count":0,"master_deck":["AscendersBane","Strike_R","Strike_R","Strike_R","Strike_R","Strike_R","Defend_R","Defend_R","Defend_R","Defend_R","Bash","Shockwave+1","Pommel Strike","Flex+1","Sword Boomerang","Inflame+1","Heavy Blade","Twin Strike","Reaper","Flex+1","Rage","Limit Break"],"relics":["Burning Blood","NeowsBlessing","Bird Faced Urn","White Beast Statue","Odd Mushroom","Philosopher\u0027s Stone","Dream Catcher"],"acts_visited":["Exordium","TheCity"],"potions_floor_usage":[8,8,13,14,16,16,20,21,21,22],"damage_taken":[{"damage":0,"enemies":"Jaw Worm","floor":1,"turns":1},{"damage":0,"enemies":"Small Slimes","floor":2,"turns":2},{"damage":0,"enemies":"Cultist","floor":5,"turns":1},{"damage":13,"enemies":"Gremlin Nob","floor":8,"turns":4},{"damage":8,"enemies":"3 Louse","floor":10,"turns":4},{"damage":17,"enemies":"Large Slime","floor":11,"turns":5},{"damage":22,"enemies":"The Mushroom Lair","floor":13,"turns":3},{"damage":16,"enemies":"Exordium Thugs","floor":14,"turns":3},{"damage":32,"enemies":"Hexaghost","floor":16,"turns":5},{"damage":17,"enemies":"Shell Parasite","floor":18,"turns":3},{"damage":46,"enemies":"2 Thieves","floor":20,"turns":4},{"damage":22,"enemies":"Centurion and Healer","floor":21,"turns":4},{"damage":25,"enemies":"Sentry and Sphere","floor":22,"turns":3}],"seed_played":"209333077229671550","potions_obtained":[{"floor":1,"key":"Strength Potion"},{"floor":5,"key":"EssenceOfSteel"},{"floor":10,"key":"DuplicationPotion"},{"floor":11,"key":"Fire Potion"},{"floor":13,"key":"DuplicationPotion"},{"floor":14,"key":"ColorlessPotion"},{"floor":16,"key":"SpeedPotion"},{"floor":18,"key":"BlessingOfTheForge"},{"floor":20,"key":"Block Potion"},{"floor":21,"key":"DistilledChaos"}],"is_trial":false,"path_per_floor":["M","M","?","$","M","R","$","E","T","M","M","R","?","M","R","B",null,"M","$","M","M","M"],"character_chosen":"IRONCLAD","items_purchased":["Flex","Inflame","Rage","Dream Catcher"],"campfire_rested":0,"item_purchase_floors":[4,7,19,19],"current_hp_per_floor":[74,75,75,75,75,75,75,68,68,68,59,59,45,37,37,15,60,51,51,23,9,0,0],"gold":60,"neow_bonus":"THREE_ENEMY_KILL","is_daily":false,"chose_seed":false,"campfire_upgraded":3,"win_rate":0.0,"timestamp":1608981497,"path_taken":["M","M","?","$","M","R","$","E","T","M","M","R","?","M","R","BOSS","M","$","M","M","M"],"items_purchased_type":["Card","Card","Card","Relic"],"build_version":"2020-12-22","purchased_purges":1,"victory":false,"max_hp_per_floor":[75,75,75,75,75,75,75,75,75,75,75,75,75,75,75,75,75,75,75,75,75,75,75],"card_choices":[{"not_picked":["Power Through","Reckless Charge"],"picked":"Shockwave","floor":1},{"not_picked":["Clothesline","True Grit"],"picked":"Pommel Strike","floor":2},{"not_picked":["Combust","Thunderclap"],"picked":"Sword Boomerang","floor":5},{"not_picked":["Sever Soul","Shrug It Off"],"picked":"Heavy Blade","floor":8},{"not_picked":["Uppercut","Flex","Fire Breathing"],"picked":"SKIP","floor":10},{"not_picked":["Heavy Blade","Headbutt"],"picked":"Twin Strike","floor":11},{"not_picked":["Blood for Blood","Sever Soul","Fire Breathing"],"picked":"SKIP","floor":14},{"not_picked":["Berserk","Juggernaut"],"picked":"Reaper","floor":16},{"not_picked":["Shrug It Off","Armaments+1"],"picked":"Flex+1","floor":18},{"not_picked":["Armaments","Warcry"],"picked":"Limit Break","floor":20},{"not_picked":["Thunderclap","Warcry","Havoc"],"picked":"SKIP","floor":21}],"player_experience":245720,"relics_obtained":[{"floor":8,"key":"Bird Faced Urn"},{"floor":9,"key":"White Beast Statue"},{"floor":13,"key":"Odd Mushroom"}],"event_choices":[{"damage_healed":0,"gold_gain":150,"player_choice":"AGREE","damage_taken":0,"max_hp_gain":0,"max_hp_loss":0,"event_name":"Liars Game","floor":3,"gold_loss":0,"cards_obtained":["Doubt"]},{"damage_healed":0,"gold_gain":0,"player_choice":"Fought Mushrooms","damage_taken":0,"max_hp_gain":0,"max_hp_loss":0,"event_name":"Mushrooms","floor":13,"gold_loss":0}],"is_beta":false,"boss_relics":[{"not_picked":["Black Star","Fusion Hammer"],"picked":"Philosopher\u0027s Stone"}],"items_purged_floors":[4],"is_endless":false,"potions_floor_spawned":[1,5,10,11,13,14,16,18,20,21],"killed_by":"Sentry and Sphere","ascension_level":17}}