{"host":"reretk0dz0kj8f1n","time":1608973607,"event":{"mods":["Arknights The Spire","BaseMod","Colored Map","Minty Spire (QoL Compilation)","StSLib"],"gold_per_floor":[111,286,301,301,301,301,344,230,284,284,284],"floor_reached":10,"playtime":293,"items_purged":["ats:Strike V"],"score":67,"play_id":"a581696a-57c4-449f-b8ed-700ea2cf57a9","local_time":"20201226180647","is_ascension_mode":true,"campfire_choices":[{"data":"ats:Ambush","floor":6,"key":"SMITH"}],"circlet_count":0,"master_deck":["ats:Strike C","ats:Strike G","ats:Strike S","ats:Armor Crushing Shot","ats:Defend","ats:Defend","ats:Defend","ats:Defend","ats:Emotion Absorption","ats:Ambush+1","ats:Hammer On","ats:Apocalypse","ats:Closed Bolt Burst Fire"],"relics":["ats:Sanity","Golden Idol","ats:Originium","Mercury Hourglass","Bronze Scales"],"acts_visited":["Exordium"],"potions_floor_usage":[7],"damage_taken":[{"damage":11,"enemies":"Jaw Worm","floor":1,"turns":4},{"damage":7,"enemies":"2 Louse","floor":3,"turns":3},{"damage":26,"enemies":"3 Sentries","floor":7,"turns":12},{"damage":18,"enemies":"Lagavulin","floor":10,"turns":3}],"seed_played":"-5656260853004934986","potions_obtained":[{"floor":3,"key":"SkillPotion"}],"is_trial":false,"path_per_floor":["M","?","M","?","?","R","E","$","T","E"],"character_chosen":"DOCTOR_CLASS","items_purchased":["ats:Closed Bolt Burst Fire"],"campfire_rested":0,"item_purchase_floors":[8],"current_hp_per_floor":[61,61,54,36,29,29,6,6,6,0,0],"gold":284,"neow_bonus":"ONE_RANDOM_RARE_CARD","is_daily":false,"chose_seed":false,"campfire_upgraded":1,"win_rate":0.0,"timestamp":1608973607,"path_taken":["M","?","M","?","?","R","E","$","T","E"],"items_purchased_type":["Card"],"build_version":"2020-12-22","purchased_purges":1,"victory":false,"max_hp_per_floor":[72,72,72,72,72,72,72,72,72,72,72],"card_choices":[{"not_picked":["ats:Cat Scratch","ats:Collapsing Strike","ats:Counter Healing Mode"],"picked":"SKIP","floor":1},{"not_picked":["ats:Support Order","ats:Part Time Job"],"picked":"ats:Hammer On","floor":3},{"not_picked":["ats:Volcano","ats:Shell Defense"],"picked":"ats:Apocalypse","floor":7}],"player_experience":247579,"relics_obtained":[{"floor":7,"key":"ats:Originium"},{"floor":7,"key":"Mercury Hourglass"},{"floor":9,"key":"Bronze Scales"}],"event_choices":[{"damage_healed":0,"gold_gain":175,"player_choice":"AGREE","damage_taken":0,"max_hp_gain":0,"max_hp_loss":0,"event_name":"Liars Game","floor":2,"gold_loss":0,"cards_obtained":["Doubt"]},{"damage_healed":0,"gold_gain":0,"player_choice":"Take Damage","damage_taken":18,"relics_obtained":["Golden Idol"],"max_hp_gain":0,"max_hp_loss":0,"event_name":"Golden Idol","floor":4,"gold_loss":0},{"cards_removed":["Doubt"],"damage_healed":0,"gold_gain":0,"player_choice":"Card Removal","damage_taken":7,"max_hp_gain":0,"max_hp_loss":0,"event_name":"Golden Wing","floor":5,"gold_loss":0}],"is_beta":false,"boss_relics":[],"items_purged_floors":[8],"is_endless":false,"potions_floor_spawned":[3],"killed_by":"Lagavulin","ascension_level":1}}