{"host":"rcanb95qz4o6v6pp","time":1608947811,"event":{"mods":["AchievementEnabler","BaseMod","Better Third Choice","Colored Map","Downfall","Minty Spire (QoL Compilation)","Replay The Spire","Spicy Shops","StSLib","The Blue Laboratory"],"gold_per_floor":[99,117,131,131,306,336,336,336,5,16,16,47,47,32,50,149,149,149,165,165,184,11,23,50,82,82,78,108,127,154,254,274,375,375,225,236,586,661,674,707,734,762,781,115,115,149,74,74,93,93,93,120,20,20,20],"floor_reached":56,"playtime":2709,"items_purged":["Doubt","ReplayTheSpireMod:Restless Dread","Master of Strategy"],"score":1601,"play_id":"5d01fc80-00fa-4ba9-bd9c-94a379e4e5cd","local_time":"20201225205651","daily_mods":["SealedDeck","Specialized","Allstar","Diverse","Heirloom"],"is_ascension_mode":false,"campfire_choices":[{"data":"Blade Dance","floor":1,"key":"SMITH"},{"data":"Blade Dance","floor":8,"key":"SMITH"},{"data":"Slimebound:SamplingLick","floor":11,"key":"SMITH"},{"data":"sneckomod:IronFang","floor":13,"key":"SMITH"},{"floor":18,"key":"DIG"},{"floor":35,"key":"RECALL"},{"data":"Replay:SS_forest_2","floor":47,"key":"SMITH"},{"data":"ReplayTheSpireMod:Faulty Equipment","floor":54,"key":"SMITH"}],"circlet_count":0,"master_deck":["Blade Dance+1","Blade Dance+1","Blade Dance+1","Blade Dance+1","Blade Dance+1","Guardian:Gem_Red","Blade Dance+1","Hidden Blade","sneckomod:IronFang+1","Hyperbeam","Deep Breath","Replay:SS_forest_2+1","Parasite","Delirium"],"relics":["Burning Blood","Ring of Chaos","Guardian:GemstoneGun","downfall:ShatteredFragment","Toy Ornithopter","Eternal Feather","Ginger","Orichalcum","InkBottle","Runic Pyramid","WingedGreaves","Guardian:PocketSentry","Pen Nib","ReplayTheSpireMod:ShopPack","ReplayTheSpireMod:CursedCoin","Brimstone","Singing Bowl","Replay:Bottled Eggs","Empty Cage","downfall:HeartBlessingBlue","downfall:HeartBlessingGreen","ReplayTheSpireMod:Ring of Exchange","Ring of Greed","Old Coin","The Courier","Question Card","Red Skull","Boot","Shuriken","Guardian:BottledAnomaly","Nunchaku","Divine Protection","Snack Pack","downfall:HeartBlessingRed","ReplayTheSpireMod:Ninjato"],"acts_visited":["Exordium","TheCity","TheBeyond","TheEnding"],"potions_floor_usage":[6,10,10,10,50,52,55],"damage_taken":[{"damage":0,"enemies":"Small Slimes","floor":2,"turns":1},{"damage":0,"enemies":"2 Louse","floor":3,"turns":1},{"damage":0,"enemies":"Gremlin Nob","floor":6,"turns":2},{"damage":10,"enemies":"downfall:FleeingMerchant","floor":9,"turns":4},{"damage":0,"enemies":"Jaw Worm","floor":10,"turns":1},{"damage":0,"enemies":"Lagavulin","floor":12,"turns":2},{"damage":8,"enemies":"downfall:FleeingMerchant","floor":14,"turns":4},{"damage":0,"enemies":"3 Louse","floor":15,"turns":1},{"damage":19,"enemies":"downfall:Ironclad","floor":16,"turns":4},{"damage":0,"enemies":"Spheric Guardian","floor":19,"turns":2},{"damage":0,"enemies":"Shell Parasite","floor":21,"turns":2},{"damage":0,"enemies":"downfall:FleeingMerchant","floor":22,"turns":1},{"damage":0,"enemies":"3 Cultists","floor":23,"turns":2},{"damage":8,"enemies":"Gremlin Leader","floor":25,"turns":4},{"damage":2,"enemies":"Replay:Snechameleon","floor":28,"turns":2},{"damage":0,"enemies":"Centurion and Healer","floor":29,"turns":2},{"damage":2,"enemies":"Slavers","floor":30,"turns":2},{"damage":0,"enemies":"Cultist and Chosen","floor":32,"turns":2},{"damage":17,"enemies":"downfall:Watcher","floor":33,"turns":4},{"damage":0,"enemies":"Orb Walker","floor":36,"turns":1},{"damage":13,"enemies":"3 Shapes","floor":39,"turns":1},{"damage":25,"enemies":"R_Hoarder","floor":40,"turns":6},{"damage":4,"enemies":"Reptomancer","floor":42,"turns":3},{"damage":6,"enemies":"3 Darklings","floor":43,"turns":2},{"damage":0,"enemies":"Nemesis","floor":46,"turns":1},{"damage":0,"enemies":"Spire Growth","floor":49,"turns":1},{"damage":0,"enemies":"downfall:Defect","floor":50,"turns":2},{"damage":1,"enemies":"downfall:CharBossMerchant","floor":52,"turns":2},{"damage":0,"enemies":"downfall:NeowBoss","floor":55,"turns":8}],"seed_played":"2071751667865298398","potions_obtained":[{"floor":2,"key":"blueLaboratory:BottledHope"},{"floor":3,"key":"LiquidBronze"},{"floor":10,"key":"blueLaboratory:NullPotion"},{"floor":25,"key":"Strength Potion"},{"floor":28,"key":"DistilledChaos"},{"floor":52,"key":"Ancient Potion"}],"is_trial":true,"path_per_floor":["R_BF","M","M","?","?","E","T","R","$","M","R","E","R","$","M","B",null,"R_BF","M","?","M","$","M","T","E","?","$","E","M","E","?","M","B",null,"R_BF","M","?","?","M","E","T","E","M","$","?","E","R","?","M","B",null,"E","$","R","B",null],"character_chosen":"IRONCLAD","items_purchased":["Ginger","Orichalcum","EntropicBrew","Guardian:PocketSentry","Pen Nib","ReplayTheSpireMod:ShopPack","ReplayTheSpireMod:CursedCoin","Brimstone","Shuriken","Guardian:BottledAnomaly","Nunchaku","Divine Protection"],"campfire_rested":0,"item_purchase_floors":[9,9,9,22,22,22,27,27,44,44,44,44],"current_hp_per_floor":[80,80,80,65,65,71,71,74,70,80,80,80,80,78,80,67,80,80,80,80,80,80,80,80,78,63,63,69,77,83,83,91,82,95,105,107,107,107,102,85,85,89,91,91,91,99,108,110,121,121,121,123,123,123,123],"gold":20,"neow_bonus":"","is_daily":false,"chose_seed":false,"campfire_upgraded":6,"win_rate":0.0,"timestamp":1608947811,"path_taken":["R_BF","M","M","?","?","E","T","R","$","M","R","E","R","$","M","BOSS","R_BF","M","?","M","$","M","T","E","?","?","E","M","E","?","M","BOSS","R_BF","M","?","?","?","E","T","E","M","$","?","E","R","?","M","BOSS","E","$","R","BOSS"],"items_purchased_type":["Relic","Relic","Potion","Relic","Relic","Relic","Relic","Relic","Relic","Relic","Relic","Relic"],"build_version":"2020-12-22","purchased_purges":3,"victory":true,"max_hp_per_floor":[80,80,80,80,80,80,80,80,80,80,80,80,80,80,80,80,80,80,80,80,80,80,80,80,80,85,85,87,89,91,91,93,95,95,105,107,107,107,109,111,111,113,115,115,115,117,117,119,121,121,121,123,123,123,123],"card_choices":[{"not_picked":["sneckomod:UnknownCommonSkill","Shrug It Off"],"picked":"Guardian:Gem_Red","floor":2},{"not_picked":["Slice","Aggregate"],"picked":"Blade Dance","floor":3},{"not_picked":["Coolheaded","hexamod:Firestarter"],"picked":"Hidden Blade","floor":6},{"not_picked":["Heel Hook","sneckomod:DiceBoulder"],"picked":"Slimebound:SamplingLick","floor":9},{"not_picked":["Slimebound:GrowthPunch","Skim","hexamod:ThermalTransfer"],"picked":"SKIP","floor":10},{"not_picked":["White Noise","Stack"],"picked":"sneckomod:IronFang","floor":12},{"not_picked":["Turbo","ReplayTheSpireMod:LeadingStrike"],"picked":"sneckomod:UnknownBlock","floor":14},{"not_picked":["Slimebound:ForwardTackle","hexamod:VolcanoVisage","Guardian:Preprogram"],"picked":"SKIP","floor":15},{"not_picked":["champ:Devastate","Fission"],"picked":"Hyperbeam","floor":16},{"not_picked":["Recycle","Cloak And Dagger","Streamline"],"picked":"SKIP","floor":19},{"not_picked":["sneckomod:Unknown2Cost","BasicCrystalCard+1","Stack"],"picked":"SKIP","floor":21},{"not_picked":["Sucker Punch","hexamod:HeatCrush","Clash"],"picked":"SKIP","floor":22},{"not_picked":["Secret Weapon","Sadistic Nature"],"picked":"Master of Strategy","floor":22},{"not_picked":["Secret Weapon","Replay:BasicMightCard"],"picked":"Deep Breath","floor":22},{"not_picked":["expansioncontent:GuardianWhirl","expansioncontent:BronzeBeam"],"picked":"Replay:SS_forest_2","floor":22},{"not_picked":["champ:AdrenalArmor","Guardian:Gem_Green","Guardian:Incinerate"],"picked":"SKIP","floor":23},{"not_picked":["Halt","Body Slam","Guardian:Gem_White"],"picked":"SKIP","floor":25},{"not_picked":["Corruption","Cold Snap","Crescendo"],"picked":"Singing Bowl","floor":28},{"not_picked":["Pummel","Reinforced Body","champ:Balance"],"picked":"Singing Bowl","floor":29},{"not_picked":["Replay:ManipulateFuture+1","hexamod:GhostLash","hexamod:FirstSeal"],"picked":"Singing Bowl","floor":30},{"not_picked":["Wild Strike+1","hexamod:ThermalTransfer","Slimebound:LeechingTouch+1"],"picked":"Singing Bowl","floor":32},{"not_picked":["Slimebound:OozeBath","champ:LastStand","ReplayRNGCard"],"picked":"Singing Bowl","floor":33},{"not_picked":["sneckomod:UnknownVulnerable","Replay:DivineShield","champ:ShieldWall+1"],"picked":"Singing Bowl","floor":36},{"not_picked":["Guardian:RollAttack+1","Slimebound:Gluttony","Protect+1"],"picked":"Singing Bowl","floor":39},{"not_picked":["Reckless Charge+1","Bouncing Flask+1","Guardian:Gem_Purple"],"picked":"Singing Bowl","floor":40},{"not_picked":["WheelKick+1","champ:TornadoPunch","Dagger Spray","hexamod:SuperheatedStrike+1"],"picked":"Singing Bowl","floor":42},{"not_picked":["hexamod:SpectralSpark","champ:SkillfulDodge","champ:BerserkersShout","Guardian:TimeBomb"],"picked":"Singing Bowl","floor":43},{"not_picked":["champ:BladeFlurry","Dodge and Roll+1","Replay:ManipulateFuture","Stack"],"picked":"Singing Bowl","floor":46},{"not_picked":["Replay:SS_fish_2","expansioncontent:CaCaw","expansioncontent:ManipulateTime","Replay:SS_hec_1"],"picked":"Singing Bowl","floor":48},{"not_picked":["Slimebound:HauntingLick+1","Sweeping Beam+1","champ:ShieldWall","champ:DeathBlow"],"picked":"Singing Bowl","floor":49},{"not_picked":["Guardian:Incinerate+1","Worship+1","Intimidate+1","sneckomod:SerpentMind"],"picked":"Singing Bowl","floor":52}],"player_experience":1619303,"relics_obtained":[{"floor":6,"key":"Toy Ornithopter"},{"floor":7,"key":"Eternal Feather"},{"floor":12,"key":"InkBottle"},{"floor":18,"key":"WingedGreaves"},{"floor":28,"key":"Singing Bowl"},{"floor":30,"key":"Replay:Bottled Eggs"},{"floor":37,"key":"ReplayTheSpireMod:Ring of Exchange"},{"floor":37,"key":"Ring of Greed"},{"floor":37,"key":"Old Coin"},{"floor":37,"key":"The Courier"},{"floor":40,"key":"Question Card"},{"floor":41,"key":"Red Skull"},{"floor":42,"key":"Boot"},{"floor":46,"key":"Snack Pack"},{"floor":52,"key":"ReplayTheSpireMod:Ninjato"}],"event_choices":[{"cards_removed":["Slimebound:SamplingLick"],"damage_healed":0,"gold_gain":0,"player_choice":"Removed Skill","damage_taken":0,"max_hp_gain":0,"max_hp_loss":0,"event_name":"Falling","floor":45,"gold_loss":0}],"is_beta":false,"boss_relics":[{"not_picked":["SacredBark","Tiny House"],"picked":"Runic Pyramid"},{"not_picked":["Black Star","Replay:Bronze Core"],"picked":"Empty Cage"}],"items_purged_floors":[22,44,53],"is_endless":false,"potions_floor_spawned":[2,3,10,19,25,28,30,32,40,43,46,49,52],"ascension_level":0}}