{"host":"o1wkfo8ppvrprpet","time":1608996554,"event":{"mods":["Aspiration","Astrologer","BaseMod","CapriCore","Colored Powertips","Koishi","Minty Spire (QoL Compilation)","Replay The Spire","RumiaBox-露米娅的神秘盒子","Spicy Shops","StSLib","The Administrix","The Gatherer","The Immortal","Waifu the Spire","Yakumo Yukari mod","残留之物"],"gold_per_floor":[113,113,126,139,155,155,188,188,188,188,211,211,225,235,235,339,339,349,47,47,57,257,217,231,264,264,264,276,310,51,67,67,172,172,187,61,78,78,0,0,18,67,67,139,154,154,154,167,167,167],"floor_reached":51,"playtime":2175,"items_purged":["PlaceholderMod:BaseStrike","PlaceholderMod:BaseStrike","PlaceholderMod:BaseStrike"],"score":837,"play_id":"ec10d562-1f6e-4710-bbe0-a20935679b52","local_time":"20201226232914","is_ascension_mode":false,"campfire_choices":[{"data":"PlaceholderMod:PoisonExcitation","floor":6.0,"key":"SMITH"},{"data":"PlaceholderMod:TriggerStrike","floor":12.0,"key":"SMITH"},{"data":"PlaceholderMod:MultipleOxi","floor":15.0,"key":"SMITH"},{"data":"PlaceholderMod:SevereHeat","floor":27.0,"key":"SMITH"},{"data":"PlaceholderMod:ComplexForm","floor":32.0,"key":"SMITH"},{"data":"Sadistic Nature","floor":40.0,"key":"SMITH"},{"data":"PlaceholderMod:FinalSpray","floor":49,"key":"SMITH"}],"circlet_count":0,"master_deck":["PlaceholderMod:BaseStrike","PlaceholderMod:BaseStrike","PlaceholderMod:BaseDefend","PlaceholderMod:BaseDefend","PlaceholderMod:BaseDefend","PlaceholderMod:BaseDefend+1","PlaceholderMod:Crystal","PlaceholderMod:PoisonWhip","PlaceholderMod:PoisonExcitation+1","PlaceholderMod:Stratification","PlaceholderMod:TriggerStrike+1","PlaceholderMod:Colorful","PlaceholderMod:CorePoison+1","PlaceholderMod:MultipleOxi+1","PlaceholderMod:CorePoison","PlaceholderMod:HardStrike","PlaceholderMod:ComplexForm+1","PlaceholderMod:PoisonBlast+1","PlaceholderMod:SevereHeat+1","PlaceholderMod:NutritionAbsorb","PlaceholderMod:EnergyAbsorb","PlaceholderMod:HardStinger","PlaceholderMod:FinalSpray+1","PlaceholderMod:InnerStable+1","PlaceholderMod:PoisonAbsorb","PlaceholderMod:StressReaction","Sadistic Nature+1","PlaceholderMod:CycleAttack+1","PlaceholderMod:QualitativeChange","PlaceholderMod:ChainPoly+1","PlaceholderMod:PoisonExcitation+1"],"relics":["PlaceholderMod:Tancle","NeowsBlessing","aspiration:Lifesprig","Bag of Marbles","ReplayTheSpireMod:Lightbulb","Juzu Bracelet","aspiration:PoetsPen_weak","MoreBug","PlaceholderMod:NyogSothep","Ice Cream","Replay:Rubber Ducky","SoulBox","Red Mask","Calipers","MagicDraw2","ReplayTheSpireMod:TigerMarble","LastBattle"],"acts_visited":["Exordium","TheCity","TheBeyond"],"potions_floor_usage":[50,50],"damage_taken":[{"damage":0.0,"enemies":"Jaw Worm","floor":1.0,"turns":1.0},{"damage":0.0,"enemies":"Cultist","floor":3.0,"turns":1.0},{"damage":0.0,"enemies":"Small Slimes","floor":4.0,"turns":1.0},{"damage":2.0,"enemies":"Blue Slaver","floor":5.0,"turns":3.0},{"damage":37.0,"enemies":"3 Sentries","floor":7.0,"turns":14.0},{"damage":0.0,"enemies":"Looter","floor":13.0,"turns":2.0},{"damage":0.0,"enemies":"3 Louse","floor":14.0,"turns":3.0},{"damage":0.0,"enemies":"Slime Boss","floor":16.0,"turns":5.0},{"damage":7.0,"enemies":"3 Byrds","floor":18.0,"turns":3.0},{"damage":1.0,"enemies":"Chosen","floor":21.0,"turns":3.0},{"damage":10.0,"enemies":"3 Cultists","floor":24.0,"turns":4.0},{"damage":9.0,"enemies":"Gremlin Leader","floor":25.0,"turns":3.0},{"damage":10.0,"enemies":"Snake Plant","floor":28.0,"turns":2.0},{"damage":9.0,"enemies":"Slavers","floor":29.0,"turns":4.0},{"damage":7.0,"enemies":"Centurion and Healer","floor":31.0,"turns":4.0},{"damage":4.0,"enemies":"Automaton","floor":33.0,"turns":4.0},{"damage":4.0,"enemies":"Orb Walker","floor":35.0,"turns":3.0},{"damage":5.0,"enemies":"3 Shapes","floor":37.0,"turns":4.0},{"damage":28.0,"enemies":"Spire Growth","floor":41.0,"turns":4.0},{"damage":15.0,"enemies":"2 Orb Walkers","floor":42.0,"turns":2.0},{"damage":6,"enemies":"3 Darklings","floor":45,"turns":3},{"damage":0,"enemies":"Transient","floor":48,"turns":5},{"damage":0,"enemies":"Donu and Deca","floor":50,"turns":5}],"seed_played":"-9183051280194414994","potions_obtained":[{"floor":7.0,"key":"Swift Potion"},{"floor":13.0,"key":"AttackPotion"},{"floor":16.0,"key":"CultistPotion"},{"floor":18.0,"key":"Toxic Potion"},{"floor":28.0,"key":"Milkshake"},{"floor":29.0,"key":"FearPotion"},{"floor":33.0,"key":"Explosive Potion"},{"floor":35.0,"key":"Dexterity Potion"},{"floor":44,"key":"SkillPotion"},{"floor":48,"key":"Energy Potion"}],"is_trial":false,"path_per_floor":["M","?","M","M","M","R","E","?","T","?","T","R","M","M","R","B",null,"M","$","?","M","?","?","M","E","T","R","M","E","$","M","R","B",null,"M","$","M","?","?","R","M","?","T","?","M","T","?","M","R","B",null],"character_chosen":"THE_PLACEHOLDER","items_purchased":["PlaceholderMod:ComplexForm","MoreBug","PlaceholderMod:HardStinger","PlaceholderMod:PoisonAbsorb","PlaceholderMod:StressReaction"],"campfire_rested":0,"item_purchase_floors":[19,19,30,36,36],"current_hp_per_floor":[78,78,78,78,76,76,39,27,27,27,27,27,27,27,27,27,78,71,71,71,70,70,70,60,52,52,52,47,46,46,45,45,53,78,78,78,78,78,78,78,56,49,49,49,51,51,51,57,57,63],"gold":167,"neow_bonus":"THREE_ENEMY_KILL","is_daily":false,"chose_seed":false,"campfire_upgraded":7,"win_rate":0.0,"timestamp":1608996554,"path_taken":["M","?","?","M","M","R","E","?","T","?","?","R","M","M","R","BOSS","M","$","?","M","?","?","M","E","T","R","M","E","?","M","R","BOSS","M","?","M","?","?","R","M","?","T","?","M","?","?","M","R","BOSS"],"items_purchased_type":["Card","Relic","Card","Card","Card"],"build_version":"2020-12-22","purchased_purges":3,"victory":true,"max_hp_per_floor":[78,78,78,78,78,78,78,78,78,78,78,78,78,78,78,78,78,78,78,78,78,78,78,78,78,78,78,78,78,78,78,78,78,78,78,78,78,78,78,78,78,78,78,78,78,78,78,78,78,78],"card_choices":[{"not_picked":["PlaceholderMod:StressReaction","PlaceholderMod:OHStrongAttack"],"picked":"PlaceholderMod:PoisonExcitation","floor":1.0},{"not_picked":["PlaceholderMod:ParasiteChange","PlaceholderMod:NearChange"],"picked":"PlaceholderMod:Stratification","floor":3.0},{"not_picked":["PlaceholderMod:Corrosion","PlaceholderMod:Hard"],"picked":"PlaceholderMod:TriggerStrike","floor":4.0},{"not_picked":["PlaceholderMod:SevereHeat","PlaceholderMod:Stable","PlaceholderMod:OHStrongAttack"],"picked":"SKIP","floor":5.0},{"not_picked":["PlaceholderMod:PoisonExcitation","PlaceholderMod:HornyBlast"],"picked":"PlaceholderMod:Colorful","floor":7.0},{"not_picked":["PlaceholderMod:DiffusionChemical","PlaceholderMod:OHStrongAttack","PlaceholderMod:Polyp"],"picked":"SKIP","floor":13.0},{"not_picked":["PlaceholderMod:SubstitutionNucleophilic1","PlaceholderMod:Internalization"],"picked":"PlaceholderMod:MultipleOxi","floor":14.0},{"not_picked":["PlaceholderMod:GrowthForm","PlaceholderMod:DoublePoint"],"picked":"PlaceholderMod:CorePoison","floor":16.0},{"not_picked":["PlaceholderMod:AttackAsDefend","PlaceholderMod:SprayAttack"],"picked":"PlaceholderMod:HardStrike","floor":18.0},{"not_picked":["PlaceholderMod:TriggerStrike","PlaceholderMod:Internalization"],"picked":"PlaceholderMod:SevereHeat","floor":21.0},{"not_picked":["PlaceholderMod:ProliferateStrike","PlaceholderMod:Hard","PlaceholderMod:HornyBlast"],"picked":"SKIP","floor":24.0},{"not_picked":["PlaceholderMod:GrowthForm","PlaceholderMod:PoisonBlast","PlaceholderMod:HardStrike"],"picked":"SKIP","floor":25.0},{"not_picked":["PlaceholderMod:HardStrike+1","PlaceholderMod:StrongAcid"],"picked":"PlaceholderMod:NutritionAbsorb","floor":28.0},{"not_picked":["PlaceholderMod:ChainPoly","PlaceholderMod:InnerStable"],"picked":"PlaceholderMod:EnergyAbsorb","floor":29.0},{"not_picked":["PlaceholderMod:ChainPoly","PlaceholderMod:ConsolidateHit+1","PlaceholderMod:PoisonExcitation"],"picked":"SKIP","floor":31.0},{"not_picked":["PlaceholderMod:QualitativeChange","PlaceholderMod:ReactionCatalyze"],"picked":"PlaceholderMod:FinalSpray","floor":33.0},{"not_picked":["PlaceholderMod:Colorful","PlaceholderMod:Turn"],"picked":"PlaceholderMod:InnerStable+1","floor":35.0},{"not_picked":["PlaceholderMod:AttackAsDefend","PlaceholderMod:Stratification","PlaceholderMod:Polyp+1"],"picked":"SKIP","floor":37.0},{"not_picked":["ReplayTheSpireMod:Necrogeddon","Trip"],"picked":"Sadistic Nature","floor":38.0},{"not_picked":["PlaceholderMod:ConsolidateHit+1","PlaceholderMod:DirectingGroup+1"],"picked":"PlaceholderMod:CycleAttack+1","floor":41.0},{"not_picked":["PlaceholderMod:DirectingGroup","PlaceholderMod:DiffusionChemical"],"picked":"PlaceholderMod:QualitativeChange","floor":44},{"not_picked":["PlaceholderMod:OHStrongAttack","PlaceholderMod:SprayAttack"],"picked":"PlaceholderMod:ChainPoly+1","floor":45},{"not_picked":["PlaceholderMod:StrongAcid+1","PlaceholderMod:AttackAsDefend"],"picked":"PlaceholderMod:PoisonExcitation+1","floor":48}],"player_experience":613405,"relics_obtained":[{"floor":7.0,"key":"aspiration:Lifesprig"},{"floor":9.0,"key":"ReplayTheSpireMod:Lightbulb"},{"floor":11.0,"key":"Juzu Bracelet"},{"floor":25.0,"key":"PlaceholderMod:NyogSothep"},{"floor":26.0,"key":"Ice Cream"},{"floor":29.0,"key":"Replay:Rubber Ducky"},{"floor":42.0,"key":"Calipers"},{"floor":43.0,"key":"MagicDraw2"},{"floor":44,"key":"ReplayTheSpireMod:TigerMarble"},{"floor":46,"key":"LastBattle"}],"event_choices":[{"damage_healed":0.0,"max_hp_gain":0.0,"max_hp_loss":0.0,"gold_gain":0.0,"event_name":"The Woman in Blue","player_choice":"Bought 0 Potions","floor":2.0,"gold_loss":0.0,"damage_taken":0.0},{"damage_healed":0.0,"max_hp_gain":0.0,"max_hp_loss":0.0,"gold_gain":0.0,"event_name":"Scrap Ooze","player_choice":"Success","floor":8.0,"gold_loss":0.0,"damage_taken":12.0,"relics_obtained":["Bag of Marbles"]},{"damage_healed":0.0,"max_hp_gain":0.0,"max_hp_loss":0.0,"gold_gain":0.0,"event_name":"The Library","player_choice":"Read","floor":20.0,"gold_loss":0.0,"damage_taken":0.0,"cards_obtained":["PlaceholderMod:PoisonBlast"]},{"damage_healed":0.0,"max_hp_gain":0.0,"max_hp_loss":0.0,"gold_gain":250.0,"event_name":"The Joust","player_choice":"Bet on Owner","floor":22.0,"gold_loss":50.0,"damage_taken":0.0},{"damage_healed":0.0,"max_hp_gain":0.0,"max_hp_loss":0.0,"gold_gain":0.0,"event_name":"Designer","player_choice":"Upgraded Two","floor":23.0,"gold_loss":40.0,"damage_taken":0.0,"cards_upgraded":["PlaceholderMod:BaseDefend","PlaceholderMod:PoisonBlast"]},{"damage_healed":0.0,"max_hp_gain":0.0,"max_hp_loss":0.0,"gold_gain":0.0,"event_name":"SensoryStone","player_choice":"Memory 1","floor":38.0,"gold_loss":0.0,"damage_taken":0.0},{"damage_healed":0.0,"max_hp_gain":0.0,"max_hp_loss":0.0,"gold_gain":0.0,"event_name":"Tomb of Lord Red Mask","player_choice":"Paid","floor":39.0,"gold_loss":78.0,"damage_taken":0.0,"relics_obtained":["Red Mask"]},{"damage_healed":0.0,"max_hp_gain":0.0,"max_hp_loss":0.0,"gold_gain":0.0,"event_name":"Mysterious Sphere","player_choice":"Fight","floor":42.0,"gold_loss":0.0,"damage_taken":0.0}],"is_beta":false,"boss_relics":[{"not_picked":["ReplayTheSpireMod:DimensionalGlitch","Velvet Choker"],"picked":"aspiration:PoetsPen_weak"},{"not_picked":["Replay:Bronze Core","Replay:Drink Me"],"picked":"SoulBox"}],"items_purged_floors":[19,30,30],"is_endless":false,"potions_floor_spawned":[7,13,16,18,21,28,29,33,35,48],"ascension_level":0}}