{"host":"h5acbxt0wmjo1kpm","time":1608957414,"event":{"mods":["2.2 Compatiblity","Act Like it!","AlwaysNeverKeys","Aspiration","Bartender","BaseMod","Better Third Choice","Colored Map","Elementarium","Gensokyo","GifTheSpireLib","Hallownest","Marisa????????","Minty Spire (QoL Compilation)","Permanent Neow","Potionbrewer","Relic Filter","Replay The Spire","Robot Space Explorer","RumiaBox-????????","Shade Mod","Spicy Shops","StSLib","Strawberry Spire","The Blackbeard","The Dragon Tamer","The Forsaken","The Gatherer","The Problem Sleuth","The Servant 0.9.4","Wandering Minibosses","vexMod"],"gold_per_floor":[109,39,51,61,61,95,95,95,95,95,95,108,75,105,105,207,207,220,234,234,187,54,54,54,54],"floor_reached":24,"playtime":1255,"items_purged":["Strike_P","Strike_P"],"score":310,"play_id":"8d91a60d-e4ed-4a4a-8fc3-57899d7f84bb","local_time":"20201225203654","is_ascension_mode":true,"campfire_choices":[{"floor":8,"key":"REST"},{"data":"ReplayTheSpireMod:Brewmster","floor":10,"key":"SMITH"},{"data":"CutThroughFate","floor":15,"key":"SMITH"},{"data":"Evaluate","floor":23,"key":"SMITH"}],"circlet_count":0,"master_deck":["AscendersBane","Defend_P","Defend_P","Defend_P","Defend_P","Eruption","Vigilance","ReplayTheSpireMod:Brewmster+1","FearNoEvil","Replay:ManipulateFuture","MentalFortress","CarveReality","Nirvana","Weave","CutThroughFate+1","MasterReality","JustLucky","Wireheading+1","Evaluate+1","Evaluate"],"relics":["PureWater","Vajra","Orichalcum","Smiling Mask","vexMod:PlasmaPancake","SacredBark"],"acts_visited":["Exordium","Elementarium:Elementarium"],"potions_floor_usage":[1,3,3,4,6,6,6,6,12,16,16,16,18,18,18,19,19,21,21,21,21,24,24],"damage_taken":[{"damage":6,"enemies":"Cultist","floor":1,"turns":4},{"damage":12,"enemies":"Jaw Worm","floor":3,"turns":6},{"damage":0,"enemies":"Small Slimes","floor":4,"turns":3},{"damage":32,"enemies":"3 Sentries","floor":6,"turns":8},{"damage":1,"enemies":"Red Slaver","floor":12,"turns":4},{"damage":2,"enemies":"Slime Boss","floor":16,"turns":7},{"damage":3,"enemies":"Elementarium:Cyclone","floor":18,"turns":3},{"damage":0,"enemies":"Elementarium:VoidCorruption","floor":19,"turns":3},{"damage":29,"enemies":"Elementarium:STONE_GOLEMS","floor":21,"turns":7},{"damage":18,"enemies":"Elementarium:FIRE_NOBILITY","floor":24,"turns":2}],"seed_played":"-3560359358150775437","potions_obtained":[{"floor":3,"key":"Doom Potion"},{"floor":18,"key":"ColorlessPotion"},{"floor":21,"key":"LiquidBronze"}],"is_trial":false,"path_per_floor":["M","$","M","M","T","E","?","R","T","R","?","M","$","?","R","B",null,"M","M","?","M","$","R","E"],"character_chosen":"WATCHER","items_purchased":["Replay:ManipulateFuture","CutThroughFate","Evaluate"],"campfire_rested":1,"item_purchase_floors":[2,13,22],"current_hp_per_floor":[59,59,47,47,47,15,8,27,27,27,27,26,26,32,32,30,61,58,58,46,17,17,17,0,0],"gold":54,"neow_bonus":"RANDOM_COLORLESS_2","is_daily":false,"chose_seed":false,"campfire_upgraded":3,"win_rate":0.0,"timestamp":1608957414,"path_taken":["M","$","M","M","?","E","?","R","T","R","?","?","$","?","R","BOSS","M","M","?","M","?","R","E"],"items_purchased_type":["Card","Card","Card"],"build_version":"2020-12-22","purchased_purges":2,"victory":false,"max_hp_per_floor":[65,65,65,65,65,65,65,65,65,65,65,65,65,71,71,71,71,71,71,76,76,76,76,76,76],"card_choices":[{"not_picked":["strawberrySpire:Dropbox","strawberrySpire:Fade"],"picked":"ReplayTheSpireMod:Brewmster","floor":0},{"not_picked":["FlyingSleeves","Evaluate"],"picked":"FearNoEvil","floor":1},{"not_picked":["BattleHymn","Perseverance"],"picked":"MentalFortress","floor":3},{"not_picked":["Prostrate","Nirvana"],"picked":"CarveReality","floor":4},{"not_picked":["ReachHeaven","Replay:ManipulateFuture"],"picked":"Nirvana","floor":6},{"not_picked":["ThirdEye","FlyingSleeves"],"picked":"Weave","floor":12},{"not_picked":["Wish","Replay:LoomingThreat"],"picked":"MasterReality","floor":16},{"not_picked":["FlurryOfBlows","Replay:ManipulateFuture"],"picked":"JustLucky","floor":18},{"not_picked":["Study+1","Replay:Battleflow"],"picked":"Wireheading+1","floor":19},{"not_picked":["FlurryOfBlows","FollowUp","BowlingBash"],"picked":"SKIP","floor":21}],"player_experience":1948044,"relics_obtained":[{"floor":5,"key":"Vajra"},{"floor":6,"key":"Orichalcum"},{"floor":9,"key":"Smiling Mask"}],"event_choices":[{"cards_removed":["Strike_P"],"damage_healed":0,"gold_gain":0,"player_choice":"Card Removal","damage_taken":7,"max_hp_gain":0,"max_hp_loss":0,"event_name":"Golden Wing","floor":7,"gold_loss":0},{"cards_removed":["Strike_P"],"damage_healed":0,"gold_gain":0,"player_choice":"Purged","damage_taken":0,"max_hp_gain":0,"max_hp_loss":0,"event_name":"Purifier","floor":11,"gold_loss":0},{"damage_healed":0,"gold_gain":30,"player_choice":"Searched \u00272\u0027 times","damage_taken":0,"relics_obtained":["vexMod:PlasmaPancake"],"max_hp_gain":0,"max_hp_loss":0,"event_name":"Dead Adventurer","floor":14,"gold_loss":0},{"damage_healed":0,"gold_gain":0,"player_choice":"Sacrifice","damage_taken":17,"max_hp_gain":5,"max_hp_loss":0,"event_name":"Elementarium:RadiantAltar","floor":20,"gold_loss":0}],"is_beta":false,"boss_relics":[{"not_picked":["vexMod:DeviousBotling","aspiration:RitualDagger"],"picked":"SacredBark"}],"items_purged_floors":[22,22],"is_endless":false,"potions_floor_spawned":[3,6,18,21],"killed_by":"Elementarium:FIRE_NOBILITY","ascension_level":12}}