{"host":"uae2ry9d6rl7cq98","time":1608943625,"event":{"mods":["AchievementEnabler","BaseMod","BetterRewards","Colored Map","Custom Start","Hermit","Hubris","Infinite Spire","Minty Spire (QoL Compilation)","Replay The Spire","Shop Mod","StSLib","SuperFastMode","The Animator","The Hierophant","The Servant 0.9.4"],"gold_per_floor":[112,128,128,28,39,64,64,64,145,145,180,55,130,130,130,226,226,241,252,252,23,35,35,35],"floor_reached":23,"playtime":1520,"items_purged":["Strike_B","Defend_B","Strike_B"],"score":297,"play_id":"ccae33ee-f873-40db-9230-7f897eafbc63","local_time":"20201225164705","is_ascension_mode":false,"campfire_choices":[{"floor":7.0,"key":"REST"},{"floor":10.0,"key":"RECALL"},{"floor":15.0,"key":"REST"}],"circlet_count":0,"master_deck":["Strike_B","Strike_B","Defend_B","Defend_B","Defend_B","Zap","Dualcast","FIFO Queue","Thunder Strike","Turbo","BasicCrystalCard","Darkness","Leap","Rebound+1","Injury","ReplayTheSpireMod:Doomed","ReplayTheSpireMod:??????????????????????","Mirror Shield","Consume+1","Loop","Fusion","Storm"],"relics":["Cracked Core","DataDisk","CaptainsWheel","Cables","WingedGreaves","Thread and Needle","Shovel","Molten Egg 2","Kunai","hubris:RunicObelisk","hubris:EmptyBottle"],"acts_visited":["TheCity"],"potions_floor_usage":[23,23,23],"damage_taken":[{"damage":3.0,"enemies":"Small Slimes","floor":1.0,"turns":3.0},{"damage":8.0,"enemies":"Jaw Worm","floor":2.0,"turns":3.0},{"damage":1.0,"enemies":"2 Louse","floor":5.0,"turns":2.0},{"damage":18.0,"enemies":"Lagavulin","floor":6.0,"turns":5.0},{"damage":12.0,"enemies":"Gremlin Nob","floor":11.0,"turns":4.0},{"damage":15.0,"enemies":"Slime Boss","floor":16.0,"turns":11.0},{"damage":0,"enemies":"3 Byrds","floor":18,"turns":5},{"damage":0,"enemies":"Shell Parasite","floor":19,"turns":4},{"damage":21,"enemies":"Centurion and Healer","floor":22,"turns":6},{"damage":56,"enemies":"Nightmare","floor":23,"turns":6}],"seed_played":"7089108041880831897","potions_obtained":[{"floor":2.0,"key":"BlessingOfTheForge"},{"floor":18,"key":"Block Potion"},{"floor":22,"key":"BlessingOfTheForge"}],"is_trial":false,"path_per_floor":["M","M","?","$","M","E","R","?","T","R","E","$","?","?","R","B",null,"M","M","?","$","M","NM"],"character_chosen":"DEFECT","items_purchased":["DataDisk","CaptainsWheel","Cables","FIFO Queue","Thunder Strike","hubris:EmptyBottle","Storm"],"campfire_rested":2,"item_purchase_floors":[0,0,0,0,0,21,21],"current_hp_per_floor":[34,26,23,23,22,4,26,26,26,26,14,14,3,3,25,10,75,75,75,75,75,54,0,0],"gold":35,"neow_bonus":"","is_daily":false,"chose_seed":false,"campfire_upgraded":0,"win_rate":0.0,"timestamp":1608943625,"path_taken":["M","M","?","$","M","E","R","?","T","R","E","$","?","?","R","BOSS","M","M","?","$","M","NM"],"items_purchased_type":["Relic","Relic","Relic","Card","Card","Relic","Card"],"build_version":"2020-12-22","purchased_purges":3,"victory":false,"max_hp_per_floor":[75,75,75,75,75,75,75,75,75,75,75,75,75,75,75,75,75,75,75,75,75,75,75,75],"card_choices":[{"not_picked":["Barrage","Sweeping Beam"],"picked":"Turbo","floor":1.0},{"not_picked":["Leap","Lockon"],"picked":"BasicCrystalCard","floor":2.0},{"not_picked":["Aggregate","Streamline"],"picked":"Darkness","floor":5.0},{"not_picked":["Barrage","FIFO Queue"],"picked":"Leap","floor":6.0},{"not_picked":["Hologram","ReplayTheSpireMod:GoodbyeWorld"],"picked":"Rebound+1","floor":11.0},{"not_picked":["ReplayTheSpireMod:Haul","infinitespire:TheBestDefense"],"picked":"ReplayTheSpireMod:??????????????????????","floor":14.0},{"not_picked":["Fission","hubris:Prefetch"],"picked":"Mirror Shield","floor":16.0},{"not_picked":["Conserve Battery","Coolheaded"],"picked":"Consume+1","floor":18},{"not_picked":["Doom and Gloom+1","Hello World"],"picked":"Loop","floor":19},{"not_picked":["Sweeping Beam+1","Cold Snap+1","ReplayTheSpireMod:GoodbyeWorld"],"picked":"SKIP","floor":22}],"player_experience":253010,"relics_obtained":[{"floor":6.0,"key":"Thread and Needle"},{"floor":8.0,"key":"Shovel"},{"floor":9.0,"key":"Molten Egg 2"},{"floor":11.0,"key":"Kunai"}],"event_choices":[{"damage_healed":0.0,"max_hp_gain":0.0,"max_hp_loss":0.0,"gold_gain":0.0,"event_name":"Scrap Ooze","player_choice":"Success","floor":3.0,"gold_loss":0.0,"damage_taken":3.0,"relics_obtained":["WingedGreaves"]},{"damage_healed":0.0,"max_hp_gain":0.0,"max_hp_loss":0.0,"gold_gain":75.0,"event_name":"World of Goop","player_choice":"Gather Gold","floor":13.0,"gold_loss":0.0,"damage_taken":11.0},{"damage_healed":0,"gold_gain":0,"player_choice":"Read","damage_taken":0,"max_hp_gain":0,"max_hp_loss":0,"event_name":"The Library","floor":20,"gold_loss":0,"cards_obtained":["Fusion"]}],"is_beta":false,"boss_relics":[{"not_picked":["Abe\u0027s Treasure","ReplayTheSpireMod:DimensionalGlitch"],"picked":"hubris:RunicObelisk"}],"items_purged_floors":[0,4,12],"is_endless":false,"potions_floor_spawned":[2,18,22],"killed_by":"Nightmare","ascension_level":0}}