{"host":"nmyw38vkdf8owddb","time":1608971844,"event":{"mods":["ATMod(ˆ¢àõMod)","BaseMod","Bestiary","Colored Map","Colored Powertips","DeckTracker","Minty Spire (QoL Compilation)","Shade Mod","StSLib","The Caster","The Marked","Waifu the Spire","Žc—¯”V•¨"],"gold_per_floor":[114,114,114,130,156,156,32,32,32,107,118,118,39,71,71,71,71],"floor_reached":16,"playtime":588,"items_purged":[],"score":96,"play_id":"26d2cebc-d3cd-4dfc-a548-3698c59a7bce","local_time":"20201226173724","is_ascension_mode":false,"campfire_choices":[{"data":"caster:GateOfBabylon","floor":6,"key":"SMITH"},{"data":"caster:Charge","floor":12,"key":"SMITH"},{"floor":15,"key":"REST"}],"circlet_count":0,"master_deck":["caster:Meteor+1","caster:DivertFocus","caster:strike","caster:strike","caster:strike+1","caster:strike","caster:defend","caster:defend","caster:defend","caster:defend","caster:defend","caster:FlashSpeed+1","caster:GateOfBabylon+1","caster:LightningBolt","caster:FrostDriver","caster:Charge+1","caster:Thundara+1","caster:Charge","caster:MagicAttunement","caster:AlternatingCurrent"],"relics":["caster:MagicBook","AT_ATBox","NeowsBlessing","Art of War","Question Card","Ancient Tea Set"],"acts_visited":["Exordium"],"potions_floor_usage":[],"damage_taken":[{"damage":0,"enemies":"Small Slimes","floor":1,"turns":1},{"damage":0,"enemies":"2 Louse","floor":4,"turns":1},{"damage":0,"enemies":"Jaw Worm","floor":11,"turns":1},{"damage":31,"enemies":"Lagavulin","floor":14,"turns":5},{"damage":36,"enemies":"Slime Boss","floor":16,"turns":6}],"seed_played":"-1839514579073304782","potions_obtained":[],"is_trial":false,"path_per_floor":["M","?","?","M","T","R","$","?","T","?","M","R","$","E","R","B"],"character_chosen":"THE_CASTER","items_purchased":["caster:LightningBolt","caster:FrostDriver","caster:Charge","caster:MagicAttunement"],"campfire_rested":1,"item_purchase_floors":[7,7,7,13],"current_hp_per_floor":[64,64,51,51,51,51,51,51,51,45,45,45,45,14,33,0,0],"gold":71,"neow_bonus":"THREE_ENEMY_KILL","is_daily":false,"chose_seed":false,"campfire_upgraded":2,"win_rate":0.0,"timestamp":1608971844,"path_taken":["M","?","?","M","?","R","?","?","T","?","?","R","$","E","R","BOSS"],"items_purchased_type":["Card","Card","Card","Card"],"build_version":"2020-12-22","purchased_purges":0,"victory":false,"max_hp_per_floor":[64,64,64,64,64,64,64,64,64,64,64,64,64,64,64,64,64],"card_choices":[{"not_picked":["caster:LightningBolt","caster:Fireball"],"picked":"caster:FlashSpeed","floor":1},{"not_picked":["caster:FrigidBeam","caster:MagicWeapon"],"picked":"caster:GateOfBabylon","floor":4},{"not_picked":["caster:LAZER","caster:GlacialShield","caster:JupitelThunder"],"picked":"caster:Charge","floor":11},{"not_picked":["caster:Sultry","caster:Cryogenesis","caster:GlacialShield"],"picked":"caster:AlternatingCurrent","floor":14}],"player_experience":321098,"relics_obtained":[{"floor":5,"key":"Art of War"},{"floor":9,"key":"Question Card"},{"floor":14,"key":"Ancient Tea Set"}],"event_choices":[{"damage_healed":0,"gold_gain":0,"player_choice":"Grow","damage_taken":0,"max_hp_gain":0,"max_hp_loss":0,"event_name":"Living Wall","floor":2,"gold_loss":0,"cards_upgraded":["caster:FlashSpeed"]},{"damage_healed":0,"gold_gain":0,"player_choice":"Entered Light","damage_taken":13,"max_hp_gain":0,"max_hp_loss":0,"event_name":"Shining Light","floor":3,"gold_loss":0,"cards_upgraded":["caster:Meteor","caster:strike"]},{"damage_healed":0,"gold_gain":75,"player_choice":"Touch","damage_taken":6,"max_hp_gain":0,"max_hp_loss":0,"event_name":"FaceTrader","floor":10,"gold_loss":0}],"is_beta":false,"boss_relics":[],"items_purged_floors":[],"is_endless":false,"potions_floor_spawned":[],"killed_by":"Slime Boss","ascension_level":0}}