{"host":"ya062ahhhuj9au1o","time":1608952965,"event":{"mods":["BaseMod","Better Third Choice","Filter the Spire","Hermit","Minty Spire (QoL Compilation)","Random Character Button","Robot Space Explorer","Somnambulant","StSLib","The Bug Knight","The Cursed","The Servant 0.9.4"],"gold_per_floor":[118,118,118,143,162,162,183,183,183,183,208,227,227,263,263,263,263],"floor_reached":16,"playtime":700,"items_purged":[],"score":160,"play_id":"5d1dde56-8f43-4b9a-9d40-d35b10f950c1","local_time":"20201225222245","is_ascension_mode":true,"campfire_choices":[{"data":"HollowMod:FocusHealStart","floor":6.0,"key":"SMITH"},{"data":"HollowMod:PogoStrike","floor":8.0,"key":"SMITH"},{"data":"HollowMod:CycloneSlash","floor":10.0,"key":"SMITH"},{"floor":15,"key":"REST"}],"circlet_count":0,"master_deck":["AscendersBane","HollowMod:NailStrikeStart","HollowMod:NailStrikeStart","HollowMod:NailStrikeStart","HollowMod:NailStrikeStart","HollowMod:QuickDashStart","HollowMod:QuickDashStart","HollowMod:QuickDashStart","HollowMod:FocusHealStart+1","HollowMod:PogoStrike+1","HollowMod:CycloneSlash+1","HollowMod:CycloneSlash","HollowMod:DoubleDash"],"relics":["Sozu","Golden Idol","Sundial","Dream Catcher","Omamori"],"acts_visited":["Exordium"],"potions_floor_usage":[],"damage_taken":[{"damage":4.0,"enemies":"2 Louse","floor":1.0,"turns":2.0},{"damage":0.0,"enemies":"Small Slimes","floor":4.0,"turns":2.0},{"damage":2.0,"enemies":"Jaw Worm","floor":5.0,"turns":3.0},{"damage":6.0,"enemies":"Exordium Thugs","floor":7.0,"turns":4.0},{"damage":0.0,"enemies":"Lots of Slimes","floor":12.0,"turns":2.0},{"damage":30,"enemies":"Lagavulin","floor":14,"turns":5},{"damage":70,"enemies":"Hexaghost","floor":16,"turns":11}],"seed_played":"-5093239052504240239","potions_obtained":[],"is_trial":false,"path_per_floor":["M","?","?","M","M","R","M","R","T","R","T","M","?","E","R","B"],"character_chosen":"THE_BUGKNIGHT","items_purchased":[],"campfire_rested":1,"item_purchase_floors":[],"current_hp_per_floor":[64,64,46,46,44,44,48,48,48,48,48,54,54,34,56,0,0],"gold":263,"neow_bonus":"BOSS_RELIC","is_daily":false,"chose_seed":false,"campfire_upgraded":3,"win_rate":0.0,"timestamp":1608952965,"path_taken":["M","?","?","?","M","R","M","R","T","R","?","?","?","E","R","BOSS"],"items_purchased_type":[],"build_version":"2020-12-22","purchased_purges":0,"victory":false,"max_hp_per_floor":[75,75,75,75,75,75,75,75,75,75,75,75,75,75,75,75,75],"card_choices":[{"not_picked":["HollowMod:FallenFury","HollowMod:SoulSplash"],"picked":"HollowMod:CycloneSlash","floor":1.0},{"not_picked":["HollowMod:ChannelNail","HollowMod:GoodIntentions","HollowMod:NewLittleFool"],"picked":"SKIP","floor":4.0},{"not_picked":["HollowMod:SoulShaman","HollowMod:GrimmsGift","HollowMod:CornifersMapStart"],"picked":"SKIP","floor":5.0},{"not_picked":["HollowMod:InfectedAttack","HollowMod:NewInfectedGuardian"],"picked":"HollowMod:CycloneSlash","floor":7.0},{"not_picked":["HollowMod:HeavyBlow","HollowMod:ChannelNail","HollowMod:GreatSlash"],"picked":"SKIP","floor":12},{"not_picked":["HollowMod:GoodIntentions","HollowMod:SoulStrike","HollowMod:CycloneSlash"],"picked":"SKIP","floor":14},{"not_picked":["HollowMod:HeavyBlow","HollowMod:SharpenedNail"],"picked":"HollowMod:DoubleDash","floor":15}],"player_experience":1667882,"relics_obtained":[{"floor":9.0,"key":"Sundial"},{"floor":11.0,"key":"Dream Catcher"},{"floor":14,"key":"Omamori"}],"event_choices":[{"damage_healed":0.0,"max_hp_gain":0.0,"max_hp_loss":0.0,"gold_gain":0.0,"event_name":"betterThird:BetterSerpent","player_choice":"Ignored","floor":2.0,"gold_loss":0.0,"damage_taken":118.0},{"damage_healed":0.0,"max_hp_gain":0.0,"max_hp_loss":0.0,"gold_gain":0.0,"event_name":"Golden Idol","player_choice":"Take Damage","floor":3.0,"gold_loss":0.0,"damage_taken":18.0,"relics_obtained":["Golden Idol"]},{"cards_removed":["HollowMod:QuickDashStart"],"damage_healed":0,"gold_gain":0,"player_choice":"Purged","damage_taken":0,"max_hp_gain":0,"max_hp_loss":0,"event_name":"Purifier","floor":13,"gold_loss":0}],"is_beta":false,"boss_relics":[],"items_purged_floors":[],"is_endless":false,"potions_floor_spawned":[1,4,5],"killed_by":"Hexaghost","ascension_level":12}}