{"host":"dhxdkxsvr0kfcb1i","time":1608942755,"event":{"mods":["Aspiration","BaseMod","Better Third Choice","Colored Map","Conspire","Downfall","Koishi","Luminous","Magitek Elite","Minty Spire (QoL Compilation)","Prisma Mod","Replay The Spire","Shade Mod","StSLib","The Animator","The Blackbeard","The Construct","The Judge","The Jungle","The Servant 0.9.4"],"gold_per_floor":[0,16,33,43,43,71,71,71,85,34,52,52,75,117,137,245,245,245,273,287,308,55,73,97,123,151,194,29,43,43,43,43,43,104,253,253,103,203,256,316,371,371,371,423,502,642,695,708,562,597,522,22,48,48,48,48,48,48],"floor_reached":56,"playtime":14105,"items_purged":["Parasite"],"score":844,"play_id":"a4b9373a-6a74-490d-bef4-400c16f5427f","local_time":"20201225173235","is_ascension_mode":false,"campfire_choices":[{"data":"hexamod:Strike","floor":1.0,"key":"PURGE"},{"floor":8.0,"key":"REST"},{"data":"hexamod:HexaLevel","floor":12.0,"key":"SMITH"},{"floor":18.0,"key":"DIG"},{"floor":30.0,"key":"RECALL"},{"floor":37.0,"key":"REST"},{"floor":51.0,"key":"REST"}],"circlet_count":0,"master_deck":["hexamod:Strike","hexamod:Strike","hexamod:Strike","hexamod:Defend+1","hexamod:Defend","hexamod:Defend","hexamod:Defend","hexamod:Sear","hexamod:Float","hexamod:AdvancingGuard+1","hexamod:HexaLevel+1","hexamod:Hexaguard","hexamod:WildfireWeapon+1","hexamod:SpectersWail","hexamod:HauntingEcho","hexamod:FirstSeal","hexamod:SecondSeal","hexamod:SpectersWail","hexamod:SpectersWail","hexamod:FirstSeal","hexamod:ParanormalForm","hexamod:HauntingEcho","hexamod:InspiringFlames+1","Replay:SS_forest_6","hexamod:FastForward","hexamod:SearingWound","hexamod:FlamesFromBeyond+1","hexamod:TimeOfNeed","hexamod:ExtraCrispy+1","hexamod:FifthSeal","hexamod:SixthSeal","hexamod:ThermalTransfer+1","hexamod:ThirdSeal","hexamod:SpectersWail+1","hexamod:FourthSeal","hexamod:Hexaguard+1","hexamod:Incineration+1","hexamod:NightmareGuise+1","hexamod:ChargedBarrage","hexamod:SpectersWail","expansioncontent:GuardianWhirl","expansioncontent:CaCaw+1","Master of Strategy","expansioncontent:Chronoboost","expansioncontent:PrepareCrush","hexamod:SpectersWail+1"],"relics":["hexamod:SpiritBrand","ReplayTheSpireMod:TigerMarble","Meat on the Bone","Replay:Wax Seal","ChewingGum","Replay:WaspNest","Happy Flower","ReplayFunnel","downfall:KnowingSkull","Fusion Hammer","downfall:HeartBlessingBlue","downfall:HeartBlessingRed","downfall:GremlinWheel","aspiration:SeaSaltIceCream","aspiration:Nostalgia","m_SnakeCloak","White Beast Statue","Garlic","Torii","downfall:HeartBlessingGreen","ReplayTheSpireMod:ShopPack","Toy Ornithopter","Bag of Preparation"],"acts_visited":["Exordium","TheCity","TheBeyond","TheEnding"],"potions_floor_usage":[56],"damage_taken":[{"damage":0.0,"enemies":"conspire:RoseBush","floor":2.0,"turns":3.0},{"damage":0.0,"enemies":"Cultist","floor":3.0,"turns":3.0},{"damage":0.0,"enemies":"Jaw Worm","floor":4.0,"turns":5.0},{"damage":58.0,"enemies":"Gremlin Nob","floor":6.0,"turns":6.0},{"damage":5.0,"enemies":"Red Slaver","floor":9.0,"turns":5.0},{"damage":0.0,"enemies":"downfall:FleeingMerchant","floor":10.0,"turns":4.0},{"damage":0.0,"enemies":"Lots of Slimes","floor":11.0,"turns":2.0},{"damage":7.0,"enemies":"2 Fungi Beasts","floor":13.0,"turns":4.0},{"damage":14.0,"enemies":"3 Sentries","floor":14.0,"turns":6.0},{"damage":10.0,"enemies":"Gremlin Gang","floor":15.0,"turns":4.0},{"damage":44.0,"enemies":"downfall:Ironclad","floor":16.0,"turns":6.0},{"damage":0.0,"enemies":"Chosen","floor":19.0,"turns":4.0},{"damage":29.0,"enemies":"Snake Plant","floor":20.0,"turns":2.0},{"damage":5.0,"enemies":"conspire:HollyBat","floor":21.0,"turns":7.0},{"damage":0.0,"enemies":"downfall:FleeingMerchant","floor":22.0,"turns":4.0},{"damage":21.0,"enemies":"Snecko","floor":23.0,"turns":5.0},{"damage":18.0,"enemies":"Cultist and Chosen","floor":25.0,"turns":7.0},{"damage":45.0,"enemies":"Chosen and Byrds","floor":26.0,"turns":7.0},{"damage":38.0,"enemies":"Slavers","floor":27.0,"turns":3.0},{"damage":9.0,"enemies":"downfall:FleeingMerchant","floor":28.0,"turns":4.0},{"damage":9.0,"enemies":"Snake Plant","floor":29.0,"turns":3.0},{"damage":33.0,"enemies":"Centurion and Healer","floor":34.0,"turns":5.0},{"damage":29.0,"enemies":"downfall:Defect","floor":35.0,"turns":6.0},{"damage":26.0,"enemies":"downfall:Defect","floor":38.0,"turns":4.0},{"damage":21.0,"enemies":"3 Darklings","floor":39.0,"turns":4.0},{"damage":24.0,"enemies":"3 Shapes","floor":40.0,"turns":5.0},{"damage":30.0,"enemies":"3 Darklings","floor":41.0,"turns":5.0},{"damage":37.0,"enemies":"Writhing Mass","floor":44.0,"turns":5.0},{"damage":10.0,"enemies":"downfall:LadyInBlue","floor":46.0,"turns":6.0},{"damage":9.0,"enemies":"Spire Growth","floor":47.0,"turns":3.0},{"damage":17.0,"enemies":"Sphere and 2 Shapes","floor":48.0,"turns":5.0},{"damage":1.0,"enemies":"downfall:FleeingMerchant","floor":49.0,"turns":3.0},{"damage":37.0,"enemies":"Reptomancer","floor":50.0,"turns":7.0},{"damage":24.0,"enemies":"Writhing Mass","floor":53.0,"turns":5.0},{"damage":5.0,"enemies":"downfall:Watcher","floor":54.0,"turns":7.0},{"damage":141,"enemies":"downfall:CharBossMerchant","floor":56,"turns":7}],"seed_played":"7865739551810463141","potions_obtained":[{"floor":5.0,"key":"PowerPotion"},{"floor":5.0,"key":"Swift Potion"},{"floor":5.0,"key":"SteroidPotion"},{"floor":9.0,"key":"Strength Potion"},{"floor":11.0,"key":"LiquidMemories"},{"floor":19.0,"key":"Swift Potion"},{"floor":20.0,"key":"AttackPotion"},{"floor":26.0,"key":"BlessingOfTheForge"},{"floor":27.0,"key":"Strength Potion"},{"floor":39.0,"key":"PowerPotion"},{"floor":40.0,"key":"SkillPotion"},{"floor":46.0,"key":"Guardian:BlockOnCardUsePotion"},{"floor":46.0,"key":"Flashbang"},{"floor":47.0,"key":"Reflective Coating"},{"floor":49.0,"key":"AttackPotion"},{"floor":50.0,"key":"Elixir"},{"floor":53.0,"key":"LiquidBronze"}],"is_trial":false,"path_per_floor":["R_BF","M","M","M","?","E","T","R","M","$","M","R","M","E","M","B",null,"R_BF","M","M","M","$","M","T","M","M","E","$","M","R","PTL","PTL","?","M","B",null,"R","?","M","M","M","PTL","PTL","M","T","?","M","M","$","E","R","$","M","B",null,"E"],"character_chosen":"THE_SPIRIT","items_purchased":["hexamod:FirstSeal","Happy Flower","Replay:SS_forest_6","hexamod:TimeOfNeed","Garlic","Regen Potion","expansioncontent:GuardianWhirl","expansioncontent:CaCaw","ReplayTheSpireMod:ShopPack","Toy Ornithopter","Bag of Preparation"],"campfire_rested":3,"item_purchase_floors":[10,22,22,28,49,49,49,52,52,52,52],"current_hp_per_floor":[84,84,84,84,84,26,26,51,46,46,46,46,51,56,53,28,84,84,84,62,71,78,71,71,75,56,37,54,52,52,52,52,45,38,35,84,94,82,68,63,67,67,67,56,56,68,66,64,63,71,91,91,77,89,91,0,0,0],"gold":48,"neow_bonus":"TWENTY_PERCENT_HP_BONUS","is_daily":false,"chose_seed":false,"campfire_upgraded":1,"win_rate":0.0,"timestamp":1608942755,"path_taken":["R_BF","M","M","M","?","E","T","R","M","$","?","R","M","E","M","BOSS","R_BF","M","M","M","$","M","T","M","M","E","$","M","R","PTL","PTL","?","M","BOSS","R","?","?","M","M","PTL","PTL","M","T","?","?","M","$","E","R","$","M","BOSS","E"],"items_purchased_type":["Card","Relic","Card","Card","Relic","Potion","Card","Card","Relic","Relic","Relic"],"build_version":"2020-12-22","purchased_purges":1,"victory":false,"max_hp_per_floor":[84,84,84,84,84,84,84,84,84,84,84,84,84,84,84,84,84,84,84,84,84,84,84,84,84,84,84,84,84,84,84,84,84,84,84,84,94,94,94,94,94,94,94,94,94,94,94,94,91,91,91,91,91,91,91,91,91,91],"card_choices":[{"not_picked":["hexamod:NightmareStrike","hexamod:InspiringFlames"],"picked":"hexamod:AdvancingGuard","floor":2.0},{"not_picked":["hexamod:FirstSeal","hexamod:ShieldOfDarkness"],"picked":"hexamod:HexaLevel","floor":3.0},{"not_picked":["hexamod:Firestarter","hexamod:BurningTouch"],"picked":"hexamod:Hexaguard","floor":4.0},{"not_picked":["hexamod:NightmareGuise","hexamod:GhostLash"],"picked":"hexamod:WildfireWeapon","floor":6.0},{"not_picked":["hexamod:Hexaguard","hexamod:CatchUp"],"picked":"hexamod:SpectersWail","floor":9.0},{"not_picked":["hexamod:ShieldOfDarkness","hexamod:Firestarter"],"picked":"hexamod:HauntingEcho","floor":10.0},{"not_picked":["hexamod:RetreatToShadows","hexamod:InspiringFlames"],"picked":"hexamod:SecondSeal","floor":11.0},{"not_picked":["hexamod:PhantomCloak","hexamod:Haunt"],"picked":"hexamod:SpectersWail","floor":13.0},{"not_picked":["hexamod:RadiantFlame","hexamod:GhostLash"],"picked":"hexamod:SpectersWail","floor":14.0},{"not_picked":["hexamod:Haunt","hexamod:StepThrough"],"picked":"hexamod:FirstSeal","floor":15.0},{"not_picked":["hexamod:VolcanoVisage","hexamod:WildfireWeapon"],"picked":"hexamod:ParanormalForm","floor":16.0},{"not_picked":["hexamod:RainOfEmbers","hexamod:RadiantFlame"],"picked":"hexamod:HauntingEcho","floor":19.0},{"not_picked":["hexamod:RetreatToShadows","hexamod:RainOfEmbers"],"picked":"hexamod:InspiringFlames+1","floor":20.0},{"not_picked":["hexamod:BurningTouch","hexamod:RainOfEmbers","hexamod:HauntingEcho"],"picked":"SKIP","floor":21.0},{"not_picked":["hexamod:InspiringFlames","hexamod:HeatMetal","hexamod:RainOfEmbers+1"],"picked":"SKIP","floor":22.0},{"not_picked":["hexamod:InspiringFlames","hexamod:RetreatToShadows","hexamod:SpectersWail"],"picked":"SKIP","floor":23.0},{"not_picked":["hexamod:HeatCrush","hexamod:NightmareStrike"],"picked":"hexamod:FastForward","floor":25.0},{"not_picked":["hexamod:GhostShield","hexamod:Haunt","hexamod:GhostOfSpirePast"],"picked":"SKIP","floor":26.0},{"not_picked":["hexamod:NightmareStrike+1","hexamod:ChargedBarrage"],"picked":"hexamod:SearingWound","floor":27.0},{"not_picked":["hexamod:WildfireWeapon","hexamod:GhostShield+1"],"picked":"hexamod:FlamesFromBeyond","floor":28.0},{"not_picked":["hexamod:Incineration","hexamod:GhostLash"],"picked":"hexamod:ExtraCrispy+1","floor":29.0},{"not_picked":["hexamod:SpectralAdrenaline","hexamod:FastForward","hexamod:PhantomFireball"],"picked":"SKIP","floor":34.0},{"not_picked":["hexamod:VolcanoVisage","hexamod:UnleashSpirits"],"picked":"hexamod:FifthSeal","floor":35.0},{"not_picked":["hexamod:SecondSeal","hexamod:FourthSeal"],"picked":"hexamod:SixthSeal","floor":39.0},{"not_picked":["hexamod:PowerFromBeyond","hexamod:Firestarter+1"],"picked":"hexamod:ThermalTransfer+1","floor":39.0},{"not_picked":["hexamod:SwordOfDarkness","hexamod:InspiringFlames+1","hexamod:GhostflameInferno"],"picked":"SKIP","floor":40.0},{"not_picked":["hexamod:SixthSeal","hexamod:SecondSeal"],"picked":"hexamod:ThirdSeal","floor":41.0},{"not_picked":["hexamod:GhostShield+1","hexamod:Firestarter"],"picked":"hexamod:SpectersWail+1","floor":41.0},{"not_picked":["hexamod:ThirdSeal","hexamod:SixthSeal"],"picked":"hexamod:FourthSeal","floor":44.0},{"not_picked":["hexamod:SpectersWail+1","hexamod:ShieldOfDarkness"],"picked":"hexamod:Hexaguard+1","floor":44.0},{"not_picked":["hexamod:StepThrough","hexamod:ParanormalForm"],"picked":"hexamod:Incineration+1","floor":44.0},{"not_picked":["Prepared","hexamod:BurningTouch"],"picked":"hexamod:NightmareGuise+1","floor":46.0},{"not_picked":["Prepared+1","hexamod:FlamesFromBeyond"],"picked":"hexamod:ChargedBarrage","floor":46.0},{"not_picked":["hexamod:RainOfEmbers","hexamod:BacktrackSmack+1","hexamod:SwordOfDarkness"],"picked":"SKIP","floor":47.0},{"not_picked":["hexamod:GhostOfSpirePast+1","hexamod:RecurringNightmare+1","hexamod:PhantomFireball+1"],"picked":"SKIP","floor":48.0},{"not_picked":["Prepared","hexamod:NightmareStrike+1","hexamod:SoulSteal"],"picked":"SKIP","floor":48.0},{"not_picked":["hexamod:RainOfEmbers+1","hexamod:NightmareGuise"],"picked":"hexamod:SpectersWail","floor":49.0},{"not_picked":["hexamod:StepThrough","hexamod:NightmareStrike","hexamod:ParanormalForm"],"picked":"SKIP","floor":50.0},{"not_picked":["Thinking Ahead","Metamorphosis"],"picked":"Master of Strategy","floor":52.0},{"not_picked":["expansioncontent:ChargeUp","PanicButton"],"picked":"expansioncontent:Chronoboost","floor":52.0},{"not_picked":["expansioncontent:AwakenDeath","Dark Shackles"],"picked":"expansioncontent:PrepareCrush","floor":52.0},{"not_picked":["Dagger Throw","hexamod:SwordOfDarkness+1"],"picked":"hexamod:SpectersWail+1","floor":53.0},{"not_picked":["hexamod:SpectersWail","hexamod:HeatShield+1","hexamod:SpectralAdrenaline+1"],"picked":"SKIP","floor":53.0}],"player_experience":699103,"relics_obtained":[{"floor":6.0,"key":"ReplayTheSpireMod:TigerMarble"},{"floor":7.0,"key":"Meat on the Bone"},{"floor":14.0,"key":"Replay:Wax Seal"},{"floor":18.0,"key":"Replay:WaspNest"},{"floor":27.0,"key":"ReplayFunnel"},{"floor":38.0,"key":"downfall:GremlinWheel"},{"floor":45.0,"key":"aspiration:SeaSaltIceCream"},{"floor":46.0,"key":"White Beast Statue"},{"floor":50.0,"key":"Torii"}],"event_choices":[{"damage_healed":0.0,"max_hp_gain":0.0,"max_hp_loss":0.0,"gold_gain":0.0,"event_name":"Lab","player_choice":"Got Potions","floor":5.0,"gold_loss":0.0,"damage_taken":0.0}],"is_beta":false,"boss_relics":[{"not_picked":["aspiration:DefectSkillbook","Kintsugi"],"picked":"ChewingGum"},{"not_picked":["Replay:Drink Me","construct:WeddingRing"],"picked":"Fusion Hammer"}],"items_purged_floors":[49],"is_endless":false,"potions_floor_spawned":[9,11,15,19,20,26,27,34,39,40,47,48,49,53],"killed_by":"downfall:CharBossMerchant","ascension_level":0}}