{"host":"5bdt6s51dmpd4l3v","time":1608983922,"event":{"mods":["AchievementEnabler","BaseMod","Colored Map","Colored Powertips","Highlight Path","Minty Spire (QoL Compilation)","Quick Restart","Rare Cards Sparkle","StSLib"],"gold_per_floor":[110,52,77,87,87,121,132,132,132,144,144,144,144,156,156,233,233,233],"floor_reached":17,"playtime":243,"items_purged":[],"score":333,"play_id":"91871878-9f30-487e-98a4-7b7cf278431d","local_time":"20201226195842","is_ascension_mode":true,"campfire_choices":[{"data":"Flex","floor":8.0,"key":"SMITH"},{"data":"Infernal Blade","floor":11.0,"key":"SMITH"},{"data":"Pommel Strike","floor":13.0,"key":"SMITH"},{"data":"Sword Boomerang","floor":15.0,"key":"SMITH"}],"circlet_count":0,"master_deck":["AscendersBane","Strike_R","Strike_R","Strike_R","Strike_R","Strike_R","Defend_R","Defend_R","Defend_R","Defend_R","Bash","Flex+1","Sword Boomerang+1","Infernal Blade+1","Pommel Strike+1","Twin Strike","Feed"],"relics":["Burning Blood","NeowsBlessing","PreservedInsect","Vajra","Darkstone Periapt","Velvet Choker"],"acts_visited":["Exordium","TheCity"],"potions_floor_usage":[],"damage_taken":[{"damage":0.0,"enemies":"Cultist","floor":1.0,"turns":1.0},{"damage":0.0,"enemies":"Small Slimes","floor":4.0,"turns":1.0},{"damage":0.0,"enemies":"3 Sentries","floor":6.0,"turns":1.0},{"damage":12.0,"enemies":"Jaw Worm","floor":7.0,"turns":2.0},{"damage":0.0,"enemies":"2 Fungi Beasts","floor":10.0,"turns":2.0},{"damage":4.0,"enemies":"Exordium Thugs","floor":14.0,"turns":3.0},{"damage":74,"enemies":"Hexaghost","floor":16,"turns":8}],"seed_played":"4918352254302182501","potions_obtained":[{"floor":4.0,"key":"SteroidPotion"},{"floor":7.0,"key":"AttackPotion"},{"floor":10.0,"key":"Weak Potion"}],"is_trial":false,"path_per_floor":["M","$","T","M","$","E","M","R","T","M","R","?","R","M","R","B",null],"character_chosen":"IRONCLAD","items_purchased":["Sword Boomerang"],"campfire_rested":0,"item_purchase_floors":[2],"current_hp_per_floor":[74,74,74,75,75,75,69,69,69,75,75,75,75,75,75,7,58,58],"gold":233,"neow_bonus":"THREE_ENEMY_KILL","is_daily":false,"chose_seed":false,"campfire_upgraded":4,"win_rate":0.0,"timestamp":1608983922,"path_taken":["M","$","?","M","$","E","M","R","T","M","R","?","R","?","R","BOSS"],"items_purchased_type":["Card"],"build_version":"2020-12-22","purchased_purges":0,"victory":false,"max_hp_per_floor":[75,75,75,75,75,75,75,75,75,75,75,75,75,75,75,75,75,75],"card_choices":[{"not_picked":["Armaments","Seeing Red"],"picked":"Flex","floor":1.0},{"not_picked":["Wild Strike","Clash"],"picked":"Infernal Blade","floor":4.0},{"not_picked":["Clash","Flex"],"picked":"Heavy Blade","floor":6.0},{"not_picked":["Rage","Cleave"],"picked":"Pommel Strike","floor":7.0},{"not_picked":["Anger","Sword Boomerang","Warcry"],"picked":"SKIP","floor":10.0},{"not_picked":["Shrug It Off","Flex"],"picked":"Twin Strike","floor":14.0},{"not_picked":["Exhume","Barricade"],"picked":"Feed","floor":16}],"player_experience":248358,"relics_obtained":[{"floor":3.0,"key":"PreservedInsect"},{"floor":6.0,"key":"Vajra"},{"floor":9.0,"key":"Darkstone Periapt"}],"event_choices":[{"cards_removed":["Heavy Blade"],"damage_healed":5.0,"max_hp_gain":0.0,"max_hp_loss":0.0,"gold_gain":0.0,"event_name":"Bonfire Elementals","player_choice":"Offered Common","floor":12.0,"gold_loss":0.0,"damage_taken":0.0},{"cards_removed":["Heavy Blade"],"damage_healed":5.0,"max_hp_gain":0.0,"max_hp_loss":0.0,"gold_gain":0.0,"event_name":"Bonfire Elementals","player_choice":"Offered Special","floor":12.0,"gold_loss":0.0,"damage_taken":0.0}],"is_beta":false,"boss_relics":[{"not_picked":["SacredBark","Black Blood"],"picked":"Velvet Choker"}],"items_purged_floors":[],"is_endless":false,"potions_floor_spawned":[4,7,10],"ascension_level":17}}