{"host":"9lyygfw3yyz0l8df","time":1608958621,"event":{"mods":["BaseMod","Colored Powertips","Minty Spire (QoL Compilation)","Quick Restart"],"gold_per_floor":[118,293,5,21,21,56,87,110,122,147,159,171,194,206,218,230,230],"floor_reached":16,"playtime":1113,"items_purged":[],"score":112,"play_id":"ebb6470f-24c6-4d5e-9af9-1508a47afb33","local_time":"20201225235701","is_ascension_mode":true,"campfire_choices":[{"floor":15,"key":"REST"}],"circlet_count":0,"master_deck":["Strike_R","Strike_R","Strike_R","Strike_R","Strike_R","Defend_R","Defend_R","Defend_R","Bash","Pommel Strike","Doubt","Armaments+1","Perfected Strike","Shrug It Off+1","Inflame","Dropkick","Flex+1","Headbutt"],"relics":["Burning Blood","Smiling Mask","Toxic Egg 2","MawBank","Sundial","Pantograph"],"acts_visited":["Exordium"],"potions_floor_usage":[13],"damage_taken":[{"damage":3,"enemies":"Small Slimes","floor":1,"turns":3},{"damage":4,"enemies":"2 Louse","floor":4,"turns":3},{"damage":44,"enemies":"Lagavulin","floor":6,"turns":6},{"damage":0,"enemies":"Jaw Worm","floor":7,"turns":3},{"damage":10,"enemies":"Blue Slaver","floor":8,"turns":3},{"damage":1,"enemies":"2 Fungi Beasts","floor":10,"turns":3},{"damage":15,"enemies":"Gremlin Gang","floor":13,"turns":7},{"damage":83,"enemies":"Hexaghost","floor":16,"turns":11}],"seed_played":"-3596734607250708884","potions_obtained":[{"floor":10,"key":"Regen Potion"}],"is_trial":false,"path_per_floor":["M","?","$","M","?","E","M","M","T","M","?","T","M","$","R","B"],"character_chosen":"IRONCLAD","items_purchased":["Toxic Egg 2","Armaments+1"],"campfire_rested":1,"item_purchase_floors":[3,3],"current_hp_per_floor":[80,80,80,80,80,42,48,44,44,49,31,31,37,37,61,0,0],"gold":230,"neow_bonus":"RANDOM_COMMON_RELIC","is_daily":false,"chose_seed":false,"campfire_upgraded":0,"win_rate":0.0,"timestamp":1608958621,"path_taken":["M","?","$","M","?","E","M","M","T","M","?","?","M","?","R","BOSS"],"items_purchased_type":["Relic","Card"],"build_version":"2020-12-22","purchased_purges":0,"victory":false,"max_hp_per_floor":[80,80,80,80,80,80,80,80,80,80,80,80,80,80,80,80,80],"card_choices":[{"not_picked":["True Grit","Sentinel"],"picked":"Pommel Strike","floor":1},{"not_picked":["Thunderclap","Disarm+1"],"picked":"Perfected Strike","floor":4},{"not_picked":["Clothesline","Warcry+1"],"picked":"Inflame","floor":6},{"not_picked":["Iron Wave","Cleave","Combust"],"picked":"SKIP","floor":7},{"not_picked":["Combust","Intimidate+1"],"picked":"Dropkick","floor":8},{"not_picked":["Heavy Blade","Body Slam"],"picked":"Flex+1","floor":10},{"not_picked":["Offering+1","Reckless Charge"],"picked":"Headbutt","floor":13}],"player_experience":189871,"relics_obtained":[{"floor":6,"key":"MawBank"},{"floor":12,"key":"Pantograph"}],"event_choices":[{"damage_healed":0,"gold_gain":175,"player_choice":"AGREE","damage_taken":0,"max_hp_gain":0,"max_hp_loss":0,"event_name":"Liars Game","floor":2,"gold_loss":0,"cards_obtained":["Doubt"]},{"damage_healed":0,"gold_gain":0,"cards_transformed":["Defend_R"],"player_choice":"Change","damage_taken":0,"max_hp_gain":0,"max_hp_loss":0,"event_name":"Living Wall","floor":5,"gold_loss":0,"cards_obtained":["Shrug It Off"]},{"damage_healed":0,"gold_gain":0,"player_choice":"Success","damage_taken":18,"relics_obtained":["Sundial"],"max_hp_gain":0,"max_hp_loss":0,"event_name":"Scrap Ooze","floor":11,"gold_loss":0}],"is_beta":false,"boss_relics":[],"items_purged_floors":[],"is_endless":false,"potions_floor_spawned":[10],"killed_by":"Hexaghost","ascension_level":2}}