{"host":"kw4o7b3ro2ktmmbe","time":1608980441,"event":{"mods":["BaseMod","Evolution","Fireblade Mod","Minty Spire (QoL Compilation)","StSLib","Treasure Hunter"],"gold_per_floor":[99,99,99,99,99,99,99,99,99,99,99,99,99,99,99,99,99,99,99,99,99,14,14,14,14,14,14,14,14,14,14,14],"floor_reached":31,"playtime":2354,"items_purged":[],"score":355,"play_id":"f7d6a53b-c436-4d1c-a64f-d9c9c10932dd","local_time":"20201227000041","is_ascension_mode":true,"campfire_choices":[{"data":"FireBladeMod:HealthyEndurance","floor":11.0,"key":"SMITH"},{"data":"FireBladeMod:ThirstForBlood","floor":13.0,"key":"SMITH"},{"data":"FireBladeMod:LayeredDefense","floor":15.0,"key":"SMITH"},{"data":"FireBladeMod:Speed","floor":23,"key":"SMITH"},{"data":"TH:CursedSword","floor":25,"key":"SMITH"},{"data":"TH:ElvenBoots","floor":28,"key":"SMITH"}],"circlet_count":0,"master_deck":["FireBladeMod:ComboSlashes","FireBladeMod:DefendFireBlade","FireBladeMod:DefendFireBlade","FireBladeMod:DefendFireBlade","FireBladeMod:DefendFireBlade","FireBladeMod:FlamingSword","FireBladeMod:FireBarrier","FireBladeMod:ComboSlashes","FireBladeMod:QuickJabs","TH:BikiniMail","FireBladeMod:EruptionSlash","FireBladeMod:SmashingEndurance","TH:CursedSword+1","TH:TreasureMap","FireBladeMod:HealthyEndurance+1","FireBladeMod:ThirstForBlood+1","FireBladeMod:LayeredDefense+1","TH:BikiniMail","FireBladeMod:AntiMagic","FireBladeMod:Swipe","FireBladeMod:Swipe","FireBladeMod:Swipe","FireBladeMod:Swipe","FireBladeMod:Swipe","FireBladeMod:QuickJabs","FireBladeMod:Speed+1","FireBladeMod:IronEndurance+1","FireBladeMod:Shove+1","TH:ElvenBoots+1","FireBladeMod:SmashingEndurance","TH:DeckOfManyThings","FireBladeMod:BattleStamina","FireBladeMod:ComboSlashes+1","Bite","Bite","Bite","Bite","Bite"],"relics":["EVO:Axolotl","Ectoplasm","Golden Idol","CeramicFish","Calipers","Sundial","Oddly Smooth Stone","FireBladeMod:TigerClaw","Du-Vu Doll","Darkstone Periapt","Potion Belt"],"acts_visited":["Exordium","TheCity"],"potions_floor_usage":[16,16,21,21,31],"damage_taken":[{"damage":0.0,"enemies":"Jaw Worm","floor":1.0,"turns":3.0},{"damage":0.0,"enemies":"Small Slimes","floor":5.0,"turns":3.0},{"damage":15.0,"enemies":"Lagavulin","floor":6.0,"turns":6.0},{"damage":0.0,"enemies":"Cultist","floor":7.0,"turns":4.0},{"damage":6.0,"enemies":"Blue Slaver","floor":8.0,"turns":3.0},{"damage":8.0,"enemies":"3 Sentries","floor":10.0,"turns":10.0},{"damage":0.0,"enemies":"3 Louse","floor":12.0,"turns":4.0},{"damage":0.0,"enemies":"2 Fungi Beasts","floor":14.0,"turns":4.0},{"damage":30,"enemies":"The Guardian","floor":16,"turns":8},{"damage":0,"enemies":"3 Byrds","floor":18,"turns":3},{"damage":5,"enemies":"Chosen","floor":20,"turns":4},{"damage":14,"enemies":"Snecko","floor":21,"turns":9},{"damage":33,"enemies":"Gremlin Leader","floor":24,"turns":9},{"damage":20,"enemies":"Chosen and Byrds","floor":27,"turns":7},{"damage":11,"enemies":"Shelled Parasite and Fungi","floor":29,"turns":7},{"damage":29,"enemies":"Slavers","floor":31,"turns":2}],"seed_played":"-8944016026790746228","potions_obtained":[{"floor":1.0,"key":"PowerPotion"},{"floor":6.0,"key":"FireBladeMod:FervorPotion"},{"floor":8.0,"key":"BlessingOfTheForge"},{"floor":10.0,"key":"Explosive Potion"},{"floor":12.0,"key":"Energy Potion"},{"floor":18,"key":"AttackPotion"},{"floor":29,"key":"FearPotion"}],"is_trial":false,"path_per_floor":["M","?","?","?","M","E","M","M","T","E","R","M","R","M","R","B",null,"M","?","M","M","?","R","E","R","T","M","R","M","?","E"],"character_chosen":"THE_FIREBLADE","items_purchased":[],"campfire_rested":0,"item_purchase_floors":[],"current_hp_per_floor":[70,53,46,51,51,36,36,30,30,22,22,30,30,38,38,16,75,75,75,75,68,68,68,42,42,42,30,30,27,27,0,0],"gold":14,"neow_bonus":"BOSS_RELIC","is_daily":false,"chose_seed":false,"campfire_upgraded":6,"win_rate":0.0,"timestamp":1608980441,"path_taken":["M","?","?","?","M","E","?","?","T","E","R","M","R","M","R","BOSS","M","?","M","M","?","R","E","R","T","M","R","M","?","E"],"items_purchased_type":[],"build_version":"2020-12-22","purchased_purges":0,"victory":false,"max_hp_per_floor":[70,70,70,75,75,75,75,75,75,75,75,75,75,75,75,75,75,75,75,75,75,75,75,75,75,75,75,75,75,52,52,52],"card_choices":[{"not_picked":["FireBladeMod:WellPrepared","FireBladeMod:Turtle"],"picked":"FireBladeMod:ComboSlashes","floor":1.0},{"not_picked":["FireBladeMod:Wildfire","FireBladeMod:ScorchingStrike"],"picked":"FireBladeMod:QuickJabs","floor":5.0},{"not_picked":["TH:DeckOfManyThings"],"picked":"TH:BikiniMail","floor":6.0},{"not_picked":["FireBladeMod:FinishingBarrage","FireBladeMod:TorsoSmash"],"picked":"FireBladeMod:EruptionSlash","floor":6.0},{"not_picked":["FireBladeMod:ComboCleave","FireBladeMod:SmokySwing"],"picked":"FireBladeMod:SmashingEndurance","floor":7.0},{"not_picked":["FireBladeMod:ComplexAttack","FireBladeMod:ComboCleave","FireBladeMod:SoulStrike"],"picked":"SKIP","floor":8.0},{"not_picked":["TH:PixieDust"],"picked":"TH:CursedSword","floor":9.0},{"not_picked":["TH:DeckOfManyThings"],"picked":"TH:TreasureMap","floor":10.0},{"not_picked":["FireBladeMod:SmokeScreen","FireBladeMod:ThirdDegree"],"picked":"FireBladeMod:HealthyEndurance","floor":10.0},{"not_picked":["FireBladeMod:StingingSlash","FireBladeMod:SpinningSmash"],"picked":"FireBladeMod:ThirstForBlood","floor":12.0},{"not_picked":["FireBladeMod:WellPrepared","FireBladeMod:ComboSlashes"],"picked":"FireBladeMod:LayeredDefense","floor":14.0},{"not_picked":["TH:Mimic"],"picked":"TH:BikiniMail","floor":16},{"not_picked":["FireBladeMod:HellFire","FireBladeMod:Ignition"],"picked":"FireBladeMod:AntiMagic","floor":16},{"not_picked":["FireBladeMod:SpinningSmash","FireBladeMod:Feint"],"picked":"FireBladeMod:QuickJabs","floor":18},{"not_picked":["FireBladeMod:ComplexAttack","FireBladeMod:ComboSlashes+1"],"picked":"FireBladeMod:IronEndurance+1","floor":20},{"not_picked":["FireBladeMod:SoulStrike","FireBladeMod:BackhandSwing"],"picked":"FireBladeMod:Shove+1","floor":21},{"not_picked":["TH:PixieDust"],"picked":"TH:ElvenBoots","floor":24},{"not_picked":["FireBladeMod:StingingSlash","FireBladeMod:Wildfire"],"picked":"FireBladeMod:SmashingEndurance","floor":24},{"not_picked":["TH:EnergyPotion"],"picked":"TH:DeckOfManyThings","floor":26},{"not_picked":["FireBladeMod:WellPrepared","FireBladeMod:FlashBang"],"picked":"FireBladeMod:BattleStamina","floor":27},{"not_picked":["FireBladeMod:MomentumStrikes","FireBladeMod:SteadyEndurance"],"picked":"FireBladeMod:ComboSlashes+1","floor":29}],"player_experience":1801876,"relics_obtained":[{"floor":6.0,"key":"Calipers"},{"floor":9.0,"key":"Sundial"},{"floor":10.0,"key":"Oddly Smooth Stone"},{"floor":24,"key":"Darkstone Periapt"},{"floor":26,"key":"Potion Belt"}],"event_choices":[{"damage_healed":0.0,"max_hp_gain":0.0,"max_hp_loss":0.0,"gold_gain":0.0,"event_name":"Golden Idol","player_choice":"Take Damage","floor":2.0,"gold_loss":0.0,"damage_taken":17.0,"relics_obtained":["Golden Idol"]},{"damage_healed":0.0,"max_hp_gain":0.0,"max_hp_loss":0.0,"gold_gain":0.0,"event_name":"Scrap Ooze","player_choice":"Success","floor":3.0,"gold_loss":0.0,"damage_taken":7.0,"relics_obtained":["CeramicFish"]},{"damage_healed":0.0,"max_hp_gain":5.0,"max_hp_loss":0.0,"gold_gain":0.0,"event_name":"Big Fish","player_choice":"Donut","floor":4.0,"gold_loss":0.0,"damage_taken":0.0},{"damage_healed":0,"gold_gain":0,"player_choice":"Read","damage_taken":0,"max_hp_gain":0,"max_hp_loss":0,"event_name":"The Library","floor":19,"gold_loss":0,"cards_obtained":["FireBladeMod:Speed"]},{"damage_healed":0,"gold_gain":0,"player_choice":"Obtained Relic","damage_taken":0,"relics_obtained":["Du-Vu Doll"],"max_hp_gain":0,"max_hp_loss":0,"event_name":"Addict","floor":22,"gold_loss":85},{"damage_healed":0,"gold_gain":0,"player_choice":"Became a vampire","damage_taken":0,"max_hp_gain":0,"max_hp_loss":23,"event_name":"Vampires","floor":30,"gold_loss":0,"cards_obtained":["Bite","Bite","Bite","Bite","Bite"]}],"is_beta":false,"boss_relics":[{"not_picked":["Philosopher\u0027s Stone","Runic Pyramid"],"picked":"FireBladeMod:TigerClaw"}],"items_purged_floors":[],"is_endless":false,"potions_floor_spawned":[1,6,8,10,12,18,29],"killed_by":"Slavers","ascension_level":1}}