{"host":"1ltt377nc7aury4n","time":1608954901,"event":{"mods":["AchievementEnabler","BaseMod","Best Route Mod","Colored Powertips","Minty Spire (QoL Compilation)","StSLib"],"gold_per_floor":[217,217,292,292,122,122,166,266,266,304,328,328,341,74,74,205,205,221,261,136,51,64,64,104,119,119,152,176,191,41,62,62,190,190,208,208,228,1,1,1,42,42,110,110,135,156,197,90,90,90],"floor_reached":51,"playtime":3275,"items_purged":["Strike_G","Defend_G","Strike_G","Strike_G","Defend_G"],"score":901,"play_id":"3261fdd1-0926-4e7b-b6c0-b97f75237c76","local_time":"20201225225501","is_ascension_mode":true,"campfire_choices":[{"floor":6,"key":"REST"},{"floor":12,"key":"REST"},{"data":"Accuracy","floor":15,"key":"SMITH"},{"data":"A Thousand Cuts","floor":23,"key":"SMITH"},{"floor":32,"key":"REST"},{"data":"Infinite Blades","floor":40,"key":"SMITH"},{"floor":44,"key":"REST"},{"floor":49,"key":"REST"}],"circlet_count":0,"master_deck":["Defend_G","Defend_G","Survivor+1","Neutralize+1","Accuracy+1","Blade Dance","Cloak And Dagger","Noxious Fumes","Blade Dance","Blur","Infinite Blades+1","A Thousand Cuts+1","Burst","Poisoned Stab+1","Deflect+1","Backflip+1","PiercingWail","Cloak And Dagger+1"],"relics":["Ring of the Snake","Golden Idol","Regal Pillow","Bird Faced Urn","Pen Nib","SlaversCollar","Red Mask","Oddly Smooth Stone","Letter Opener","HornCleat","Singing Bowl","Astrolabe","Boot","Gremlin Horn","Ninja Scroll","Strawberry","StoneCalendar"],"acts_visited":["Exordium","TheCity","TheBeyond"],"potions_floor_usage":[7,16,16,16,16,16,18,19,29,29,45,46,50],"damage_taken":[{"damage":4,"enemies":"2 Louse","floor":1,"turns":2},{"damage":7,"enemies":"Gremlin Nob","floor":7,"turns":4},{"damage":13,"enemies":"3 Sentries","floor":10,"turns":10},{"damage":0,"enemies":"Small Slimes","floor":11,"turns":3},{"damage":0,"enemies":"Cultist","floor":13,"turns":3},{"damage":6,"enemies":"Hexaghost","floor":16,"turns":6},{"damage":12,"enemies":"3 Byrds","floor":18,"turns":4},{"damage":0,"enemies":"Masked Bandits","floor":19,"turns":1},{"damage":11,"enemies":"Spheric Guardian","floor":22,"turns":3},{"damage":8,"enemies":"Book of Stabbing","floor":24,"turns":5},{"damage":23,"enemies":"Centurion and Healer","floor":25,"turns":5},{"damage":4,"enemies":"Gremlin Leader","floor":27,"turns":5},{"damage":0,"enemies":"3 Cultists","floor":28,"turns":4},{"damage":21,"enemies":"Cultist and Chosen","floor":29,"turns":6},{"damage":18,"enemies":"Snake Plant","floor":31,"turns":4},{"damage":0,"enemies":"Automaton","floor":33,"turns":6},{"damage":14,"enemies":"3 Darklings","floor":35,"turns":5},{"damage":0,"enemies":"Orb Walker","floor":37,"turns":3},{"damage":22,"enemies":"Reptomancer","floor":41,"turns":6},{"damage":0,"enemies":"Sphere and 2 Shapes","floor":45,"turns":3},{"damage":5,"enemies":"3 Darklings","floor":46,"turns":4},{"damage":43,"enemies":"Nemesis","floor":47,"turns":5},{"damage":21,"enemies":"Awakened One","floor":50,"turns":12}],"seed_played":"-3063129701129442140","potions_obtained":[{"floor":1,"key":"Strength Potion"},{"floor":10,"key":"Dexterity Potion"},{"floor":13,"key":"Regen Potion"},{"floor":18,"key":"SkillPotion"},{"floor":27,"key":"SteroidPotion"},{"floor":28,"key":"GamblersBrew"},{"floor":41,"key":"Strength Potion"},{"floor":45,"key":"SkillPotion"},{"floor":47,"key":"SkillPotion"}],"is_trial":false,"path_per_floor":["M","?","?","?","$","R","E","?","T","E","M","R","M","$","R","B",null,"M","?","$","?","M","R","E","M","T","E","M","M","$","M","R","B",null,"M","?","M","$","?","R","E","T","T","R","M","M","E","?","R","B",null],"character_chosen":"THE_SILENT","items_purchased":["Accuracy","Blade Dance","Infinite Blades","EntropicBrew","PiercingWail"],"campfire_rested":5,"item_purchase_floors":[5,5,14,14,38],"current_hp_per_floor":[66,49,38,24,24,45,38,38,38,27,31,67,70,70,70,70,70,60,62,62,62,55,55,55,40,40,44,52,41,41,31,68,78,78,68,68,74,74,74,74,62,62,62,80,80,79,53,53,91,70],"gold":90,"neow_bonus":"HUNDRED_GOLD","is_daily":false,"chose_seed":false,"campfire_upgraded":3,"win_rate":0.0,"timestamp":1608954901,"path_taken":["M","?","?","?","$","R","E","?","T","E","?","R","M","$","R","BOSS","M","?","$","?","M","R","E","M","T","E","M","M","$","M","R","BOSS","M","?","M","$","?","R","E","?","T","R","M","M","E","?","R","BOSS"],"items_purchased_type":["Card","Card","Card","Potion","Card"],"build_version":"2020-12-22","purchased_purges":5,"victory":true,"max_hp_per_floor":[70,70,70,70,70,70,70,70,70,70,70,70,70,70,70,70,70,70,70,70,70,70,70,70,70,70,70,72,74,74,76,76,78,78,80,80,82,82,78,78,80,80,80,80,80,82,91,91,91,91],"card_choices":[{"not_picked":["Choke","Prepared","Bane"],"picked":"SKIP","floor":1},{"not_picked":["Well Laid Plans","Poisoned Stab"],"picked":"Cloak And Dagger","floor":7},{"not_picked":["Unload","Leg Sweep"],"picked":"Noxious Fumes","floor":10},{"not_picked":["Skewer","Noxious Fumes"],"picked":"Blade Dance","floor":11},{"not_picked":["Calculated Gamble","Reflex"],"picked":"Blur","floor":13},{"not_picked":["Phantasmal Killer","Bullet Time"],"picked":"A Thousand Cuts","floor":16},{"not_picked":["Bane","Deadly Poison+1","Well Laid Plans+1"],"picked":"SKIP","floor":18},{"not_picked":["Slice","Bane","Leg Sweep"],"picked":"SKIP","floor":22},{"not_picked":["Reflex+1","Deadly Poison+1"],"picked":"Burst","floor":24},{"not_picked":["Poisoned Stab","Flying Knee+1","Crippling Poison+1"],"picked":"SKIP","floor":25},{"not_picked":["Quick Slash","Eviscerate"],"picked":"Storm of Steel","floor":27},{"not_picked":["Dash+1","Bane","Prepared"],"picked":"Singing Bowl","floor":28},{"not_picked":["Slice","Bane","Deflect"],"picked":"Singing Bowl","floor":29},{"not_picked":["Blur","Reflex","Sucker Punch"],"picked":"Singing Bowl","floor":31},{"not_picked":["Unload","Night Terror","Phantasmal Killer"],"picked":"Singing Bowl","floor":33},{"not_picked":["Deadly Poison+1","Tactician","Choke"],"picked":"Singing Bowl","floor":35},{"not_picked":["Dagger Throw","Terror","Bane"],"picked":"Singing Bowl","floor":37},{"not_picked":["All Out Attack+1","Skewer","Dash+1"],"picked":"Singing Bowl","floor":41},{"not_picked":["Backflip+1","Sucker Punch+1"],"picked":"Cloak And Dagger+1","floor":45},{"not_picked":["Dash","Catalyst+1","Phantasmal Killer"],"picked":"Singing Bowl","floor":46},{"not_picked":["Backflip+1","Noxious Fumes+1","Outmaneuver"],"picked":"Singing Bowl","floor":47}],"player_experience":190230,"relics_obtained":[{"floor":7,"key":"Regal Pillow"},{"floor":9,"key":"Bird Faced Urn"},{"floor":10,"key":"Pen Nib"},{"floor":19,"key":"Red Mask"},{"floor":24,"key":"Letter Opener"},{"floor":26,"key":"HornCleat"},{"floor":27,"key":"Singing Bowl"},{"floor":41,"key":"Boot"},{"floor":42,"key":"Gremlin Horn"},{"floor":43,"key":"Ninja Scroll"},{"floor":47,"key":"Strawberry"}],"event_choices":[{"damage_healed":0,"gold_gain":0,"player_choice":"Take Damage","damage_taken":17,"relics_obtained":["Golden Idol"],"max_hp_gain":0,"max_hp_loss":0,"event_name":"Golden Idol","floor":2,"gold_loss":0},{"damage_healed":0,"gold_gain":75,"player_choice":"Gather Gold","damage_taken":11,"max_hp_gain":0,"max_hp_loss":0,"event_name":"World of Goop","floor":3,"gold_loss":0},{"damage_healed":0,"gold_gain":0,"player_choice":"Entered Light","damage_taken":14,"max_hp_gain":0,"max_hp_loss":0,"event_name":"Shining Light","floor":4,"gold_loss":0,"cards_upgraded":["Survivor","Neutralize"]},{"damage_healed":0,"gold_gain":100,"player_choice":"Pray","damage_taken":0,"max_hp_gain":0,"max_hp_loss":0,"event_name":"Golden Shrine","floor":8,"gold_loss":0},{"damage_healed":0,"gold_gain":0,"player_choice":"Fought Bandits","damage_taken":0,"max_hp_gain":0,"max_hp_loss":0,"event_name":"Masked Bandits","floor":19,"gold_loss":0},{"damage_healed":0,"gold_gain":0,"player_choice":"Obtained Relic","damage_taken":0,"relics_obtained":["Oddly Smooth Stone"],"max_hp_gain":0,"max_hp_loss":0,"event_name":"Addict","floor":21,"gold_loss":85},{"cards_removed":["Storm of Steel"],"damage_healed":0,"gold_gain":0,"player_choice":"Removed Skill","damage_taken":0,"max_hp_gain":0,"max_hp_loss":0,"event_name":"Falling","floor":36,"gold_loss":0},{"damage_healed":0,"gold_gain":0,"player_choice":"Max HP","damage_taken":0,"max_hp_gain":0,"max_hp_loss":4,"event_name":"Winding Halls","floor":39,"gold_loss":0},{"damage_healed":0,"gold_gain":0,"player_choice":"Paid Gold","damage_taken":0,"relics_obtained":["StoneCalendar"],"max_hp_gain":0,"max_hp_loss":0,"event_name":"WeMeetAgain","floor":48,"gold_loss":107}],"is_beta":false,"boss_relics":[{"not_picked":["Philosopher\u0027s Stone","Tiny House"],"picked":"SlaversCollar"},{"not_picked":["Runic Dome","Runic Pyramid"],"picked":"Astrolabe"}],"items_purged_floors":[5,14,20,30,38],"is_endless":false,"potions_floor_spawned":[1,10,13,18,27,28,41,45,47],"ascension_level":2}}