{"host":"reretk0dz0kj8f1n","time":1608953266,"event":{"mods":["Arknights The Spire","BaseMod","Colored Map","Minty Spire (QoL Compilation)","StSLib"],"gold_per_floor":[110,123,140,156,171,171,171,171],"floor_reached":7,"playtime":281,"items_purged":[],"score":45,"play_id":"6e2c95ce-2264-45dc-8fee-0d15f0fb7b87","local_time":"20201226122746","is_ascension_mode":false,"campfire_choices":[{"data":"ats:Emotion Absorption","floor":6,"key":"SMITH"}],"circlet_count":0,"master_deck":["ats:Strike C","ats:Strike G","ats:Strike S","ats:Strike V","ats:Armor Crushing Shot","ats:Defend","ats:Defend","ats:Defend","ats:Defend","ats:Emotion Absorption+1","ats:Apocalypse","ats:Shell Defense"],"relics":["ats:Sanity","ats:Hidden Killer"],"acts_visited":["Exordium"],"potions_floor_usage":[7],"damage_taken":[{"damage":6,"enemies":"Cultist","floor":1,"turns":4},{"damage":12,"enemies":"2 Louse","floor":2,"turns":3},{"damage":11,"enemies":"Jaw Worm","floor":3,"turns":3},{"damage":18,"enemies":"Exordium Wildlife","floor":4,"turns":5},{"damage":24,"enemies":"2 Fungi Beasts","floor":5,"turns":5},{"damage":14,"enemies":"Gremlin Nob","floor":7,"turns":3}],"seed_played":"5350490773080247340","potions_obtained":[{"floor":4,"key":"Fire Potion"},{"floor":5,"key":"ats:Top Emergency Sanity Potion"}],"is_trial":false,"path_per_floor":["M","M","M","M","M","R","E"],"character_chosen":"DOCTOR_CLASS","items_purchased":[],"campfire_rested":0,"item_purchase_floors":[],"current_hp_per_floor":[66,58,49,33,16,16,2,2],"gold":171,"neow_bonus":"RANDOM_COMMON_RELIC","is_daily":false,"chose_seed":false,"campfire_upgraded":1,"win_rate":0.0,"timestamp":1608953266,"path_taken":["M","?","M","M","?","R","E"],"items_purchased_type":[],"build_version":"2020-12-22","purchased_purges":0,"victory":false,"max_hp_per_floor":[72,72,72,72,72,72,72,72],"card_choices":[{"not_picked":["ats:Leaping Hammer","ats:Support Order"],"picked":"ats:Apocalypse","floor":1},{"not_picked":["ats:Rapid Magazine","ats:Guardian Obelisk","ats:Burning Ground"],"picked":"SKIP","floor":2},{"not_picked":["ats:Charging Defense","ats:Ignite","ats:Childhood Dance"],"picked":"SKIP","floor":3},{"not_picked":["ats:Explosion Area Strengthen","ats:Magnetic Hammer"],"picked":"ats:Shell Defense","floor":4},{"not_picked":["ats:Assault Order","ats:Consecutive Shot Auto","ats:Blood Oath"],"picked":"SKIP","floor":5}],"player_experience":243407,"relics_obtained":[],"event_choices":[],"is_beta":false,"boss_relics":[],"items_purged_floors":[],"is_endless":false,"potions_floor_spawned":[4,5],"killed_by":"Gremlin Nob","ascension_level":0}}