{"host":"bnvydzxv0mtigk43","time":1608941267,"event":{"mods":["BaseMod","Colored Map","Downfall","Highlight Path","Minty Spire (QoL Compilation)","Permanent Neow","Relic Stats","StSLib","The Blackbeard"],"gold_per_floor":[99,113,125,136,152,162,162,437,457,457,457,470,303,453,468,468,468,468],"floor_reached":16,"playtime":588,"items_purged":[],"score":96,"play_id":"55f59c84-fbe3-4b62-a93e-9d72b32f458e","local_time":"20201226010747","is_ascension_mode":false,"campfire_choices":[{"data":"champ:Taunt","floor":1,"key":"SMITH"},{"floor":11,"key":"RECALL"}],"circlet_count":0,"master_deck":["champ:Strike","champ:Strike","champ:Strike","champ:Strike","champ:Defend","champ:Defend","champ:Defend","champ:Defend","champ:Execute","champ:Taunt+1","champ:FocusedDefense","champ:DefensiveShout","champ:TornadoPunch","champ:DefensiveShout","Regret","champ:DefensiveShout","champ:Lariat","Slimebound:Icky"],"relics":["Sozu","InkBottle","Juzu Bracelet"],"acts_visited":["Exordium"],"potions_floor_usage":[],"damage_taken":[{"damage":5,"enemies":"Jaw Worm","floor":2,"turns":4},{"damage":9,"enemies":"Cultist","floor":3,"turns":3},{"damage":8,"enemies":"Small Slimes","floor":4,"turns":3},{"damage":30,"enemies":"2 Fungi Beasts","floor":5,"turns":3},{"damage":0,"enemies":"3 Louse","floor":6,"turns":2},{"damage":18,"enemies":"Blue Slaver","floor":9,"turns":3},{"damage":17,"enemies":"Lots of Slimes","floor":12,"turns":4},{"damage":1,"enemies":"downfall:FleeingMerchant","floor":13,"turns":4},{"damage":16,"enemies":"Exordium Wildlife","floor":15,"turns":4},{"damage":33,"enemies":"downfall:Ironclad","floor":16,"turns":5}],"seed_played":"1115930311757417419","potions_obtained":[],"is_trial":false,"path_per_floor":["R","M","M","M","M","M","T","?","M","?","R","M","$","?","M","B"],"character_chosen":"THE_CHAMP","items_purchased":["Juzu Bracelet"],"campfire_rested":0,"item_purchase_floors":[13],"current_hp_per_floor":[90,90,86,83,53,53,53,53,35,65,65,48,47,47,31,0,0,0],"gold":468,"neow_bonus":"BOSS_RELIC","is_daily":false,"chose_seed":false,"campfire_upgraded":1,"win_rate":0.0,"timestamp":1608941267,"path_taken":["R","M","M","M","M","M","T","?","?","?","R","M","$","?","M","BOSS"],"items_purchased_type":["Relic"],"build_version":"2020-12-22","purchased_purges":0,"victory":false,"max_hp_per_floor":[90,90,90,90,90,90,90,90,90,90,90,90,90,90,90,90,90,90],"relic_stats":{"Sozu":4,"counters":[10,35],"Juzu Bracelet":0,"obtain_stats":[{"Sozu":0,"champ:ChampionCrown":0,"Juzu Bracelet":13,"InkBottle":7},{"Sozu":0,"champ:ChampionCrown":0,"Juzu Bracelet":8,"InkBottle":5},{"Sozu":0,"champ:ChampionCrown":0,"Juzu Bracelet":26,"InkBottle":15}],"InkBottle":[6]},"card_choices":[{"not_picked":["champ:Backstep","champ:EndlessRage"],"picked":"champ:FocusedDefense","floor":2},{"not_picked":["champ:BladeFlurry","champ:Haymaker","champ:CrownThrow"],"picked":"SKIP","floor":3},{"not_picked":["champ:BringItOn","champ:BerserkerStyle"],"picked":"champ:DefensiveShout","floor":4},{"not_picked":["champ:ShieldWall","champ:PerfectedStrike"],"picked":"champ:TornadoPunch","floor":5},{"not_picked":["champ:FlashCut","champ:Duel"],"picked":"champ:DefensiveShout","floor":6},{"not_picked":["champ:BringItOn","champ:Backstep","champ:FlashCut"],"picked":"SKIP","floor":9},{"not_picked":["champ:FanOfKnives","champ:Backstep"],"picked":"champ:DefensiveShout","floor":12},{"not_picked":["champ:Haymaker","champ:TornadoPunch"],"picked":"champ:Lariat","floor":13},{"not_picked":["champ:StanceDance","champ:GutPunch","champ:DeathBlow"],"picked":"SKIP","floor":15}],"player_experience":544532,"relics_obtained":[{"floor":7,"key":"InkBottle"}],"event_choices":[{"damage_healed":30,"gold_gain":0,"player_choice":"Banana","damage_taken":0,"max_hp_gain":0,"max_hp_loss":0,"event_name":"Big Fish","floor":10,"gold_loss":0}],"is_beta":false,"boss_relics":[],"items_purged_floors":[],"is_endless":false,"potions_floor_spawned":[4,6,9,12],"killed_by":"downfall:Ironclad","ascension_level":0}}