{"host":"kw4o7b3ro2ktmmbe","time":1608945619,"event":{"mods":["BaseMod","Evolution","Minty Spire (QoL Compilation)","StSLib","Treasure Hunter"],"gold_per_floor":[119,119,135,135,210,238,238,273,300,301,301],"floor_reached":10,"playtime":804,"items_purged":[],"score":168,"play_id":"7911831e-71b4-4d02-9ac7-a9a3a46a717b","local_time":"20201226142019","is_ascension_mode":true,"campfire_choices":[{"data":"Eruption","floor":7.0,"key":"SMITH"}],"circlet_count":0,"master_deck":["AscendersBane","Strike_P","Strike_P","Strike_P","Strike_P","Defend_P+1","Defend_P","Defend_P","Eruption+1","Vigilance","MentalFortress","JustLucky","Omniscience+1","TH:BikiniMail","Conclude","TH:CopperCoins","FollowUp","TH:CursedSword"],"relics":["EVO:Axolotl","SacredBark","FaceOfCleric","War Paint","Potion Belt","Bag of Marbles"],"acts_visited":["Exordium"],"potions_floor_usage":[10],"damage_taken":[{"damage":8.0,"enemies":"Jaw Worm","floor":1.0,"turns":5.0},{"damage":0.0,"enemies":"Cultist","floor":3.0,"turns":3.0},{"damage":0.0,"enemies":"3 Sentries","floor":6.0,"turns":12.0},{"damage":30.0,"enemies":"Gremlin Nob","floor":8.0,"turns":3.0},{"damage":15,"enemies":"Lagavulin","floor":10,"turns":5}],"seed_played":"8581309746991506630","potions_obtained":[{"floor":1.0,"key":"EssenceOfSteel"},{"floor":8.0,"key":"LiquidMemories"}],"is_trial":false,"path_per_floor":["M","?","M","?","?","E","R","E","T","E"],"character_chosen":"WATCHER","items_purchased":[],"campfire_rested":0,"item_purchase_floors":[],"current_hp_per_floor":[53,53,54,54,43,44,44,15,15,0,0],"gold":301,"neow_bonus":"BOSS_RELIC","is_daily":false,"chose_seed":false,"campfire_upgraded":1,"win_rate":0.0,"timestamp":1608945619,"path_taken":["M","?","?","?","?","E","R","E","T","E"],"items_purchased_type":[],"build_version":"2020-12-22","purchased_purges":0,"victory":false,"max_hp_per_floor":[68,68,69,69,69,70,70,71,71,71,71],"card_choices":[{"not_picked":["SignatureMove","Study"],"picked":"MentalFortress","floor":1.0},{"not_picked":["CutThroughFate","Study"],"picked":"JustLucky","floor":3.0},{"not_picked":["TH:CopperCoins"],"picked":"TH:BikiniMail","floor":6.0},{"not_picked":["FollowUp","Halt"],"picked":"Conclude","floor":6.0},{"not_picked":["TH:Mimic"],"picked":"TH:CopperCoins","floor":8.0},{"not_picked":["FlurryOfBlows","Protect"],"picked":"FollowUp","floor":8.0},{"not_picked":["TH:EnergyPotion"],"picked":"TH:CursedSword","floor":9.0}],"player_experience":1754866,"relics_obtained":[{"floor":6.0,"key":"War Paint"},{"floor":8.0,"key":"Potion Belt"},{"floor":9.0,"key":"Bag of Marbles"}],"event_choices":[{"damage_healed":0.0,"max_hp_gain":0.0,"max_hp_loss":0.0,"gold_gain":0.0,"event_name":"FaceTrader","player_choice":"Trade","floor":2.0,"gold_loss":0.0,"damage_taken":0.0,"relics_obtained":["FaceOfCleric"]},{"damage_healed":0.0,"max_hp_gain":0.0,"max_hp_loss":0.0,"gold_gain":0.0,"cards_transformed":["Defend_P"],"event_name":"Living Wall","player_choice":"Change","floor":4.0,"gold_loss":0.0,"damage_taken":0.0,"cards_obtained":["Omniscience"]},{"damage_healed":0.0,"max_hp_gain":0.0,"max_hp_loss":0.0,"gold_gain":75.0,"event_name":"World of Goop","player_choice":"Gather Gold","floor":5.0,"gold_loss":0.0,"damage_taken":11.0}],"is_beta":false,"boss_relics":[],"items_purged_floors":[],"is_endless":false,"potions_floor_spawned":[1,8],"killed_by":"Lagavulin","ascension_level":14}}