{"host":"ln6xh2dj126ndm3e","time":1608941468,"event":{"mods":["AchievementEnabler","Aspiration","Astrologer","BaseMod","Better Altar","Better Match","Better Note","Better Sensory Stone","Better Skull","Better Third Choice","BetterRewards","CCEM","Colored Map","Conspire","GifTheSpireLib","Halation","Highlight Path","Hubris","Infinite Spire","Minty Spire (QoL Compilation)","Permanent Neow","Replay The Spire","Shop Mod","Spicy Shops","StSLib","Unceasing Turn Reminder"],"gold_per_floor":[109,120,139,139,15,15,31,48,73,89,110,110,130,155,155,278,278,291,126,126,126,140,140,159,159,159],"floor_reached":25,"playtime":1789,"items_purged":[],"score":197,"play_id":"1af87563-a447-46bb-9afe-db4d039d7534","local_time":"20201225181108","is_ascension_mode":false,"campfire_choices":[{"floor":6,"key":"REST"},{"floor":15,"key":"REST"},{"floor":23,"key":"REST"}],"circlet_count":0,"master_deck":["Strike_G","Strike_G","Strike_G","Strike_G","Strike_G","Defend_G","Defend_G","Defend_G","Defend_G","Defend_G","Survivor","Neutralize","Poisoned Stab","Leg Sweep","Poisoned Stab","Fluid Movement","Slice","Deadly Poison","Bane","Deflect","Crippling Poison","Bouncing Flask","Flechettes+1","Noxious Fumes","Concentrate","Dagger Spray+1"],"relics":["Ring of the Snake","Toy Ornithopter","Replay:Mystery Machine","Oddly Smooth Stone","Odd Mushroom","Golden Idol","Philosopher\u0027s Stone"],"acts_visited":["Exordium","TheCity"],"potions_floor_usage":[16,16],"damage_taken":[{"damage":5,"enemies":"Cultist","floor":1,"turns":4},{"damage":0,"enemies":"Jaw Worm","floor":2,"turns":4},{"damage":0,"enemies":"Small Slimes","floor":3,"turns":7},{"damage":5,"enemies":"Exordium Wildlife","floor":7,"turns":6},{"damage":7,"enemies":"Looter","floor":8,"turns":4},{"damage":0,"enemies":"Blue Slaver","floor":10,"turns":4},{"damage":6,"enemies":"The Mushroom Lair","floor":11,"turns":7},{"damage":0,"enemies":"Red Slaver","floor":13,"turns":3},{"damage":1,"enemies":"conspire:2 RoseBushes","floor":14,"turns":4},{"damage":12,"enemies":"The Guardian","floor":16,"turns":8},{"damage":28,"enemies":"conspire:FuzzyDice","floor":18,"turns":5},{"damage":23,"enemies":"Shell Parasite","floor":22,"turns":5},{"damage":26,"enemies":"Chosen and Byrds","floor":24,"turns":6},{"damage":12,"enemies":"Snake Plant","floor":25,"turns":1}],"seed_played":"7688427576788932328","potions_obtained":[{"floor":3,"key":"Poison Potion"},{"floor":8,"key":"SteroidPotion"},{"floor":11,"key":"Ancient Potion"},{"floor":13,"key":"Weak Potion"},{"floor":18,"key":"Poison Potion"}],"is_trial":false,"path_per_floor":["M","M","M","?","$","R","M","M","T","M","?","?","M","M","R","B",null,"M","$","$","?","M","R","M","M"],"character_chosen":"THE_SILENT","items_purchased":["Fluid Movement","Slice","Noxious Fumes","Concentrate"],"campfire_rested":3,"item_purchase_floors":[5,5,19,19],"current_hp_per_floor":[65,65,65,53,53,70,65,58,58,58,52,52,52,51,65,53,65,37,37,37,37,14,33,7,0,0],"gold":159,"neow_bonus":"RANDOM_COMMON_RELIC","is_daily":false,"chose_seed":false,"campfire_upgraded":0,"win_rate":0.0,"timestamp":1608941468,"path_taken":["M","?","M","?","?","R","M","M","T","M","?","?","M","?","R","BOSS","M","?","$","?","M","R","M","M"],"items_purchased_type":["Card","Card","Card","Card"],"build_version":"2020-12-22","purchased_purges":0,"victory":false,"max_hp_per_floor":[70,70,70,70,70,70,70,70,70,70,70,65,65,65,65,65,65,65,65,65,65,65,65,65,65,65],"card_choices":[{"not_picked":["Riddle With Holes","Expertise"],"picked":"Poisoned Stab","floor":1},{"not_picked":["Deflect","Catalyst"],"picked":"Leg Sweep","floor":2},{"not_picked":["Blur","Bane"],"picked":"Poisoned Stab","floor":3},{"not_picked":["Flying Knee","Sucker Punch"],"picked":"Deadly Poison","floor":7},{"not_picked":["Expertise","Cloak And Dagger","Quick Slash"],"picked":"SKIP","floor":8},{"not_picked":["Malaise","ReplayTheSpireMod:Tripwire"],"picked":"Bane","floor":10},{"not_picked":["Finisher","Bane"],"picked":"Deflect","floor":11},{"not_picked":["Outmaneuver","Poisoned Stab"],"picked":"Crippling Poison","floor":13},{"not_picked":["Finisher","Well Laid Plans"],"picked":"Bouncing Flask","floor":14},{"not_picked":["Infinite Blades","Terror"],"picked":"Flechettes+1","floor":18},{"not_picked":["Quick Slash","Blade Dance+1","Deflect"],"picked":"SKIP","floor":22},{"not_picked":["Acrobatics","Calculated Gamble"],"picked":"Dagger Spray+1","floor":24}],"player_experience":457547,"relics_obtained":[{"floor":9,"key":"Oddly Smooth Stone"},{"floor":11,"key":"Odd Mushroom"}],"event_choices":[{"damage_healed":0,"gold_gain":1,"player_choice":"Relic ","damage_taken":12,"max_hp_gain":0,"max_hp_loss":0,"event_name":"betterThird:BetterScrap","floor":4,"gold_loss":0,"cards_obtained":["Searing Blow"]},{"damage_healed":0,"gold_gain":0,"player_choice":"Fought Mushrooms","damage_taken":0,"max_hp_gain":0,"max_hp_loss":0,"event_name":"Mushrooms","floor":11,"gold_loss":0},{"damage_healed":0,"gold_gain":0,"player_choice":"Lose Max HP","damage_taken":0,"relics_obtained":["Golden Idol"],"max_hp_gain":0,"max_hp_loss":5,"event_name":"Golden Idol","floor":12,"gold_loss":0},{"damage_healed":0,"gold_gain":0,"player_choice":"Ignored","damage_taken":0,"max_hp_gain":0,"max_hp_loss":0,"event_name":"betterNote:BetterNote","floor":21,"gold_loss":0,"cards_obtained":["Strike_G"]}],"is_beta":false,"boss_relics":[{"not_picked":["Replay:Ancient Bell","Ring of Chaos"],"picked":"Philosopher\u0027s Stone"}],"items_purged_floors":[],"is_endless":false,"potions_floor_spawned":[3,8,11,13,18],"killed_by":"Snake Plant","ascension_level":0}}