{"host":"7cp3z5w0tcrrm8ys","time":1608979602,"event":{"mods":["AchievementEnabler","BaseMod","DeckTracker","Minty Spire (QoL Compilation)","StSLib","SuperFastMode"],"gold_per_floor":[13,13,163,163,10,10,41,52,77,112,123,123,137,148,148,222,222,242,28,28,28,28,28,42,42,42,42,42],"floor_reached":27,"playtime":503,"items_purged":["Strike_R","Headbutt+1"],"score":438,"play_id":"91ccf246-4484-460c-b7c9-b8d5b94d0785","local_time":"20201226194642","is_ascension_mode":true,"campfire_choices":[{"data":"Whirlwind","floor":6,"key":"SMITH"},{"data":"Rage","floor":12,"key":"SMITH"},{"data":"Armaments","floor":15,"key":"SMITH"},{"data":"RitualDagger","floor":23,"key":"SMITH"},{"floor":25,"key":"REST"}],"circlet_count":0,"master_deck":["AscendersBane","Defend_R","Defend_R","Defend_R","Bash+1","Anger","Whirlwind+1","Reaper","Rage+1","Armaments+1","Shrug It Off+1","Cleave+1","RitualDagger+1","Power Through"],"relics":["Burning Blood","Self Forming Clay","Anchor","Unceasing Top","Astrolabe","Pear"],"acts_visited":["Exordium","TheCity"],"potions_floor_usage":[7,10,16,16,24,24],"damage_taken":[{"damage":4,"enemies":"Jaw Worm","floor":1,"turns":6},{"damage":48,"enemies":"Lagavulin","floor":7,"turns":8},{"damage":10,"enemies":"2 Louse","floor":8,"turns":2},{"damage":26,"enemies":"Gremlin Nob","floor":10,"turns":4},{"damage":2,"enemies":"Small Slimes","floor":11,"turns":5},{"damage":0,"enemies":"3 Louse","floor":13,"turns":1},{"damage":0,"enemies":"Looter","floor":14,"turns":2},{"damage":25,"enemies":"Hexaghost","floor":16,"turns":7},{"damage":38,"enemies":"Chosen","floor":18,"turns":6},{"damage":0,"enemies":"3 Byrds","floor":24,"turns":3},{"damage":90,"enemies":"Book of Stabbing","floor":27,"turns":8}],"seed_played":"-5144900787978465034","potions_obtained":[{"floor":7,"key":"Fruit Juice"},{"floor":8,"key":"Dexterity Potion"},{"floor":13,"key":"PowerPotion"},{"floor":14,"key":"LiquidBronze"}],"is_trial":false,"path_per_floor":["M","?","?","?","$","R","E","M","T","E","M","R","M","M","R","B",null,"M","$","?","?","$","R","M","R","T","E"],"character_chosen":"IRONCLAD","items_purchased":["Whirlwind","AttackPotion","Strength Potion"],"campfire_rested":1,"item_purchase_floors":[5,19,19],"current_hp_per_floor":[70,70,70,63,63,63,26,28,28,8,20,20,26,32,32,26,67,39,39,39,33,33,33,48,72,82,0,0],"gold":42,"neow_bonus":"REMOVE_TWO","is_daily":false,"chose_seed":false,"campfire_upgraded":4,"win_rate":0.0,"timestamp":1608979602,"path_taken":["M","?","?","?","$","R","E","M","T","E","M","R","?","M","R","BOSS","M","$","?","?","?","R","M","R","T","E"],"items_purchased_type":["Card","Potion","Potion"],"build_version":"2020-12-22","purchased_purges":2,"victory":false,"max_hp_per_floor":[75,75,75,75,75,75,80,80,80,80,80,80,80,80,80,80,80,80,80,80,80,80,80,80,80,90,90,90],"card_choices":[{"not_picked":["Shockwave","Sever Soul"],"picked":"Anger","floor":1},{"not_picked":["Clash","Thunderclap"],"picked":"Reaper","floor":7},{"not_picked":["Clothesline","Armaments","Havoc"],"picked":"SKIP","floor":8},{"not_picked":["Warcry","Fire Breathing","Rage"],"picked":"SKIP","floor":10},{"not_picked":["True Grit","Bloodletting"],"picked":"Rage","floor":11},{"not_picked":["Clash","Thunderclap"],"picked":"Armaments","floor":13},{"not_picked":["Flex","Clash","Dual Wield"],"picked":"SKIP","floor":14},{"not_picked":["True Grit","Cleave","Feel No Pain"],"picked":"SKIP","floor":18},{"not_picked":["Reckless Charge","Disarm"],"picked":"Power Through","floor":24}],"player_experience":793261,"relics_obtained":[{"floor":7,"key":"Self Forming Clay"},{"floor":9,"key":"Anchor"},{"floor":10,"key":"Unceasing Top"},{"floor":26,"key":"Pear"}],"event_choices":[{"damage_healed":0,"gold_gain":0,"player_choice":"Grow","damage_taken":0,"max_hp_gain":0,"max_hp_loss":0,"event_name":"Living Wall","floor":2,"gold_loss":0,"cards_upgraded":["Bash"]},{"damage_healed":0,"gold_gain":150,"player_choice":"AGREE","damage_taken":0,"max_hp_gain":0,"max_hp_loss":0,"event_name":"Liars Game","floor":3,"gold_loss":0,"cards_obtained":["Doubt"]},{"cards_removed":["Doubt"],"damage_healed":0,"gold_gain":0,"player_choice":"Card Removal","damage_taken":7,"max_hp_gain":0,"max_hp_loss":0,"event_name":"Golden Wing","floor":4,"gold_loss":0},{"damage_healed":0,"gold_gain":0,"player_choice":"Ignored","damage_taken":0,"max_hp_gain":0,"max_hp_loss":0,"event_name":"Vampires","floor":20,"gold_loss":0},{"damage_healed":0,"gold_gain":0,"player_choice":"Joined the Cult","damage_taken":6,"max_hp_gain":0,"max_hp_loss":0,"event_name":"Nest","floor":21,"gold_loss":0,"cards_obtained":["RitualDagger"]}],"is_beta":false,"boss_relics":[{"not_picked":["Mark of Pain","Ectoplasm"],"picked":"Astrolabe"}],"items_purged_floors":[5,19],"is_endless":false,"potions_floor_spawned":[7,8,13,14],"killed_by":"Book of Stabbing","ascension_level":20}}