{"host":"dbo0lztt1pyfwysk","time":1608993962,"event":{"mods":["Act Like it!","BaseMod","Conspire","Downfall","Gensokyo","GifTheSpireLib","Hubris","Infinite Spire","KinomotoSakuraMod(????)","Koishi","Luminous","Marisa????????","Minty Spire (QoL Compilation)","Prisma Mod","Remilia??????","Replay The Spire","Shade Mod","Shop Mod","StSLib","The Gatherer"],"gold_per_floor":[117,135,135,155,155,155,13,39,39,39,58,58,77,93,93,191,191,206,206,206,294,194,194,194],"floor_reached":23,"playtime":1240,"items_purged":["Strike_B","Strike_B"],"score":208,"play_id":"4266ec7d-7b3f-46a4-b5e6-acea57922eb7","local_time":"20201226154602","is_ascension_mode":true,"campfire_choices":[{"data":"Auto Shields","floor":6,"key":"SMITH"},{"data":"Cold Snap","floor":10,"key":"SMITH"},{"data":"Cold Snap","floor":12,"key":"SMITH"},{"data":"Gash","floor":15,"key":"SMITH"}],"circlet_count":0,"master_deck":["Defend_B","Defend_B","Defend_B","Defend_B","Dualcast","Auto Shields+1","Gash+1","Cold Snap+1","Blizzard","Cold Snap+1","Gash+1","Envy_TH","Defragment"],"relics":["Cracked Core","NeowsBlessing","conspire:Dentures","hubris:SphereOfDissonance","Ancient Tea Set"],"acts_visited":["Exordium","TheCity"],"potions_floor_usage":[8],"damage_taken":[{"damage":0,"enemies":"infinitespire:Voidling","floor":1,"turns":1},{"damage":0,"enemies":"Small Slimes","floor":2,"turns":1},{"damage":0,"enemies":"Cultist","floor":4,"turns":1},{"damage":8,"enemies":"Lagavulin","floor":8,"turns":9},{"damage":6,"enemies":"Large Slime","floor":11,"turns":4},{"damage":4,"enemies":"Exordium Thugs","floor":13,"turns":4},{"damage":0,"enemies":"3 Louse","floor":14,"turns":5},{"damage":12,"enemies":"Slime Boss","floor":16,"turns":11},{"damage":17,"enemies":"conspire:FuzzyDice","floor":18,"turns":8},{"damage":24,"enemies":"Slavers","floor":23,"turns":1}],"seed_played":"8614568225351479766","potions_obtained":[{"floor":2,"key":"Dexterity Potion"},{"floor":14,"key":"Ancient Potion"}],"is_trial":false,"path_per_floor":["M","M","?","M","?","R","$","E","T","R","M","R","M","M","R","B",null,"M","?","?","?","$","E"],"character_chosen":"DEFECT","items_purchased":["Blizzard"],"campfire_rested":0,"item_purchase_floors":[7],"current_hp_per_floor":[75,75,75,75,75,75,75,67,67,67,61,61,57,57,57,45,75,58,58,44,24,24,0,0],"gold":194,"neow_bonus":"THREE_ENEMY_KILL","is_daily":false,"chose_seed":false,"campfire_upgraded":4,"win_rate":0.0,"timestamp":1608993962,"path_taken":["M","?","?","?","?","R","?","E","T","R","M","R","M","?","R","BOSS","M","?","?","?","$","E"],"items_purchased_type":["Card"],"build_version":"2020-12-22","purchased_purges":2,"victory":false,"max_hp_per_floor":[75,75,75,75,75,75,75,75,75,75,75,75,75,75,75,75,75,75,75,80,80,80,80,80],"card_choices":[{"not_picked":["Hologram","Turbo"],"picked":"Auto Shields","floor":1},{"not_picked":["Leap","ReplayTheSpireMod:Reroute Power"],"picked":"Gash","floor":2},{"not_picked":["Rebound","Streamline"],"picked":"Cold Snap","floor":4},{"not_picked":["Steam","Barrage","Compile Driver"],"picked":"SKIP","floor":8},{"not_picked":["Compile Driver","Stack"],"picked":"Cold Snap","floor":11},{"not_picked":["ReplaySort","Static Discharge","Rebound"],"picked":"SKIP","floor":13},{"not_picked":["Double Energy","Hologram"],"picked":"Gash","floor":14},{"not_picked":["Fusion","Heatsinks","Hello World"],"picked":"SKIP","floor":18},{"not_picked":["Beam Cell","Leap+1"],"picked":"Defragment","floor":21}],"player_experience":612543,"relics_obtained":[{"floor":8,"key":"conspire:Dentures"},{"floor":9,"key":"hubris:SphereOfDissonance"},{"floor":21,"key":"Ancient Tea Set"}],"event_choices":[{"damage_healed":0,"gold_gain":0,"player_choice":"Upgraded","damage_taken":0,"max_hp_gain":0,"max_hp_loss":0,"event_name":"Upgrade Shrine","floor":3,"gold_loss":0,"cards_upgraded":["Gash"]},{"cards_removed":["Zap"],"damage_healed":0,"gold_gain":0,"player_choice":"Offered Basic","damage_taken":0,"max_hp_gain":0,"max_hp_loss":0,"event_name":"Bonfire Elementals","floor":5,"gold_loss":0},{"damage_healed":0,"gold_gain":0,"player_choice":"Shed Blood","damage_taken":19,"max_hp_gain":5,"max_hp_loss":0,"event_name":"Forgotten Altar","floor":20,"gold_loss":0}],"is_beta":false,"boss_relics":[{"not_picked":["Honey Jar","Abe\u0027s Treasure","Calling Bell"]}],"items_purged_floors":[7,22],"is_endless":false,"potions_floor_spawned":[2,14],"killed_by":"Slavers","ascension_level":2}}