{"host":"Sereno","time":1608957053,"event":{"mods":["AchievementEnabler","BaseMod","Better Third Choice","Colored Map","Colored Powertips","DeckTracker","Friendly Minions","Highlight Path","Minty Spire (QoL Compilation)","Quick Restart","Random Character Button","Relic Stats","StSLib","Unceasing Turn Reminder"],"gold_per_floor":[114,128,128,141,91,91,91,119,146,175,175,192,80,80,80,80,80],"floor_reached":16,"playtime":539,"items_purged":["Strike_G"],"score":184,"play_id":"0cd7c8ba-7cef-4a4c-820b-614d215ef6b4","local_time":"20201225233053","is_ascension_mode":true,"campfire_choices":[{"data":"Neutralize","floor":6,"key":"SMITH"},{"data":"Bouncing Flask","floor":11,"key":"SMITH"},{"data":"Footwork","floor":15,"key":"SMITH"}],"circlet_count":0,"master_deck":["AscendersBane","Strike_G","Strike_G","Strike_G","Defend_G","Defend_G","Defend_G","Defend_G","Survivor","Neutralize+1","Dash","Outmaneuver","Bouncing Flask+1","Footwork+1"],"relics":["Ring of the Snake","NeowsBlessing","PreservedInsect","Peace Pipe","Dream Catcher","Toy Ornithopter"],"acts_visited":["Exordium"],"potions_floor_usage":[8,8,10,16],"damage_taken":[{"damage":0,"enemies":"Jaw Worm","floor":1,"turns":1},{"damage":0,"enemies":"Small Slimes","floor":2,"turns":1},{"damage":0,"enemies":"Cultist","floor":4,"turns":1},{"damage":6,"enemies":"Lagavulin","floor":8,"turns":8},{"damage":2,"enemies":"Gremlin Nob","floor":10,"turns":4},{"damage":8,"enemies":"Large Slime","floor":12,"turns":7},{"damage":65,"enemies":"Slime Boss","floor":16,"turns":10}],"seed_played":"-3575082191587441781","potions_obtained":[{"floor":1,"key":"Block Potion"},{"floor":2,"key":"Block Potion"},{"floor":8,"key":"ColorlessPotion"},{"floor":10,"key":"SmokeBomb"},{"floor":12,"key":"Fire Potion"}],"is_trial":false,"path_per_floor":["M","M","?","M","?","R","T","E","T","E","R","M","$","?","R","B"],"character_chosen":"THE_SILENT","items_purchased":["Footwork"],"campfire_rested":0,"item_purchase_floors":[13],"current_hp_per_floor":[59,59,52,52,52,52,52,46,46,44,44,36,36,58,58,0,0],"gold":80,"neow_bonus":"THREE_ENEMY_KILL","is_daily":false,"chose_seed":false,"campfire_upgraded":3,"win_rate":0.0,"timestamp":1608957053,"path_taken":["M","M","?","M","?","R","?","E","T","E","R","M","$","?","R","BOSS"],"items_purchased_type":["Card"],"build_version":"2020-12-18","purchased_purges":1,"victory":false,"max_hp_per_floor":[66,66,66,66,66,66,66,66,66,66,66,66,66,66,66,66,66],"relic_stats":{"Peace Pipe":0,"Dream Catcher":0,"counters":[7,32],"PreservedInsect":52,"obtain_stats":[{"Peace Pipe":8,"Dream Catcher":9,"NeowsBlessing":0,"PreservedInsect":7,"Toy Ornithopter":10,"Ring of the Snake":0},{"Peace Pipe":4,"Dream Catcher":4,"NeowsBlessing":0,"PreservedInsect":3,"Toy Ornithopter":5,"Ring of the Snake":0},{"Peace Pipe":11,"Dream Catcher":11,"NeowsBlessing":0,"PreservedInsect":3,"Toy Ornithopter":15,"Ring of the Snake":0}],"Toy Ornithopter":5,"Ring of the Snake":[14]},"card_choices":[{"not_picked":["Expertise","Bane"],"picked":"Dash","floor":1},{"not_picked":["Deadly Poison","PiercingWail","Well Laid Plans"],"picked":"SKIP","floor":2},{"not_picked":["Prepared","Distraction"],"picked":"Outmaneuver","floor":4},{"not_picked":["Cloak And Dagger","Underhanded Strike","Catalyst"],"picked":"SKIP","floor":8},{"not_picked":["Terror","Noxious Fumes"],"picked":"Bouncing Flask","floor":10},{"not_picked":["Acrobatics","Setup","Prepared"],"picked":"SKIP","floor":12}],"player_experience":1831689,"relics_obtained":[{"floor":7,"key":"PreservedInsect"},{"floor":8,"key":"Peace Pipe"},{"floor":9,"key":"Dream Catcher"},{"floor":10,"key":"Toy Ornithopter"}],"event_choices":[{"cards_removed":["Strike_G"],"damage_healed":0,"gold_gain":0,"player_choice":"Card Removal","damage_taken":7,"max_hp_gain":0,"max_hp_loss":0,"event_name":"Golden Wing","floor":3,"gold_loss":0},{"cards_removed":["Defend_G"],"damage_healed":0,"gold_gain":0,"player_choice":"Card Removal","damage_taken":0,"max_hp_gain":0,"max_hp_loss":0,"event_name":"The Cleric","floor":5,"gold_loss":50},{"damage_healed":22,"gold_gain":0,"player_choice":"Banana","damage_taken":0,"max_hp_gain":0,"max_hp_loss":0,"event_name":"Big Fish","floor":14,"gold_loss":0}],"is_beta":true,"boss_relics":[],"items_purged_floors":[13],"is_endless":false,"potions_floor_spawned":[1,2,8,10,12],"killed_by":"Slime Boss","ascension_level":14}}