{"host":"4nqeo0vu1vuav7gg","time":1608979218,"event":{"mods":["AchievementEnabler","BaseMod","Block Reminder","Colored Map","Colored Powertips","Highlight Path","Minty Spire (QoL Compilation)","Quick Restart","Rare Cards Sparkle","Relic Relevance Reorder","StSLib"],"gold_per_floor":[113,113,130,150,71,101,101,136,136,136,136,154,119,119,119,192,192,202,202,213,213,213],"floor_reached":21,"playtime":762,"items_purged":[],"score":346,"play_id":"0163c954-8b64-4995-b326-c2cb2bf2ac69","local_time":"20201226114018","is_ascension_mode":true,"campfire_choices":[{"floor":7.0,"key":"REST"},{"floor":10.0,"key":"REST"},{"data":"Zap","floor":15.0,"key":"SMITH"}],"circlet_count":0,"master_deck":["AscendersBane","Strike_B","Strike_B","Defend_B","Defend_B","Defend_B","Defend_B","Zap+1","Dualcast","Machine Learning","Go for the Eyes","Sunder","Thunder Strike","Capacitor","Auto Shields","Ball Lightning","Conserve Battery","Hyperbeam","Cold Snap","Chill+1"],"relics":["Cracked Core","Kunai","Runic Pyramid","Question Card","Potion Belt"],"acts_visited":["Exordium","TheCity"],"potions_floor_usage":[18],"damage_taken":[{"damage":7.0,"enemies":"Jaw Worm","floor":1.0,"turns":4.0},{"damage":0.0,"enemies":"2 Louse","floor":3.0,"turns":2.0},{"damage":0.0,"enemies":"Small Slimes","floor":4.0,"turns":2.0},{"damage":25.0,"enemies":"3 Sentries","floor":6.0,"turns":7.0},{"damage":35.0,"enemies":"Gremlin Nob","floor":8.0,"turns":5.0},{"damage":2.0,"enemies":"Exordium Wildlife","floor":12.0,"turns":4.0},{"damage":35.0,"enemies":"Slime Boss","floor":16.0,"turns":8.0},{"damage":24,"enemies":"2 Thieves","floor":18,"turns":3},{"damage":28,"enemies":"Spheric Guardian","floor":20,"turns":6},{"damage":8,"enemies":"Snake Plant","floor":21,"turns":1}],"seed_played":"3084216680617163885","potions_obtained":[{"floor":4.0,"key":"DuplicationPotion"},{"floor":8.0,"key":"SpeedPotion"},{"floor":16.0,"key":"Weak Potion"}],"is_trial":false,"path_per_floor":["M","?","M","M","$","E","R","E","T","R","?","M","?","?","R","B",null,"M","?","M","M"],"character_chosen":"DEFECT","items_purchased":["Capacitor"],"campfire_rested":2,"item_purchase_floors":[5],"current_hp_per_floor":[57,50,50,50,50,25,46,11,11,32,6,4,21,44,44,9,56,32,32,4,0,0],"gold":213,"neow_bonus":"ONE_RANDOM_RARE_CARD","is_daily":false,"chose_seed":false,"campfire_upgraded":1,"win_rate":0.0,"timestamp":1608979218,"path_taken":["M","?","M","M","$","E","R","E","T","R","?","M","?","?","R","BOSS","M","?","M","?"],"items_purchased_type":["Card"],"build_version":"2020-12-22","purchased_purges":0,"victory":false,"max_hp_per_floor":[71,71,71,71,71,71,71,71,71,71,71,71,71,71,71,71,71,71,71,71,71,71],"card_choices":[{"not_picked":["Compile Driver","Beam Cell"],"picked":"Go for the Eyes","floor":1.0},{"not_picked":["Turbo","Hologram"],"picked":"Sunder","floor":3.0},{"not_picked":["Go for the Eyes","Leap"],"picked":"Thunder Strike","floor":4.0},{"not_picked":["Steam","Redo"],"picked":"Auto Shields","floor":6.0},{"not_picked":["Skim","Reinforced Body"],"picked":"Ball Lightning","floor":8.0},{"not_picked":["White Noise","BootSequence","Stack"],"picked":"Conserve Battery","floor":12.0},{"not_picked":["Meteor Strike","Creative AI","Reboot"],"picked":"Hyperbeam","floor":16.0},{"not_picked":["Compile Driver","Gash","Conserve Battery"],"picked":"Cold Snap","floor":18},{"not_picked":["Conserve Battery","Tempest","Doom and Gloom"],"picked":"Chill+1","floor":20}],"player_experience":1009026,"relics_obtained":[{"floor":6.0,"key":"Potion Belt"},{"floor":8.0,"key":"Kunai"},{"floor":9.0,"key":"Question Card"}],"event_choices":[{"cards_removed":["Strike_B"],"damage_healed":0.0,"max_hp_gain":0.0,"max_hp_loss":0.0,"gold_gain":0.0,"event_name":"Golden Wing","player_choice":"Card Removal","floor":2.0,"gold_loss":0.0,"damage_taken":7.0},{"damage_healed":0.0,"max_hp_gain":0.0,"max_hp_loss":0.0,"gold_gain":0.0,"event_name":"Scrap Ooze","player_choice":"Fled","floor":11.0,"gold_loss":0.0,"damage_taken":26.0},{"damage_healed":17.0,"max_hp_gain":0.0,"max_hp_loss":0.0,"gold_gain":0.0,"event_name":"The Cleric","player_choice":"Healed","floor":13.0,"gold_loss":35.0,"damage_taken":0.0},{"damage_healed":23.0,"max_hp_gain":0.0,"max_hp_loss":0.0,"gold_gain":0.0,"event_name":"Big Fish","player_choice":"Banana","floor":14.0,"gold_loss":0.0,"damage_taken":0.0},{"cards_removed":["Strike_B"],"damage_healed":0,"gold_gain":0,"player_choice":"Card Removal","damage_taken":0,"max_hp_gain":0,"max_hp_loss":0,"event_name":"Wheel of Change","floor":19,"gold_loss":0}],"is_beta":false,"boss_relics":[{"not_picked":["Pandora\u0027s Box","SacredBark"],"picked":"Runic Pyramid"}],"items_purged_floors":[],"is_endless":false,"potions_floor_spawned":[4,8,16],"killed_by":"Snake Plant","ascension_level":17}}