{"host":"ji1fk25fd1ga4ji1","time":1608952494,"event":{"mods":["2.2 Compatiblity","BaseMod","Colored Map","DeckTracker","Minty Spire (QoL Compilation)","Permanent Neow","Quick Restart","StSLib","SuperFastMode"],"gold_per_floor":[113,127,52,52,52,52,66,66,66,66,92,112,122,122,122,226,226,241,254,254,273,173,173,205,218,218,218,57,76,76,117,117,217,217,232,249,249,271,271,299,299,84,84,84,102,120,142,142,142],"floor_reached":48,"playtime":1995,"items_purged":["Strike_G","Strike_G","Defend_G","Strike_G"],"score":576,"play_id":"edcef3c1-197d-4222-a13e-263d3a0e79c9","local_time":"20201226121454","is_ascension_mode":true,"campfire_choices":[{"data":"Eviscerate","floor":6.0,"key":"SMITH"},{"data":"Acrobatics","floor":8.0,"key":"SMITH"},{"data":"Underhanded Strike","floor":15.0,"key":"SMITH"},{"data":"Footwork","floor":23.0,"key":"SMITH"},{"data":"Acrobatics","floor":27.0,"key":"SMITH"},{"floor":32,"key":"REST"},{"data":"Calculated Gamble","floor":41,"key":"SMITH"},{"data":"Tactician","floor":44,"key":"SMITH"}],"circlet_count":0,"master_deck":["Defend_G","Defend_G","Survivor","Neutralize","Acrobatics+1","Eviscerate+1","Deflect","Underhanded Strike+1","Venomology","Dagger Throw","Footwork+1","Acrobatics+1","Acrobatics","Calculated Gamble+1","Deadly Poison","Sucker Punch","Grand Finale+1","Eviscerate+1","Prepared+1","Tactician+1","Madness","Madness","After Image"],"relics":["Cursed Key","MealTicket","Matryoshka","Philosopher\u0027s Stone","Juzu Bracelet","CeramicFish","Sozu"],"acts_visited":["Exordium","TheCity","TheBeyond"],"potions_floor_usage":[31,33,33,33,39],"damage_taken":[{"damage":0.0,"enemies":"Cultist","floor":1.0,"turns":4.0},{"damage":0.0,"enemies":"2 Louse","floor":2.0,"turns":3.0},{"damage":0.0,"enemies":"Small Slimes","floor":7.0,"turns":4.0},{"damage":10.0,"enemies":"3 Sentries","floor":11.0,"turns":8.0},{"damage":0.0,"enemies":"Exordium Wildlife","floor":12.0,"turns":3.0},{"damage":0.0,"enemies":"Large Slime","floor":13.0,"turns":5.0},{"damage":30.0,"enemies":"Slime Boss","floor":16.0,"turns":15.0},{"damage":2.0,"enemies":"Shell Parasite","floor":18.0,"turns":4.0},{"damage":0.0,"enemies":"Chosen","floor":19.0,"turns":3.0},{"damage":10.0,"enemies":"Centurion and Healer","floor":21.0,"turns":8.0},{"damage":0.0,"enemies":"Gremlin Leader","floor":24.0,"turns":5.0},{"damage":0.0,"enemies":"Snecko","floor":25.0,"turns":4.0},{"damage":0,"enemies":"Cultist and Chosen","floor":29,"turns":4},{"damage":22,"enemies":"Slavers","floor":31,"turns":4},{"damage":0,"enemies":"Automaton","floor":33,"turns":5},{"damage":4,"enemies":"3 Shapes","floor":35,"turns":3},{"damage":0,"enemies":"3 Darklings","floor":36,"turns":2},{"damage":13,"enemies":"Maw","floor":38,"turns":6},{"damage":0,"enemies":"Writhing Mass","floor":39,"turns":1},{"damage":12,"enemies":"Spire Growth","floor":40,"turns":3},{"damage":12,"enemies":"Transient","floor":46,"turns":5},{"damage":34,"enemies":"Sphere and 2 Shapes","floor":47,"turns":5},{"damage":8,"enemies":"2 Orb Walkers","floor":48,"turns":1}],"seed_played":"7499593574862330100","potions_obtained":[{"floor":1.0,"key":"Dexterity Potion"},{"floor":7.0,"key":"Swift Potion"},{"floor":12.0,"key":"Block Potion"},{"floor":19.0,"key":"Fire Potion"},{"floor":29,"key":"Poison Potion"}],"is_trial":false,"path_per_floor":["M","M","$","?","?","R","M","R","T","?","E","M","M","?","R","B",null,"M","M","?","M","$","R","E","M","T","R","$","M","?","E","R","B",null,"M","M","?","M","M","M","R","$","T","R","?","M","M","?"],"character_chosen":"THE_SILENT","items_purchased":["Calculated Gamble","Tactician"],"campfire_rested":1,"item_purchase_floors":[28,42],"current_hp_per_floor":[70,70,70,63,63,63,63,63,63,56,46,46,46,46,46,16,70,68,68,68,70,70,70,70,70,70,70,70,70,70,48,69,69,70,66,66,66,53,53,41,41,56,56,56,47,35,1,0,0],"gold":142,"neow_bonus":"BOSS_RELIC","is_daily":false,"chose_seed":false,"campfire_upgraded":7,"win_rate":0.0,"timestamp":1608952494,"path_taken":["M","M","$","?","?","R","M","R","T","?","E","M","?","?","R","BOSS","M","M","?","M","$","R","E","M","T","R","$","M","?","E","R","BOSS","M","M","?","M","M","M","R","$","T","R","?","M","M","?"],"items_purchased_type":["Card","Card"],"build_version":"2020-12-22","purchased_purges":4,"victory":false,"max_hp_per_floor":[70,70,70,70,70,70,70,70,70,70,70,70,70,70,70,70,70,70,70,70,70,70,70,70,70,70,70,70,70,70,70,70,70,70,70,70,70,70,70,70,70,70,70,70,70,70,70,70,70],"card_choices":[{"not_picked":["Flechettes","Slice"],"picked":"Acrobatics","floor":1.0},{"not_picked":["Reflex","Flying Knee"],"picked":"Eviscerate","floor":2.0},{"not_picked":["Dagger Spray","Bouncing Flask"],"picked":"Deflect","floor":7.0},{"not_picked":["Dagger Spray","Cloak And Dagger"],"picked":"Underhanded Strike","floor":11.0},{"not_picked":["Dodge and Roll","Dash","Slice"],"picked":"SKIP","floor":12.0},{"not_picked":["Dagger Spray","Finisher","Skewer"],"picked":"SKIP","floor":13.0},{"not_picked":["Glass Knife","A Thousand Cuts"],"picked":"Venomology","floor":16.0},{"not_picked":["Bouncing Flask","Dodge and Roll"],"picked":"Dagger Throw","floor":18.0},{"not_picked":["Heel Hook","Underhanded Strike"],"picked":"Footwork","floor":19.0},{"not_picked":["Dash","Cloak And Dagger"],"picked":"Acrobatics","floor":21.0},{"not_picked":["Predator","Outmaneuver","Deflect+1"],"picked":"SKIP","floor":24.0},{"not_picked":["Predator","Outmaneuver","Deflect+1"],"picked":"SKIP","floor":24.0},{"not_picked":["Dodge and Roll","Dagger Spray"],"picked":"Acrobatics","floor":25.0},{"not_picked":["Corpse Explosion","Dodge and Roll","Dagger Throw"],"picked":"SKIP","floor":29},{"not_picked":["Corpse Explosion","Dodge and Roll","Dagger Throw"],"picked":"SKIP","floor":29},{"not_picked":["Blade Dance+1","Masterful Stab"],"picked":"Grand Finale","floor":31},{"not_picked":["Noxious Fumes","Poisoned Stab+1","Skewer"],"picked":"SKIP","floor":35},{"not_picked":["Quick Slash","All Out Attack","Setup+1"],"picked":"SKIP","floor":36},{"not_picked":["Deflect+1","Deadly Poison+1"],"picked":"Eviscerate+1","floor":38},{"not_picked":["Backflip","Predator+1"],"picked":"Prepared+1","floor":40},{"not_picked":["Finisher+1","Bane","Outmaneuver"],"picked":"SKIP","floor":46},{"not_picked":["Outmaneuver","Setup"],"picked":"After Image","floor":47}],"player_experience":1224697,"relics_obtained":[{"floor":11.0,"key":"Matryoshka"},{"floor":24.0,"key":"Juzu Bracelet"},{"floor":31,"key":"CeramicFish"}],"event_choices":[{"damage_healed":0.0,"max_hp_gain":0.0,"max_hp_loss":0.0,"gold_gain":0.0,"event_name":"Scrap Ooze","player_choice":"Success","floor":4.0,"gold_loss":0.0,"damage_taken":7.0,"relics_obtained":["MealTicket"]},{"cards_removed":["Strike_G"],"damage_healed":0.0,"max_hp_gain":0.0,"max_hp_loss":0.0,"gold_gain":0.0,"event_name":"Living Wall","player_choice":"Forget","floor":5.0,"gold_loss":0.0,"damage_taken":0.0},{"cards_removed":["Defend_G"],"damage_healed":0.0,"max_hp_gain":0.0,"max_hp_loss":0.0,"gold_gain":0.0,"event_name":"Golden Wing","player_choice":"Card Removal","floor":10.0,"gold_loss":0.0,"damage_taken":7.0},{"damage_healed":0.0,"max_hp_gain":0.0,"max_hp_loss":0.0,"gold_gain":0.0,"event_name":"Liars Game","player_choice":"Ignored","floor":14.0,"gold_loss":0.0,"damage_taken":0.0},{"damage_healed":0.0,"max_hp_gain":0.0,"max_hp_loss":0.0,"gold_gain":0.0,"event_name":"Vampires","player_choice":"Ignored","floor":20.0,"gold_loss":0.0,"damage_taken":0.0},{"damage_healed":0,"gold_gain":0,"cards_transformed":["Strike_G","Defend_G"],"player_choice":"Became Test Subject","damage_taken":0,"max_hp_gain":0,"max_hp_loss":0,"event_name":"Drug Dealer","floor":30,"gold_loss":0,"cards_obtained":["Deadly Poison","Sucker Punch"]},{"damage_healed":0,"gold_gain":0,"player_choice":"Forge","damage_taken":0,"max_hp_gain":0,"max_hp_loss":0,"event_name":"Accursed Blacksmith","floor":37,"gold_loss":0,"cards_upgraded":["Grand Finale"]},{"damage_healed":0,"gold_gain":0,"player_choice":"Embrace Madness","damage_taken":9,"max_hp_gain":0,"max_hp_loss":0,"event_name":"Winding Halls","floor":45,"gold_loss":0,"cards_obtained":["Madness","Madness"]},{"damage_healed":0,"gold_gain":0,"player_choice":"Fight","damage_taken":0,"max_hp_gain":0,"max_hp_loss":0,"event_name":"Mysterious Sphere","floor":48,"gold_loss":0}],"is_beta":false,"boss_relics":[{"not_picked":["Coffee Dripper","Black Star"],"picked":"Philosopher\u0027s Stone"},{"not_picked":["Velvet Choker","WristBlade"],"picked":"Sozu"}],"items_purged_floors":[3,22,28,42],"is_endless":false,"potions_floor_spawned":[1,7,12,19,24,29,36,38],"killed_by":"2 Orb Walkers","ascension_level":1}}