{"host":"f5n4tidiz2n5sooh","time":1608971502,"event":{"mods":["BaseMod","Bestiary","Colored Map","Minty Spire (QoL Compilation)","Relic Stats","StSLib"],"gold_per_floor":[118,134,148,148,223,223,273,273,326,341,361,361,386,411,423,435,435],"floor_reached":16,"playtime":612,"items_purged":[],"score":204,"play_id":"70cc339e-0b38-4f72-b355-a2d8a8edc001","local_time":"20201226023142","is_ascension_mode":true,"campfire_choices":[{"data":"Bash","floor":6,"key":"SMITH"},{"data":"Pommel Strike","floor":8,"key":"SMITH"},{"data":"Flame Barrier","floor":12,"key":"SMITH"},{"floor":15,"key":"REST"}],"circlet_count":0,"master_deck":["AscendersBane","Strike_R","Strike_R","Strike_R","Strike_R","Strike_R","Defend_R","Defend_R","Defend_R","Defend_R","Bash+1","Flame Barrier+1","Pommel Strike+1","Burning Pact","Power Through","Feel No Pain","Blood for Blood","Double Tap"],"relics":["Burning Blood","Charon\u0027s Ashes","Dream Catcher","MawBank"],"acts_visited":["Exordium"],"potions_floor_usage":[11,13,14,16],"damage_taken":[{"damage":3,"enemies":"2 Louse","floor":1,"turns":3},{"damage":1,"enemies":"Small Slimes","floor":2,"turns":3},{"damage":6,"enemies":"Cultist","floor":3,"turns":3},{"damage":12,"enemies":"Looter","floor":10,"turns":3},{"damage":3,"enemies":"3 Louse","floor":11,"turns":6},{"damage":20,"enemies":"Lagavulin","floor":13,"turns":6},{"damage":41,"enemies":"Exordium Thugs","floor":14,"turns":7},{"damage":42,"enemies":"Hexaghost","floor":16,"turns":9}],"seed_played":"8094389602832605464","potions_obtained":[{"floor":2,"key":"DistilledChaos"},{"floor":3,"key":"DuplicationPotion"},{"floor":11,"key":"BloodPotion"},{"floor":14,"key":"SteroidPotion"}],"is_trial":false,"path_per_floor":["M","M","M","?","?","R","?","R","T","M","M","R","E","M","R","B"],"character_chosen":"IRONCLAD","items_purchased":[],"campfire_rested":1,"item_purchase_floors":[],"current_hp_per_floor":[53,58,58,63,52,52,52,52,52,46,49,49,35,16,40,0,0],"gold":435,"neow_bonus":"ONE_RARE_RELIC","is_daily":false,"chose_seed":false,"campfire_upgraded":3,"win_rate":0.0,"timestamp":1608971502,"path_taken":["M","M","M","?","?","R","?","R","T","M","M","R","E","M","R","BOSS"],"items_purchased_type":[],"build_version":"2020-12-22","purchased_purges":0,"victory":false,"max_hp_per_floor":[75,75,75,80,80,80,80,80,80,80,80,80,80,80,80,80,80],"relic_stats":{"Dream Catcher":1,"counters":[8,40],"Charon\u0027s Ashes":[42],"MawBank":36,"obtain_stats":[{"Dream Catcher":9,"Charon\u0027s Ashes":0,"MawBank":13,"Burning Blood":0},{"Dream Catcher":3,"Charon\u0027s Ashes":0,"MawBank":6,"Burning Blood":0},{"Dream Catcher":9,"Charon\u0027s Ashes":0,"MawBank":24,"Burning Blood":0}],"Burning Blood":42},"card_choices":[{"not_picked":["True Grit","Shrug It Off"],"picked":"Flame Barrier","floor":1},{"not_picked":["Pummel","Disarm"],"picked":"Pommel Strike","floor":2},{"not_picked":["Dual Wield","Havoc"],"picked":"Burning Pact","floor":3},{"not_picked":["Twin Strike","Clash"],"picked":"Power Through","floor":10},{"not_picked":["Ghostly Armor","Armaments"],"picked":"Feel No Pain","floor":11},{"not_picked":["Headbutt","Havoc","Thunderclap"],"picked":"SKIP","floor":13},{"not_picked":["Flex","Twin Strike"],"picked":"Blood for Blood","floor":14},{"not_picked":["Clothesline","Sword Boomerang"],"picked":"Double Tap","floor":15}],"player_experience":1935849,"relics_obtained":[{"floor":9,"key":"Dream Catcher"},{"floor":13,"key":"MawBank"}],"event_choices":[{"damage_healed":0,"gold_gain":0,"player_choice":"Donut","damage_taken":0,"max_hp_gain":5,"max_hp_loss":0,"event_name":"Big Fish","floor":4,"gold_loss":0},{"damage_healed":0,"gold_gain":75,"player_choice":"Gather Gold","damage_taken":11,"max_hp_gain":0,"max_hp_loss":0,"event_name":"World of Goop","floor":5,"gold_loss":0},{"damage_healed":0,"gold_gain":50,"player_choice":"Pray","damage_taken":0,"max_hp_gain":0,"max_hp_loss":0,"event_name":"Golden Shrine","floor":7,"gold_loss":0}],"is_beta":false,"boss_relics":[],"items_purged_floors":[],"is_endless":false,"potions_floor_spawned":[2,3,11,14],"killed_by":"Hexaghost","ascension_level":20}}