{"host":"uv231blk40vjdojr","time":1608994610,"event":{"mods":["BaseMod","Minty Spire (QoL Compilation)","Relic Stats"],"gold_per_floor":[118,137,137,151,151,181,181,214,214,234,259,16,36,57,57,141,141,151,151,201,220,233,233,266,277,327,346,363,363,382,413,413,487,487,507,507,516,88,98,98,98,116,142,142,165,194,207,234,234,234],"floor_reached":51,"playtime":2544,"items_purged":["Strike_R","Strike_R"],"score":1510,"play_id":"36843973-35db-4bd1-9017-f37c52851ff5","local_time":"20201226155650","is_ascension_mode":true,"campfire_choices":[{"floor":7.0,"key":"REST"},{"data":"Entrench","floor":15.0,"key":"SMITH"},{"data":"Barricade","floor":23.0,"key":"SMITH"},{"data":"Juggernaut","floor":29.0,"key":"SMITH"},{"data":"Flame Barrier","floor":32.0,"key":"SMITH"},{"data":"Anger","floor":40.0,"key":"SMITH"},{"data":"Madness","floor":44.0,"key":"SMITH"},{"data":"Burning Pact","floor":49,"key":"SMITH"}],"circlet_count":0,"master_deck":["AscendersBane","Strike_R","Strike_R","Defend_R","Defend_R","Defend_R","Defend_R","Bash+1","Cleave","Headbutt","Shrug It Off+1","Barricade+1","Flame Barrier+1","Entrench+1","Anger+1","Juggernaut+1","Finesse+1","Burning Pact+1","Madness","Madness+1","Combust+1"],"relics":["Burning Blood","Bag of Marbles","Matryoshka","Self Forming Clay","CeramicFish","Mercury Hourglass","Red Skull","Busted Crown","MealTicket","Anchor","Orichalcum","Oddly Smooth Stone","Philosopher\u0027s Stone","War Paint","Regal Pillow","Strawberry","Calipers"],"acts_visited":["Exordium","TheCity","TheBeyond"],"potions_floor_usage":[48,48],"damage_taken":[{"damage":7.0,"enemies":"2 Louse","floor":1.0,"turns":3.0},{"damage":6.0,"enemies":"Jaw Worm","floor":2.0,"turns":5.0},{"damage":0.0,"enemies":"Small Slimes","floor":4.0,"turns":1.0},{"damage":52.0,"enemies":"Lagavulin","floor":6.0,"turns":6.0},{"damage":26.0,"enemies":"Gremlin Nob","floor":8.0,"turns":4.0},{"damage":0.0,"enemies":"2 Fungi Beasts","floor":10.0,"turns":3.0},{"damage":11.0,"enemies":"Looter","floor":11.0,"turns":3.0},{"damage":12.0,"enemies":"Exordium Wildlife","floor":13.0,"turns":3.0},{"damage":0.0,"enemies":"Large Slime","floor":14.0,"turns":3.0},{"damage":0.0,"enemies":"Hexaghost","floor":16.0,"turns":9.0},{"damage":19.0,"enemies":"2 Thieves","floor":18.0,"turns":4.0},{"damage":4.0,"enemies":"Chosen","floor":21.0,"turns":7.0},{"damage":19.0,"enemies":"Snake Plant","floor":22.0,"turns":5.0},{"damage":45.0,"enemies":"Book of Stabbing","floor":24.0,"turns":5.0},{"damage":24.0,"enemies":"Shelled Parasite and Fungi","floor":25.0,"turns":6.0},{"damage":0.0,"enemies":"Snecko","floor":27.0,"turns":4.0},{"damage":0.0,"enemies":"Centurion and Healer","floor":28.0,"turns":8.0},{"damage":0.0,"enemies":"Sentry and Sphere","floor":30.0,"turns":6.0},{"damage":4.0,"enemies":"Gremlin Leader","floor":31.0,"turns":7.0},{"damage":0.0,"enemies":"Champ","floor":33.0,"turns":15.0},{"damage":10.0,"enemies":"3 Shapes","floor":35.0,"turns":4.0},{"damage":5.0,"enemies":"3 Darklings","floor":39.0,"turns":5.0},{"damage":24.0,"enemies":"Jaw Worm Horde","floor":45.0,"turns":4.0},{"damage":12.0,"enemies":"Giant Head","floor":46.0,"turns":8.0},{"damage":4.0,"enemies":"Writhing Mass","floor":47.0,"turns":7.0},{"damage":25,"enemies":"Nemesis","floor":48,"turns":9},{"damage":23,"enemies":"Awakened One","floor":50,"turns":14}],"seed_played":"-586022459768312493","potions_obtained":[{"floor":8.0,"key":"DuplicationPotion"},{"floor":10.0,"key":"SneckoOil"},{"floor":11.0,"key":"FairyPotion"},{"floor":13.0,"key":"CultistPotion"},{"floor":21.0,"key":"BloodPotion"},{"floor":24.0,"key":"ColorlessPotion"},{"floor":25.0,"key":"EssenceOfSteel"},{"floor":33.0,"key":"ElixirPotion"},{"floor":45.0,"key":"Weak Potion"}],"is_trial":false,"path_per_floor":["M","M","?","M","?","E","R","E","T","M","M","$","M","M","R","B",null,"M","?","?","M","M","R","E","M","T","M","M","R","M","E","R","B",null,"M","?","?","$","M","R","$","?","T","R","M","E","M","E","R","B",null],"character_chosen":"IRONCLAD","items_purchased":["Red Skull","Burning Pact","War Paint","Regen Potion"],"campfire_rested":1,"item_purchase_floors":[12,38,38,38],"current_hp_per_floor":[67,67,67,73,66,20,42,22,22,28,23,23,17,23,23,29,64,51,51,51,53,40,40,16,20,20,26,32,32,38,40,40,46,68,64,64,64,75,75,75,75,61,61,61,43,44,46,42,42,25],"gold":234,"neow_bonus":"RANDOM_COMMON_RELIC","is_daily":false,"chose_seed":false,"campfire_upgraded":7,"win_rate":0.0,"timestamp":1608994610,"path_taken":["M","M","?","M","?","E","R","E","T","M","M","$","M","M","R","BOSS","M","?","?","M","M","R","E","M","T","M","M","R","M","E","R","BOSS","M","?","?","$","M","R","$","?","T","R","M","E","M","E","R","BOSS"],"items_purchased_type":["Relic","Card","Relic","Potion"],"build_version":"2020-12-22","purchased_purges":2,"victory":true,"max_hp_per_floor":[75,75,75,75,75,75,75,75,75,75,75,75,75,75,75,75,75,75,75,75,75,75,75,75,75,75,75,75,75,75,75,75,75,75,75,75,75,75,75,75,75,75,75,75,75,82,82,82,82,82],"relic_stats":{"Regal Pillow":0,"Busted Crown":34,"counters":[27,158],"Self Forming Clay":[144],"CeramicFish":81,"MealTicket":11,"Orichalcum":[6],"War Paint":["Finesse","Shrug It Off"],"obtain_stats":[{"Regal Pillow":43,"Calipers":48,"Self Forming Clay":8,"CeramicFish":9,"Oddly Smooth Stone":31,"Orichalcum":26,"War Paint":38,"Burning Blood":0,"Mercury Hourglass":9,"Anchor":26,"Matryoshka":6,"Busted Crown":17,"Strawberry":46,"MealTicket":24,"Philosopher\u0027s Stone":34,"Bag of Marbles":0,"Red Skull":12},{"Regal Pillow":22,"Calipers":26,"Self Forming Clay":5,"CeramicFish":5,"Oddly Smooth Stone":19,"Orichalcum":15,"War Paint":21,"Burning Blood":0,"Mercury Hourglass":5,"Anchor":15,"Matryoshka":4,"Busted Crown":10,"Strawberry":24,"MealTicket":14,"Philosopher\u0027s Stone":20,"Bag of Marbles":0,"Red Skull":7},{"Regal Pillow":116,"Calipers":144,"Self Forming Clay":19,"CeramicFish":19,"Oddly Smooth Stone":92,"Orichalcum":67,"War Paint":111,"Burning Blood":0,"Mercury Hourglass":19,"Anchor":67,"Matryoshka":15,"Busted Crown":40,"Strawberry":128,"MealTicket":61,"Philosopher\u0027s Stone":107,"Bag of Marbles":0,"Red Skull":25}],"Burning Blood":161,"Mercury Hourglass":[421]},"card_choices":[{"not_picked":["Twin Strike","Intimidate"],"picked":"Cleave","floor":1.0},{"not_picked":["Seeing Red","Burning Pact"],"picked":"Headbutt","floor":2.0},{"not_picked":["Twin Strike","Havoc"],"picked":"Shrug It Off","floor":4.0},{"not_picked":["True Grit","Warcry","Shrug It Off"],"picked":"SKIP","floor":6.0},{"not_picked":["Seeing Red","Power Through"],"picked":"Barricade","floor":8.0},{"not_picked":["Sentinel","Perfected Strike"],"picked":"Flame Barrier","floor":10.0},{"not_picked":["Body Slam","Fire Breathing"],"picked":"Entrench","floor":11.0},{"not_picked":["Reckless Charge","Clothesline","Dark Embrace"],"picked":"SKIP","floor":13.0},{"not_picked":["Carnage","Body Slam"],"picked":"Anger","floor":14.0},{"not_picked":["Impervious","Double Tap"],"picked":"Juggernaut","floor":16.0},{"not_picked":["Cleave"],"picked":"SKIP","floor":18.0},{"not_picked":["Clothesline"],"picked":"SKIP","floor":21.0},{"not_picked":["Reckless Charge"],"picked":"SKIP","floor":22.0},{"not_picked":["Thunderclap+1"],"picked":"SKIP","floor":24.0},{"not_picked":["Headbutt"],"picked":"SKIP","floor":25.0},{"not_picked":["Twin Strike"],"picked":"SKIP","floor":27.0},{"not_picked":["Uppercut"],"picked":"SKIP","floor":28.0},{"not_picked":["Cleave"],"picked":"SKIP","floor":30.0},{"not_picked":["Sword Boomerang"],"picked":"SKIP","floor":31.0},{"not_picked":["Twin Strike"],"picked":"SKIP","floor":35.0},{"not_picked":[],"picked":"Finesse","floor":37.0},{"not_picked":["Havoc"],"picked":"SKIP","floor":39.0},{"not_picked":[],"picked":"Combust+1","floor":45.0},{"not_picked":["Whirlwind+1"],"picked":"SKIP","floor":46.0},{"not_picked":["Warcry"],"picked":"SKIP","floor":47.0},{"not_picked":["Blood for Blood+1"],"picked":"SKIP","floor":48}],"player_experience":533417,"relics_obtained":[{"floor":6.0,"key":"Matryoshka"},{"floor":8.0,"key":"Self Forming Clay"},{"floor":9.0,"key":"CeramicFish"},{"floor":9.0,"key":"Mercury Hourglass"},{"floor":24.0,"key":"MealTicket"},{"floor":26.0,"key":"Anchor"},{"floor":26.0,"key":"Orichalcum"},{"floor":31.0,"key":"Oddly Smooth Stone"},{"floor":43.0,"key":"Regal Pillow"},{"floor":46.0,"key":"Strawberry"},{"floor":48,"key":"Calipers"}],"event_choices":[{"damage_healed":0.0,"max_hp_gain":0.0,"max_hp_loss":0.0,"gold_gain":0.0,"event_name":"Living Wall","player_choice":"Grow","floor":3.0,"gold_loss":0.0,"damage_taken":0.0,"cards_upgraded":["Bash"]},{"cards_removed":["Strike_R"],"damage_healed":0.0,"max_hp_gain":0.0,"max_hp_loss":0.0,"gold_gain":0.0,"event_name":"Golden Wing","player_choice":"Card Removal","floor":5.0,"gold_loss":0.0,"damage_taken":7.0},{"damage_healed":0.0,"max_hp_gain":0.0,"max_hp_loss":0.0,"gold_gain":0.0,"event_name":"Ghosts","player_choice":"Ignored","floor":19.0,"gold_loss":0.0,"damage_taken":0.0},{"damage_healed":0.0,"max_hp_gain":0.0,"max_hp_loss":0.0,"gold_gain":50.0,"event_name":"Nest","player_choice":"Stole From Cult","floor":20.0,"gold_loss":0.0,"damage_taken":0.0},{"damage_healed":0.0,"max_hp_gain":0.0,"max_hp_loss":0.0,"gold_gain":0.0,"event_name":"Tomb of Lord Red Mask","player_choice":"Ignored","floor":36.0,"gold_loss":0.0,"damage_taken":0.0},{"damage_healed":0.0,"max_hp_gain":0.0,"max_hp_loss":0.0,"gold_gain":0.0,"event_name":"SensoryStone","player_choice":"Memory 1","floor":37.0,"gold_loss":0.0,"damage_taken":0.0},{"damage_healed":0.0,"max_hp_gain":0.0,"max_hp_loss":0.0,"gold_gain":0.0,"event_name":"Winding Halls","player_choice":"Embrace Madness","floor":42.0,"gold_loss":0.0,"damage_taken":14.0,"cards_obtained":["Madness","Madness"]}],"is_beta":false,"boss_relics":[{"not_picked":["Coffee Dripper","Fusion Hammer"],"picked":"Busted Crown"},{"not_picked":["Velvet Choker","Runic Pyramid"],"picked":"Philosopher\u0027s Stone"}],"items_purged_floors":[12,38],"is_endless":false,"potions_floor_spawned":[8,10,11,13,14,21,24,25,33,45],"ascension_level":16}}