{"host":"uyrebrj0204enqpc","time":1608948369,"event":{"mods":["Act Like it!","BaseMod","Block Reminder","Challenge The Spire","Colored Map","Colored Powertips","DeckTracker","Downfall","GifTheSpireLib","HexUI Lib","Highlight Path","Hubris","Minty Spire (QoL Compilation)","Pale of the Ancients","Quick Restart","Random Character Button","Relic Stats","Replay The Spire","Shop Mod","StSLib","The Blue Laboratory","The Bug Knight","The Cursed","The Marked"],"gold_per_floor":[114,39,39,39,54,54,54,68,92,92,92,128,147,190,190,309,309,327,327,351,179,204,204,239,239,239,114,39,55,79,95,95,223,223,241,241,309,344,125,125,164,219,219,219,258,258,312,312,312],"floor_reached":48,"playtime":3227,"items_purged":["TheCursedMod:Defend_TheCursed","TheCursedMod:Strike_TheCursed","TheCursedMod:Strike_TheCursed","Normality"],"score":665,"play_id":"4fc4f0e0-0a56-498c-8bc4-62d277217291","local_time":"20201225210609","is_ascension_mode":false,"campfire_choices":[{"data":"TheCursedMod:SaltUponWound","floor":6.0,"key":"SMITH"},{"data":"TheCursedMod:CursedWand","floor":11.0,"key":"SMITH"},{"floor":15.0,"key":"REST"},{"data":"TheCursedMod:LuckyCharm","floor":23.0,"key":"SMITH"},{"floor":32.0,"key":"REST"},{"floor":40.0,"key":"RECALL"},{"data":"TheCursedMod:CursedRelics","floor":44.0,"key":"SMITH"},{"data":"TheCursedMod:UltimatePain","floor":46,"key":"SMITH"}],"circlet_count":0,"master_deck":["TheCursedMod:Defend_TheCursed","TheCursedMod:Defend_TheCursed","TheCursedMod:CursedWand+1","TheCursedMod:CleanUpWorkshop","TheCursedMod:Dregs","TheCursedMod:SaltUponWound+1","TheCursedMod:TacticalStrike+1","TheCursedMod:CircleOfFlame","TheCursedMod:SmokeScreen","Injury","TheCursedMod:Hemoplague","TheCursedMod:Torture","TheCursedMod:Obscuration","TheCursedMod:CollectTribute","TheCursedMod:Torture","TheCursedMod:CursedWand","TheCursedMod:VitalStrike","TheCursedMod:CursedRelics+1","TheCursedMod:LuckyCharm+1","TheCursedMod:SmokeScreen","Pot Of Greed","Pot Of Greed","TheCursedMod:RapidMovement+1","Pot Of Greed","TheCursedMod:Torture","TheCursedMod:SmokeScreen+1","Pride","TheCursedMod:UltimatePain+1","TheCursedMod:SpitefulPlan+1","Writhe","hubris:Greed","TheCursedMod:RapidMovement+1","hubris:Greed","TheCursedMod:Hemoplague","hubris:Greed","TheCursedMod:WearCloak+1","Pot Of Greed","hubris:Greed","hubris:Greed","hubris:Greed","hubris:Greed","hubris:Greed","hubris:Greed","hubris:Greed"],"relics":["TheCursedMod:BlackMagic101","NeowsBlessing","Art of War","Golden Idol","ReplayFunnel","Replay:Accelerometer","hubris:RunicObelisk","Pet Ghost","MealTicket","Grinning Jar","hubris:Stopwatch","hubris:64BitClover","Kunai"],"acts_visited":["Exordium","TheCity","TheBeyond"],"potions_floor_usage":[48,48],"damage_taken":[{"damage":0.0,"enemies":"Cultist","floor":1.0,"turns":1.0},{"damage":0.0,"enemies":"2 Louse","floor":5.0,"turns":1.0},{"damage":0.0,"enemies":"Jaw Worm","floor":8.0,"turns":1.0},{"damage":23.0,"enemies":"HollowMod:MossKnight","floor":12.0,"turns":9.0},{"damage":1.0,"enemies":"Large Slime","floor":13.0,"turns":4.0},{"damage":20.0,"enemies":"3 Sentries","floor":14.0,"turns":8.0},{"damage":38.0,"enemies":"Fading Forest","floor":16.0,"turns":11.0},{"damage":25.0,"enemies":"2 Thieves","floor":18.0,"turns":4.0},{"damage":2.0,"enemies":"Shell Parasite","floor":20.0,"turns":3.0},{"damage":4.0,"enemies":"Cultist and Chosen","floor":22.0,"turns":8.0},{"damage":8.0,"enemies":"Book of Stabbing","floor":24.0,"turns":4.0},{"damage":5.0,"enemies":"Centurion and Healer","floor":29.0,"turns":5.0},{"damage":6.0,"enemies":"Shelled Parasite and Fungi","floor":30.0,"turns":4.0},{"damage":23.0,"enemies":"3 Cultists","floor":31.0,"turns":6.0},{"damage":15.0,"enemies":"Automaton","floor":33.0,"turns":10.0},{"damage":51.0,"enemies":"3 Shapes","floor":35.0,"turns":4.0},{"damage":6.0,"enemies":"Mind Bloom Boss Battle","floor":37.0,"turns":8.0},{"damage":2.0,"enemies":"Orb Walker","floor":38.0,"turns":4.0},{"damage":0.0,"enemies":"3 Darklings","floor":41.0,"turns":6.0},{"damage":7.0,"enemies":"Nemesis","floor":42.0,"turns":5.0},{"damage":4.0,"enemies":"Spire Growth","floor":45.0,"turns":5.0},{"damage":18,"enemies":"Maw","floor":47,"turns":7},{"damage":41,"enemies":"Reptomancer","floor":48,"turns":2}],"seed_played":"-4924340574382529344","potions_obtained":[{"floor":8.0,"key":"AttackPotion"},{"floor":13.0,"key":"Dexterity Potion"},{"floor":14.0,"key":"Explosive Potion"},{"floor":18.0,"key":"Milkshake"},{"floor":30.0,"key":"blueLaboratory:ExaltedPotion"},{"floor":33.0,"key":"Dexterity Potion"},{"floor":41.0,"key":"PowerPotion"},{"floor":45,"key":"blueLaboratory:BottledHope"}],"is_trial":false,"path_per_floor":["M","$","?","?","M","R","?","M","T","?","R","E","M","E","R","B",null,"M","?","M","$","M","R","E","?","T","$","?","M","M","M","R","B",null,"M","?","?","M","$","R","M","E","T","R","M","R","M","E"],"character_chosen":"THE_CURSED","items_purchased":["TheCursedMod:LuckyCharm","TheCursedMod:Hemoplague"],"campfire_rested":2,"item_purchase_floors":[21,39],"current_hp_per_floor":[75,75,75,75,75,75,68,68,68,68,68,45,44,24,46,18,75,50,50,48,48,44,44,36,36,36,51,51,46,40,17,39,24,75,24,43,37,35,50,50,50,43,43,43,39,39,21,0,0],"gold":312,"neow_bonus":"THREE_ENEMY_KILL","is_daily":false,"chose_seed":false,"campfire_upgraded":5,"win_rate":0.0,"timestamp":1608948369,"path_taken":["M","$","?","?","?","R","?","M","T","?","R","E","M","E","R","BOSS","M","?","?","$","M","R","E","?","T","?","?","M","M","M","R","BOSS","M","?","?","M","$","R","M","E","T","R","M","R","M","E"],"items_purchased_type":["Card","Card"],"build_version":"2020-12-22","purchased_purges":4,"victory":false,"max_hp_per_floor":[75,75,75,75,75,75,75,75,75,75,75,75,75,75,75,75,75,75,75,75,75,75,75,75,75,75,75,75,75,75,75,75,75,75,75,75,75,75,75,75,75,75,75,75,75,75,75,75,75],"relic_stats":{"counters":[23,120],"Golden Idol":298,"MealTicket":30,"Art of War":[24],"Kunai":[0],"obtain_stats":[{"ReplayFunnel":12,"TheCursedMod:BlackMagic101":0,"Replay:Accelerometer":14,"NeowsBlessing":0,"Golden Idol":10,"hubris:64BitClover":37,"hubris:RunicObelisk":17,"Pet Ghost":24,"hubris:Stopwatch":34,"MealTicket":25,"Art of War":9,"Kunai":42,"Grinning Jar":26},{"ReplayFunnel":4,"TheCursedMod:BlackMagic101":0,"Replay:Accelerometer":6,"NeowsBlessing":0,"Golden Idol":3,"hubris:64BitClover":17,"hubris:RunicObelisk":7,"Pet Ghost":11,"hubris:Stopwatch":15,"MealTicket":11,"Art of War":3,"Kunai":20,"Grinning Jar":11},{"ReplayFunnel":12,"TheCursedMod:BlackMagic101":0,"Replay:Accelerometer":24,"NeowsBlessing":0,"Golden Idol":3,"hubris:64BitClover":91,"hubris:RunicObelisk":35,"Pet Ghost":54,"hubris:Stopwatch":79,"MealTicket":54,"Art of War":3,"Kunai":106,"Grinning Jar":54}]},"card_choices":[{"not_picked":["TheCursedMod:CursedMace","TheCursedMod:Stretching"],"picked":"TheCursedMod:SaltUponWound","floor":1.0},{"not_picked":["TheCursedMod:AbyssShockwave","TheCursedMod:CursedBlade"],"picked":"TheCursedMod:CircleOfFlame","floor":5.0},{"not_picked":["TheCursedMod:CursedShiv","TheCursedMod:SurpriseAttack"],"picked":"TheCursedMod:SmokeScreen","floor":8.0},{"not_picked":["TheCursedMod:TacticalStrike","TheCursedMod:CursedMace"],"picked":"TheCursedMod:Hemoplague","floor":12.0},{"not_picked":["TheCursedMod:SurpriseAttack","TheCursedMod:CursedShiv"],"picked":"TheCursedMod:Torture","floor":13.0},{"not_picked":["TheCursedMod:Neurasthenia","TheCursedMod:TacticalStrike"],"picked":"TheCursedMod:Obscuration","floor":14.0},{"not_picked":["TheCursedMod:ShockAndAwe","TheCursedMod:DemonSword"],"picked":"TheCursedMod:CollectTribute","floor":16.0},{"not_picked":["TheCursedMod:Obscuration","TheCursedMod:FleshFromBone"],"picked":"TheCursedMod:Torture","floor":18.0},{"not_picked":["TheCursedMod:TroublousMinions+1","TheCursedMod:AshesToAshes+1"],"picked":"TheCursedMod:CursedRelics","floor":20.0},{"not_picked":["TheCursedMod:CursedMace","TheCursedMod:CursedShiv+1","TheCursedMod:CircleOfCorruption"],"picked":"SKIP","floor":22.0},{"not_picked":["TheCursedMod:SpitefulPlan+1","TheCursedMod:StunningStrike"],"picked":"TheCursedMod:SmokeScreen","floor":24.0},{"not_picked":["TheCursedMod:CursedBlade+1","TheCursedMod:Mangle"],"picked":"TheCursedMod:RapidMovement+1","floor":29.0},{"not_picked":["TheCursedMod:Grudge+1","TheCursedMod:CircleOfWindfury"],"picked":"TheCursedMod:Torture","floor":30.0},{"not_picked":["TheCursedMod:SoulReap","TheCursedMod:StingEye"],"picked":"TheCursedMod:SmokeScreen+1","floor":31.0},{"not_picked":["TheCursedMod:ParallelWorld","TheCursedMod:StunningStrike"],"picked":"TheCursedMod:UltimatePain","floor":33.0},{"not_picked":["TheCursedMod:CursedBoomerang+1","TheCursedMod:RapidMovement"],"picked":"TheCursedMod:SpitefulPlan+1","floor":35.0},{"not_picked":["TheCursedMod:Stigma+1","TheCursedMod:CursedMace"],"picked":"TheCursedMod:RapidMovement+1","floor":37.0},{"not_picked":["TheCursedMod:Stigma+1","TheCursedMod:CircleOfCorruption+1","TheCursedMod:RapidMovement"],"picked":"SKIP","floor":38.0},{"not_picked":["TheCursedMod:CursedAmulet","TheCursedMod:SpitefulStrike+1"],"picked":"TheCursedMod:WearCloak+1","floor":41.0},{"not_picked":["TheCursedMod:CircleOfCorruption+1","TheCursedMod:Stretching","TheCursedMod:ManaBullet"],"picked":"SKIP","floor":42.0},{"not_picked":["TheCursedMod:FleshFromBone+1","TheCursedMod:VitalStrike+1","TheCursedMod:CursedMace"],"picked":"SKIP","floor":45},{"not_picked":["TheCursedMod:EmpowerCircles+1","TheCursedMod:SpreadPlague","TheCursedMod:LuckyCharm+1"],"picked":"SKIP","floor":47}],"player_experience":914503,"relics_obtained":[{"floor":9.0,"key":"Art of War"},{"floor":12.0,"key":"ReplayFunnel"},{"floor":14.0,"key":"Replay:Accelerometer"},{"floor":24.0,"key":"Pet Ghost"},{"floor":25.0,"key":"MealTicket"},{"floor":26.0,"key":"Grinning Jar"},{"floor":37.0,"key":"hubris:64BitClover"},{"floor":42.0,"key":"Kunai"}],"event_choices":[{"damage_healed":0.0,"max_hp_gain":0.0,"max_hp_loss":0.0,"gold_gain":0.0,"cards_transformed":["TheCursedMod:Strike_TheCursed"],"event_name":"Living Wall","player_choice":"Change","floor":3.0,"gold_loss":0.0,"damage_taken":0.0,"cards_obtained":["TheCursedMod:TacticalStrike"]},{"cards_removed":["TheCursedMod:Defend_TheCursed"],"damage_healed":0.0,"max_hp_gain":0.0,"max_hp_loss":0.0,"gold_gain":0.0,"event_name":"Golden Wing","player_choice":"Card Removal","floor":7.0,"gold_loss":0.0,"damage_taken":7.0},{"damage_healed":0.0,"max_hp_gain":0.0,"max_hp_loss":0.0,"gold_gain":0.0,"event_name":"Golden Idol","player_choice":"Take Wound","floor":10.0,"gold_loss":0.0,"damage_taken":0.0,"relics_obtained":["Golden Idol"],"cards_obtained":["Injury"]},{"damage_healed":0.0,"max_hp_gain":0.0,"max_hp_loss":0.0,"gold_gain":0.0,"event_name":"Match and Keep!","player_choice":"3 cards matched","floor":19.0,"gold_loss":0.0,"damage_taken":0.0,"cards_obtained":["Normality","TheCursedMod:CursedWand","TheCursedMod:VitalStrike"]},{"damage_healed":0.0,"max_hp_gain":0.0,"max_hp_loss":0.0,"gold_gain":0.0,"event_name":"Wheel of Change","player_choice":"Relic","floor":25.0,"gold_loss":0.0,"damage_taken":0.0},{"cards_removed":["TheCursedMod:Strike_TheCursed"],"damage_healed":0.0,"max_hp_gain":0.0,"max_hp_loss":0.0,"gold_gain":0.0,"event_name":"Beggar","player_choice":"Gave Gold","floor":28.0,"gold_loss":75.0,"damage_taken":0.0},{"damage_healed":19.0,"max_hp_gain":0.0,"max_hp_loss":0.0,"gold_gain":0.0,"event_name":"Winding Halls","player_choice":"Writhe","floor":36.0,"gold_loss":0.0,"damage_taken":0.0,"cards_obtained":["Writhe"]},{"damage_healed":0.0,"max_hp_gain":0.0,"max_hp_loss":0.0,"gold_gain":0.0,"event_name":"MindBloom","player_choice":"Fight","floor":37.0,"gold_loss":0.0,"damage_taken":0.0}],"is_beta":false,"boss_relics":[{"not_picked":["Sozu","Busted Crown"],"picked":"hubris:RunicObelisk"},{"not_picked":["Fusion Hammer","SacredBark"],"picked":"hubris:Stopwatch"}],"items_purged_floors":[2,21,27,39],"is_endless":false,"potions_floor_spawned":[8,13,14,18,30,33,41,42,45],"killed_by":"Reptomancer","ascension_level":0}}