{"host":"avq773cl9g5msfol","time":1608975963,"event":{"mods":["AchievementEnabler","Act Like it!","Ascension Unlocker","Aspiration","Astrologer","Bard","Bartender","BaseMod","Better Altar","Better Match","Better Note","Better Sensory Stone","Better Skull","Better Third Choice","BetterRewards","CapriCore","Colored Map","Colored Powertips","Conspire","Dio Mod","Downfall","Elementarium","Energized Spire","Gensokyo","GifTheSpireLib","GungeonMod","Hallownest","Hermit","Highlight Path","Hubris","Humility","Infinite Spire","Jorbs\u0027s Wanderer Trilogy","Koishi","Magitek Elite","Marisa????????","Marked Mod","Menagerie","Minty Spire (QoL Compilation)","Pale of the Ancients","Potionbrewer","Quarter Circle Forward PUNCH!","Rare Cards Sparkle","Reimu??????","Relic Stats","Remilia??????","Replay The Spire","SacredBarkPlus","Shade Mod","Somnambulant","Spicy Shops","StSLib","Synergy Search","The Blue Laboratory","The Bug Knight","The Construct","The Cursed","The Exalted","The Hayseed","The Hierophant","The Immortal","The Judge","The Marked","The Mystic","The Problem Sleuth","The Runesmith","The Senshi","The Vixen","The Wild Card","TheArtist","TheFirefly","Wandering Minibosses","vexMod"],"gold_per_floor":[114,164,164,175,190,224,224,251,251,251,251,279,294,169,169,248,248,266,266,176,196,215,253,253,253,278,278,318,318,318,318,318,395,395,411,361,361,361,361,361,393,303,303,343,343,363,383,383,383,383,383],"floor_reached":52,"playtime":4908,"items_purged":["theSenshi:SaturnsMystery+1","CommonCold"],"score":3151,"play_id":"4c0899be-0da4-43f7-abaa-800362e5e006","local_time":"20201226164603","is_ascension_mode":true,"campfire_choices":[{"data":"theSenshi:MoonPrismPowerMakeUp","floor":7,"key":"SMITH"},{"data":"theSenshi:RoseThrow","floor":15,"key":"SMITH"},{"data":"Hallownest:pwrSporeShroom","floor":24,"key":"SMITH"},{"data":"theSenshi:EncouragingSpeech","floor":27,"key":"SMITH"},{"floor":30,"key":"REST"},{"data":"ReplayTheSpireMod:Black Plague","floor":32,"key":"SMITH"},{"data":"Gensokyo:PrivateSquare","floor":40,"key":"SMITH"},{"floor":49,"key":"REST"}],"circlet_count":0,"master_deck":["AscendersBane","theSenshi:RoseThrow+1","theSenshi:MoonPrismPowerMakeUp+1","theSenshi:MoonPrincessHalation+1","theSenshi:MoonlightKnight+1","theSenshi:MarsPride+1","theSenshi:PlutosSolemnity+1","theSenshi:UranusStrength+1","theSenshi:MoonTiaraMagic+1","theSenshi:SailorMercuryAssists+1","theSenshi:SchoolBag+1","theSenshi:LateForSchool+1","theSenshi:MoonCrisisMakeUp+1","theSenshi:InTheNickOfTime+1","theSenshi:MoonsReflection+1","theSenshi:LunaWiseMentor+1","theSenshi:TallSilhouette+1","theSenshi:MoonPower+1","theSenshi:Sidestep+1","theSenshi:MoonCrystalPowerMakeUp+1","Panacea+1","theSenshi:GatheringStrength+1","theSenshi:MoonKick+1","theSenshi:MoonPunch+1","theSenshi:TuxedoMaskAssists+1","Clumsy","theSenshi:EncouragingSpeech+1","hubris:Greed","theSenshi:MoonCrisisMakeUp+1","theSenshi:JupitersPower+1","Hallownest:pwrSporeShroom+1","ReplayTheSpireMod:Black Plague+1","theSenshi:MoonEternalMakeUp+1","Gensokyo:PrivateSquare+1","Pride","Gensokyo:RainbowDanmaku+1","theSenshi:SailorSaturnAssists+1","Gensokyo:CustomPotion","Menagerie:BloodySpellbook"],"relics":["theSenshi:TransformationBroochRelic","Golden Egg","Quantum Egg","Genji_Glove","infinitespire:EmpoweringShard","conspire:Dentures","ClockworkSouvenir","DemoMod:ClearGuonStone","Ribbon","Dead Branch","theSenshi:CosmicHeartCompactRelic","HornCleat","Membership Card","potionbrewer:ToyAutogyro","theSenshi:RoseRelic","Juzu Bracelet","Ring of Searing","Ring of Greed","hubris:MobiusCoin","MealTicket","Darkstone Periapt","hubris:Potato","Anchor","SlaversCollar","wanderingMiniBosses:CarrionFlame","Hallownest:StagBellRelic1","aspiration:FetidBarrel","Bromod:ArcaneFury","RedLine:ReiMu","DemoMod:JetPack","DemoMod:OrangeGuonStone"],"acts_visited":["Menagerie:Menagerie","Hallownest:CityofTears","Gensokyo:Gensokyoest"],"potions_floor_usage":[13,21,33,35,39,50,50],"damage_taken":[{"damage":0,"enemies":"Menagerie:2_RABBITS","floor":1,"turns":2},{"damage":9,"enemies":"Menagerie:StygianBoar","floor":4,"turns":2},{"damage":5,"enemies":"Menagerie:MonstrousExperiment","floor":5,"turns":3},{"damage":0,"enemies":"Menagerie:Hydra","floor":6,"turns":3},{"damage":0,"enemies":"Menagerie:VoidReaper","floor":8,"turns":4},{"damage":0,"enemies":"Gensokyo:Cirno","floor":12,"turns":9},{"damage":0,"enemies":"Menagerie:KEEPER_AND_YOUNG_SUNEATER","floor":13,"turns":2},{"damage":3,"enemies":"Menagerie:AVATARS","floor":16,"turns":6},{"damage":5,"enemies":"Hallownest:2_Mistakes","floor":18,"turns":5},{"damage":0,"enemies":"Hallownest:2_Mistakes","floor":21,"turns":4},{"damage":0,"enemies":"Hallownest:3_Youths","floor":22,"turns":3},{"damage":0,"enemies":"Hallownest:Nosk","floor":23,"turns":6},{"damage":0,"enemies":"Hallownest:eliteWatcherKnight","floor":28,"turns":10},{"damage":0,"enemies":"Hallownest:BossMantisLord","floor":33,"turns":3},{"damage":3,"enemies":"Gensokyo:AncientGuardian","floor":35,"turns":4},{"damage":36,"enemies":"Gensokyo:AncientGuardian","floor":39,"turns":7},{"damage":10,"enemies":"Gensokyo:Marisa","floor":41,"turns":6},{"damage":6,"enemies":"Gensokyo:Kasen","floor":44,"turns":4},{"damage":0,"enemies":"Gensokyo:3_Bats","floor":46,"turns":1},{"damage":0,"enemies":"Gensokyo:AtlasGolem","floor":47,"turns":3},{"damage":0,"enemies":"Gensokyo:Yuyuko","floor":50,"turns":5},{"damage":0,"enemies":"Gensokyo:Shinki","floor":51,"turns":7}],"seed_played":"8091646136825211101","potions_obtained":[{"floor":23,"key":"blueLaboratory:PyrophylliteBrew"},{"floor":33,"key":"AttackPotion"},{"floor":44,"key":"ColorlessPotion"}],"is_trial":false,"path_per_floor":["M","?","?","M","M","E","R","E","T","?","$","?","M","?","R","B",null,"M","?","?","?","M","E","R","?","T","R","E","?","R","?","R","B",null,"M","$","?","?","?","R","E","?","T","E","?","M","M","?","R","B","B",null],"character_chosen":"THE_SENSHI","items_purchased":["theSenshi:LateForSchool","Genji_Glove","infinitespire:EmpoweringShard","conspire:Dentures","theSenshi:MoonCrisisMakeUp","theSenshi:SaturnsMystery","ClockworkSouvenir","DemoMod:ClearGuonStone","theSenshi:InTheNickOfTime","theSenshi:MoonsReflection","Ribbon","theSenshi:LunaWiseMentor","theSenshi:TallSilhouette","theSenshi:MoonPower","Dead Branch","theSenshi:Sidestep","theSenshi:MoonCrystalPowerMakeUp","Panacea","theSenshi:GatheringStrength","theSenshi:MoonKick","theSenshi:MoonPunch","theSenshi:CosmicHeartCompactRelic","HornCleat","blueLaboratory:FruitPunch","Membership Card","blueLaboratory:BubblePotion","potionbrewer:ToyAutogyro","theSenshi:RoseRelic","theSenshi:TuxedoMaskAssists"],"campfire_rested":2,"item_purchase_floors":[0,0,0,0,0,0,0,0,0,0,0,0,0,0,0,0,0,0,0,0,0,0,0,0,0,0,0,0,0],"current_hp_per_floor":[68,68,70,61,56,56,56,56,56,71,75,81,83,83,83,80,82,77,77,77,81,89,91,91,91,91,91,91,91,91,69,69,75,92,89,97,97,103,103,103,93,93,93,92,92,98,103,106,112,112,112],"gold":383,"neow_bonus":"","is_daily":false,"chose_seed":false,"campfire_upgraded":6,"win_rate":0.0,"timestamp":1608975963,"path_taken":["M","?","?","M","M","E","R","E","T","?","?","?","M","?","R","BOSS","M","?","?","?","M","E","R","?","T","R","E","?","R","?","R","BOSS","M","$","?","?","?","R","E","?","T","E","?","M","M","?","R","BOSS","BOSS"],"items_purchased_type":["Card","Relic","Relic","Relic","Card","Card","Relic","Relic","Card","Card","Relic","Card","Card","Card","Relic","Card","Card","Card","Card","Card","Card","Relic","Relic","Potion","Relic","Potion","Relic","Relic","Card"],"build_version":"2020-12-22","purchased_purges":2,"victory":true,"max_hp_per_floor":[75,75,75,75,75,75,75,75,75,75,75,81,83,83,83,83,83,83,83,83,85,91,91,91,91,91,91,91,91,91,91,91,97,97,97,97,97,103,103,103,103,103,103,103,103,109,109,112,112,112,112],"relic_stats":{"Darkstone Periapt":30,"counters":[52,211],"Dead Branch":[598],"MealTicket":12,"Juzu Bracelet":3,"obtain_stats":[{"Golden Egg":1,"downfall:HeartBlessingGreen":27,"DemoMod:GlassGuonStoneRelic":8,"wanderingMiniBosses:OtherGremlinHorn":2,"sneckomod:SneckoSoul":0,"Ring of Searing":2,"RedLine:ReiMu":34,"HornCleat":0,"DemoMod:MonsterBlood":47,"Ribbon":0,"theSenshi:RoseRelic":0,"Prayer Wheel":1,"MealTicket":2,"DemoMod:ClearGuonStone":0,"conspire:Dentures":0,"hubris:MobiusCoin":2,"Dead Branch":3,"DemoMod:OrangeGuonStone":44,"Replay:Kaleidoscope":52,"War Paint":15,"potionbrewer:ToyAutogyro":0,"Question Card":1,"OrangePellets":53,"SlaversCollar":17,"theSenshi:TransformationBroochRelic":0,"Pandora\u0027s Box":10,"Onion Ring":24,"aspiration:SilentSkillbook":34,"infinitespire:EmpoweringShard":23,"theSenshi:CosmicHeartCompactRelic":0,"Bromod:ArcaneFury":28,"Darkstone Periapt":6,"Regal Pillow":29,"Hallownest:StagBellRelic1":20,"Juzu Bracelet":0,"hubris:EmptyBottle":12,"Power_Wrist":29,"hubris:EvacipatedBox":1,"Cleaning_Rag":41,"ClockworkSouvenir":0,"Frozen Eye":8,"Mummified Hand":21,"downfall:HeartBlessingBlue":27,"Genji_Glove":0,"TheVixenMod:UmbreonRelic":42,"DemoMod:JetPack":43,"Potion Belt":10,"downfall:HeartBlessingRed":27,"Replay:Towering Pillar of Hats":43,"aspiration:FetidBarrel":23,"Quantum Egg":1,"qcfpunch:Black_Training_Shirt":8,"vexMod:FocusSash":21,"Ring of Greed":2,"hubris:Towel":46,"Orichalcum":48,"Replay:Arrowhead":10,"Anchor":12,"wanderingMiniBosses:CarrionFlame":18,"ChewingGum":17,"Bag of Marbles":38,"potionbrewer:BottledElixir":25,"Membership Card":0,"Toy Ornithopter":28,"hubris:Potato":8},{"Golden Egg":0,"downfall:HeartBlessingGreen":15,"DemoMod:GlassGuonStoneRelic":4,"wanderingMiniBosses:OtherGremlinHorn":1,"sneckomod:SneckoSoul":0,"Ring of Searing":31,"RedLine:ReiMu":44,"HornCleat":30,"DemoMod:MonsterBlood":25,"Ribbon":30,"theSenshi:RoseRelic":30,"Prayer Wheel":0,"MealTicket":31,"DemoMod:ClearGuonStone":30,"conspire:Dentures":30,"hubris:MobiusCoin":31,"Dead Branch":2,"DemoMod:OrangeGuonStone":48,"Replay:Kaleidoscope":29,"War Paint":9,"potionbrewer:ToyAutogyro":30,"Question Card":0,"OrangePellets":29,"SlaversCollar":38,"theSenshi:TransformationBroochRelic":30,"Pandora\u0027s Box":5,"Onion Ring":14,"aspiration:SilentSkillbook":20,"infinitespire:EmpoweringShard":14,"theSenshi:CosmicHeartCompactRelic":30,"Bromod:ArcaneFury":43,"Darkstone Periapt":34,"Regal Pillow":17,"Hallownest:StagBellRelic1":39,"Juzu Bracelet":30,"hubris:EmptyBottle":7,"Power_Wrist":17,"hubris:EvacipatedBox":0,"Cleaning_Rag":23,"ClockworkSouvenir":30,"Frozen Eye":4,"Mummified Hand":12,"downfall:HeartBlessingBlue":15,"Genji_Glove":30,"TheVixenMod:UmbreonRelic":23,"DemoMod:JetPack":47,"Potion Belt":5,"downfall:HeartBlessingRed":15,"Replay:Towering Pillar of Hats":24,"aspiration:FetidBarrel":42,"Quantum Egg":0,"qcfpunch:Black_Training_Shirt":4,"vexMod:FocusSash":12,"Ring of Greed":31,"hubris:Towel":25,"Orichalcum":26,"Replay:Arrowhead":5,"Anchor":36,"wanderingMiniBosses:CarrionFlame":39,"ChewingGum":10,"Bag of Marbles":22,"potionbrewer:BottledElixir":15,"Membership Card":30,"Toy Ornithopter":16,"hubris:Potato":35},{"Golden Egg":0,"downfall:HeartBlessingGreen":39,"DemoMod:GlassGuonStoneRelic":8,"wanderingMiniBosses:OtherGremlinHorn":2,"sneckomod:SneckoSoul":0,"Ring of Searing":114,"RedLine:ReiMu":174,"HornCleat":112,"DemoMod:MonsterBlood":81,"Ribbon":112,"theSenshi:RoseRelic":112,"Prayer Wheel":0,"MealTicket":114,"DemoMod:ClearGuonStone":112,"conspire:Dentures":112,"hubris:MobiusCoin":114,"Dead Branch":3,"DemoMod:OrangeGuonStone":195,"Replay:Kaleidoscope":99,"War Paint":24,"potionbrewer:ToyAutogyro":112,"Question Card":0,"OrangePellets":99,"SlaversCollar":143,"theSenshi:TransformationBroochRelic":112,"Pandora\u0027s Box":12,"Onion Ring":37,"aspiration:SilentSkillbook":72,"infinitespire:EmpoweringShard":37,"theSenshi:CosmicHeartCompactRelic":112,"Bromod:ArcaneFury":171,"Darkstone Periapt":122,"Regal Pillow":43,"Hallownest:StagBellRelic1":148,"Juzu Bracelet":112,"hubris:EmptyBottle":19,"Power_Wrist":43,"hubris:EvacipatedBox":0,"Cleaning_Rag":76,"ClockworkSouvenir":112,"Frozen Eye":7,"Mummified Hand":32,"downfall:HeartBlessingBlue":39,"Genji_Glove":112,"TheVixenMod:UmbreonRelic":76,"DemoMod:JetPack":191,"Potion Belt":12,"downfall:HeartBlessingRed":39,"Replay:Towering Pillar of Hats":78,"aspiration:FetidBarrel":161,"Quantum Egg":0,"qcfpunch:Black_Training_Shirt":8,"vexMod:FocusSash":32,"Ring of Greed":114,"hubris:Towel":81,"Orichalcum":87,"Replay:Arrowhead":12,"Anchor":135,"wanderingMiniBosses:CarrionFlame":148,"ChewingGum":26,"Bag of Marbles":74,"potionbrewer:BottledElixir":39,"Membership Card":112,"Toy Ornithopter":42,"hubris:Potato":126}]},"card_choices":[{"not_picked":["theSenshi:Overload","theSenshi:MoonsReflection","theSenshi:SailorUranusAssists"],"picked":"SKIP","floor":1},{"not_picked":["theSenshi:SteeledNerves","theSenshi:SailorJupiterAssists"],"picked":"theSenshi:EncouragingSpeech","floor":4},{"not_picked":["theSenshi:RainbowMoonHeartAche","theSenshi:MoonKick","theSenshi:CrisisMakeUp"],"picked":"SKIP","floor":5},{"not_picked":["theSenshi:EncouragingSpeech","theSenshi:SailorVenusAssists","theSenshi:SailorNeptuneAssists"],"picked":"SKIP","floor":6},{"not_picked":["theSenshi:TuxedoMaskAssists","theSenshi:UranusStrength","theSenshi:PlutosSolemnity"],"picked":"SKIP","floor":8},{"not_picked":["theSenshi:LateForSchool","theSenshi:KlutzyLuck","theSenshi:MoonTiaraMagic"],"picked":"SKIP","floor":13},{"not_picked":["theSenshi:NeptunesGrace+1","theSenshi:KlutzyLuck+1"],"picked":"theSenshi:MoonCrisisMakeUp+1","floor":14},{"not_picked":["theSenshi:StudyParty","theSenshi:ChibiMoonsLove"],"picked":"theSenshi:JupitersPower","floor":16},{"not_picked":["theSenshi:SaturnsMystery+1","theSenshi:DramaticEntrance","theSenshi:SailorStarMakerAssists"],"picked":"SKIP","floor":18},{"not_picked":["theSenshi:SchoolBag+1","theSenshi:TallSilhouette","theSenshi:LunasBite"],"picked":"SKIP","floor":22},{"not_picked":["theSenshi:PlutosSolemnity","theSenshi:MoonsReflection","theSenshi:SailorPlanetAttack"],"picked":"SKIP","floor":23},{"not_picked":["theSenshi:UranusStrength","theSenshi:GatheringStrength","theSenshi:SupersonicWaves+1"],"picked":"SKIP","floor":28},{"not_picked":["infinitespire:Gouge","hubris:InfiniteBlow+131"],"picked":"ReplayTheSpireMod:Black Plague","floor":31},{"not_picked":["theSenshi:SailorPlutoAssists","theSenshi:FatedKiss"],"picked":"theSenshi:MoonEternalMakeUp","floor":33},{"not_picked":["theSenshi:TuxedoSmokingBomber","theSenshi:SupersonicWaves","theSenshi:MoonPrincessHalation"],"picked":"SKIP","floor":35},{"not_picked":["Gensokyo:MorningStar","Gensokyo:UnlikelyAid"],"picked":"Gensokyo:RainbowDanmaku","floor":39},{"not_picked":["theSenshi:SaturnsMystery","theSenshi:LunaWiseMentor"],"picked":"theSenshi:SailorSaturnAssists","floor":41},{"not_picked":["theSenshi:SchoolBag","theSenshi:NeptunesGrace","theSenshi:InTheNickOfTime"],"picked":"SKIP","floor":44},{"not_picked":["theSenshi:LunasBite","theSenshi:MoonSpiralHeartAttack","theSenshi:MoonPower"],"picked":"SKIP","floor":46},{"not_picked":["theSenshi:Overload","theSenshi:SailorStarMakerAssists","theSenshi:LunasBite"],"picked":"SKIP","floor":47}],"player_experience":1219395,"relics_obtained":[{"floor":2,"key":"Ring of Searing"},{"floor":2,"key":"Ring of Greed"},{"floor":2,"key":"hubris:MobiusCoin"},{"floor":2,"key":"MealTicket"},{"floor":6,"key":"Darkstone Periapt"},{"floor":8,"key":"hubris:Potato"},{"floor":12,"key":"Anchor"},{"floor":18,"key":"wanderingMiniBosses:CarrionFlame"},{"floor":23,"key":"aspiration:FetidBarrel"},{"floor":28,"key":"Bromod:ArcaneFury"},{"floor":43,"key":"DemoMod:JetPack"},{"floor":44,"key":"DemoMod:OrangeGuonStone"}],"event_choices":[{"damage_healed":2,"gold_gain":0,"player_choice":"LEAVE ","damage_taken":0,"relics_obtained":[],"max_hp_gain":0,"max_hp_loss":0,"event_name":"betterSkull:BetterSkull","floor":3,"gold_loss":0,"cards_upgraded":[]},{"damage_healed":15,"gold_gain":0,"player_choice":"Goat","damage_taken":0,"max_hp_gain":0,"max_hp_loss":0,"event_name":"Menagerie:ThreeAnimals","floor":10,"gold_loss":0},{"damage_healed":0,"gold_gain":0,"player_choice":"Release","damage_taken":0,"max_hp_gain":0,"max_hp_loss":0,"event_name":"Menagerie:StasisChamber","floor":12,"gold_loss":0},{"damage_healed":0,"gold_gain":0,"player_choice":"2","damage_taken":0,"max_hp_gain":0,"max_hp_loss":0,"event_name":"betterMatch:BetterMatch","floor":14,"gold_loss":0,"cards_obtained":["betterMatch:UncommonCard"]},{"damage_healed":2,"gold_gain":0,"player_choice":"LEAVE ","damage_taken":0,"relics_obtained":[],"max_hp_gain":0,"max_hp_loss":0,"event_name":"betterSkull:BetterSkull","floor":37,"gold_loss":0,"cards_upgraded":[]}],"is_beta":false,"boss_relics":[{"not_picked":["Bromod:ArcaneGrace","conspire:SlowCooker"],"picked":"SlaversCollar"},{"not_picked":["hubris:VirtuousBlindfold","hubris:HollowSoul"],"picked":"RedLine:ReiMu"}],"items_purged_floors":[0,36],"is_endless":false,"potions_floor_spawned":[1,4,6,23,33,44],"ascension_level":20}}