{"host":"5bdt6s51dmpd4l3v","time":1608953710,"event":{"mods":["AchievementEnabler","BaseMod","Colored Map","Colored Powertips","Highlight Path","Minty Spire (QoL Compilation)","Quick Restart","Rare Cards Sparkle","StSLib"],"gold_per_floor":[118,118,32,82,94,94,127,127,176,176,210,7,7,23,23,101,101,114,29,29,29,41,41,57,57,132,143,3,34,51,51,51,128,128,140,1139,1139,819,834,868,868,868,868],"floor_reached":42,"playtime":1033,"items_purged":["Normality"],"score":880,"play_id":"5a75673f-7551-4d74-9974-cd12c4752143","local_time":"20201226113510","is_ascension_mode":true,"campfire_choices":[{"data":"Whirlwind","floor":6.0,"key":"SMITH"},{"data":"Spot Weakness","floor":8.0,"key":"SMITH"},{"data":"Heavy Blade","floor":10.0,"key":"SMITH"},{"data":"Armaments","floor":13.0,"key":"SMITH"},{"data":"Pummel","floor":15.0,"key":"SMITH"},{"data":"Shockwave","floor":23.0,"key":"SMITH"},{"data":"Dual Wield","floor":32.0,"key":"SMITH"},{"floor":41.0,"key":"REST"}],"circlet_count":0,"master_deck":["AscendersBane","Strike_R","Strike_R","Strike_R","Strike_R","Strike_R","Defend_R","Defend_R","Defend_R+1","Defend_R","Bash","Spot Weakness+1","Whirlwind+1","Twin Strike","Heavy Blade+1","Pummel+1","Armaments+1","Clash","Limit Break+1","Shockwave+1","Hemokinesis","Sword Boomerang","Dual Wield+1","Feed","Normality","Deep Breath","Seeing Red","Twin Strike+1"],"relics":["Burning Blood","NeowsBlessing","Lantern","Pen Nib","Eternal Feather","Membership Card","Philosopher\u0027s Stone","War Paint","Mercury Hourglass","MutagenicStrength","Shuriken","Vajra","Orichalcum","Black Star","Ginger","Omamori","Blood Vial","Blue Candle"],"acts_visited":["Exordium","TheCity","TheBeyond"],"potions_floor_usage":[42],"damage_taken":[{"damage":0.0,"enemies":"2 Louse","floor":1.0,"turns":1.0},{"damage":0.0,"enemies":"Cultist","floor":5.0,"turns":1.0},{"damage":0.0,"enemies":"Gremlin Nob","floor":7.0,"turns":1.0},{"damage":30.0,"enemies":"Lagavulin","floor":11.0,"turns":5.0},{"damage":11.0,"enemies":"Small Slimes","floor":14.0,"turns":3.0},{"damage":64.0,"enemies":"Slime Boss","floor":16.0,"turns":11.0},{"damage":0.0,"enemies":"3 Byrds","floor":18.0,"turns":1.0},{"damage":2.0,"enemies":"Spheric Guardian","floor":22.0,"turns":3.0},{"damage":41.0,"enemies":"Snake Plant","floor":24.0,"turns":3.0},{"damage":0.0,"enemies":"Centurion and Healer","floor":27.0,"turns":2.0},{"damage":1.0,"enemies":"Gremlin Leader","floor":29.0,"turns":3.0},{"damage":2.0,"enemies":"Sentry and Sphere","floor":30.0,"turns":2.0},{"damage":45.0,"enemies":"Automaton","floor":33.0,"turns":5.0},{"damage":6.0,"enemies":"Orb Walker","floor":35.0,"turns":1.0},{"damage":24.0,"enemies":"3 Shapes","floor":39.0,"turns":1.0},{"damage":39.0,"enemies":"Giant Head","floor":40.0,"turns":6.0},{"damage":63,"enemies":"Nemesis","floor":42,"turns":4}],"seed_played":"1328171530419748131","potions_obtained":[{"floor":5.0,"key":"Weak Potion"},{"floor":11.0,"key":"Regen Potion"},{"floor":24.0,"key":"Fire Potion"},{"floor":29.0,"key":"PowerPotion"},{"floor":33.0,"key":"Explosive Potion"}],"is_trial":false,"path_per_floor":["M","?","$","?","M","R","E","R","T","R","E","$","R","M","R","B",null,"M","?","?","T","M","R","M","?","T","M","$","E","M","?","R","B",null,"M","?","?","$","M","E","R","E"],"character_chosen":"IRONCLAD","items_purchased":["Whirlwind","Membership Card","Armaments","Sword Boomerang","Vajra","Strength Potion","Ginger","Omamori","LiquidMemories"],"campfire_rested":1,"item_purchase_floors":[3,12,12,28,28,28,38,38,38],"current_hp_per_floor":[74,74,74,67,73,73,75,75,75,75,51,51,60,55,64,11,59,65,65,65,65,69,75,40,40,40,46,46,51,55,60,72,33,65,68,68,68,68,50,17,55,0,0],"gold":868,"neow_bonus":"THREE_ENEMY_KILL","is_daily":false,"chose_seed":false,"campfire_upgraded":7,"win_rate":0.0,"timestamp":1608953710,"path_taken":["M","?","$","?","?","R","E","R","T","R","E","$","R","M","R","BOSS","M","?","?","?","M","R","M","?","T","M","$","E","M","?","R","BOSS","M","?","?","$","?","E","R","E"],"items_purchased_type":["Card","Relic","Card","Card","Relic","Potion","Relic","Relic","Potion"],"build_version":"2020-12-22","purchased_purges":1,"victory":false,"max_hp_per_floor":[75,75,75,75,75,75,75,75,75,75,75,75,75,75,75,75,75,75,75,75,75,75,75,75,75,75,75,75,75,75,75,75,75,75,78,78,78,78,78,78,78,78,78],"card_choices":[{"not_picked":["Clash","Power Through"],"picked":"Spot Weakness","floor":1.0},{"not_picked":["Cleave","Rage"],"picked":"Twin Strike","floor":5.0},{"not_picked":["Headbutt","Twin Strike"],"picked":"Heavy Blade","floor":7.0},{"not_picked":["Blood for Blood","Body Slam"],"picked":"Pummel","floor":11.0},{"not_picked":["Heavy Blade","Fire Breathing"],"picked":"Clash","floor":14.0},{"not_picked":["Bludgeon","Demon Form"],"picked":"Limit Break","floor":16.0},{"not_picked":["Fire Breathing","Flame Barrier"],"picked":"Pommel Strike","floor":18.0},{"not_picked":["Armaments","Clothesline"],"picked":"Hemokinesis","floor":22.0},{"not_picked":["Entrench","Combust","Anger"],"picked":"SKIP","floor":24.0},{"not_picked":["Headbutt","Twin Strike","Carnage+1"],"picked":"SKIP","floor":27.0},{"not_picked":["True Grit","Armaments","Evolve"],"picked":"SKIP","floor":29.0},{"not_picked":["Disarm","Bludgeon"],"picked":"Dual Wield","floor":30.0},{"not_picked":["Juggernaut","Impervious"],"picked":"Feed","floor":33.0},{"not_picked":["True Grit","Pommel Strike","Perfected Strike"],"picked":"SKIP","floor":35.0},{"not_picked":["Blind","Magnetism"],"picked":"Deep Breath","floor":37.0},{"not_picked":["Headbutt","Armaments"],"picked":"Seeing Red","floor":39.0},{"not_picked":["Intimidate","Anger+1"],"picked":"Twin Strike+1","floor":40.0}],"player_experience":242590,"relics_obtained":[{"floor":7.0,"key":"Lantern"},{"floor":9.0,"key":"Pen Nib"},{"floor":11.0,"key":"Eternal Feather"},{"floor":21.0,"key":"Mercury Hourglass"},{"floor":26.0,"key":"Shuriken"},{"floor":29.0,"key":"Orichalcum"},{"floor":40.0,"key":"Blood Vial"},{"floor":40.0,"key":"Blue Candle"}],"event_choices":[{"damage_healed":0.0,"max_hp_gain":0.0,"max_hp_loss":0.0,"gold_gain":0.0,"event_name":"The Cleric","player_choice":"Leave","floor":2.0,"gold_loss":0.0,"damage_taken":0.0},{"damage_healed":0.0,"max_hp_gain":0.0,"max_hp_loss":0.0,"gold_gain":50.0,"event_name":"FaceTrader","player_choice":"Touch","floor":4.0,"gold_loss":0.0,"damage_taken":7.0},{"damage_healed":0.0,"max_hp_gain":0.0,"max_hp_loss":0.0,"gold_gain":0.0,"event_name":"Addict","player_choice":"Obtained Relic","floor":19.0,"gold_loss":85.0,"damage_taken":0.0,"relics_obtained":["War Paint"]},{"damage_healed":0.0,"max_hp_gain":0.0,"max_hp_loss":0.0,"gold_gain":0.0,"event_name":"The Library","player_choice":"Read","floor":20.0,"gold_loss":0.0,"damage_taken":0.0,"cards_obtained":["Shockwave"]},{"damage_healed":0.0,"max_hp_gain":0.0,"max_hp_loss":0.0,"gold_gain":0.0,"event_name":"Drug Dealer","player_choice":"Inject Mutagens","floor":25.0,"gold_loss":0.0,"damage_taken":0.0,"relics_obtained":["MutagenicStrength"]},{"cards_removed":["Pommel Strike"],"damage_healed":5.0,"max_hp_gain":0.0,"max_hp_loss":0.0,"gold_gain":0.0,"event_name":"Bonfire Elementals","player_choice":"Offered Common","floor":31.0,"gold_loss":0.0,"damage_taken":0.0},{"cards_removed":["Pommel Strike"],"damage_healed":5.0,"max_hp_gain":0.0,"max_hp_loss":0.0,"gold_gain":0.0,"event_name":"Bonfire Elementals","player_choice":"Offered Special","floor":31.0,"gold_loss":0.0,"damage_taken":0.0},{"damage_healed":0.0,"max_hp_gain":0.0,"max_hp_loss":0.0,"gold_gain":999.0,"event_name":"MindBloom","player_choice":"Gold","floor":36.0,"gold_loss":0.0,"damage_taken":0.0,"cards_obtained":["Normality","Normality"]},{"damage_healed":0.0,"max_hp_gain":0.0,"max_hp_loss":0.0,"gold_gain":0.0,"event_name":"SensoryStone","player_choice":"Memory 1","floor":37.0,"gold_loss":0.0,"damage_taken":0.0}],"is_beta":false,"boss_relics":[{"not_picked":["Empty Cage","Coffee Dripper"],"picked":"Philosopher\u0027s Stone"},{"not_picked":["Snecko Eye","Cursed Key"],"picked":"Black Star"}],"items_purged_floors":[38],"is_endless":false,"potions_floor_spawned":[5,11,24,29,33],"killed_by":"Nemesis","ascension_level":16}}