{"host":"nkolxg4se00n20yf","time":1608983029,"event":{"mods":["BaseMod","CatGirl Mod","Chen","Colored Map","Colored Powertips","Downfall","Friendly Minions","Infinite Spire","Kiyohime????","Marisa????????","Minty Spire (QoL Compilation)","StSLib","Td1madao Mod","The Administrix","The Cursed","The Exalted","The Hierophant","The Servant 0.9.4"],"gold_per_floor":[110,126,46,66,66,101,101,118,118,152,162,175,8,42,42,147,147,162,179,179,195,195,195,31,65,91,121,133,133,133,133,133,133,133],"floor_reached":33,"playtime":1212,"items_purged":[],"score":568,"play_id":"17b3abaf-d7e5-4e87-a091-d3dcd08d8714","local_time":"20201226124349","is_ascension_mode":true,"campfire_choices":[{"floor":7.0,"key":"REST"},{"data":"Self Repair","floor":15.0,"key":"SMITH"},{"data":"Streamline","floor":23.0,"key":"SMITH"},{"floor":30.0,"key":"REST"},{"data":"Fusion","floor":32.0,"key":"SMITH"}],"circlet_count":0,"master_deck":["AscendersBane","Strike_B+1","Strike_B+1","Strike_B+1","Defend_B+1","Defend_B+1","Defend_B+1","Defend_B+1","Zap+1","Dualcast","Streamline+1","Self Repair+1","Conserve Battery","Go for the Eyes+1","Hello World","Fusion+1","Auto Shields","Ball Lightning","Ball Lightning","FTL+1","Electrodynamics+1","Consume","Reinforced Body","Coolheaded","Loop+1","Compile Driver","Genetic Algorithm","Loop+1"],"relics":["Cracked Core","Symbiotic Virus","Matryoshka","Frozen Egg 2","infinitespire:CheckeredPen","infinitespire:PuzzleCube","Membership Card","infinitespire:FocusingShard","Philosopher\u0027s Stone","Bottled Tornado","infinitespire:Freezer","Whetstone","Akabeko","Sundial"],"acts_visited":["Exordium","TheCity"],"potions_floor_usage":[],"damage_taken":[{"damage":2.0,"enemies":"2 Louse","floor":1.0,"turns":2.0},{"damage":13.0,"enemies":"infinitespire:Voidling","floor":2.0,"turns":4.0},{"damage":11.0,"enemies":"Small Slimes","floor":4.0,"turns":3.0},{"damage":25.0,"enemies":"Lagavulin","floor":6.0,"turns":5.0},{"damage":6.0,"enemies":"Exordium Thugs","floor":8.0,"turns":5.0},{"damage":8.0,"enemies":"3 Sentries","floor":10.0,"turns":6.0},{"damage":4.0,"enemies":"Large Slime","floor":11.0,"turns":5.0},{"damage":19.0,"enemies":"Lots of Slimes","floor":12.0,"turns":4.0},{"damage":6.0,"enemies":"Gremlin Nob","floor":14.0,"turns":3.0},{"damage":0.0,"enemies":"Slime Boss","floor":16.0,"turns":6.0},{"damage":5.0,"enemies":"3 Byrds","floor":18.0,"turns":2.0},{"damage":0.0,"enemies":"Spheric Guardian","floor":19.0,"turns":2.0},{"damage":7.0,"enemies":"Snecko","floor":21.0,"turns":4.0},{"damage":34.0,"enemies":"Book of Stabbing","floor":25.0,"turns":5.0},{"damage":17.0,"enemies":"Slavers","floor":27.0,"turns":2.0},{"damage":1.0,"enemies":"Cultist and Chosen","floor":28.0,"turns":3.0},{"damage":57,"enemies":"Collector","floor":33,"turns":6}],"seed_played":"-4824778129484096963","potions_obtained":[{"floor":4.0,"key":"SmokeBomb"},{"floor":8.0,"key":"Energy Potion"},{"floor":10.0,"key":"SkillPotion"},{"floor":12.0,"key":"Block Potion"},{"floor":18.0,"key":"SkillPotion"},{"floor":20.0,"key":"DistilledChaos"},{"floor":20.0,"key":"EssenceOfDarkness"},{"floor":25.0,"key":"Regen Potion"}],"is_trial":false,"path_per_floor":["M","M","?","M","?","E","R","M","T","E","M","M","$","E","R","B",null,"M","M","?","M","?","R","$","E","T","E","M","?","R","?","R","B"],"character_chosen":"DEFECT","items_purchased":["Membership Card","Ball Lightning","Bottled Tornado","Loop+1"],"campfire_rested":2,"item_purchase_floors":[13,13,24,24],"current_hp_per_floor":[66,62,62,58,58,40,62,63,63,62,65,53,53,54,54,64,72,67,67,67,70,70,70,70,46,46,34,43,29,53,53,53,0,0],"gold":133,"neow_bonus":"UPGRADE_CARD","is_daily":false,"chose_seed":false,"campfire_upgraded":3,"win_rate":0.0,"timestamp":1608983029,"path_taken":["M","M","?","?","?","E","R","M","T","E","M","M","?","E","R","BOSS","M","M","?","?","?","R","$","E","T","E","M","?","R","?","R","BOSS"],"items_purchased_type":["Relic","Card","Relic","Card"],"build_version":"2020-12-22","purchased_purges":0,"victory":false,"max_hp_per_floor":[75,75,75,75,75,75,75,75,75,75,75,75,75,75,75,75,75,75,75,75,75,75,75,75,75,75,75,75,80,80,80,80,80,80],"card_choices":[{"not_picked":["Double Energy","Sweeping Beam"],"picked":"Streamline","floor":1.0},{"not_picked":["Steam","Darkness"],"picked":"Self Repair","floor":2.0},{"not_picked":["Stack","Barrage"],"picked":"Conserve Battery","floor":4.0},{"not_picked":["Skim","Sweeping Beam"],"picked":"Go for the Eyes","floor":6.0},{"not_picked":["Compile Driver","Blizzard"],"picked":"Hello World","floor":8.0},{"not_picked":["Reinforced Body","Coolheaded"],"picked":"Fusion","floor":10.0},{"not_picked":["Barrage","Redo"],"picked":"Auto Shields","floor":11.0},{"not_picked":["Rainbow","Streamline"],"picked":"Ball Lightning","floor":12.0},{"not_picked":["Streamline","Sweeping Beam"],"picked":"FTL","floor":14.0},{"not_picked":["Machine Learning+1","Seek"],"picked":"Electrodynamics+1","floor":16.0},{"not_picked":["Compile Driver","Steam"],"picked":"Consume","floor":18.0},{"not_picked":["Compile Driver+1","Rip and Tear"],"picked":"Reinforced Body","floor":19.0},{"not_picked":["Meteor Strike","Reinforced Body"],"picked":"Coolheaded","floor":21.0},{"not_picked":["Doom and Gloom","Gash"],"picked":"Compile Driver","floor":25.0},{"not_picked":["Steam","Leap"],"picked":"Genetic Algorithm","floor":27.0},{"not_picked":["Darkness","Scrape"],"picked":"Loop+1","floor":28.0}],"player_experience":1051758,"relics_obtained":[{"floor":6.0,"key":"Matryoshka"},{"floor":9.0,"key":"Frozen Egg 2"},{"floor":9.0,"key":"infinitespire:CheckeredPen"},{"floor":10.0,"key":"infinitespire:PuzzleCube"},{"floor":14.0,"key":"infinitespire:FocusingShard"},{"floor":25.0,"key":"infinitespire:Freezer"},{"floor":26.0,"key":"Whetstone"},{"floor":26.0,"key":"Akabeko"},{"floor":27.0,"key":"Sundial"}],"event_choices":[{"damage_healed":0.0,"max_hp_gain":0.0,"max_hp_loss":0.0,"gold_gain":0.0,"event_name":"WeMeetAgain","player_choice":"Paid Gold","floor":3.0,"gold_loss":80.0,"damage_taken":0.0,"relics_obtained":["Symbiotic Virus"]},{"cards_removed":["Strike_B"],"damage_healed":0.0,"max_hp_gain":0.0,"max_hp_loss":0.0,"gold_gain":0.0,"event_name":"Bonfire Elementals","player_choice":"Offered Basic","floor":5.0,"gold_loss":0.0,"damage_taken":0.0},{"damage_healed":0.0,"max_hp_gain":0.0,"max_hp_loss":0.0,"gold_gain":0.0,"event_name":"Lab","player_choice":"Got Potions","floor":20.0,"gold_loss":0.0,"damage_taken":0.0},{"damage_healed":0.0,"max_hp_gain":0.0,"max_hp_loss":0.0,"gold_gain":0.0,"event_name":"Back to Basics","player_choice":"Simplicity","floor":22.0,"gold_loss":0.0,"damage_taken":0.0,"cards_upgraded":["Strike_B","Strike_B","Strike_B","Defend_B","Defend_B","Defend_B","Defend_B"]},{"damage_healed":0.0,"max_hp_gain":5.0,"max_hp_loss":0.0,"gold_gain":0.0,"event_name":"Forgotten Altar","player_choice":"Shed Blood","floor":29.0,"gold_loss":0.0,"damage_taken":19.0},{"damage_healed":0.0,"max_hp_gain":0.0,"max_hp_loss":0.0,"gold_gain":0.0,"event_name":"Ghosts","player_choice":"Ignored","floor":31.0,"gold_loss":0.0,"damage_taken":0.0}],"is_beta":false,"boss_relics":[{"not_picked":["Runic Dome","Runic Pyramid"],"picked":"Philosopher\u0027s Stone"}],"items_purged_floors":[],"is_endless":false,"potions_floor_spawned":[4,8,10,12,18,25],"killed_by":"Collector","ascension_level":12}}