{"host":"b4asi0laiv85suj9","time":1608979594,"event":{"mods":["ATMod(°¢èªMod)","BaseMod","Minty Spire (QoL Compilation)","MostiFishMod","Relic Stats","StSLib","TestMod","noobMod"],"gold_per_floor":[111,111,111,127,150,189,289,289,369,369,294,219,59,92,92,783,783,808,535,505,156,177,177,218,234,234,257,257,280,280,316,316,407,407,427,427,442,307,325,356,356,370,420,436,159,197,265,152,152,252,252,252,23,62,87],"floor_reached":56,"playtime":4926,"items_purged":["Strike_B","Strike_B","Defend_B"],"score":2682,"play_id":"b5890a3a-ae4b-4097-90e0-1910dec31a5b","local_time":"20201226184634","is_ascension_mode":true,"campfire_choices":[{"data":"Dualcast","floor":8.0,"key":"SMITH"},{"data":"Capacitor","floor":10.0,"key":"SMITH"},{"floor":15.0,"key":"RECALL"},{"data":"Defragment","floor":23.0,"key":"SMITH"},{"floor":30.0,"key":"REST"},{"floor":32.0,"key":"REST"},{"data":"Coolheaded","floor":41.0,"key":"SMITH"},{"data":"AT_ThreeBodyProblem","floor":49,"key":"SMITH"},{"data":"Echo Form","floor":52,"key":"SMITH"}],"circlet_count":0,"master_deck":["AscendersBane","Strike_B+1","Strike_B+1","Defend_B+1","Defend_B","Zap+1","Dualcast+1","AT_FamilyPortrait+1","Cold Snap+1","Skim+1","Capacitor+1","Electrodynamics+1","MostiFishMod:ActiveDefenseSystem+1","Buffer+1","Defragment+1","AT_DarkMatter+1","Static Discharge+1","Rainbow+1","MostiFishMod:FluxCapactior+1","MostiFishMod:GatherIntelligence+1","Coolheaded+1","MostiFishMod:IceShield","AT_ThreeBodyProblem+1","Echo Form+1","Glacier","Heatsinks"],"relics":["testmod-TestBox","DaveBox","ice","AT_ATBox","RhineFirstAidKit","GreenFoldingFan","testmod-BloodSacrificeSpiritualization","SynthV:TestCard","Golden Idol","Anchor","Matryoshka","testmod-IndustrialRevolution","Cables","testmod-CardMagician","AT_SeraphEmbrace","Gremlin Horn","Sundial","Whetstone","AT_RedNoBalance","Boot","testmod-Hope","testmod-IncinerationGenerator","Potion Belt","AT_PhaseBoots","AT_SunfireAegis","Membership Card","AT_SilvercatRing","Emotion Chip","ClockworkSouvenir","AT_EbonyIvory","Happy Flower","AT_MibuBalloonWealth"],"acts_visited":["Exordium","TheCity","TheBeyond","TheEnding"],"potions_floor_usage":[55,55,55],"damage_taken":[{"damage":14.0,"enemies":"Small Slimes","floor":1.0,"turns":3.0},{"damage":10.0,"enemies":"Jaw Worm","floor":4.0,"turns":2.0},{"damage":12.0,"enemies":"Cultist","floor":5.0,"turns":3.0},{"damage":36.0,"enemies":"3 Sentries","floor":6.0,"turns":7.0},{"damage":17.0,"enemies":"Lagavulin","floor":14.0,"turns":5.0},{"damage":14.0,"enemies":"Slime Boss","floor":16.0,"turns":4.0},{"damage":8.0,"enemies":"3 Byrds","floor":18.0,"turns":2.0},{"damage":8.0,"enemies":"Spheric Guardian","floor":22.0,"turns":3.0},{"damage":8.0,"enemies":"Gremlin Leader","floor":24.0,"turns":5.0},{"damage":6.0,"enemies":"Shelled Parasite and Fungi","floor":25.0,"turns":5.0},{"damage":11.0,"enemies":"Cultist and Chosen","floor":27.0,"turns":3.0},{"damage":10.0,"enemies":"Snecko","floor":29.0,"turns":4.0},{"damage":26.0,"enemies":"Slavers","floor":31.0,"turns":3.0},{"damage":12.0,"enemies":"Collector","floor":33.0,"turns":5.0},{"damage":12.0,"enemies":"3 Darklings","floor":35.0,"turns":3.0},{"damage":10.0,"enemies":"Orb Walker","floor":37.0,"turns":4.0},{"damage":10.0,"enemies":"4 Shapes","floor":39.0,"turns":3.0},{"damage":13.0,"enemies":"Reptomancer","floor":40.0,"turns":6.0},{"damage":12.0,"enemies":"Spire Growth","floor":42.0,"turns":4.0},{"damage":12.0,"enemies":"3 Darklings","floor":44.0,"turns":3.0},{"damage":12.0,"enemies":"Nemesis","floor":46.0,"turns":5.0},{"damage":13,"enemies":"2 Orb Walkers","floor":47,"turns":3},{"damage":13,"enemies":"Donu and Deca","floor":50,"turns":5},{"damage":50,"enemies":"Shield and Spear","floor":54,"turns":5},{"damage":13,"enemies":"The Heart","floor":55,"turns":5}],"seed_played":"5143298662617851199","potions_obtained":[{"floor":4.0,"key":"ColorlessPotion"},{"floor":6.0,"key":"DistilledChaos"},{"floor":18.0,"key":"GamblersBrew"},{"floor":20.0,"key":"testmod-TimePotion"},{"floor":25.0,"key":"testmod-SpacePotion"},{"floor":29.0,"key":"Block Potion"},{"floor":31.0,"key":"Ancient Potion"},{"floor":39.0,"key":"EssenceOfSteel"},{"floor":42.0,"key":"testmod-TestPotion"}],"is_trial":false,"path_per_floor":["M","?","?","M","M","E","?","R","T","R","$","?","$","E","R","B",null,"M","$","?","$","M","R","E","M","T","M","T","M","R","E","R","B",null,"M","?","M","?","M","E","R","M","T","M","$","E","?","$","R","B",null,"R","$","E","B",null],"character_chosen":"DEFECT","items_purchased":["testmod-IndustrialRevolution","AT_ArchangelStaff","Defragment","Gremlin Horn","Membership Card","AT_ThreeBodyProblem","PowerPotion","ClockworkSouvenir","AT_EbonyIvory","Happy Flower","Glacier","PowerPotion"],"campfire_rested":2,"item_purchase_floors":[13,19,21,21,45,45,48,48,53,53,53,53],"current_hp_per_floor":[60,39,39,39,37,64,64,64,64,64,64,64,64,57,57,53,63,65,65,65,65,67,67,69,73,73,81,81,40,64,48,74,72,85,83,83,83,83,83,80,80,78,78,76,76,74,71,71,71,68,101,101,101,112,109],"gold":87,"neow_bonus":"BOSS_RELIC","is_daily":false,"chose_seed":false,"campfire_upgraded":6,"win_rate":0.0,"timestamp":1608979594,"path_taken":["M","?","?","?","M","E","?","R","T","R","?","?","$","E","R","BOSS","M","$","?","$","?","R","E","M","T","M","?","M","R","E","R","BOSS","M","?","M","?","M","E","R","M","T","?","$","E","?","$","R","BOSS","R","$","E","BOSS"],"items_purchased_type":["Relic","Relic","Card","Relic","Relic","Card","Potion","Relic","Relic","Relic","Card","Potion"],"build_version":"2020-12-22","purchased_purges":3,"victory":true,"max_hp_per_floor":[71,71,64,64,64,64,64,64,64,64,64,64,64,66,66,66,66,66,66,66,66,67,67,72,78,78,81,81,83,83,88,88,89,89,91,86,89,89,93,101,101,103,103,106,106,112,112,112,112,112,112,112,112,112,112],"relic_stats":{"Emotion Chip":[15,4,4,1,6],"Gremlin Horn":[23,23],"Happy Flower":[3],"counters":[25,100],"Golden Idol":186,"Sundial":[40],"Whetstone":["Strike_B"],"Boot":[10],"obtain_stats":[{"AT_SeraphEmbrace":40,"AT_ATBox":0,"DaveBox":0,"Gremlin Horn":21,"AT_MibuBalloonWealth":54,"testmod-IncinerationGenerator":34,"ice":0,"testmod-BloodSacrificeSpiritualization":0,"Whetstone":26,"AT_ArchangelStaff":19,"Boot":28,"ClockworkSouvenir":48,"GreenFoldingFan":0,"Emotion Chip":47,"RhineFirstAidKit":0,"Matryoshka":9,"Sundial":24,"AT_RedNoBalance":29,"Cracked Core":0,"Potion Belt":38,"testmod-TestBox":0,"Happy Flower":53,"Golden Idol":3,"testmod-CardMagician":17,"AT_SilverBalance":26,"AT_PhaseBoots":50,"AT_EbonyIvory":53,"AT_SilvercatRing":46,"testmod-IndustrialRevolution":13,"Cables":14,"Anchor":6,"AT_SpeedBoots":40,"SynthV:TestCard":1,"testmod-Hope":31,"Membership Card":45,"AT_SunfireAegis":43},{"AT_SeraphEmbrace":18,"AT_ATBox":0,"DaveBox":0,"Gremlin Horn":7,"AT_MibuBalloonWealth":24,"testmod-IncinerationGenerator":14,"ice":0,"testmod-BloodSacrificeSpiritualization":0,"Whetstone":10,"AT_ArchangelStaff":7,"Boot":11,"ClockworkSouvenir":22,"GreenFoldingFan":0,"Emotion Chip":22,"RhineFirstAidKit":0,"Matryoshka":4,"Sundial":9,"AT_RedNoBalance":12,"Cracked Core":0,"Potion Belt":16,"testmod-TestBox":0,"Happy Flower":23,"Golden Idol":1,"testmod-CardMagician":6,"AT_SilverBalance":10,"AT_PhaseBoots":23,"AT_EbonyIvory":23,"AT_SilvercatRing":21,"testmod-IndustrialRevolution":4,"Cables":5,"Anchor":4,"AT_SpeedBoots":18,"SynthV:TestCard":1,"testmod-Hope":13,"Membership Card":20,"AT_SunfireAegis":19},{"AT_SeraphEmbrace":65,"AT_ATBox":0,"DaveBox":0,"Gremlin Horn":26,"AT_MibuBalloonWealth":95,"testmod-IncinerationGenerator":54,"ice":0,"testmod-BloodSacrificeSpiritualization":0,"Whetstone":39,"AT_ArchangelStaff":26,"Boot":42,"ClockworkSouvenir":85,"GreenFoldingFan":0,"Emotion Chip":85,"RhineFirstAidKit":0,"Matryoshka":15,"Sundial":34,"AT_RedNoBalance":42,"Cracked Core":0,"Potion Belt":61,"testmod-TestBox":0,"Happy Flower":90,"Golden Idol":3,"testmod-CardMagician":24,"AT_SilverBalance":39,"AT_PhaseBoots":86,"AT_EbonyIvory":90,"AT_SilvercatRing":82,"testmod-IndustrialRevolution":15,"Cables":20,"Anchor":15,"AT_SpeedBoots":70,"SynthV:TestCard":3,"testmod-Hope":49,"Membership Card":77,"AT_SunfireAegis":74}],"Cables":[66,40,16,2,8]},"card_choices":[{"not_picked":["Rip and Tear","Leap","Reprogram"],"picked":"SKIP","floor":1.0},{"not_picked":["Turbo","Conserve Battery","Streamline","Barrage"],"picked":"Cold Snap","floor":4.0},{"not_picked":["Auto Shields","White Noise","Ball Lightning","Leap"],"picked":"Skim","floor":5.0},{"not_picked":["Leap","Rebound","Beam Cell","Turbo"],"picked":"Capacitor","floor":6.0},{"not_picked":["Leap","Reinforced Body","Redo","Skim"],"picked":"Electrodynamics","floor":14.0},{"not_picked":["Seek","MostiFishMod:GoodWordForIt","Echo Form","MostiFishMod:Tomorrow"],"picked":"MostiFishMod:ActiveDefenseSystem","floor":16.0},{"not_picked":["Barrage+1","Compile Driver","Go for the Eyes","Leap"],"picked":"Buffer","floor":18.0},{"not_picked":["AT_StudyProgram","Steam","Steam Power","Cold Snap"],"picked":"AT_DarkMatter+1","floor":22.0},{"not_picked":["Blizzard","Redo","MostiFishMod:PushDownKick","Sunder","Rebound"],"picked":"SKIP","floor":24.0},{"not_picked":["MostiFishMod:PushDownKick","Consume+1","Undo+1","Doom and Gloom","Chill"],"picked":"SKIP","floor":25.0},{"not_picked":["Streamline","Cold Snap","MostiFishMod:PushDownKick","Barrage","MostiFishMod:ReprogramOld"],"picked":"SKIP","floor":27.0},{"not_picked":["Tempest","Compile Driver","Sweeping Beam","Turbo"],"picked":"Static Discharge+1","floor":29.0},{"not_picked":["MostiFishMod:FluxCapactior","Leap","Sweeping Beam","Scrape","Gash"],"picked":"SKIP","floor":31.0},{"not_picked":["Core Surge","MostiFishMod:Culaccino","Machine Learning","All For One"],"picked":"Rainbow","floor":33.0},{"not_picked":["Hologram+1","Consume","Gash","Streamline+1"],"picked":"MostiFishMod:FluxCapactior+1","floor":35.0},{"not_picked":["Ball Lightning","MostiFishMod:Tomorrow","Barrage","Go for the Eyes"],"picked":"MostiFishMod:GatherIntelligence+1","floor":37.0},{"not_picked":["Sweeping Beam","Compile Driver","MostiFishMod:PushDownKick","Darkness"],"picked":"Coolheaded","floor":39.0},{"not_picked":["Conserve Battery+1","Rebound+1","Stack+1","AT_HeatAcrobatics"],"picked":"MostiFishMod:IceShield","floor":40.0},{"not_picked":["Sweeping Beam","Hologram","Skim+1","Sunder","Go for the Eyes"],"picked":"SKIP","floor":42.0},{"not_picked":["Consume+1","Conserve Battery+1","Compile Driver","Redo+1","Rebound"],"picked":"SKIP","floor":44.0},{"not_picked":["Reprogram","Coolheaded+1","Leap","Sweeping Beam","Turbo"],"picked":"SKIP","floor":46.0},{"not_picked":["Hello World","AT_StudyProgram+1","Streamline","Sweeping Beam"],"picked":"Echo Form","floor":47},{"not_picked":["Doom and Gloom","Go for the Eyes","Conserve Battery","Echo Form"],"picked":"Heatsinks","floor":54}],"player_experience":235224,"relics_obtained":[{"floor":1.0,"key":"SynthV:TestCard"},{"floor":6.0,"key":"Anchor"},{"floor":9.0,"key":"Matryoshka"},{"floor":14.0,"key":"Cables"},{"floor":24.0,"key":"Sundial"},{"floor":26.0,"key":"Whetstone"},{"floor":26.0,"key":"AT_SilverBalance"},{"floor":28.0,"key":"Boot"},{"floor":31.0,"key":"testmod-Hope"},{"floor":40.0,"key":"AT_SpeedBoots"},{"floor":43.0,"key":"AT_SunfireAegis"},{"floor":46.0,"key":"AT_SilvercatRing"},{"floor":47,"key":"Emotion Chip"},{"floor":54,"key":"AT_MibuBalloonWealth"}],"event_choices":[{"damage_healed":0.0,"max_hp_gain":0.0,"max_hp_loss":0.0,"gold_gain":0.0,"event_name":"Shining Light","player_choice":"Entered Light","floor":2.0,"gold_loss":0.0,"damage_taken":21.0,"cards_upgraded":["Defend_B","Strike_B"]},{"damage_healed":0.0,"max_hp_gain":0.0,"max_hp_loss":7.0,"gold_gain":0.0,"event_name":"Golden Idol","player_choice":"Lose Max HP","floor":3.0,"gold_loss":0.0,"damage_taken":0.0,"relics_obtained":["Golden Idol"]},{"damage_healed":0.0,"max_hp_gain":0.0,"max_hp_loss":0.0,"gold_gain":100.0,"event_name":"Wheel of Change","player_choice":"Gold","floor":7.0,"gold_loss":0.0,"damage_taken":0.0},{"cards_removed":["Defend_B"],"damage_healed":0.0,"max_hp_gain":0.0,"max_hp_loss":0.0,"gold_gain":0.0,"event_name":"The Cleric","player_choice":"Card Removal","floor":12.0,"gold_loss":75.0,"damage_taken":0.0},{"damage_healed":0.0,"max_hp_gain":0.0,"max_hp_loss":0.0,"gold_gain":0.0,"event_name":"The Woman in Blue","player_choice":"Bought 2 Potions","floor":20.0,"gold_loss":0.0,"damage_taken":0.0},{"damage_healed":0.0,"max_hp_gain":0.0,"max_hp_loss":5.0,"gold_gain":0.0,"event_name":"Winding Halls","player_choice":"Max HP","floor":36.0,"gold_loss":0.0,"damage_taken":0.0},{"damage_healed":0.0,"max_hp_gain":0.0,"max_hp_loss":0.0,"gold_gain":0.0,"event_name":"WeMeetAgain","player_choice":"Paid Gold","floor":38.0,"gold_loss":135.0,"damage_taken":0.0,"relics_obtained":["Potion Belt"]},{"damage_healed":0,"gold_gain":0,"player_choice":"Fight","damage_taken":0,"max_hp_gain":0,"max_hp_loss":0,"event_name":"Mysterious Sphere","floor":47,"gold_loss":0}],"is_beta":false,"boss_relics":[{"not_picked":["testmod-Temperance","Inserter"],"picked":"testmod-CardMagician"},{"not_picked":["Runic Dome","FrostBlade"],"picked":"testmod-IncinerationGenerator"}],"items_purged_floors":[11,19,45],"is_endless":false,"potions_floor_spawned":[4,6,18,25,29,31,33,37,39,42,46],"ascension_level":16}}