{"host":"f6tqpspb2ou2a4h5","time":1608974419,"event":{"mods":["2.2 Compatiblity","Ascension Unlocker","BaseMod","Colored Map","DeckTracker","Hermit","Highlight Path","KOR Keyword Fix","Keyboard Shortcuts","Minty Spire (QoL Compilation)","Permanent Neow","Quick Restart","Random Character Button","StSLib","SuperFastMode","The Poker Player","everything is the same but u backflip on backflip"],"gold_per_floor":[113,4,4,14,14,40,40,40,40,55,55,66,66,84,84,182,182,197,197,212,212,235,235,235],"floor_reached":23,"playtime":1200,"items_purged":[],"score":235,"play_id":"f68e2747-76bd-4476-a804-7960065b69d3","local_time":"20201226182019","is_ascension_mode":true,"campfire_choices":[{"data":"Defragment","floor":8,"key":"SMITH"},{"data":"Dualcast","floor":11,"key":"SMITH"},{"data":"Zap","floor":13,"key":"SMITH"},{"data":"Storm","floor":15,"key":"SMITH"}],"circlet_count":0,"master_deck":["Strike_B","Strike_B","Defend_B","Defend_B","Defend_B","Defend_B","Zap+1","Dualcast+1","Conserve Battery","Coolheaded","Defragment+1","Auto Shields","Steam Power","White Noise","Storm","Storm+1","Skim","Heatsinks","Meteor Strike","Beam Cell+1","Tempest+1","Aggregate"],"relics":["Cracked Core","Tiny Chest","Art of War","Nuclear Battery","Happy Flower"],"acts_visited":["Exordium","TheCity"],"potions_floor_usage":[23],"damage_taken":[{"damage":0,"enemies":"Cultist","floor":1,"turns":3},{"damage":2,"enemies":"2 Louse","floor":4,"turns":3},{"damage":0,"enemies":"Lagavulin","floor":6,"turns":10},{"damage":0,"enemies":"Small Slimes","floor":10,"turns":3},{"damage":0,"enemies":"Exordium Wildlife","floor":12,"turns":4},{"damage":4,"enemies":"Red Slaver","floor":14,"turns":3},{"damage":15,"enemies":"The Guardian","floor":16,"turns":13},{"damage":22,"enemies":"Shell Parasite","floor":18,"turns":4},{"damage":1,"enemies":"Chosen","floor":20,"turns":3},{"damage":44,"enemies":"Slavers","floor":23,"turns":3}],"seed_played":"4786635324228299083","potions_obtained":[{"floor":4,"key":"FocusPotion"},{"floor":10,"key":"Dexterity Potion"},{"floor":18,"key":"LiquidBronze"}],"is_trial":false,"path_per_floor":["M","$","?","M","$","E","?","R","T","M","R","M","R","M","R","B",null,"M","?","M","?","T","E"],"character_chosen":"DEFECT","items_purchased":["Defragment","Auto Shields"],"campfire_rested":0,"item_purchase_floors":[2,2],"current_hp_per_floor":[75,75,75,73,73,73,78,78,78,78,78,78,78,74,74,59,80,58,43,42,42,42,0,0],"gold":235,"neow_bonus":"THREE_CARDS","is_daily":false,"chose_seed":false,"campfire_upgraded":4,"win_rate":0.0,"timestamp":1608974419,"path_taken":["M","$","?","M","$","E","?","R","T","M","R","M","R","M","R","BOSS","M","?","M","?","?","E"],"items_purchased_type":["Card","Card"],"build_version":"2020-12-22","purchased_purges":0,"victory":false,"max_hp_per_floor":[75,75,75,75,75,75,80,80,80,80,80,80,80,80,80,80,80,80,85,85,85,85,85,85],"card_choices":[{"not_picked":["Self Repair","Chill"],"picked":"Conserve Battery","floor":0},{"not_picked":["Conserve Battery","Barrage"],"picked":"Coolheaded","floor":1},{"not_picked":["Redo","Stack"],"picked":"White Noise","floor":4},{"not_picked":["Fission","Coolheaded"],"picked":"Storm","floor":6},{"not_picked":["Leap","Reinforced Body"],"picked":"Storm","floor":10},{"not_picked":["Darkness","Steam Power"],"picked":"Skim","floor":12},{"not_picked":["Reprogram","Compile Driver"],"picked":"Heatsinks","floor":14},{"not_picked":["Core Surge","Hyperbeam"],"picked":"Meteor Strike","floor":16},{"not_picked":["Rebound+1","Sweeping Beam"],"picked":"Beam Cell+1","floor":18},{"not_picked":["Ball Lightning+1","Rebound+1"],"picked":"Tempest+1","floor":20}],"player_experience":68542,"relics_obtained":[{"floor":6,"key":"Tiny Chest"},{"floor":9,"key":"Art of War"},{"floor":22,"key":"Happy Flower"}],"event_choices":[{"damage_healed":0,"gold_gain":0,"cards_transformed":["Strike_B"],"player_choice":"Change","damage_taken":0,"max_hp_gain":0,"max_hp_loss":0,"event_name":"Living Wall","floor":3,"gold_loss":0,"cards_obtained":["Steam Power"]},{"damage_healed":0,"gold_gain":0,"player_choice":"Donut","damage_taken":0,"max_hp_gain":5,"max_hp_loss":0,"event_name":"Big Fish","floor":7,"gold_loss":0},{"damage_healed":0,"gold_gain":0,"player_choice":"Shed Blood","damage_taken":20,"max_hp_gain":5,"max_hp_loss":0,"event_name":"Forgotten Altar","floor":19,"gold_loss":0},{"damage_healed":0,"gold_gain":0,"cards_transformed":["Strike_B"],"player_choice":"Transformed","damage_taken":0,"max_hp_gain":0,"max_hp_loss":0,"event_name":"Transmorgrifier","floor":21,"gold_loss":0,"cards_obtained":["Aggregate"]}],"is_beta":false,"boss_relics":[{"not_picked":["Astrolabe","Snecko Eye"],"picked":"Nuclear Battery"}],"items_purged_floors":[],"is_endless":false,"potions_floor_spawned":[4,10,18],"killed_by":"Slavers","ascension_level":2}}