{"host":"4ia4wmtvbzfrqeuq","time":1608943548,"event":{"mods":["A Magickal Journey","Aspiration","BaseMod","Beaked The Cultist","Better Skull","Better Third Choice","BetterRewards","Card Forge","Conspire","Dio Mod","Downfall","Duelist Mod","Halation","Hermit","Hubris","Infinite Spire","Jorbs\u0027s Wanderer Trilogy","Koishi","Lobotomy","LobotomyExtend","Luminous","Mimic Mod","Minty Spire (QoL Compilation)","Prisma Mod","Replay The Spire","Shop Mod","Spicy Shops","StSLib","The Animator","The Cursed","The Disciple","The Elementalist","The Hierophant","The Necromancer","The Runesmith","The Wild Card","Wandering Minibosses","vexMod"],"gold_per_floor":[119,139,214,135,59,90,107,123,123,134,264,324,324,339,339,443,443,443,443,475,486,497,526,526,395,395,395,413,427,427,437,437,541,591,609,628,638,654,654,681,681,695,745,760,787,806,832,877,877,913,913,913,208,273,321],"floor_reached":56,"playtime":20636,"items_purged":["Strike_G","Defend_G","Defend_G","Strike_G","Defend_G","Strike_G","Defend_G"],"score":1995,"play_id":"c6c356f1-0198-4db8-a889-5f83fc97b824","local_time":"20201225164548","is_ascension_mode":true,"campfire_choices":[{"floor":13,"key":"RECALL"},{"floor":15,"key":"REST"},{"data":"1","floor":24,"key":"LIFT"},{"data":"2","floor":30,"key":"LIFT"},{"data":"3","floor":32,"key":"LIFT"},{"data":"Unload","floor":49,"key":"SMITH"},{"data":"Survivor","floor":52,"key":"SMITH"}],"circlet_count":0,"master_deck":["Strike_G+1","Strike_G+1","Defend_G","Survivor+1","Neutralize+1","Master of Strategy+1","ReplayTheSpireMod:Scrap Shanks+1","Unload+1","Acrobatics+1","Deflect+1","ReplayTheSpireMod:Scrap Shanks+1","Prepared+1","Venomology+1","Prepared+1","ReplayTheSpireMod:Speed Training+1","Accuracy+1","Calculated Gamble+1","Deflect+1","conspire:PoisonWeapons+1","Replay:Bag of Tricks+1","ReplayTheSpireMod:Scrap Shanks+1"],"relics":["Ring of the Snake","Hammer of Thor","Seething Fire","Anvil of the Gods","Pear","Guide Book","Toxic Egg 2","conspire:TopHat","Frozen Egg 2","Kunai","Oddly Smooth Stone","Lizard Tail","Girya","Vampiric Spirits","LetterFromLob","halation:LostSnail","hubris:MobiusCoin","conspire:Dentures","SacredBark","Gaze_r","HonorFeather","infinitespire:BottledMercury","Art of War","Pen Nib","Painkiller Herb","Tiny House","halation:KoshaPiece","PreservedInsect","Matryoshka","halation:AfternoonTea","Vajra","Strawberry","Replay:Bandana","Ninja Scroll","hubris:AncientText","Boot"],"acts_visited":["Exordium","TheCity","TheBeyond","TheEnding"],"potions_floor_usage":[16,16,18,18,18,18,20,21,23,23,28,29,31,31,33,33,33,35,35,36,37,38,38,40,42,44,44,45,45,46,50,50,50,55],"damage_taken":[{"damage":0,"enemies":"Small Slimes","floor":1,"turns":2},{"damage":0,"enemies":"Cultist","floor":2,"turns":3},{"damage":7,"enemies":"Lagavulin","floor":6,"turns":7},{"damage":0,"enemies":"2 Louse","floor":7,"turns":2},{"damage":1,"enemies":"Red Slaver","floor":8,"turns":2},{"damage":0,"enemies":"Blue Slaver","floor":10,"turns":3},{"damage":0,"enemies":"Gremlin Nob","floor":11,"turns":2},{"damage":3,"enemies":"Looter","floor":12,"turns":2},{"damage":16,"enemies":"conspire:2 RoseBushes","floor":14,"turns":3},{"damage":0,"enemies":"Slime Boss","floor":16,"turns":3},{"damage":7,"enemies":"Shell Parasite","floor":18,"turns":3},{"damage":81,"enemies":"Shell Parasite","floor":18,"turns":3},{"damage":5,"enemies":"conspire:MimicChest","floor":20,"turns":5},{"damage":0,"enemies":"Shell Parasite","floor":21,"turns":1},{"damage":0,"enemies":"Spheric Guardian","floor":22,"turns":3},{"damage":5,"enemies":"conspire:SneckoGhost","floor":23,"turns":2},{"damage":0,"enemies":"Snake Plant","floor":28,"turns":2},{"damage":0,"enemies":"Cultist and Chosen","floor":29,"turns":2},{"damage":0,"enemies":"Snecko","floor":31,"turns":1},{"damage":0,"enemies":"Collector","floor":33,"turns":1},{"damage":0,"enemies":"Orb Walker","floor":35,"turns":2},{"damage":0,"enemies":"3 Darklings","floor":36,"turns":3},{"damage":0,"enemies":"Writhing Mass","floor":37,"turns":2},{"damage":2,"enemies":"Spire Growth","floor":38,"turns":3},{"damage":0,"enemies":"Reptomancer","floor":40,"turns":2},{"damage":0,"enemies":"Maw","floor":42,"turns":3},{"damage":0,"enemies":"Transient","floor":44,"turns":3},{"damage":0,"enemies":"beaked:SuperParasite","floor":45,"turns":1},{"damage":18,"enemies":"4 Shapes","floor":46,"turns":4},{"damage":0,"enemies":"R_Hoarder","floor":47,"turns":2},{"damage":0,"enemies":"Maw","floor":48,"turns":4},{"damage":18,"enemies":"Donu and Deca","floor":50,"turns":5},{"damage":4,"enemies":"Shield and Spear","floor":54,"turns":2},{"damage":62,"enemies":"The Heart","floor":55,"turns":5}],"seed_played":"-5333756051663776940","potions_obtained":[{"floor":2,"key":"Strength Potion"},{"floor":10,"key":"Swift Potion"},{"floor":11,"key":"Venom Potion"},{"floor":16,"key":"champ:CounterPotion"},{"floor":19,"key":"FearPotion"},{"floor":20,"key":"SkillPotion"},{"floor":22,"key":"CunningPotion"},{"floor":28,"key":"Adrenaline Potion"},{"floor":31,"key":"Fire Potion"},{"floor":34,"key":"EssenceOfSteel"},{"floor":36,"key":"ColorlessPotion"},{"floor":37,"key":"champ:CounterPotion"},{"floor":42,"key":"Strength Potion"},{"floor":44,"key":"SteroidPotion"},{"floor":48,"key":"Explosive Potion"}],"is_trial":false,"path_per_floor":["M","M","?","$","$","E","M","M","T","M","E","M","R","M","R","B",null,"M","?","?","M","M","E","R","?","T","AVR","?","?","T","?","T","B",null,"?","?","?","?","?","E","AVR","?","T","?","E","?","E","?","T","B",null,"T","T","E","B",null],"character_chosen":"THE_SILENT","items_purchased":["Pear","Guide Book","Toxic Egg 2","conspire:TopHat","Frozen Egg 2","Kunai","Oddly Smooth Stone","Lizard Tail","Master of Strategy+1","Girya","Infinite Blades+1","Vampiric Spirits","ReplayTheSpireMod:Scrap Shanks+1","halation:LostSnail","Ninja Scroll","hubris:AncientText","ReplayTheSpireMod:Scrap Shanks+1"],"campfire_rested":1,"item_purchase_floors":[0,0,0,0,0,0,0,0,0,0,0,0,4,5,53,53,53],"current_hp_per_floor":[42,46,38,38,38,31,32,32,32,33,40,38,38,28,52,55,80,80,80,75,80,80,75,80,80,80,80,80,80,80,80,80,80,85,85,85,85,83,48,62,62,85,85,85,92,74,92,92,92,74,92,92,92,88,38],"gold":321,"neow_bonus":"","is_daily":false,"chose_seed":false,"campfire_upgraded":2,"win_rate":0.0,"timestamp":1608943548,"path_taken":["M","M","?","?","$","E","?","M","T","M","E","M","R","M","R","BOSS","M","?","?","?","M","E","R","?","T","AVR","?","?","T","?","T","BOSS","?","?","?","?","?","E","AVR","?","T","?","E","?","E","?","T","BOSS","T","T","E","BOSS"],"items_purchased_type":["Relic","Relic","Relic","Relic","Relic","Relic","Relic","Relic","Card","Relic","Card","Relic","Card","Relic","Relic","Relic","Card"],"build_version":"2020-12-22","purchased_purges":7,"victory":true,"max_hp_per_floor":[80,80,80,80,80,80,80,80,80,80,80,80,80,80,80,80,80,80,80,80,80,80,80,80,80,80,80,80,80,80,80,80,80,85,85,85,85,85,85,85,85,85,85,85,92,92,92,92,92,92,92,92,92,92,92],"card_choices":[{"not_picked":["Prepared+1","ReplayTheSpireMod:Scrap Shanks+1","Poisoned Stab"],"picked":"SKIP","floor":1},{"not_picked":["PiercingWail+1","Dodge and Roll+1","hubris:SlightOfHand+1"],"picked":"SKIP","floor":2},{"not_picked":["PiercingWail+1","Backflip+1"],"picked":"Unload","floor":6},{"not_picked":["Flying Knee","Predator","Sucker Punch"],"picked":"SKIP","floor":7},{"not_picked":["Slice","PiercingWail+1","Quick Slash"],"picked":"SKIP","floor":8},{"not_picked":["Sneak Up+1","Deadly Poison+1"],"picked":"Acrobatics+1","floor":10},{"not_picked":["Corpse Explosion+1","Grand Finale"],"picked":"Deflect+1","floor":11},{"not_picked":["Fluid Movement+1","Backflip+1"],"picked":"ReplayTheSpireMod:Scrap Shanks+1","floor":12},{"not_picked":["Underhanded Strike","Dodge and Roll+1"],"picked":"Prepared+1","floor":14},{"not_picked":["A Thousand Cuts+1","Storm of Steel+1"],"picked":"Venomology+1","floor":16},{"not_picked":["Deadly Poison+1","Dodge and Roll+1"],"picked":"Prepared+1","floor":20},{"not_picked":["Cloak And Dagger+1","Hidden Blade+1"],"picked":"ReplayTheSpireMod:Speed Training+1","floor":21},{"not_picked":["Cloak And Dagger+1","Distraction+1","Blade Dance+1"],"picked":"SKIP","floor":22},{"not_picked":["PiercingWail+1","Fluid Movement+1"],"picked":"Accuracy+1","floor":23},{"not_picked":["Backflip+1","Riddle With Holes","Dagger Throw"],"picked":"SKIP","floor":28},{"not_picked":["Sneak Up+1","Outmaneuver+1","Dagger Spray"],"picked":"SKIP","floor":29},{"not_picked":["Bane","Distraction+1","Quick Slash"],"picked":"SKIP","floor":31},{"not_picked":["Sucker Punch","Poisoned Stab"],"picked":"Calculated Gamble+1","floor":34},{"not_picked":["Blur+1","PiercingWail+1","Toxin Wave+1"],"picked":"SKIP","floor":35},{"not_picked":["Cloak And Dagger+1","Leg Sweep+1","Outmaneuver+1"],"picked":"SKIP","floor":36},{"not_picked":["Flying Knee+1","Endless Agony+1"],"picked":"Deflect+1","floor":37},{"not_picked":["Expertise+1","ReplayTheSpireMod:Scrap Shanks+1","Deadly Poison+1"],"picked":"SKIP","floor":38},{"not_picked":["Underhanded Strike","Bane+1","Choke+1"],"picked":"SKIP","floor":40},{"not_picked":["Prepared+1","Dodge and Roll+1","hubris:Counter+1"],"picked":"SKIP","floor":42},{"not_picked":["Cloak And Dagger+1","Fluid Movement+1","Deadly Poison+1"],"picked":"SKIP","floor":44},{"not_picked":["Sucker Punch+1","Slice+1"],"picked":"conspire:PoisonWeapons+1","floor":45},{"not_picked":["Prepared+1","Dodge and Roll+1"],"picked":"Replay:Bag of Tricks+1","floor":46},{"not_picked":["Quick Slash","Dagger Throw+1","Footwork+1"],"picked":"SKIP","floor":47},{"not_picked":["Noxious Fumes+1","Die Die Die","ReplayTheSpireMod:The Works+1"],"picked":"SKIP","floor":48},{"not_picked":["Finisher+1","Backstab+1","Prepared+1"],"picked":"SKIP","floor":54}],"player_experience":872623,"relics_obtained":[{"floor":1,"key":"LetterFromLob"},{"floor":6,"key":"hubris:MobiusCoin"},{"floor":11,"key":"conspire:Dentures"},{"floor":20,"key":"infinitespire:BottledMercury"},{"floor":23,"key":"Art of War"},{"floor":40,"key":"Matryoshka"},{"floor":43,"key":"halation:AfternoonTea"},{"floor":43,"key":"Vajra"},{"floor":45,"key":"Strawberry"},{"floor":47,"key":"Replay:Bandana"},{"floor":54,"key":"Boot"}],"event_choices":[{"damage_healed":0,"gold_gain":75,"player_choice":"Touch","damage_taken":8,"max_hp_gain":0,"max_hp_loss":0,"event_name":"FaceTrader","floor":3,"gold_loss":0},{"damage_healed":0,"gold_gain":0,"player_choice":"Paid Gold","damage_taken":0,"relics_obtained":["Pen Nib"],"max_hp_gain":0,"max_hp_loss":0,"event_name":"WeMeetAgain","floor":25,"gold_loss":131},{"damage_healed":0,"gold_gain":0,"player_choice":"RE RE ","damage_taken":39,"relics_obtained":["halation:KoshaPiece","PreservedInsect"],"max_hp_gain":0,"max_hp_loss":0,"event_name":"betterSkull:BetterSkull","floor":39,"gold_loss":0,"cards_upgraded":[]}],"is_beta":false,"boss_relics":[{"not_picked":["Pandora\u0027s Box","infinitespire:Cupcake"],"picked":"SacredBark"},{"not_picked":["aspiration:RunicSpoon","vexMod:EndlessSickness"],"picked":"Tiny House"}],"items_purged_floors":[0,0,0,0,0,0,53],"is_endless":false,"potions_floor_spawned":[2,10,11,14,16,20,22,28,31,36,37,42,44,48],"ascension_level":2}}