{"host":"qc1sjgtdjonvdsd8","time":1608985874,"event":{"mods":["BaseMod","Colored Map","Colored Powertips","Curses Come First","Minty Spire (QoL Compilation)","Replay The Spire","StSLib"],"gold_per_floor":[113,133,171,171,183,218,66,66,146,146,164,164,179,179,179,179,179],"floor_reached":16,"playtime":915,"items_purged":[],"score":100,"play_id":"00dcb4d6-c814-4500-b240-784c32e7de5e","local_time":"20201226043114","is_ascension_mode":false,"campfire_choices":[{"data":"Disarm","floor":8,"key":"SMITH"},{"data":"Warcry","floor":12,"key":"SMITH"},{"data":"Rampage","floor":15,"key":"SMITH"}],"circlet_count":0,"master_deck":["Strike_R","Strike_R","Strike_R","Strike_R","Strike_R","Defend_R","Defend_R","Defend_R","Defend_R","Bash","Rampage+1","Shockwave","Shockwave","Disarm+1","Warcry+1","Feel No Pain"],"relics":["Burning Blood","Tiny Chest","MealTicket","Strange Spoon","Another Sword","Golden Idol"],"acts_visited":["Exordium"],"potions_floor_usage":[6,13],"damage_taken":[{"damage":14,"enemies":"Small Slimes","floor":1,"turns":4},{"damage":5,"enemies":"2 Louse","floor":2,"turns":3},{"damage":3,"enemies":"Jaw Worm","floor":5,"turns":4},{"damage":20,"enemies":"Gremlin Nob","floor":6,"turns":4},{"damage":4,"enemies":"Red Slaver","floor":11,"turns":4},{"damage":13,"enemies":"Gremlin Gang","floor":13,"turns":4},{"damage":62,"enemies":"Slime Boss","floor":16,"turns":9}],"seed_played":"-2400083471303967666","potions_obtained":[{"floor":1,"key":"SmokeBomb"},{"floor":3,"key":"Explosive Potion"},{"floor":3,"key":"ColorlessPotion"}],"is_trial":false,"path_per_floor":["M","M","?","?","M","E","$","R","T","T","M","R","M","?","R","B"],"character_chosen":"IRONCLAD","items_purchased":["Strange Spoon"],"campfire_rested":0,"item_purchase_floors":[7],"current_hp_per_floor":[72,73,41,67,70,56,71,71,71,71,73,73,66,66,66,4,4],"gold":179,"neow_bonus":"RANDOM_COMMON_RELIC","is_daily":false,"chose_seed":false,"campfire_upgraded":3,"win_rate":0.0,"timestamp":1608985874,"path_taken":["M","M","?","?","?","E","$","R","T","?","M","R","?","?","R","BOSS"],"items_purchased_type":["Relic"],"build_version":"2020-12-22","purchased_purges":0,"victory":false,"max_hp_per_floor":[80,80,80,80,80,80,80,80,80,80,80,80,80,74,74,74,74],"card_choices":[{"not_picked":["ReplayTheSpireMod:Corrosion Curse","Heavy Blade"],"picked":"Rampage","floor":1},{"not_picked":["Heavy Blade","Second Wind"],"picked":"Shockwave","floor":2},{"not_picked":["Second Wind","Clash"],"picked":"Shockwave","floor":5},{"not_picked":["Reaper","Cleave"],"picked":"Disarm","floor":6},{"not_picked":["Shrug It Off","Body Slam"],"picked":"Warcry","floor":11},{"not_picked":["Massacre","Iron Wave"],"picked":"Feel No Pain","floor":13}],"player_experience":161229,"relics_obtained":[{"floor":6,"key":"MealTicket"},{"floor":10,"key":"Another Sword"}],"event_choices":[{"damage_healed":26,"gold_gain":0,"player_choice":"Banana","damage_taken":0,"max_hp_gain":0,"max_hp_loss":0,"event_name":"Big Fish","floor":4,"gold_loss":0},{"damage_healed":0,"gold_gain":0,"player_choice":"Lose Max HP","damage_taken":0,"relics_obtained":["Golden Idol"],"max_hp_gain":0,"max_hp_loss":6,"event_name":"Golden Idol","floor":14,"gold_loss":0}],"is_beta":false,"boss_relics":[],"items_purged_floors":[],"is_endless":false,"potions_floor_spawned":[1],"killed_by":"Slime Boss","ascension_level":0}}