{"host":"sxnl403xm2xmiyj1","time":1608964381,"event":{"mods":["AchievementEnabler","BaseMod","Colored Map","Keyboard Shortcuts","Minty Spire (QoL Compilation)","Quick Restart","StSLib","SuperFastMode"],"gold_per_floor":[119,6,6,21,34,34,66,66,66,94,106,119,119,119,119,222,222,242,0,13,13,32,32,58,58,58,90,90,102,131,160,160,160,160],"floor_reached":33,"playtime":794,"items_purged":["Strike_G"],"score":423,"play_id":"e08ba502-9eb6-4f2f-a68b-db51d0025746","local_time":"20201226153301","is_ascension_mode":true,"campfire_choices":[{"data":"Crippling Poison","floor":6.0,"key":"SMITH"},{"data":"Neutralize","floor":8.0,"key":"SMITH"},{"data":"Bouncing Flask","floor":13.0,"key":"SMITH"},{"data":"Poisoned Stab","floor":15.0,"key":"SMITH"},{"data":"Bane","floor":23.0,"key":"SMITH"},{"data":"Prepared","floor":25.0,"key":"SMITH"},{"data":"Leg Sweep","floor":28.0,"key":"SMITH"},{"data":"Tactician","floor":32.0,"key":"SMITH"}],"circlet_count":0,"master_deck":["Strike_G","Strike_G","Strike_G","Defend_G","Defend_G","Defend_G","Defend_G","Defend_G","Survivor","Neutralize+1","Blur","Leg Sweep+1","Infinite Blades","Crippling Poison+1","Masterful Stab","Dodge and Roll","Bouncing Flask+1","Poisoned Stab+1","Bane+1","Deflect","Backstab","Well Laid Plans","Heel Hook","Dodge and Roll+1","Prepared+1","Caltrops","Leg Sweep","Tactician+1"],"relics":["Ring of the Snake","NeowsBlessing","Eternal Feather","FossilizedHelix","Velvet Choker","Bronze Scales","Happy Flower","Ninja Scroll","MealTicket","Red Mask","Bag of Marbles"],"acts_visited":["Exordium","TheCity"],"potions_floor_usage":[33],"damage_taken":[{"damage":0.0,"enemies":"Jaw Worm","floor":1.0,"turns":1.0},{"damage":0.0,"enemies":"2 Louse","floor":4.0,"turns":1.0},{"damage":0.0,"enemies":"Small Slimes","floor":5.0,"turns":1.0},{"damage":50.0,"enemies":"3 Sentries","floor":7.0,"turns":28.0},{"damage":18.0,"enemies":"Gremlin Nob","floor":10.0,"turns":5.0},{"damage":0.0,"enemies":"Exordium Wildlife","floor":11.0,"turns":6.0},{"damage":0.0,"enemies":"Large Slime","floor":12.0,"turns":4.0},{"damage":10.0,"enemies":"Hexaghost","floor":16.0,"turns":9.0},{"damage":3.0,"enemies":"2 Thieves","floor":18.0,"turns":4.0},{"damage":1.0,"enemies":"Shell Parasite","floor":20.0,"turns":5.0},{"damage":15.0,"enemies":"3 Cultists","floor":22.0,"turns":5.0},{"damage":23.0,"enemies":"Slavers","floor":24.0,"turns":5.0},{"damage":39.0,"enemies":"Gremlin Leader","floor":27.0,"turns":6.0},{"damage":2.0,"enemies":"Centurion and Healer","floor":29.0,"turns":4.0},{"damage":0.0,"enemies":"Masked Bandits","floor":30.0,"turns":4.0},{"damage":0.0,"enemies":"Book of Stabbing","floor":31.0,"turns":5.0},{"damage":7,"enemies":"Automaton","floor":33,"turns":6}],"seed_played":"9064672173566981197","potions_obtained":[{"floor":4.0,"key":"Block Potion"},{"floor":7.0,"key":"Dexterity Potion"},{"floor":11.0,"key":"Ancient Potion"},{"floor":12.0,"key":"LiquidBronze"},{"floor":24.0,"key":"Weak Potion"},{"floor":27.0,"key":"Fire Potion"},{"floor":31.0,"key":"Strength Potion"}],"is_trial":false,"path_per_floor":["M","$","?","M","M","R","E","R","T","E","M","M","R","?","R","B",null,"M","$","M","?","M","R","E","R","T","E","R","M","?","E","R","B"],"character_chosen":"THE_SILENT","items_purchased":["Leg Sweep","Infinite Blades","Deflect","Backstab","Well Laid Plans"],"campfire_rested":0,"item_purchase_floors":[2,2,19,19,19],"current_hp_per_floor":[70,70,63,63,63,63,13,22,22,4,4,4,13,18,27,17,61,58,58,57,57,42,54,31,46,46,7,22,20,20,20,35,28,28],"gold":160,"neow_bonus":"THREE_ENEMY_KILL","is_daily":false,"chose_seed":false,"campfire_upgraded":8,"win_rate":0.0,"timestamp":1608964381,"path_taken":["M","$","?","M","M","R","E","R","T","E","M","M","R","?","R","BOSS","M","$","M","?","M","R","E","R","T","E","R","M","?","E","R","BOSS"],"items_purchased_type":["Card","Card","Card","Card","Card"],"build_version":"2020-12-22","purchased_purges":1,"victory":false,"max_hp_per_floor":[70,70,70,70,70,70,70,70,70,70,70,70,70,75,75,75,75,75,75,75,75,75,75,75,75,75,75,75,75,75,75,75,75,75],"card_choices":[{"not_picked":["PiercingWail","Dagger Spray"],"picked":"Blur","floor":1.0},{"not_picked":["Slice","Reflex"],"picked":"Crippling Poison","floor":4.0},{"not_picked":["Outmaneuver","Riddle With Holes","Expertise"],"picked":"SKIP","floor":5.0},{"not_picked":["Outmaneuver","Riddle With Holes"],"picked":"Masterful Stab","floor":7.0},{"not_picked":["Acrobatics","Dagger Throw"],"picked":"Dodge and Roll","floor":10.0},{"not_picked":["Cloak And Dagger","Deflect"],"picked":"Bouncing Flask","floor":11.0},{"not_picked":["Choke","Dash"],"picked":"Poisoned Stab","floor":12.0},{"not_picked":["Expertise","Infinite Blades+1"],"picked":"Bane","floor":18.0},{"not_picked":["Predator","Slice"],"picked":"Heel Hook","floor":20.0},{"not_picked":["All Out Attack","Backflip"],"picked":"Dodge and Roll+1","floor":22.0},{"not_picked":["Underhanded Strike","Choke"],"picked":"Prepared","floor":24.0},{"not_picked":["Well Laid Plans","Flying Knee","Eviscerate"],"picked":"SKIP","floor":27.0},{"not_picked":["Venomology","Sucker Punch"],"picked":"Caltrops","floor":29.0},{"not_picked":["Sucker Punch","Dagger Spray"],"picked":"Leg Sweep","floor":30.0},{"not_picked":["Backstab","Setup"],"picked":"Tactician","floor":31.0}],"player_experience":122294,"relics_obtained":[{"floor":7.0,"key":"Eternal Feather"},{"floor":10.0,"key":"FossilizedHelix"},{"floor":24.0,"key":"Happy Flower"},{"floor":26.0,"key":"Ninja Scroll"},{"floor":27.0,"key":"MealTicket"},{"floor":30.0,"key":"Red Mask"},{"floor":31.0,"key":"Bag of Marbles"}],"event_choices":[{"cards_removed":["Strike_G"],"damage_healed":0.0,"max_hp_gain":0.0,"max_hp_loss":0.0,"gold_gain":0.0,"event_name":"Golden Wing","player_choice":"Card Removal","floor":3.0,"gold_loss":0.0,"damage_taken":7.0},{"damage_healed":0.0,"max_hp_gain":5.0,"max_hp_loss":0.0,"gold_gain":0.0,"event_name":"Big Fish","player_choice":"Donut","floor":14.0,"gold_loss":0.0,"damage_taken":0.0},{"damage_healed":0.0,"max_hp_gain":0.0,"max_hp_loss":0.0,"gold_gain":0.0,"event_name":"The Mausoleum","player_choice":"Opened","floor":21.0,"gold_loss":0.0,"damage_taken":0.0,"relics_obtained":["Bronze Scales"]},{"damage_healed":0.0,"max_hp_gain":0.0,"max_hp_loss":0.0,"gold_gain":0.0,"event_name":"Masked Bandits","player_choice":"Fought Bandits","floor":30.0,"gold_loss":0.0,"damage_taken":0.0}],"is_beta":false,"boss_relics":[{"not_picked":["HoveringKite","SacredBark"],"picked":"Velvet Choker"}],"items_purged_floors":[19],"is_endless":false,"potions_floor_spawned":[4,7,11,12,24,27,31],"killed_by":"Automaton","ascension_level":5}}