{"host":"nptej036rrbiurf5","time":1608998134,"event":{"mods":["BaseMod","Colored Map","Colored Powertips","DeckTracker","Minty Spire (QoL Compilation)","StSLib","SuperFastMode"],"gold_per_floor":[112,122,133,113,130,155,155,80,80,95,110,110,126,191,191,270,270,289,304,110,110,120,120,148,148,222,222,237,257,17,17,17,90,90,100,150,164,183,183,183,214,214,260,332,2,37,37,70,70,70,70,70,70,20,48,48],"floor_reached":57,"playtime":2814,"items_purged":["Strike_G","Corpse Explosion"],"score":2895,"play_id":"0a42b254-4d1f-4360-8eaf-3b0727b3f433","local_time":"20201227005534","is_ascension_mode":true,"campfire_choices":[{"data":"Malaise","floor":7.0,"key":"SMITH"},{"data":"Flechettes","floor":12.0,"key":"SMITH"},{"floor":15.0,"key":"REST"},{"data":"Apotheosis","floor":23.0,"key":"SMITH"},{"data":"Calculated Gamble","floor":25.0,"key":"SMITH"},{"floor":27.0,"key":"RECALL"},{"floor":32.0,"key":"REST"},{"data":"Adrenaline","floor":40.0,"key":"SMITH"},{"data":"Phantasmal Killer","floor":42.0,"key":"SMITH"},{"floor":49.0,"key":"REST"},{"data":"Footwork","floor":53.0,"key":"SMITH"}],"circlet_count":0,"master_deck":["AscendersBane","Survivor","Neutralize","PiercingWail","Dagger Spray","Flechettes+1","Malaise+1","Footwork+1","Phantasmal Killer+1","Acrobatics","Adrenaline+1","Escape Plan","Deflect","Catalyst","Flechettes","Malaise","Distraction","Backflip","Prepared","Calculated Gamble+1","Apotheosis+1","Doppelganger","Outmaneuver+1","Backflip","Leg Sweep+1","Eviscerate","Prepared+1","Tactician","Acrobatics"],"relics":["Runic Pyramid","Centennial Puzzle","Strawberry","White Beast Statue","Pandora\u0027s Box","Bronze Scales","PreservedInsect","Philosopher\u0027s Stone","Mummified Hand","Dream Catcher","Meat on the Bone","Gambling Chip","Smiling Mask","Mango","Thread and Needle"],"acts_visited":["Exordium","TheCity","TheBeyond","TheEnding"],"potions_floor_usage":[56],"damage_taken":[{"damage":1.0,"enemies":"Cultist","floor":1.0,"turns":5.0},{"damage":9.0,"enemies":"Jaw Worm","floor":2.0,"turns":5.0},{"damage":1.0,"enemies":"Small Slimes","floor":3.0,"turns":3.0},{"damage":6.0,"enemies":"Looter","floor":5.0,"turns":4.0},{"damage":27.0,"enemies":"Lagavulin","floor":6.0,"turns":7.0},{"damage":3.0,"enemies":"Exordium Thugs","floor":10.0,"turns":4.0},{"damage":2.0,"enemies":"Lots of Slimes","floor":11.0,"turns":4.0},{"damage":3.0,"enemies":"Blue Slaver","floor":13.0,"turns":5.0},{"damage":9.0,"enemies":"3 Sentries","floor":14.0,"turns":7.0},{"damage":2.0,"enemies":"Hexaghost","floor":16.0,"turns":11.0},{"damage":0.0,"enemies":"Chosen","floor":18.0,"turns":6.0},{"damage":12.0,"enemies":"3 Byrds","floor":19.0,"turns":3.0},{"damage":0.0,"enemies":"Snecko","floor":22.0,"turns":3.0},{"damage":3.0,"enemies":"Gremlin Leader","floor":24.0,"turns":3.0},{"damage":4.0,"enemies":"Centurion and Healer","floor":28.0,"turns":4.0},{"damage":0.0,"enemies":"Shelled Parasite and Fungi","floor":29.0,"turns":4.0},{"damage":0.0,"enemies":"Collector","floor":33.0,"turns":5.0},{"damage":2.0,"enemies":"Orb Walker","floor":35.0,"turns":3.0},{"damage":5.0,"enemies":"3 Darklings","floor":37.0,"turns":2.0},{"damage":1.0,"enemies":"Maw","floor":38.0,"turns":6.0},{"damage":0.0,"enemies":"Reptomancer","floor":41.0,"turns":3.0},{"damage":4.0,"enemies":"Nemesis","floor":46.0,"turns":5.0},{"damage":22.0,"enemies":"Reptomancer","floor":48.0,"turns":3.0},{"damage":38.0,"enemies":"Donu and Deca","floor":50.0,"turns":4.0},{"damage":24.0,"enemies":"Time Eater","floor":51.0,"turns":8.0},{"damage":3.0,"enemies":"Shield and Spear","floor":55.0,"turns":4.0},{"damage":47,"enemies":"The Heart","floor":56,"turns":8}],"seed_played":"-1687823518561085999","potions_obtained":[{"floor":2.0,"key":"Poison Potion"},{"floor":4.0,"key":"DuplicationPotion"},{"floor":10.0,"key":"EntropicBrew"},{"floor":14.0,"key":"EntropicBrew"},{"floor":16.0,"key":"CultistPotion"},{"floor":18.0,"key":"AttackPotion"},{"floor":19.0,"key":"PowerPotion"},{"floor":28.0,"key":"FairyPotion"},{"floor":29.0,"key":"Poison Potion"},{"floor":33.0,"key":"Energy Potion"},{"floor":35.0,"key":"PowerPotion"},{"floor":41.0,"key":"Explosive Potion"},{"floor":46.0,"key":"Ancient Potion"}],"is_trial":false,"path_per_floor":["M","M","M","?","M","E","R","$","T","M","M","R","M","?","R","B",null,"M","M","$","?","M","R","E","R","T","R","M","M","$","$","R","B",null,"M","?","M","M","?","R","E","R","T","T","$","E","$","E","R","B","B",null,"R","$","E","B",null],"character_chosen":"THE_SILENT","items_purchased":["Apotheosis","PreservedInsect","Eviscerate","Gambling Chip"],"campfire_rested":3,"item_purchase_floors":[20,30,30,45],"current_hp_per_floor":[58,49,48,48,42,15,15,15,22,19,17,17,14,5,26,24,61,61,49,49,49,49,49,46,46,46,46,42,42,42,42,63,63,71,69,69,64,63,63,63,63,63,63,63,63,59,59,51,75,49,37,72,72,72,69,34],"gold":48,"neow_bonus":"BOSS_RELIC","is_daily":false,"chose_seed":false,"campfire_upgraded":7,"win_rate":0.0,"timestamp":1608998134,"path_taken":["M","?","M","?","M","E","R","?","T","M","M","R","?","?","R","BOSS","M","M","$","?","M","R","E","R","T","R","M","M","?","$","R","BOSS","M","?","M","?","?","R","E","R","T","?","$","E","?","E","R","BOSS","BOSS","R","$","E","BOSS"],"items_purchased_type":["Card","Relic","Card","Relic"],"build_version":"2020-12-22","purchased_purges":2,"victory":true,"max_hp_per_floor":[66,66,66,66,66,66,66,66,73,73,73,73,73,73,73,73,73,73,73,73,73,73,73,73,73,73,73,73,73,73,73,73,73,73,73,73,73,73,69,69,69,69,69,69,69,69,69,83,83,83,83,83,83,83,83,83],"card_choices":[{"not_picked":["Outmaneuver","Deadly Poison"],"picked":"PiercingWail","floor":1.0},{"not_picked":["Outmaneuver","Dodge and Roll"],"picked":"Dagger Spray","floor":2.0},{"not_picked":["Dagger Spray","Reflex"],"picked":"Flechettes","floor":3.0},{"not_picked":["Quick Slash","Infinite Blades","Predator"],"picked":"SKIP","floor":5.0},{"not_picked":["Poisoned Stab","Blade Dance"],"picked":"Malaise","floor":6.0},{"not_picked":["PiercingWail","Deflect","Eviscerate"],"picked":"SKIP","floor":10.0},{"not_picked":["Masterful Stab","Expertise"],"picked":"Footwork","floor":11.0},{"not_picked":["Deadly Poison","Calculated Gamble"],"picked":"Phantasmal Killer","floor":13.0},{"not_picked":["Outmaneuver","Flying Knee"],"picked":"Acrobatics","floor":14.0},{"not_picked":["Malaise","Bullet Time"],"picked":"Adrenaline","floor":16.0},{"not_picked":["Dagger Spray","Dagger Throw"],"picked":"Prepared","floor":18.0},{"not_picked":["Sucker Punch","Backflip"],"picked":"Calculated Gamble","floor":19.0},{"not_picked":["Deadly Poison","Dagger Spray"],"picked":"Outmaneuver+1","floor":22.0},{"not_picked":["Dagger Throw","Storm of Steel"],"picked":"Backflip","floor":24.0},{"not_picked":["Blur","All Out Attack+1"],"picked":"Leg Sweep+1","floor":28.0},{"not_picked":["Dagger Throw","Quick Slash+1","Blade Dance"],"picked":"SKIP","floor":29.0},{"not_picked":["Distraction","Dagger Spray"],"picked":"Prepared+1","floor":35.0},{"not_picked":["Bane","Expertise","Choke"],"picked":"SKIP","floor":37.0},{"not_picked":["Deadly Poison","Bane","Acrobatics"],"picked":"SKIP","floor":38.0},{"not_picked":["Flechettes","Quick Slash","Slice"],"picked":"SKIP","floor":41.0},{"not_picked":["Deflect","Glass Knife"],"picked":"Tactician","floor":46.0},{"not_picked":["Heel Hook","Slice","Deflect+1"],"picked":"SKIP","floor":48.0},{"not_picked":["Bane+1","Skewer"],"picked":"Acrobatics","floor":49.0},{"not_picked":["Endless Agony","Setup","Blade Dance"],"picked":"SKIP","floor":55.0}],"player_experience":850916,"relics_obtained":[{"floor":6.0,"key":"Centennial Puzzle"},{"floor":9.0,"key":"Strawberry"},{"floor":14.0,"key":"White Beast Statue"},{"floor":24.0,"key":"Bronze Scales"},{"floor":41.0,"key":"Mummified Hand"},{"floor":43.0,"key":"Dream Catcher"},{"floor":44.0,"key":"Meat on the Bone"},{"floor":46.0,"key":"Smiling Mask"},{"floor":48.0,"key":"Mango"},{"floor":55.0,"key":"Thread and Needle"}],"event_choices":[{"damage_healed":0.0,"max_hp_gain":0.0,"max_hp_loss":0.0,"gold_gain":0.0,"event_name":"The Woman in Blue","player_choice":"Bought 1 Potion","floor":4.0,"gold_loss":0.0,"damage_taken":0.0},{"damage_healed":0.0,"max_hp_gain":0.0,"max_hp_loss":0.0,"gold_gain":0.0,"event_name":"Dead Adventurer","player_choice":"Searched \u00271\u0027 times","floor":14.0,"gold_loss":0.0,"damage_taken":0.0},{"damage_healed":0.0,"max_hp_gain":0.0,"max_hp_loss":0.0,"gold_gain":0.0,"cards_transformed":["Bane"],"event_name":"Transmorgrifier","player_choice":"Transformed","floor":21.0,"gold_loss":0.0,"damage_taken":0.0,"cards_obtained":["Doppelganger"]},{"damage_healed":0.0,"max_hp_gain":0.0,"max_hp_loss":0.0,"gold_gain":50.0,"event_name":"Golden Shrine","player_choice":"Pray","floor":36.0,"gold_loss":0.0,"damage_taken":0.0},{"damage_healed":0.0,"max_hp_gain":0.0,"max_hp_loss":4.0,"gold_gain":0.0,"event_name":"Winding Halls","player_choice":"Max HP","floor":39.0,"gold_loss":0.0,"damage_taken":0.0}],"is_beta":false,"boss_relics":[{"not_picked":["HoveringKite","Empty Cage"],"picked":"Pandora\u0027s Box"},{"not_picked":["Tiny House","Sozu"],"picked":"Philosopher\u0027s Stone"}],"items_purged_floors":[8,54],"is_endless":false,"potions_floor_spawned":[2,5,10,14,16,18,19,22,24,28,29,33,35,37,38,41,46,48,55],"ascension_level":20}}