{"host":"9gczkbtdkbhjojey","time":1608989314,"event":{"mods":["BaseMod","Colored Map","Minty Spire (QoL Compilation)","Quick Restart","StSLib","[功能]功能增强和修复MOD"],"gold_per_floor":[117,117,107,124,124,151,146,146,197,231,226,226,221,237,237,332,0,10,10,5,5,0,0,0,18,18,30,49,49,49,49,49,144,144,155,205,215,215,215,235,249,268,268,268,317,317,348,343,343,343],"floor_reached":51,"playtime":2497,"items_purged":["Strike_P","Defend_P","Defend_P","Strike_P","Strike_P","Strike_P","InnerPeace+1","Apotheosis+1"],"score":829,"play_id":"82fc8d9c-7904-4134-9666-f31207d707ee","local_time":"20201226212834","is_ascension_mode":false,"campfire_choices":[{"data":"Apotheosis","floor":8.0,"key":"SMITH"},{"data":"Eruption","floor":12.0,"key":"SMITH"},{"data":"Establishment","floor":15.0,"key":"SMITH"},{"data":"Adaptation","floor":23.0,"key":"SMITH"},{"data":"Tantrum","floor":30.0,"key":"SMITH"},{"data":"Tantrum","floor":32.0,"key":"SMITH"},{"data":"FollowUp","floor":46.0,"key":"SMITH"},{"data":"FollowUp","floor":49.0,"key":"SMITH"}],"circlet_count":0,"master_deck":["Defend_P+1","Defend_P+1","Eruption+1","ClearTheMind+1","FollowUp+1","Meditate+1","EmptyBody+1","Tantrum+1","FollowUp+1","Establishment+1","Scrawl+1","Adaptation+1","Perseverance+1","Tantrum+1","Sanctity+1"],"relics":["HolyWater","NeowsBlessing","Toxic Egg 2","Ancient Tea Set","Frozen Eye","Bottled Flame","Thread and Needle","Bag of Preparation","Toolbox","Strawberry","Nunchaku","Darkstone Periapt","Dream Catcher","OrangePellets","Calipers","Kunai","DollysMirror","EctoplasmExtend","MutagenicStrength","Vajra","Letter Opener","Strange Spoon","Lantern","Boot","Sling","Eternal Feather","Nilry\u0027s Codex","Gambling Chip","Meat on the Bone","Torii","Lee\u0027s Waffle","War Paint","Frozen Egg 2","Bird Faced Urn","Ice Cream","Girya","Blue Candle","Toy Ornithopter","HandDrill"],"acts_visited":["Exordium","TheCity","TheBeyond"],"potions_floor_usage":[50],"damage_taken":[{"damage":0.0,"enemies":"Jaw Worm","floor":1.0,"turns":1.0},{"damage":0.0,"enemies":"Small Slimes","floor":4.0,"turns":1.0},{"damage":0.0,"enemies":"Lagavulin","floor":6.0,"turns":1.0},{"damage":0.0,"enemies":"Gremlin Nob","floor":10.0,"turns":2.0},{"damage":0.0,"enemies":"2 Louse","floor":14.0,"turns":1.0},{"damage":26.0,"enemies":"The Guardian","floor":16.0,"turns":4.0},{"damage":0.0,"enemies":"Spheric Guardian","floor":18.0,"turns":1.0},{"damage":0.0,"enemies":"2 Thieves","floor":25.0,"turns":1.0},{"damage":0.0,"enemies":"Snecko","floor":27.0,"turns":2.0},{"damage":6.0,"enemies":"Shelled Parasite and Fungi","floor":28.0,"turns":2.0},{"damage":0.0,"enemies":"Colosseum Slavers","floor":31.0,"turns":1.0},{"damage":12.0,"enemies":"Champ","floor":33.0,"turns":2.0},{"damage":0.0,"enemies":"3 Shapes","floor":35.0,"turns":1.0},{"damage":3.0,"enemies":"Mind Bloom Boss Battle","floor":36.0,"turns":2.0},{"damage":0.0,"enemies":"Orb Walker","floor":37.0,"turns":1.0},{"damage":0.0,"enemies":"Maw","floor":40.0,"turns":2.0},{"damage":0.0,"enemies":"Writhing Mass","floor":41.0,"turns":3.0},{"damage":3.0,"enemies":"4 Shapes","floor":42.0,"turns":1.0},{"damage":0.0,"enemies":"2 Orb Walkers","floor":45.0,"turns":1.0},{"damage":0.0,"enemies":"Giant Head","floor":47.0,"turns":2.0},{"damage":18,"enemies":"Time Eater","floor":50,"turns":3}],"seed_played":"-5632418727142564569","potions_obtained":[{"floor":1.0,"key":"DuplicationPotion"},{"floor":4.0,"key":"Swift Potion"},{"floor":6.0,"key":"Explosive Potion"},{"floor":10.0,"key":"BottledMiracle"},{"floor":35.0,"key":"Fruit Juice"},{"floor":36.0,"key":"DistilledChaos"}],"is_trial":false,"path_per_floor":["M","?","$","M","?","E","$","R","T","E","$","R","$","M","R","B",null,"M","?","$","?","$","R","?","M","T","M","M","?","R","?","R","B",null,"M","?","M","$","?","M","M","M","T","$","?","R","E","$","R","B",null],"character_chosen":"WATCHER","items_purchased":["Apotheosis","Toxic Egg 2","Ancient Tea Set","Frozen Eye","ClearTheMind+1","FollowUp","FearPotion","Ancient Potion","Meditate+1","Thread and Needle","Bag of Preparation","Toolbox","Darkstone Periapt","Dream Catcher","OrangePellets","Tantrum","Calipers","Kunai","DollysMirror","Establishment","Vajra","Letter Opener","Strange Spoon","Adaptation","Perseverance+1","Tantrum","Lantern","Boot","Sling","Sanctity+1","Meat on the Bone","Torii","Lee\u0027s Waffle","Frozen Egg 2","Bird Faced Urn","Blue Candle","Toy Ornithopter","HandDrill"],"campfire_rested":0,"item_purchase_floors":[3,3,3,3,3,3,3,3,3,7,7,7,11,11,11,11,13,13,13,13,20,20,20,20,20,20,22,22,22,22,38,38,38,44,44,48,48,48],"current_hp_per_floor":[72,72,72,72,72,72,72,72,79,79,79,79,79,79,79,53,79,79,79,79,79,79,79,79,79,79,79,73,57,66,66,75,63,79,84,81,81,91,91,91,91,88,88,88,90,91,91,91,91,74],"gold":343,"neow_bonus":"THREE_ENEMY_KILL","is_daily":false,"chose_seed":false,"campfire_upgraded":8,"win_rate":0.0,"timestamp":1608989314,"path_taken":["M","?","$","M","?","E","?","R","T","E","$","R","$","M","R","BOSS","M","?","$","?","$","R","?","M","T","M","?","?","R","?","R","BOSS","M","?","M","$","?","M","?","M","T","$","?","R","E","$","R","BOSS"],"items_purchased_type":["Card","Relic","Relic","Relic","Card","Card","Potion","Potion","Card","Relic","Relic","Relic","Relic","Relic","Relic","Card","Relic","Relic","Relic","Card","Relic","Relic","Relic","Card","Card","Card","Relic","Relic","Relic","Card","Relic","Relic","Relic","Relic","Relic","Relic","Relic","Relic"],"build_version":"2020-12-22","purchased_purges":8,"victory":true,"max_hp_per_floor":[72,72,72,72,72,72,72,72,79,79,79,79,79,79,79,79,79,79,79,79,79,79,79,79,79,79,79,79,79,79,79,79,79,79,84,84,84,91,91,91,91,91,91,91,91,91,91,91,91,91],"card_choices":[{"not_picked":["BowlingBash","FlyingSleeves","WreathOfFlame"],"picked":"SKIP","floor":1.0},{"not_picked":["Consecrate","FlyingSleeves","Crescendo+1"],"picked":"SKIP","floor":4.0},{"not_picked":["FollowUp","JustLucky"],"picked":"EmptyBody+1","floor":6.0},{"not_picked":["TalkToTheHand","Nirvana","EmptyFist"],"picked":"SKIP","floor":10.0},{"not_picked":["SashWhip","CutThroughFate","EmptyFist"],"picked":"SKIP","floor":14.0},{"not_picked":["Ragnarok","DeusExMachina+1"],"picked":"Scrawl+1","floor":16.0},{"not_picked":["EmptyBody+1","Protect+1","DeceiveReality+1"],"picked":"SKIP","floor":18.0},{"not_picked":["Worship+1","Prostrate+1","Collect+1"],"picked":"SKIP","floor":25.0},{"not_picked":["EmptyFist","Wallop","ClearTheMind+1"],"picked":"SKIP","floor":27.0},{"not_picked":["SashWhip","PathToVictory+1","FollowUp"],"picked":"SKIP","floor":28.0},{"not_picked":["BattleHymn+1","CrushJoints","CutThroughFate+1"],"picked":"SKIP","floor":35.0},{"not_picked":["Pray+1","JustLucky+1","Protect+1"],"picked":"SKIP","floor":37.0},{"not_picked":["Protect+1","Perseverance+1","Swivel+1"],"picked":"SKIP","floor":40.0},{"not_picked":["Evaluate+1","SashWhip","Swivel+1"],"picked":"SKIP","floor":41.0},{"not_picked":["Protect+1","FollowUp","Halt+1"],"picked":"SKIP","floor":42.0},{"not_picked":["Collect+1","FlurryOfBlows","FlyingSleeves+1"],"picked":"SKIP","floor":47.0}],"player_experience":95622,"relics_obtained":[{"floor":6.0,"key":"Bottled Flame"},{"floor":9.0,"key":"Strawberry"},{"floor":10.0,"key":"Nunchaku"},{"floor":26.0,"key":"Eternal Feather"},{"floor":29.0,"key":"Nilry\u0027s Codex"},{"floor":36.0,"key":"Gambling Chip"},{"floor":43.0,"key":"War Paint"},{"floor":45.0,"key":"Ice Cream"},{"floor":47.0,"key":"Girya"}],"event_choices":[{"damage_healed":0.0,"max_hp_gain":0.0,"max_hp_loss":0.0,"gold_gain":0.0,"event_name":"Golden Wing","player_choice":"Ignored","floor":2.0,"gold_loss":0.0,"damage_taken":0.0},{"damage_healed":0.0,"max_hp_gain":0.0,"max_hp_loss":0.0,"gold_gain":0.0,"event_name":"The Cleric","player_choice":"Leave","floor":5.0,"gold_loss":0.0,"damage_taken":0.0},{"damage_healed":0.0,"max_hp_gain":0.0,"max_hp_loss":0.0,"gold_gain":0.0,"event_name":"Drug Dealer","player_choice":"Inject Mutagens","floor":19.0,"gold_loss":0.0,"damage_taken":0.0,"relics_obtained":["MutagenicStrength"]},{"damage_healed":0.0,"max_hp_gain":0.0,"max_hp_loss":0.0,"gold_gain":0.0,"event_name":"The Library","player_choice":"Read","floor":21.0,"gold_loss":0.0,"damage_taken":0.0,"cards_obtained":["InnerPeace"]},{"damage_healed":0.0,"max_hp_gain":0.0,"max_hp_loss":0.0,"gold_gain":0.0,"event_name":"Purifier","player_choice":"Ignored","floor":24.0,"gold_loss":0.0,"damage_taken":0.0},{"damage_healed":0.0,"max_hp_gain":0.0,"max_hp_loss":0.0,"gold_gain":0.0,"event_name":"Cursed Tome","player_choice":"Obtained Book","floor":29.0,"gold_loss":0.0,"damage_taken":16.0},{"damage_healed":0.0,"max_hp_gain":0.0,"max_hp_loss":0.0,"gold_gain":0.0,"event_name":"Colosseum","player_choice":"Fight","floor":31.0,"gold_loss":0.0,"damage_taken":0.0},{"damage_healed":0.0,"max_hp_gain":0.0,"max_hp_loss":0.0,"gold_gain":0.0,"event_name":"Colosseum","player_choice":"Fled From Nobs","floor":31.0,"gold_loss":0.0,"damage_taken":0.0},{"damage_healed":0.0,"max_hp_gain":0.0,"max_hp_loss":0.0,"gold_gain":0.0,"event_name":"MindBloom","player_choice":"Fight","floor":36.0,"gold_loss":0.0,"damage_taken":0.0},{"cards_removed":["Vigilance"],"damage_healed":0.0,"max_hp_gain":0.0,"max_hp_loss":0.0,"gold_gain":0.0,"event_name":"Bonfire Elementals","player_choice":"Offered Basic","floor":39.0,"gold_loss":0.0,"damage_taken":0.0},{"damage_healed":0.0,"max_hp_gain":0.0,"max_hp_loss":0.0,"gold_gain":0.0,"event_name":"Mysterious Sphere","player_choice":"Fight","floor":45.0,"gold_loss":0.0,"damage_taken":0.0}],"is_beta":false,"boss_relics":[{"not_picked":["Coffee Dripper","Philosopher\u0027s Stone"],"picked":"EctoplasmExtend"},{"not_picked":["Sozu","SacredBark"],"picked":"HolyWater"}],"items_purged_floors":[3,3,7,11,13,20,22,48],"is_endless":false,"potions_floor_spawned":[1,4,6,6,10,10,16,16,25,27,27,28,28,31,33,33,35,36,37,41,42,42,47,47],"ascension_level":0}}