{"host":"5fasz840ryq7obdf","time":1608981435,"event":{"mods":["AchievementEnabler","BaseMod","Bestiary","Better Altar","Better Skull","Better Third Choice","BetterRewards","Block Reminder","Colored Powertips","Curses Come First","Minty Spire (QoL Compilation)","Quick Restart","Relic Stats","Shop Mod","Spicy Shops","StSLib"],"gold_per_floor":[112,262,262,262,275,308,308,323,349,376,391,391,423,437,437,437,437],"floor_reached":16,"playtime":653,"items_purged":[],"score":290,"play_id":"90a01a30-a89c-41b9-b7dc-b74dd5ad4b9b","local_time":"20201226111715","is_ascension_mode":true,"campfire_choices":[{"data":"Eruption","floor":7.0,"key":"SMITH"},{"data":"Indignation","floor":12.0,"key":"SMITH"},{"floor":15,"key":"REST"}],"circlet_count":0,"master_deck":["AscendersBane","Strike_P","Strike_P","Strike_P","Strike_P","Defend_P","Defend_P","Defend_P","Defend_P","Eruption+1","Vigilance","Indignation+1","Doubt","All For One+1","Nirvana","Consecrate","Halt","EmptyBody","JustLucky","CutThroughFate"],"relics":["PureWater","NeowsBlessing","Damaru","Pear","Blood Vial","TeardropLocket","GoldenEye"],"acts_visited":["Exordium"],"potions_floor_usage":[13,13],"damage_taken":[{"damage":0.0,"enemies":"Cultist","floor":1.0,"turns":1.0},{"damage":0.0,"enemies":"2 Louse","floor":5.0,"turns":1.0},{"damage":0.0,"enemies":"3 Sentries","floor":6.0,"turns":2.0},{"damage":7.0,"enemies":"Small Slimes","floor":8.0,"turns":4.0},{"damage":16.0,"enemies":"Gremlin Nob","floor":10.0,"turns":3.0},{"damage":5.0,"enemies":"3 Louse","floor":11.0,"turns":4.0},{"damage":24,"enemies":"Lagavulin","floor":13,"turns":6},{"damage":3,"enemies":"Looter","floor":14,"turns":4},{"damage":26,"enemies":"Hexaghost","floor":16,"turns":7}],"seed_played":"7094207197932288786","potions_obtained":[{"floor":4.0,"key":"Weak Potion"},{"floor":4.0,"key":"SkillPotion"},{"floor":10.0,"key":"DuplicationPotion"}],"is_trial":false,"path_per_floor":["M","?","?","?","M","E","R","M","T","E","M","R","E","M","R","B"],"character_chosen":"WATCHER","items_purchased":[],"campfire_rested":1,"item_purchase_floors":[],"current_hp_per_floor":[61,61,38,38,38,48,48,41,41,27,24,24,2,1,24,0,0],"gold":437,"neow_bonus":"THREE_ENEMY_KILL","is_daily":false,"chose_seed":false,"campfire_upgraded":2,"win_rate":0.0,"timestamp":1608981435,"path_taken":["M","?","?","?","?","E","R","?","T","E","M","R","E","M","R","BOSS"],"items_purchased_type":[],"build_version":"2020-12-22","purchased_purges":0,"victory":false,"max_hp_per_floor":[68,68,68,68,68,78,78,78,78,78,78,78,78,78,78,78,78],"relic_stats":{"Blood Vial":10,"counters":[9,32],"GoldenEye":[12],"obtain_stats":[{"Blood Vial":9,"Pear":6,"NeowsBlessing":0,"Damaru":3,"TeardropLocket":10,"PureWater":0,"GoldenEye":13},{"Blood Vial":4,"Pear":3,"NeowsBlessing":0,"Damaru":1,"TeardropLocket":5,"PureWater":0,"GoldenEye":7},{"Blood Vial":8,"Pear":4,"NeowsBlessing":0,"Damaru":1,"TeardropLocket":11,"PureWater":0,"GoldenEye":21}]},"card_choices":[{"not_picked":["ClearTheMind","SashWhip"],"picked":"Indignation","floor":1.0},{"not_picked":["SandsOfTime","PathToVictory","Worship"],"picked":"SKIP","floor":5.0},{"not_picked":["Conclude","Tantrum"],"picked":"Nirvana","floor":6.0},{"not_picked":["Nirvana","Prostrate"],"picked":"Consecrate","floor":8.0},{"not_picked":["SandsOfTime","ForeignInfluence"],"picked":"Halt","floor":10.0},{"not_picked":["InnerPeace","WindmillStrike"],"picked":"EmptyBody","floor":11.0},{"not_picked":["BowlingBash","Indignation"],"picked":"JustLucky","floor":13},{"not_picked":["Tantrum","Halt"],"picked":"CutThroughFate","floor":14}],"player_experience":1113235,"relics_obtained":[{"floor":6.0,"key":"Pear"},{"floor":9.0,"key":"Blood Vial"},{"floor":10.0,"key":"TeardropLocket"},{"floor":13,"key":"GoldenEye"}],"event_choices":[{"damage_healed":0.0,"max_hp_gain":0.0,"max_hp_loss":0.0,"gold_gain":150.0,"event_name":"betterThird:BetterSerpent","player_choice":"AGREE","floor":2.0,"gold_loss":0.0,"damage_taken":112.0},{"damage_healed":0.0,"max_hp_gain":0.0,"max_hp_loss":0.0,"gold_gain":0.0,"event_name":"Lab","player_choice":"Got Potions","floor":4.0,"gold_loss":0.0,"damage_taken":0.0}],"is_beta":false,"boss_relics":[],"items_purged_floors":[],"is_endless":false,"potions_floor_spawned":[6,10,11],"killed_by":"Hexaghost","ascension_level":20}}