{"host":"03a85bwj0a5skoit","time":1608988058,"event":{"mods":["BaseMod","Block Reminder","Minty Spire (QoL Compilation)","Relic Stats","StSLib"],"gold_per_floor":[119,194,194,206,481,511,511,526,603,628,4,24,24,45,45,139,139,162,32,48,72,72,72,72,72],"floor_reached":24,"playtime":779,"items_purged":["Regret"],"score":562,"play_id":"bd59a44b-d1fd-49a8-b015-93b4ef14d7b8","local_time":"20201226233738","is_ascension_mode":true,"campfire_choices":[{"data":"Bash","floor":7,"key":"SMITH"},{"data":"Armaments","floor":15,"key":"SMITH"},{"floor":23,"key":"REST"}],"circlet_count":0,"master_deck":["AscendersBane","Strike_R","Strike_R","Strike_R","Strike_R","Strike_R","Defend_R","Defend_R","Defend_R","Defend_R","Bash+1","Rampage+1","Impervious","Burning Pact","Battle Trance","True Grit","Disarm","Inflame","Headbutt","Seeing Red","Bandage Up","Panache","Armaments+1","Sentinel","Limit Break","Double Tap","Metallicize","Burning Pact"],"relics":["Burning Blood","NeowsBlessing","Bag of Preparation","Gremlin Horn","The Courier","Orrery","Omamori","Golden Idol","Fusion Hammer","Membership Card","Centennial Puzzle"],"acts_visited":["Exordium","TheCity"],"potions_floor_usage":[20,21,21],"damage_taken":[{"damage":0,"enemies":"Cultist","floor":1,"turns":1},{"damage":0,"enemies":"Jaw Worm","floor":4,"turns":1},{"damage":2,"enemies":"3 Sentries","floor":6,"turns":2},{"damage":9,"enemies":"2 Louse","floor":8,"turns":3},{"damage":50,"enemies":"Lagavulin","floor":10,"turns":10},{"damage":9,"enemies":"Red Slaver","floor":12,"turns":3},{"damage":3,"enemies":"Exordium Wildlife","floor":14,"turns":3},{"damage":0,"enemies":"Slime Boss","floor":16,"turns":10},{"damage":10,"enemies":"Chosen","floor":18,"turns":3},{"damage":11,"enemies":"3 Byrds","floor":20,"turns":3},{"damage":61,"enemies":"Shelled Parasite and Fungi","floor":21,"turns":9},{"damage":54,"enemies":"Gremlin Leader","floor":24,"turns":5}],"seed_played":"3204407585586944048","potions_obtained":[{"floor":1,"key":"Regen Potion"},{"floor":8,"key":"Fire Potion"},{"floor":14,"key":"AttackPotion"},{"floor":16,"key":"DistilledChaos"},{"floor":20,"key":"SkillPotion"}],"is_trial":false,"path_per_floor":["M","?","?","M","?","E","R","M","T","E","$","M","?","M","R","B",null,"M","$","M","M","?","R","E"],"character_chosen":"IRONCLAD","items_purchased":["Battle Trance","Orrery","Bandage Up","Panache","Armaments","Omamori","Membership Card"],"campfire_rested":1,"item_purchase_floors":[11,11,11,11,11,11,19],"current_hp_per_floor":[74,63,63,69,69,73,73,70,70,26,26,27,27,30,30,40,66,66,66,65,23,23,45,0,0],"gold":72,"neow_bonus":"THREE_ENEMY_KILL","is_daily":false,"chose_seed":false,"campfire_upgraded":2,"win_rate":0.0,"timestamp":1608988058,"path_taken":["M","?","?","M","?","E","R","M","T","E","$","?","?","M","R","BOSS","M","$","M","M","?","R","E"],"items_purchased_type":["Card","Relic","Card","Card","Card","Relic","Relic"],"build_version":"2020-12-22","purchased_purges":1,"victory":false,"max_hp_per_floor":[75,75,75,75,75,75,75,75,75,75,75,75,75,75,75,75,75,75,75,75,75,75,75,75,75],"relic_stats":{"Centennial Puzzle":[3],"Gremlin Horn":[8,9],"counters":[12,53],"Golden Idol":36,"Bag of Preparation":[18],"obtain_stats":[{"Centennial Puzzle":22,"NeowsBlessing":0,"Gremlin Horn":9,"Golden Idol":13,"Orrery":11,"The Courier":10,"Fusion Hammer":17,"Bag of Preparation":6,"Omamori":11,"Membership Card":19,"Burning Blood":0},{"Centennial Puzzle":11,"NeowsBlessing":0,"Gremlin Horn":4,"Golden Idol":6,"Orrery":5,"The Courier":5,"Fusion Hammer":8,"Bag of Preparation":3,"Omamori":5,"Membership Card":9,"Burning Blood":0},{"Centennial Puzzle":48,"NeowsBlessing":0,"Gremlin Horn":7,"Golden Idol":20,"Orrery":17,"The Courier":17,"Fusion Hammer":33,"Bag of Preparation":4,"Omamori":17,"Membership Card":36,"Burning Blood":0}],"Burning Blood":66},"card_choices":[{"not_picked":["Armaments","Headbutt"],"picked":"Rampage","floor":1},{"not_picked":["Clash","Perfected Strike","Armaments"],"picked":"SKIP","floor":4},{"not_picked":["Armaments","Body Slam","Wild Strike"],"picked":"SKIP","floor":6},{"not_picked":["Rage","Cleave"],"picked":"Impervious","floor":8},{"not_picked":["Shockwave","Sentinel"],"picked":"Burning Pact","floor":10},{"not_picked":["Flex","Thunderclap"],"picked":"True Grit","floor":11},{"not_picked":["Clothesline","Sword Boomerang"],"picked":"Disarm","floor":11},{"not_picked":["Warcry","Heavy Blade"],"picked":"Inflame","floor":11},{"not_picked":["Iron Wave","Thunderclap"],"picked":"Headbutt","floor":11},{"not_picked":["Thunderclap","Clash"],"picked":"Seeing Red","floor":11},{"not_picked":["Dual Wield","Havoc"],"picked":"Sentinel","floor":12},{"not_picked":["Wild Strike","Anger"],"picked":"Limit Break","floor":14},{"not_picked":["Impervious","Reaper"],"picked":"Double Tap","floor":16},{"not_picked":["Twin Strike","Whirlwind"],"picked":"Metallicize","floor":18},{"not_picked":["Heavy Blade","Cleave","Clash"],"picked":"SKIP","floor":20},{"not_picked":["Pommel Strike","Flex"],"picked":"Burning Pact","floor":21}],"player_experience":2321462,"relics_obtained":[{"floor":6,"key":"Bag of Preparation"},{"floor":9,"key":"Gremlin Horn"},{"floor":10,"key":"The Courier"}],"event_choices":[{"damage_healed":0,"gold_gain":75,"player_choice":"Gather Gold","damage_taken":11,"max_hp_gain":0,"max_hp_loss":0,"event_name":"World of Goop","floor":2,"gold_loss":0},{"damage_healed":0,"gold_gain":0,"player_choice":"Grow","damage_taken":0,"max_hp_gain":0,"max_hp_loss":0,"event_name":"Living Wall","floor":3,"gold_loss":0,"cards_upgraded":["Rampage"]},{"damage_healed":0,"gold_gain":275,"player_choice":"Desecrate","damage_taken":0,"max_hp_gain":0,"max_hp_loss":0,"event_name":"Golden Shrine","floor":5,"gold_loss":0,"cards_obtained":["Regret"]},{"damage_healed":0,"gold_gain":0,"player_choice":"Take Wound","damage_taken":0,"relics_obtained":["Golden Idol"],"max_hp_gain":0,"max_hp_loss":0,"event_name":"Golden Idol","floor":13,"gold_loss":0,"cards_obtained":["Injury"]},{"damage_healed":0,"gold_gain":0,"player_choice":"Stole Relic","damage_taken":0,"relics_obtained":["Centennial Puzzle"],"max_hp_gain":0,"max_hp_loss":0,"event_name":"Addict","floor":22,"gold_loss":0,"cards_obtained":["Shame"]}],"is_beta":false,"boss_relics":[{"not_picked":["Philosopher\u0027s Stone","Astrolabe"],"picked":"Fusion Hammer"}],"items_purged_floors":[11],"is_endless":false,"potions_floor_spawned":[1,8,10,14,16,20],"killed_by":"Gremlin Leader","ascension_level":20}}