{"host":"girf3bnli6r7x4ah","time":1608943244,"event":{"mods":["2.2 Compatiblity","AchievementEnabler","BaseMod","Colored Map","DeckTracker","Highlight Path","Minty Spire (QoL Compilation)","Random Character Button","Rare Cards Sparkle"],"gold_per_floor":[110,121,140,160,6,34,34,64,140,156,171,246,258,258,258,389,389,407,407,35,50,91,129,129,160,186,226,79,119,139,139,139,267,267,291,291,309,54,73,114,114,447,473,506,506,506,728,762,762,762,762,762,4,38,38,38],"floor_reached":55,"playtime":3913,"items_purged":["Injury"],"score":1108,"play_id":"95a61af7-2d07-45ea-bd58-5a70b6f2e17b","local_time":"20201226014044","is_ascension_mode":true,"campfire_choices":[{"floor":7,"key":"REST"},{"floor":15,"key":"RECALL"},{"floor":24,"key":"DIG"},{"floor":32,"key":"DIG"},{"floor":41,"key":"DIG"},{"floor":46,"key":"DIG"},{"floor":49,"key":"DIG"},{"floor":52,"key":"DIG"}],"circlet_count":0,"master_deck":["Strike_R+1","Strike_R+1","Strike_R+1","Strike_R+1","Strike_R+1","Defend_R+1","Defend_R+1","Defend_R+1","Bash","Uppercut","Infernal Blade","Sever Soul","Feed+1","Clash+1","Clash","Twin Strike","Offering","Shockwave","Armaments+1","Seeing Red+1","Bludgeon","Cleave+1","Twin Strike+1","Burning Pact+1"],"relics":["Black Blood","Thread and Needle","Vajra","PreservedInsect","FossilizedHelix","Shovel","Red Mask","Bronze Scales","Bag of Preparation","MealTicket","Juzu Bracelet","Question Card","TheAbacus","Pen Nib","Orichalcum","Coffee Dripper","Bottled Lightning","Peace Pipe","Regal Pillow","Centennial Puzzle","Whetstone","Oddly Smooth Stone","Lantern","Gremlin Horn","HornCleat","Brimstone","Champion Belt","Ginger","Charon\u0027s Ashes"],"acts_visited":["Exordium","TheCity","TheBeyond","TheEnding"],"potions_floor_usage":[16,16,18,33,50,50,50,50,50,55,55],"damage_taken":[{"damage":5,"enemies":"Small Slimes","floor":1,"turns":3},{"damage":0,"enemies":"Cultist","floor":2,"turns":3},{"damage":3,"enemies":"Jaw Worm","floor":3,"turns":4},{"damage":5,"enemies":"3 Louse","floor":4,"turns":3},{"damage":38,"enemies":"Lagavulin","floor":6,"turns":7},{"damage":10,"enemies":"3 Sentries","floor":8,"turns":5},{"damage":0,"enemies":"Large Slime","floor":10,"turns":3},{"damage":1,"enemies":"Lots of Slimes","floor":11,"turns":3},{"damage":6,"enemies":"Exordium Wildlife","floor":13,"turns":3},{"damage":50,"enemies":"Hexaghost","floor":16,"turns":8},{"damage":5,"enemies":"Shell Parasite","floor":18,"turns":4},{"damage":0,"enemies":"2 Thieves","floor":21,"turns":3},{"damage":6,"enemies":"Masked Bandits","floor":22,"turns":4},{"damage":0,"enemies":"Gremlin Leader","floor":23,"turns":3},{"damage":6,"enemies":"Book of Stabbing","floor":25,"turns":3},{"damage":7,"enemies":"Slavers","floor":27,"turns":4},{"damage":4,"enemies":"Book of Stabbing","floor":29,"turns":3},{"damage":18,"enemies":"Sentry and Sphere","floor":30,"turns":4},{"damage":73,"enemies":"Champ","floor":33,"turns":12},{"damage":0,"enemies":"Orb Walker","floor":35,"turns":2},{"damage":7,"enemies":"3 Darklings","floor":37,"turns":3},{"damage":19,"enemies":"Jaw Worm Horde","floor":39,"turns":4},{"damage":2,"enemies":"Reptomancer","floor":40,"turns":3},{"damage":0,"enemies":"Giant Head","floor":44,"turns":5},{"damage":0,"enemies":"Nemesis","floor":48,"turns":3},{"damage":81,"enemies":"Donu and Deca","floor":50,"turns":10},{"damage":14,"enemies":"Shield and Spear","floor":54,"turns":2},{"damage":99,"enemies":"The Heart","floor":55,"turns":5}],"seed_played":"2398178154661636788","potions_obtained":[{"floor":3,"key":"CultistPotion"},{"floor":4,"key":"SteroidPotion"},{"floor":6,"key":"Ancient Potion"},{"floor":11,"key":"BlessingOfTheForge"},{"floor":16,"key":"DistilledChaos"},{"floor":22,"key":"EntropicBrew"},{"floor":27,"key":"BloodPotion"},{"floor":33,"key":"ElixirPotion"},{"floor":54,"key":"Strength Potion"}],"is_trial":false,"path_per_floor":["M","M","M","M","$","E","R","E","T","M","M","?","M","?","R","B",null,"M","?","$","M","?","E","R","E","T","E","$","E","M","?","R","B",null,"M","?","M","$","M","E","R","?","T","E","?","R","?","E","R","B",null,"R","$","E","B"],"character_chosen":"IRONCLAD","items_purchased":["Vajra","Shovel","TheAbacus","Bottled Lightning","Brimstone","Champion Belt","Ginger"],"campfire_rested":1,"item_purchase_floors":[5,20,28,38,53,53,53],"current_hp_per_floor":[72,72,72,72,72,40,61,60,60,69,77,69,69,69,69,25,81,81,81,81,84,87,90,90,93,93,96,96,96,93,84,84,46,103,103,98,98,98,94,101,101,101,101,101,101,101,101,101,101,32,101,101,101,99,0,0],"gold":38,"neow_bonus":"ONE_RARE_RELIC","is_daily":false,"chose_seed":false,"campfire_upgraded":0,"win_rate":0.0,"timestamp":1608943244,"path_taken":["M","M","M","M","$","E","R","E","T","M","M","?","?","?","R","BOSS","M","?","$","M","?","E","R","E","T","E","$","E","M","?","R","BOSS","M","?","M","$","M","E","R","?","T","E","?","R","?","E","R","BOSS","R","$","E","BOSS"],"items_purchased_type":["Relic","Relic","Relic","Relic","Relic","Relic","Relic"],"build_version":"2020-12-22","purchased_purges":1,"victory":false,"max_hp_per_floor":[72,72,72,72,72,72,72,75,75,78,81,81,81,81,81,81,81,81,81,81,84,87,90,90,93,93,96,96,96,99,99,99,103,103,103,98,98,98,101,101,101,101,101,101,101,101,101,101,101,101,101,101,101,101,101,101],"card_choices":[{"not_picked":["Perfected Strike","Anger"],"picked":"Uppercut","floor":1},{"not_picked":["Spot Weakness","Twin Strike"],"picked":"Infernal Blade","floor":2},{"not_picked":["Iron Wave","True Grit","Wild Strike"],"picked":"SKIP","floor":3},{"not_picked":["Shrug It Off","Entrench"],"picked":"Sever Soul","floor":4},{"not_picked":["Rupture","Wild Strike"],"picked":"Feed","floor":6},{"not_picked":["Cleave","Wild Strike"],"picked":"Clash","floor":8},{"not_picked":["Anger","Feel No Pain"],"picked":"Clash","floor":10},{"not_picked":["Warcry","Combust"],"picked":"Twin Strike","floor":11},{"not_picked":["Body Slam","Armaments","Wild Strike"],"picked":"SKIP","floor":13},{"not_picked":["Fiend Fire","Berserk"],"picked":"Offering","floor":16},{"not_picked":["Body Slam+1","Heavy Blade","Pommel Strike"],"picked":"SKIP","floor":18},{"not_picked":["Cleave","Reckless Charge"],"picked":"Shockwave","floor":21},{"not_picked":["Thunderclap+1","Juggernaut","Heavy Blade"],"picked":"SKIP","floor":23},{"not_picked":["Wild Strike","True Grit","Evolve"],"picked":"SKIP","floor":25},{"not_picked":["Hemokinesis+1","Perfected Strike"],"picked":"Armaments+1","floor":27},{"not_picked":["Wild Strike","Brutality","Anger","Heavy Blade+1"],"picked":"SKIP","floor":29},{"not_picked":["Clothesline","Perfected Strike+1","Dark Embrace+1"],"picked":"Seeing Red+1","floor":30},{"not_picked":["Immolate","Juggernaut","Impervious"],"picked":"Bludgeon","floor":33},{"not_picked":["Whirlwind+1","Thunderclap+1","Shockwave","Carnage"],"picked":"SKIP","floor":35},{"not_picked":["Dropkick","Wild Strike","Shrug It Off+1"],"picked":"Cleave+1","floor":37},{"not_picked":["Searing Blow","Armaments+1","Headbutt+1","Thunderclap"],"picked":"SKIP","floor":39},{"not_picked":["Thunderclap+1","True Grit+1","Blood for Blood+1","Battle Trance"],"picked":"SKIP","floor":40},{"not_picked":["Metallicize","Sword Boomerang","Cleave","Body Slam+1"],"picked":"SKIP","floor":44},{"not_picked":["Cleave+1","Perfected Strike","Sword Boomerang+1"],"picked":"Twin Strike+1","floor":48},{"not_picked":["Flame Barrier+1","Bloodletting","Metallicize+1"],"picked":"Burning Pact+1","floor":54}],"player_experience":92865,"relics_obtained":[{"floor":6,"key":"PreservedInsect"},{"floor":8,"key":"FossilizedHelix"},{"floor":22,"key":"Red Mask"},{"floor":23,"key":"Bronze Scales"},{"floor":24,"key":"Bag of Preparation"},{"floor":25,"key":"MealTicket"},{"floor":26,"key":"Juzu Bracelet"},{"floor":27,"key":"Question Card"},{"floor":29,"key":"Pen Nib"},{"floor":32,"key":"Orichalcum"},{"floor":40,"key":"Peace Pipe"},{"floor":41,"key":"Regal Pillow"},{"floor":43,"key":"Centennial Puzzle"},{"floor":44,"key":"Whetstone"},{"floor":46,"key":"Oddly Smooth Stone"},{"floor":48,"key":"Lantern"},{"floor":49,"key":"Gremlin Horn"},{"floor":52,"key":"HornCleat"},{"floor":54,"key":"Charon\u0027s Ashes"}],"event_choices":[{"damage_healed":0,"gold_gain":75,"player_choice":"Touch","damage_taken":8,"max_hp_gain":0,"max_hp_loss":0,"event_name":"FaceTrader","floor":12,"gold_loss":0},{"damage_healed":0,"gold_gain":0,"player_choice":"Take Wound","damage_taken":0,"relics_obtained":["Golden Idol"],"max_hp_gain":0,"max_hp_loss":0,"event_name":"Golden Idol","floor":14,"gold_loss":0,"cards_obtained":["Injury"]},{"damage_healed":0,"gold_gain":0,"player_choice":"Simplicity","damage_taken":0,"max_hp_gain":0,"max_hp_loss":0,"event_name":"Back to Basics","floor":19,"gold_loss":0,"cards_upgraded":["Strike_R","Strike_R","Strike_R","Strike_R","Strike_R","Defend_R","Defend_R","Defend_R","Defend_R"]},{"damage_healed":0,"gold_gain":0,"player_choice":"Fought Bandits","damage_taken":0,"max_hp_gain":0,"max_hp_loss":0,"event_name":"Masked Bandits","floor":22,"gold_loss":0},{"damage_healed":0,"gold_gain":0,"player_choice":"Damaged","damage_taken":9,"max_hp_gain":0,"max_hp_loss":0,"event_name":"Wheel of Change","floor":31,"gold_loss":0},{"damage_healed":0,"gold_gain":0,"player_choice":"Max HP","damage_taken":0,"max_hp_gain":0,"max_hp_loss":5,"event_name":"Winding Halls","floor":36,"gold_loss":0},{"damage_healed":0,"gold_gain":333,"player_choice":"Gave Idol","damage_taken":0,"max_hp_gain":0,"max_hp_loss":0,"event_name":"The Moai Head","floor":42,"relics_lost":["Golden Idol"],"gold_loss":0},{"cards_removed":["Defend_R"],"damage_healed":0,"gold_gain":0,"player_choice":"Removed Skill","damage_taken":0,"max_hp_gain":0,"max_hp_loss":0,"event_name":"Falling","floor":45,"gold_loss":0},{"damage_healed":0,"gold_gain":222,"player_choice":"Wore Mask","damage_taken":0,"max_hp_gain":0,"max_hp_loss":0,"event_name":"Tomb of Lord Red Mask","floor":47,"gold_loss":0}],"is_beta":false,"boss_relics":[{"not_picked":["Tiny House","Snecko Eye"],"picked":"Black Blood"},{"not_picked":["Calling Bell","Runic Cube"],"picked":"Coffee Dripper"}],"items_purged_floors":[20],"is_endless":false,"potions_floor_spawned":[3,4,6,11,16,22,27,29,30,33,40,44,48,54],"killed_by":"The Heart","ascension_level":2}}