{"host":"xa2omnxk3uapc4qp","time":1608959006,"event":{"mods":["BaseMod","Lobotomy","Minty Spire (QoL Compilation)","StSLib"],"gold_per_floor":[109,109,133,149,149,185,185,206,233,233,233],"floor_reached":10,"playtime":551,"items_purged":[],"score":68,"play_id":"1947b076-c591-49ed-863d-859b7d45de74","local_time":"20201226130326","is_ascension_mode":false,"campfire_choices":[],"circlet_count":0,"master_deck":["Strike_G","Strike_G","Strike_G","Strike_G","Strike_G","Defend_G","Defend_G","Defend_G","Defend_G","Defend_G","Survivor","Neutralize","WallGazer","Prepared","Injury","Infinite Blades","Wellcheers","Prepared","OldLady","After Image","OSAHOGD","Well Laid Plans","FairyFestival"],"relics":["Ring of the Snake","CogitoBucket","Golden Idol","Bag of Preparation","Smiling Mask"],"acts_visited":["Exordium"],"potions_floor_usage":[10,10,10],"damage_taken":[{"damage":2.0,"enemies":"Jaw Worm","floor":1.0,"turns":4.0},{"damage":2.0,"enemies":"2 Louse","floor":3.0,"turns":4.0},{"damage":2.0,"enemies":"Cultist","floor":4.0,"turns":5.0},{"damage":47.0,"enemies":"3 Sentries","floor":6.0,"turns":15.0},{"damage":4.0,"enemies":"Exordium Wildlife","floor":8.0,"turns":4.0},{"damage":18,"enemies":"Gremlin Nob","floor":10,"turns":3}],"seed_played":"-7745168221749190244","potions_obtained":[{"floor":3.0,"key":"GamblersBrew"},{"floor":4.0,"key":"LiquidBronze"},{"floor":8.0,"key":"SkillPotion"}],"is_trial":false,"path_per_floor":["M","?","M","M","$","E","?","M","T","E"],"character_chosen":"THE_SILENT","items_purchased":[],"campfire_rested":0,"item_purchase_floors":[],"current_hp_per_floor":[68,68,66,70,70,26,26,25,25,10,10],"gold":233,"neow_bonus":"","is_daily":false,"chose_seed":false,"campfire_upgraded":0,"win_rate":0.0,"timestamp":1608959006,"path_taken":["M","?","M","M","?","E","?","M","T","E"],"items_purchased_type":[],"build_version":"2020-12-22","purchased_purges":0,"victory":false,"max_hp_per_floor":[70,70,70,70,70,70,70,70,70,70,70],"card_choices":[{"not_picked":["Murderer","CherryBlossoms"],"picked":"WallGazer","floor":1.0},{"not_picked":["Sucker Punch","Heel Hook"],"picked":"Prepared","floor":1.0},{"not_picked":["Finisher","Calculated Gamble"],"picked":"Infinite Blades","floor":3.0},{"not_picked":["OSAHOGD","CrumblingArmor"],"picked":"Wellcheers","floor":3.0},{"not_picked":["Crippling Poison","Outmaneuver"],"picked":"Prepared","floor":4.0},{"not_picked":["Bloodbath","SingingMachine"],"picked":"OldLady","floor":4.0},{"not_picked":["Caltrops","Footwork"],"picked":"After Image","floor":6.0},{"not_picked":["LaLuna","QueenBee"],"picked":"OSAHOGD","floor":6.0},{"not_picked":["Reflex","Deadly Poison"],"picked":"Well Laid Plans","floor":8.0},{"not_picked":["UniverseFragment","CrumblingArmor"],"picked":"FairyFestival","floor":8.0}],"player_experience":261430,"relics_obtained":[{"floor":6.0,"key":"Bag of Preparation"},{"floor":9.0,"key":"Smiling Mask"}],"event_choices":[{"damage_healed":0.0,"max_hp_gain":0.0,"max_hp_loss":0.0,"gold_gain":0.0,"event_name":"Golden Idol","player_choice":"Take Wound","floor":2.0,"gold_loss":0.0,"damage_taken":0.0,"relics_obtained":["Golden Idol"],"cards_obtained":["Injury"]},{"damage_healed":0.0,"max_hp_gain":0.0,"max_hp_loss":0.0,"gold_gain":0.0,"event_name":"The Woman in Blue","player_choice":"Bought 0 Potions","floor":7.0,"gold_loss":0.0,"damage_taken":0.0}],"is_beta":false,"boss_relics":[],"items_purged_floors":[],"is_endless":false,"potions_floor_spawned":[3,4,8],"killed_by":"Gremlin Nob","ascension_level":0}}