{"host":"dojadh45vvs5q3bn","time":1608996032,"event":{"mods":["Abigail Mod","Act Like it!","Bartender","BaseMod","Colored Powertips","Friendly Minions","Gensokyo","GungeonMod","Minty Spire (QoL Compilation)","Prisma Mod","StSLib","The Alterego","The Animator","The Senshi"],"gold_per_floor":[146,146,158,21,34,64,64,64,99,131,145,171,171,171,171,271,321,332,262,262,177,28,28,56,56,56,56,71,83,101,121,136,136,136,136,231,231,246,264,276,289,308,338,338,372,422,422,436,436,462,476,476,476],"floor_reached":54,"playtime":2731,"items_purged":[],"score":957,"play_id":"e7edad21-31c6-4864-86aa-2b1f7c24af86","local_time":"20201226162032","is_ascension_mode":true,"campfire_choices":[{"data":"DemoMod:PotionOfGunFriendShip","floor":7.0,"key":"SMITH"},{"data":"1","floor":15.0,"key":"LIFT"},{"data":"2","floor":23.0,"key":"LIFT"},{"data":"3","floor":25.0,"key":"LIFT"},{"data":"DemoMod:Behold!","floor":27.0,"key":"SMITH"},{"data":"DemoMod:TeaPot","floor":33.0,"key":"SMITH"},{"data":"DemoMod:MachoBrace","floor":44.0,"key":"SMITH"},{"data":"Mayhem","floor":49,"key":"SMITH"},{"data":"DemoMod:FinishedGun","floor":52,"key":"SMITH"}],"circlet_count":0,"master_deck":["DemoMod:Strike_Huntress+1","DemoMod:Strike_Huntress","DemoMod:Defend_Huntress+1","DemoMod:Defend_Huntress","DemoMod:Defend_Huntress","DemoMod:Defend_Huntress+1","DemoMod:Roll","DemoMod:ManualReload+1","DemoMod:RustySidearm","DemoMod:CrossBow","DemoMod:HuntsMan+1","DemoMod:Behold!+1","DemoMod:TeaPot","DemoMod:PotionOfGunFriendShip+1","DemoMod:DirectionalPad","DemoMod:HuntsMan","DemoMod:ProbeStrike","DemoMod:AbyssalTentacle","DemoMod:FinishedGun+1","DemoMod:MachoBrace+1","DemoMod:TripleGun","DemoMod:TeaPot+1","DemoMod:ProbeStrike+1","DemoMod:CombinedRifle","DemoMod:FastSwitch+1","DemoMod:ShadowBullets+1","DemoMod:Elimentaler","DemoMod:FightSabre","DemoMod:ShadowBullets+1","DemoMod:ProbeStrike+1","DemoMod:ProbeStrike+1","DemoMod:ProbeStrike+1","DemoMod:StrategicReserve+1","DemoMod:HungryBullets","Mayhem+1","DemoMod:DirectionalPad","DemoMod:HungryBullets","DemoMod:TableSutra+1"],"relics":["DemoMod:Dog","DemoMod:NanoMachines","Pen Nib","Girya","DemoMod:Orange","Question Card","Tiny House","Nilry\u0027s Codex","Boot","DemoMod:RedGuonStone","Turnip","DemoMod:RatBoots","DemoMod:ResourcefulSack","DemoMod:PartiallyEatenCheese","Black Star","DemoMod:WaxWing","Unceasing Top","InkBottle","War Paint","Art of War","Potion Belt","Bottled Tornado","DemoMod:VorpalBullet"],"acts_visited":["Gensokyo:Gensokyo","TheCity","TheCity","TheBeyond"],"potions_floor_usage":[53,53,53,53,53],"damage_taken":[{"damage":0.0,"enemies":"Gensokyo:3_Fairies","floor":1.0,"turns":4.0},{"damage":6.0,"enemies":"Gensokyo:2_Kodama","floor":3.0,"turns":2.0},{"damage":0.0,"enemies":"Gensokyo:Gryphon","floor":5.0,"turns":2.0},{"damage":11.0,"enemies":"Gensokyo:Cirno","floor":6.0,"turns":5.0},{"damage":0.0,"enemies":"Gensokyo:2_Rabbits","floor":9.0,"turns":3.0},{"damage":0.0,"enemies":"Gensokyo:Aya","floor":10.0,"turns":4.0},{"damage":3.0,"enemies":"Gensokyo:2_Rabbits","floor":11.0,"turns":3.0},{"damage":2.0,"enemies":"Gensokyo:Mamizou","floor":12.0,"turns":4.0},{"damage":4.0,"enemies":"Gensokyo:Kokoro","floor":16.0,"turns":9.0},{"damage":0.0,"enemies":"Spheric Guardian","floor":18.0,"turns":3.0},{"damage":18.0,"enemies":"Slavers","floor":24.0,"turns":5.0},{"damage":0.0,"enemies":"DemoMod:Red_and_blue_shotgun_kin","floor":28.0,"turns":1.0},{"damage":0.0,"enemies":"DemoMod:4_Bullet_Kins","floor":29.0,"turns":1.0},{"damage":6.0,"enemies":"DemoMod:Veteran_shot_gun_kin_and_blue_shotgun_kin_with_gunsinger","floor":30.0,"turns":3.0},{"damage":20.0,"enemies":"DemoMod:Red_and_blue_shotgun_kin_with_gunsinger","floor":31.0,"turns":3.0},{"damage":0.0,"enemies":"DemoMod:Veteran_shot_gun_kin_and_red_shotgun_kin_with_gunsinger","floor":32.0,"turns":2.0},{"damage":14.0,"enemies":"DemoMod:ResourcefulRat","floor":36.0,"turns":11.0},{"damage":0.0,"enemies":"Orb Walker","floor":38.0,"turns":2.0},{"damage":19.0,"enemies":"3 Shapes","floor":39.0,"turns":8.0},{"damage":0.0,"enemies":"3 Darklings","floor":40.0,"turns":3.0},{"damage":5.0,"enemies":"Maw","floor":41.0,"turns":4.0},{"damage":0.0,"enemies":"Spire Growth","floor":42.0,"turns":3.0},{"damage":0.0,"enemies":"Giant Head","floor":43.0,"turns":3.0},{"damage":0.0,"enemies":"Reptomancer","floor":45.0,"turns":5.0},{"damage":9,"enemies":"Transient","floor":48,"turns":5},{"damage":0,"enemies":"Nemesis","floor":50,"turns":5},{"damage":18,"enemies":"Sphere and 2 Shapes","floor":51,"turns":5},{"damage":41,"enemies":"Time Eater","floor":53,"turns":6}],"seed_played":"826930760167903769","potions_obtained":[{"floor":1.0,"key":"Strength Potion"},{"floor":3.0,"key":"GamblersBrew"},{"floor":10.0,"key":"Energy Potion"},{"floor":11.0,"key":"DistilledChaos"},{"floor":17.0,"key":"EssenceOfSteel"},{"floor":28.0,"key":"LiquidMemories"},{"floor":36.0,"key":"EssenceOfSteel"},{"floor":39.0,"key":"SpeedPotion"},{"floor":45,"key":"AttackPotion"},{"floor":48,"key":"DemoMod:BlankPotion"},{"floor":50,"key":"Regen Potion"},{"floor":51,"key":"Energy Potion"}],"is_trial":false,"path_per_floor":["M","?","M","$","M","E","R","$","T","E","M","E","T","?","R","B",null,"M","?","?","?","$","R","E","R","T","R","M","M","M","M","M","R","B","B","B",null,"M","M","M","M","M","E","R","E","T","?","M","R","E","M","R","B",null],"character_chosen":"HUNTRESS","items_purchased":["DemoMod:GnawedKey","DemoMod:TeaPot","DemoMod:RedGuonStone"],"campfire_rested":0,"item_purchase_floors":[4,4,22],"current_hp_per_floor":[70,70,64,64,64,53,53,53,53,53,50,60,60,60,60,56,87,87,87,71,71,71,71,53,53,87,87,87,87,81,61,61,61,59,37,23,87,87,68,68,63,63,63,63,63,63,63,54,54,54,36,36,10],"gold":476,"neow_bonus":"UPGRADE_CARD","is_daily":false,"chose_seed":false,"campfire_upgraded":6,"win_rate":0.0,"timestamp":1608996032,"path_taken":["M","?","?","?","?","E","R","$","T","E","M","E","?","?","R","BOSS","M","?","?","?","$","R","E","R","T","R","M","M","M","M","M","R","BOSS","BOSS","BOSS","M","M","M","M","M","E","R","E","T","?","M","R","E","M","R","BOSS"],"items_purchased_type":["Relic","Card","Relic"],"build_version":"2020-12-22","purchased_purges":0,"victory":true,"max_hp_per_floor":[70,70,70,70,70,70,70,70,70,70,70,82,82,82,82,82,87,87,87,87,87,87,87,87,87,87,87,87,87,87,87,87,87,87,87,87,87,87,87,87,87,87,87,87,87,87,87,87,87,87,87,87,87],"card_choices":[{"not_picked":["DemoMod:FastSwitch","DemoMod:FeignSurrender"],"picked":"DemoMod:HuntsMan","floor":1.0},{"not_picked":["DemoMod:JK47","DemoMod:HardPowerCard"],"picked":"DemoMod:Behold!","floor":3.0},{"not_picked":["DemoMod:Replace","DemoMod:ConditionalReflex"],"picked":"DemoMod:PotionOfGunFriendShip","floor":5.0},{"not_picked":["DemoMod:SkilledReload","DemoMod:SuppressiveFire"],"picked":"DemoMod:DirectionalPad","floor":6.0},{"not_picked":["DemoMod:Polaris","DemoMod:Purify","DemoMod:DoubleSwitch"],"picked":"SKIP","floor":9.0},{"not_picked":["DemoMod:FortunesFavor","DemoMod:SkilledReload"],"picked":"DemoMod:HuntsMan","floor":10.0},{"not_picked":["DemoMod:GunShield","DemoMod:PotionOfGunFriendShip"],"picked":"DemoMod:ProbeStrike","floor":11.0},{"not_picked":["DemoMod:AC15","DemoMod:GunShield"],"picked":"DemoMod:AbyssalTentacle","floor":12.0},{"not_picked":["DemoMod:BulletBore","DemoMod:GunslingerForm","DemoMod:Elimentaler"],"picked":"DemoMod:FinishedGun","floor":16.0},{"not_picked":["DemoMod:MegaHand","DemoMod:SniperShot","DemoMod:SpreadAmmo"],"picked":"DemoMod:MachoBrace","floor":17.0},{"not_picked":["DemoMod:Ejector","DemoMod:MegaHand+1","DemoMod:ConditionalReflex"],"picked":"DemoMod:TripleGun","floor":18.0},{"not_picked":["DemoMod:MachoBrace","DemoMod:ZorGun+1","DemoMod:FortunesFavor"],"picked":"DemoMod:TeaPot","floor":24.0},{"not_picked":["DemoMod:GunstockTap+1","DemoMod:Purify","DemoMod:Unity+1"],"picked":"DemoMod:ProbeStrike+1","floor":28.0},{"not_picked":["DemoMod:LifeOrb","DemoMod:PotionOfGunFriendShip","DemoMod:Unmoved+1"],"picked":"DemoMod:CombinedRifle","floor":29.0},{"not_picked":["DemoMod:ZorGun+1","DemoMod:StickyCrossBow","DemoMod:RadGun"],"picked":"DemoMod:FastSwitch+1","floor":30.0},{"not_picked":["DemoMod:Replace+1","DemoMod:DirectionalPad+1","DemoMod:AC15+1"],"picked":"DemoMod:ShadowBullets+1","floor":31.0},{"not_picked":["DemoMod:Rummage+1","DemoMod:SAA","DemoMod:BoxingGlove","DemoMod:HuntsMan"],"picked":"SKIP","floor":32.0},{"not_picked":[],"picked":"DemoMod:Elimentaler","floor":36.0},{"not_picked":["DemoMod:BSG","DemoMod:Desperate","DemoMod:Eureka"],"picked":"DemoMod:FightSabre","floor":36.0},{"not_picked":["DemoMod:Ejector","DemoMod:MegaHand+1","DemoMod:AC15"],"picked":"DemoMod:ShadowBullets+1","floor":37.0},{"not_picked":["DemoMod:PotionOfGunFriendShip+1","DemoMod:StickyCrossBow+1","DemoMod:Casey+1","DemoMod:SkilledReload"],"picked":"SKIP","floor":38.0},{"not_picked":["DemoMod:CombinedRifle","DemoMod:StickyCrossBow+1","DemoMod:DoubleSwitch+1"],"picked":"DemoMod:ProbeStrike+1","floor":39.0},{"not_picked":["DemoMod:Casey+1","DemoMod:TeaPot","DemoMod:StickyCrossBow","DemoMod:Unmoved"],"picked":"SKIP","floor":40.0},{"not_picked":["DemoMod:BoxingGlove","DemoMod:PotionOfGunFriendShip+1","DemoMod:SkilledReload"],"picked":"DemoMod:ProbeStrike+1","floor":41.0},{"not_picked":["DemoMod:CombinedRifle","DemoMod:MegaHand","DemoMod:Unity+1"],"picked":"DemoMod:ProbeStrike+1","floor":42.0},{"not_picked":["DemoMod:HuntsMan","DemoMod:Ejector+1","DemoMod:BlankBullets"],"picked":"DemoMod:StrategicReserve+1","floor":43.0},{"not_picked":["DemoMod:Replace","DemoMod:Unmoved","DemoMod:Casey"],"picked":"DemoMod:HungryBullets","floor":45},{"not_picked":["Metamorphosis","Enlightenment","Swift Strike"],"picked":"Mayhem","floor":47},{"not_picked":["DemoMod:JK47","DemoMod:PotionOfGunFriendShip+1","DemoMod:Ejector"],"picked":"DemoMod:DirectionalPad","floor":48},{"not_picked":["DemoMod:FortunesFavor","DemoMod:EasyReloadBullets+1","DemoMod:ConditionalReflex"],"picked":"DemoMod:HungryBullets","floor":50},{"not_picked":["DemoMod:FastSwitch+1","DemoMod:BoxingGlove+1","DemoMod:Unmoved"],"picked":"DemoMod:TableSutra+1","floor":51}],"player_experience":454514,"relics_obtained":[{"floor":6.0,"key":"DemoMod:NanoMachines"},{"floor":9.0,"key":"Pen Nib"},{"floor":10.0,"key":"Girya"},{"floor":12.0,"key":"DemoMod:Orange"},{"floor":13.0,"key":"Question Card"},{"floor":20.0,"key":"Nilry\u0027s Codex"},{"floor":24.0,"key":"Turnip"},{"floor":37.0,"key":"DemoMod:RatBoots"},{"floor":37.0,"key":"DemoMod:ResourcefulSack"},{"floor":37.0,"key":"DemoMod:PartiallyEatenCheese"},{"floor":37.0,"key":"Black Star"},{"floor":37.0,"key":"DemoMod:WaxWing"},{"floor":43.0,"key":"Unceasing Top"},{"floor":43.0,"key":"InkBottle"},{"floor":45,"key":"War Paint"},{"floor":45,"key":"Art of War"},{"floor":46,"key":"Potion Belt"},{"floor":50,"key":"Bottled Tornado"},{"floor":50,"key":"DemoMod:VorpalBullet"}],"event_choices":[{"damage_healed":0.0,"max_hp_gain":0.0,"max_hp_loss":0.0,"gold_gain":0.0,"event_name":"Cursed Tome","player_choice":"Obtained Book","floor":20.0,"gold_loss":0.0,"damage_taken":16.0},{"damage_healed":0.0,"max_hp_gain":0.0,"max_hp_loss":0.0,"gold_gain":0.0,"event_name":"Addict","player_choice":"Obtained Relic","floor":21.0,"gold_loss":85.0,"damage_taken":0.0,"relics_obtained":["Boot"]},{"damage_healed":0,"gold_gain":0,"player_choice":"Memory 1","damage_taken":0,"max_hp_gain":0,"max_hp_loss":0,"event_name":"SensoryStone","floor":47,"gold_loss":0}],"is_beta":false,"boss_relics":[{"not_picked":["Ectoplasm","Runic Pyramid"],"picked":"Tiny House"},{"not_picked":[]}],"items_purged_floors":[],"is_endless":false,"potions_floor_spawned":[1,3,10,11,28,29,30,36,39,45,48,50,51],"ascension_level":4}}