{"host":"wjw2tk2y2rycscg9","time":1608972312,"event":{"mods":["2.2 Compatiblity","Act Like it!","Aspiration","BaseMod","Colored Map","Dota2Spire","Downfall","Hallownest","Hubris","Infinite Spire","Marisa????????","Minty Spire (QoL Compilation)","Relic Stats","Replay The Spire","Shade Mod","StSLib","The Alterego","The Servant 0.9.4","TheSwordswoman","Unceasing Turn Reminder","Yakumo Yukari mod"],"gold_per_floor":[113,113,128,208,133,158,158,193,193,212,269,189,209,301,301,301,301],"floor_reached":16,"playtime":1410,"items_purged":["Delirium"],"score":133,"play_id":"f6ad717c-3b3d-4bee-be3d-da9b37930bab","local_time":"20201226014512","is_ascension_mode":false,"campfire_choices":[{"floor":7.0,"key":"REST"},{"floor":15,"key":"REST"}],"circlet_count":0,"master_deck":["alterego_mod:Strike","alterego_mod:Strike","alterego_mod:Strike","alterego_mod:Strike","alterego_mod:Defend","alterego_mod:Defend","alterego_mod:Defend","alterego_mod:Defend","alterego_mod:Impale","alterego_mod:BigMeatyClaws","alterego_mod:BrynhildrsRune","alterego_mod:MagicResistance","alterego_mod:Birthday","alterego_mod:Valentines","alterego_mod:SideboobHour","alterego_mod:Nekomimi","ReplayTheSpireMod:Splinters","alterego_mod:Nekomimi","alterego_mod:ChallengeComplete"],"relics":["alterego_mod:MasochisticConstitution","hubris:Icosahedron","Simple Rune","Gambling Chip","Replay:Baseball","infinitespire:PuzzleCube","Whetstone"],"acts_visited":["Exordium"],"potions_floor_usage":[11,16],"damage_taken":[{"damage":11.0,"enemies":"Cultist","floor":1.0,"turns":5.0},{"damage":4.0,"enemies":"2 Louse","floor":3.0,"turns":4.0},{"damage":35.0,"enemies":"Replay:BlueRogue","floor":6.0,"turns":12.0},{"damage":40.0,"enemies":"Lagavulin","floor":8.0,"turns":13.0},{"damage":1.0,"enemies":"Small Slimes","floor":10.0,"turns":9.0},{"damage":16,"enemies":"Lagavulin Event","floor":11,"turns":12},{"damage":7,"enemies":"Blue Slaver","floor":13,"turns":8},{"damage":95,"enemies":"Fading Forest","floor":16,"turns":11}],"seed_played":"-2865734711939101990","potions_obtained":[{"floor":3.0,"key":"EssenceOfSteel"},{"floor":10.0,"key":"AttackPotion"},{"floor":13,"key":"Elixir"}],"is_trial":true,"path_per_floor":["M","?","M","?","$","E","R","E","T","M","?","$","M","?","R","B"],"character_chosen":"The_Alterego","items_purchased":["alterego_mod:SideboobHour"],"campfire_rested":2,"item_purchase_floors":[12],"current_hp_per_floor":[60,60,64,64,64,30,51,19,19,28,22,22,25,25,48,0,0],"gold":301,"neow_bonus":"","is_daily":false,"chose_seed":false,"campfire_upgraded":0,"win_rate":0.0,"timestamp":1608972312,"path_taken":["M","?","M","?","$","E","R","E","T","M","?","?","M","?","R","BOSS"],"items_purchased_type":["Card"],"build_version":"2020-12-22","purchased_purges":1,"victory":false,"max_hp_per_floor":[71,71,72,72,72,73,73,74,74,75,76,76,77,77,77,77,77],"relic_stats":{"counters":[8,73],"Gambling Chip":[4],"Whetstone":["alterego_mod:Strike","alterego_mod:Strike"],"obtain_stats":[{"alterego_mod:MasochisticConstitution":0,"Replay:Baseball":9,"hubris:Icosahedron":2,"Gambling Chip":8,"Simple Rune":6,"Whetstone":14,"infinitespire:PuzzleCube":11},{"alterego_mod:MasochisticConstitution":0,"Replay:Baseball":4,"hubris:Icosahedron":1,"Gambling Chip":4,"Simple Rune":3,"Whetstone":7,"infinitespire:PuzzleCube":6},{"alterego_mod:MasochisticConstitution":0,"Replay:Baseball":33,"hubris:Icosahedron":5,"Gambling Chip":33,"Simple Rune":21,"Whetstone":62,"infinitespire:PuzzleCube":54}]},"card_choices":[{"not_picked":["alterego_mod:DeftHands","alterego_mod:TrashNCrash"],"picked":"alterego_mod:MagicResistance","floor":1.0},{"not_picked":["alterego_mod:Bounce","alterego_mod:MagicResistance","alterego_mod:Swimsuit"],"picked":"SKIP","floor":3.0},{"not_picked":["alterego_mod:DiscoLights","alterego_mod:Stockings","alterego_mod:Tantrum"],"picked":"SKIP","floor":6.0},{"not_picked":["alterego_mod:SakuraFive","alterego_mod:RidiculouslyBig"],"picked":"alterego_mod:Birthday","floor":8.0},{"not_picked":["alterego_mod:Punishment","alterego_mod:1TonWallop"],"picked":"alterego_mod:Valentines","floor":10.0},{"not_picked":["alterego_mod:MagicResistance","alterego_mod:DeftHands"],"picked":"alterego_mod:Nekomimi","floor":13},{"not_picked":["alterego_mod:DeftHands","alterego_mod:1TonWallop"],"picked":"alterego_mod:Nekomimi","floor":14},{"not_picked":["alterego_mod:Punishment","alterego_mod:DiscoLights"],"picked":"alterego_mod:ChallengeComplete","floor":14}],"player_experience":1150631,"relics_obtained":[{"floor":6.0,"key":"Simple Rune"},{"floor":8.0,"key":"Gambling Chip"},{"floor":9.0,"key":"Replay:Baseball"},{"floor":11,"key":"infinitespire:PuzzleCube"},{"floor":14,"key":"Whetstone"}],"event_choices":[{"damage_healed":0,"gold_gain":0,"player_choice":"Searched \u00271\u0027 times","damage_taken":0,"max_hp_gain":0,"max_hp_loss":0,"event_name":"Dead Adventurer","floor":11,"gold_loss":0}],"is_beta":false,"boss_relics":[],"items_purged_floors":[5],"is_endless":false,"potions_floor_spawned":[3,10,13],"killed_by":"Fading Forest","ascension_level":0}}