{"host":"0i8dz4ityulxi1rd","time":1608995029,"event":{"mods":["BaseMod","Colored Map","Colored Powertips","Custom Start","Highlight Path","Infinite Spire","Keyboard Shortcuts","Minty Spire (QoL Compilation)","StSLib","SuperFastMode"],"gold_per_floor":[118,118,43,53,71,99,99,138,138,158,58,58,58,101,101,101,101],"floor_reached":16,"playtime":268,"items_purged":["Strike_R","Strike_R"],"score":236,"play_id":"d14e4ada-ce8c-48a3-818f-b4b94450c372","local_time":"20201227000349","is_ascension_mode":true,"campfire_choices":[{"data":"Battle Trance","floor":13,"key":"SMITH"},{"data":"Spot Weakness","floor":15,"key":"SMITH"}],"circlet_count":0,"master_deck":["AscendersBane","Strike_R","Strike_R","Defend_R","Defend_R","Defend_R","Defend_R","Bash","Spot Weakness+1","Immolate","Battle Trance+1"],"relics":["Burning Blood","NeowsBlessing","Singing Bowl","Golden Idol","Shuriken","Mercury Hourglass","Ancient Tea Set"],"acts_visited":["Exordium"],"potions_floor_usage":[8,8],"damage_taken":[{"damage":0,"enemies":"Jaw Worm","floor":1,"turns":1},{"damage":0,"enemies":"Small Slimes","floor":4,"turns":1},{"damage":0,"enemies":"2 Louse","floor":5,"turns":1},{"damage":20,"enemies":"3 Sentries","floor":6,"turns":3},{"damage":34,"enemies":"Gremlin Nob","floor":8,"turns":4},{"damage":3,"enemies":"Exordium Thugs","floor":10,"turns":3},{"damage":20,"enemies":"3 Sentries","floor":14,"turns":3},{"damage":36,"enemies":"Hexaghost","floor":16,"turns":7}],"seed_played":"4696497988112133404","potions_obtained":[{"floor":1,"key":"SteroidPotion"},{"floor":4,"key":"BloodPotion"},{"floor":10,"key":"Strength Potion"},{"floor":14,"key":"SteroidPotion"}],"is_trial":false,"path_per_floor":["M","?","$","M","M","E","?","E","T","M","$","?","R","E","R","B"],"character_chosen":"IRONCLAD","items_purchased":[],"campfire_rested":0,"item_purchase_floors":[],"current_hp_per_floor":[74,74,74,75,75,63,37,24,24,29,29,55,55,43,43,7,7],"gold":101,"neow_bonus":"THREE_ENEMY_KILL","is_daily":false,"chose_seed":false,"campfire_upgraded":2,"win_rate":0.0,"timestamp":1608995029,"path_taken":["M","?","$","M","M","E","?","E","T","M","$","?","R","E","R","BOSS"],"items_purchased_type":[],"build_version":"2020-12-22","purchased_purges":2,"victory":false,"max_hp_per_floor":[75,75,75,75,75,77,77,77,77,79,79,79,79,81,81,81,81],"card_choices":[{"not_picked":["Warcry","Sword Boomerang"],"picked":"Spot Weakness","floor":1},{"not_picked":["Warcry","Body Slam","Armaments"],"picked":"SKIP","floor":4},{"not_picked":["Entrench","Sword Boomerang","Spot Weakness"],"picked":"SKIP","floor":5},{"not_picked":["Searing Blow","Headbutt","Pommel Strike"],"picked":"Singing Bowl","floor":6},{"not_picked":["Disarm","Twin Strike"],"picked":"Battle Trance","floor":8},{"not_picked":["Disarm","Perfected Strike","True Grit"],"picked":"Singing Bowl","floor":10},{"not_picked":["Intimidate","Anger","Pummel"],"picked":"Singing Bowl","floor":14}],"player_experience":1266225,"relics_obtained":[{"floor":6,"key":"Singing Bowl"},{"floor":8,"key":"Shuriken"},{"floor":9,"key":"Mercury Hourglass"},{"floor":14,"key":"Ancient Tea Set"}],"event_choices":[{"damage_healed":0,"gold_gain":0,"cards_transformed":["Strike_R"],"player_choice":"Change","damage_taken":0,"max_hp_gain":0,"max_hp_loss":0,"event_name":"Living Wall","floor":2,"gold_loss":0,"cards_obtained":["Immolate"]},{"damage_healed":0,"gold_gain":0,"player_choice":"Take Damage","damage_taken":26,"relics_obtained":["Golden Idol"],"max_hp_gain":0,"max_hp_loss":0,"event_name":"Golden Idol","floor":7,"gold_loss":0},{"damage_healed":26,"gold_gain":0,"player_choice":"Banana","damage_taken":0,"max_hp_gain":0,"max_hp_loss":0,"event_name":"Big Fish","floor":12,"gold_loss":0}],"is_beta":false,"boss_relics":[],"items_purged_floors":[3,11],"is_endless":false,"potions_floor_spawned":[1,4,10,14],"killed_by":"Hexaghost","ascension_level":20}}