{"host":"qhhcmep1unj6mpf7","time":1608976768,"event":{"mods":["2.2 Compatiblity","AchievementEnabler","BaseMod","Colored Map","DeckTracker","Highlight Path","Keyboard Shortcuts","Minty Spire (QoL Compilation)","Permanent Neow","Quick Restart","Random Character Button","StSLib","SuperFastMode","everything is the same but u backflip on backflip"],"gold_per_floor":[113,131,34,34,49,49,75,75,75,112,136,148,180,292,304,316,316],"floor_reached":16,"playtime":361,"items_purged":[],"score":185,"play_id":"7fb38b78-b92c-48a9-82f1-e7ab5abf35ce","local_time":"20201226185928","is_ascension_mode":true,"campfire_choices":[{"data":"Loop","floor":6.0,"key":"SMITH"},{"data":"Undo","floor":8.0,"key":"SMITH"},{"floor":12,"key":"REST"},{"data":"Gash","floor":15,"key":"SMITH"}],"circlet_count":0,"master_deck":["Strike_B","Strike_B","Strike_B","Defend_B","Defend_B","Defend_B","Defend_B","Zap","Dualcast","Undo+1","Gash","Gash","Loop+1","Gash","Consume","Gash+1"],"relics":["Cracked Core","Happy Flower","Gremlin Horn","MawBank","Frozen Egg 2"],"acts_visited":["Exordium"],"potions_floor_usage":[],"damage_taken":[{"damage":6.0,"enemies":"Jaw Worm","floor":1.0,"turns":4.0},{"damage":0.0,"enemies":"2 Louse","floor":2.0,"turns":2.0},{"damage":0.0,"enemies":"Cultist","floor":5.0,"turns":3.0},{"damage":33.0,"enemies":"Gremlin Nob","floor":7.0,"turns":5.0},{"damage":17.0,"enemies":"Lagavulin","floor":10.0,"turns":6.0},{"damage":0.0,"enemies":"3 Louse","floor":11.0,"turns":2.0},{"damage":8,"enemies":"Blue Slaver","floor":13,"turns":3},{"damage":19,"enemies":"The Guardian","floor":16,"turns":4}],"seed_played":"-6658744744495767564","potions_obtained":[{"floor":5.0,"key":"SkillPotion"},{"floor":7.0,"key":"Explosive Potion"},{"floor":10.0,"key":"Fire Potion"}],"is_trial":false,"path_per_floor":["M","M","$","?","M","R","E","R","T","E","M","R","M","?","R","B"],"character_chosen":"DEFECT","items_purchased":["Gash","Loop"],"campfire_rested":1,"item_purchase_floors":[3,3],"current_hp_per_floor":[62,62,62,62,62,62,29,29,29,12,12,34,26,26,26,7,7],"gold":316,"neow_bonus":"RANDOM_COMMON_RELIC","is_daily":false,"chose_seed":false,"campfire_upgraded":3,"win_rate":0.0,"timestamp":1608976768,"path_taken":["M","M","$","?","M","R","E","R","T","E","M","R","M","?","R","BOSS"],"items_purchased_type":["Card","Card"],"build_version":"2020-12-22","purchased_purges":0,"victory":false,"max_hp_per_floor":[75,75,75,75,75,75,75,75,75,75,75,75,75,75,75,75,75],"card_choices":[{"not_picked":["Sweeping Beam","Ball Lightning"],"picked":"Undo","floor":1.0},{"not_picked":["Conserve Battery","Aggregate"],"picked":"Gash","floor":2.0},{"not_picked":["Aggregate","Redo","Lockon"],"picked":"SKIP","floor":5.0},{"not_picked":["Aggregate","Redo","Lockon"],"picked":"SKIP","floor":5.0},{"not_picked":["Barrage","Genetic Algorithm"],"picked":"Gash","floor":7.0},{"not_picked":["Darkness","Cold Snap"],"picked":"Consume","floor":10.0},{"not_picked":["Compile Driver","All For One"],"picked":"Gash","floor":11},{"not_picked":["BootSequence","Stack","Force Field"],"picked":"SKIP","floor":13}],"player_experience":318336,"relics_obtained":[{"floor":7.0,"key":"Gremlin Horn"},{"floor":9.0,"key":"MawBank"},{"floor":10.0,"key":"Frozen Egg 2"}],"event_choices":[{"cards_removed":["Strike_B"],"damage_healed":0.0,"max_hp_gain":0.0,"max_hp_loss":0.0,"gold_gain":0.0,"event_name":"Living Wall","player_choice":"Forget","floor":4.0,"gold_loss":0.0,"damage_taken":0.0},{"damage_healed":0,"gold_gain":100,"player_choice":"Pray","damage_taken":0,"max_hp_gain":0,"max_hp_loss":0,"event_name":"Golden Shrine","floor":14,"gold_loss":0}],"is_beta":false,"boss_relics":[],"items_purged_floors":[],"is_endless":false,"potions_floor_spawned":[5,7,10],"killed_by":"The Guardian","ascension_level":9}}