{"host":"7k2a2omxz3voj5ax","time":1608985125,"event":{"mods":["BaseMod","Marisa£¨ìFÓê¡¡Ä§ÀíÉ³£©","Minty Spire (QoL Compilation)","Quick Restart","Spicy Shops","StSLib","Starting Relic: Pandora\u0027s Box","óô»ðÖ¸ÄÏ"],"gold_per_floor":[112,112,124,144,164,164,830,844,868,868,893,893,305,305,305,379,379,393,393,308,328,328,328],"floor_reached":22,"playtime":543,"items_purged":["Bash","Cleave","Rampage"],"score":368,"play_id":"2c13d697-dc7f-457a-a712-1681eef1eb19","local_time":"20201226211845","is_ascension_mode":true,"campfire_choices":[{"data":"Searing Blow+1","floor":6.0,"key":"SMITH"},{"data":"Searing Blow+2","floor":10,"key":"SMITH"},{"data":"Searing Blow+3","floor":12,"key":"SMITH"},{"data":"Searing Blow+4","floor":15,"key":"SMITH"}],"circlet_count":0,"master_deck":["AscendersBane","Anger","Searing Blow+5","Combust","Cleave","Flex","Headbutt","Shrug It Off","Feel No Pain","Exhume","Apotheosis","Core Surge"],"relics":["Pandora\u0027s Box","NeowsBlessing","PrismaticShard","MealTicket","Toy Ornithopter","Medical Kit","Black Star","Orichalcum"],"acts_visited":["Exordium","TheCity"],"potions_floor_usage":[16],"damage_taken":[{"damage":0.0,"enemies":"Jaw Worm","floor":1.0,"turns":1.0},{"damage":0.0,"enemies":"Cultist","floor":3.0,"turns":1.0},{"damage":0.0,"enemies":"Small Slimes","floor":4.0,"turns":1.0},{"damage":0.0,"enemies":"3 Louse","floor":5.0,"turns":2.0},{"damage":20,"enemies":"Exordium Wildlife","floor":8,"turns":3},{"damage":20,"enemies":"Lagavulin","floor":11,"turns":5},{"damage":18,"enemies":"Slime Boss","floor":16,"turns":5},{"damage":26,"enemies":"Shell Parasite","floor":18,"turns":3},{"damage":8,"enemies":"Chosen","floor":21,"turns":3},{"damage":25,"enemies":"Snecko","floor":22,"turns":3}],"seed_played":"-7307420947390751650","potions_obtained":[{"floor":3.0,"key":"HeartOfIron"},{"floor":5.0,"key":"CultistPotion"},{"floor":16,"key":"Ancient Potion"}],"is_trial":false,"path_per_floor":["M","?","M","M","M","R","$","M","T","R","E","R","$","?","R","B",null,"M","?","?","M","M"],"character_chosen":"IRONCLAD","items_purchased":["Energy Potion","PrismaticShard","Medical Kit","Apotheosis"],"campfire_rested":0,"item_purchase_floors":[7,7,13,13],"current_hp_per_floor":[68,68,68,68,68,68,68,48,48,48,28,28,43,36,36,23,62,36,15,15,7,0,0],"gold":328,"neow_bonus":"THREE_ENEMY_KILL","is_daily":false,"chose_seed":false,"campfire_upgraded":4,"win_rate":0.0,"timestamp":1608985125,"path_taken":["M","?","M","M","M","R","$","M","T","R","E","R","?","?","R","BOSS","M","?","?","M","M"],"items_purchased_type":["Potion","Relic","Relic","Card"],"build_version":"2020-12-22","purchased_purges":3,"victory":false,"max_hp_per_floor":[75,75,75,75,75,75,75,75,75,75,75,75,75,75,75,75,75,75,80,80,80,80,80],"card_choices":[{"not_picked":["Uppercut","Pommel Strike"],"picked":"Shrug It Off","floor":1.0},{"not_picked":["Headbutt","Twin Strike","Body Slam"],"picked":"SKIP","floor":3.0},{"not_picked":["Twin Strike","Havoc","Pummel"],"picked":"SKIP","floor":4.0},{"not_picked":["Sever Soul","Reckless Charge"],"picked":"Feel No Pain","floor":5.0},{"not_picked":["ThirdEye","Discovery","Flex"],"picked":"SKIP","floor":8},{"not_picked":["GrandCross","Havoc"],"picked":"Exhume","floor":11},{"not_picked":["SuperNova","Die Die Die"],"picked":"Core Surge","floor":16},{"not_picked":["CutThroughFate","Rebound","Reckless Charge+1"],"picked":"SKIP","floor":18},{"not_picked":["Compile Driver","Halt","Underhanded Strike"],"picked":"SKIP","floor":21}],"player_experience":362501,"relics_obtained":[{"floor":9,"key":"MealTicket"},{"floor":11,"key":"Toy Ornithopter"}],"event_choices":[{"damage_healed":0.0,"max_hp_gain":0.0,"max_hp_loss":0.0,"gold_gain":0.0,"event_name":"Accursed Blacksmith","player_choice":"Forge","floor":2.0,"gold_loss":0.0,"damage_taken":0.0,"cards_upgraded":["Searing Blow"]},{"cards_removed":["Infernal Blade"],"damage_healed":0,"gold_gain":0,"player_choice":"Card Removal","damage_taken":7,"max_hp_gain":0,"max_hp_loss":0,"event_name":"Golden Wing","floor":14,"gold_loss":0},{"damage_healed":0,"gold_gain":0,"player_choice":"Shed Blood","damage_taken":26,"max_hp_gain":5,"max_hp_loss":0,"event_name":"Forgotten Altar","floor":19,"gold_loss":0},{"damage_healed":0,"gold_gain":0,"player_choice":"Obtained Relic","damage_taken":0,"relics_obtained":["Orichalcum"],"max_hp_gain":0,"max_hp_loss":0,"event_name":"Addict","floor":20,"gold_loss":85}],"is_beta":false,"boss_relics":[{"not_picked":["Velvet Choker","SacredBark"],"picked":"Black Star"}],"items_purged_floors":[7,13,13],"is_endless":false,"potions_floor_spawned":[3,5,11,16,21],"killed_by":"Snecko","ascension_level":20}}