{"host":"ly8vj2opk1y3o1w7","time":1608993943,"event":{"mods":["Act Like it!","BaseMod","Conspire","Friendly Minions","GifTheSpireLib","Hubris","MarisaÅiñ∂âJÅ@ñÇóùçπÅj","Minty Spire (QoL Compilation)","Permanent Neow","Remove Card Discount Mod","Replay The Spire","StSLib","The Animator","Waifu the Spire"],"gold_per_floor":[117,137,312,325,137,137,137,163,211,224,240,255,255,265,265,360,360,370,385,404,57,57,57,69,99,99,99,123,137,147,147,158,71,71,167,167,84,103,103,14,30,30,63,63,89,40,59,59,94,94,94,94,94,94,42,71,71],"floor_reached":58,"playtime":2140,"items_purged":["Doubt","Strike_G","Strike_G","Defend_G","Defend_G","Defend_G","Strike_G","Strike_G","Strike_G","Defend_G","Defend_G"],"score":1368,"play_id":"bfbdb871-97b1-416b-bdb0-d8c6130a54aa","local_time":"20201226224543","is_ascension_mode":false,"campfire_choices":[{"data":"Neutralize","floor":6,"key":"SMITH"},{"data":"A Thousand Cuts","floor":15,"key":"SMITH"},{"data":"Prepared","floor":26,"key":"SMITH"},{"data":"Tactician","floor":31,"key":"SMITH"},{"data":"Acrobatics","floor":34,"key":"SMITH"},{"data":"Blade Dance","floor":42,"key":"SMITH"},{"floor":44,"key":"RECALL"},{"data":"Blade Dance","floor":48,"key":"SMITH"},{"data":"Prepared","floor":51,"key":"SMITH"},{"data":"Survivor","floor":54,"key":"SMITH"}],"circlet_count":0,"master_deck":["Survivor+1","Neutralize+1","Blade Dance+1","Cloak And Dagger","Dagger Spray","Secret Technique+1","A Thousand Cuts+1","Tactician+1","Consecrate","Blade Dance+1","ReplayTheSpireMod:Scrap Shanks+1","FollowUp","Backstab","Slice","Prepared+1","Acrobatics+1","Eviscerate","Reflex+1","Underhanded Strike","conspire:PoisonWeapons+1","Replay:Cycle","Prostrate","Prostrate","Blade Dance","Prepared+1"],"relics":["Ring of the Snake","Torii","hubris:DisguiseKit","Bag of Marbles","WristBlade","Bag of Preparation","ReplayFunnel","Replay:Wax Seal","Ornamental Fan","Busted Crown","PreservedInsect","Replay:Rubber Ducky","hubris:TenFootPole"],"acts_visited":["Exordium","TheCity","TheBeyond","TheEnding"],"potions_floor_usage":[20,24,25,52,57,57,57],"damage_taken":[{"damage":0,"enemies":"Small Slimes","floor":1,"turns":4},{"damage":3,"enemies":"conspire:RoseBush","floor":2,"turns":4},{"damage":0,"enemies":"Jaw Worm","floor":4,"turns":6},{"damage":1,"enemies":"Replay:BlueRogue","floor":8,"turns":8},{"damage":7,"enemies":"Exordium Wildlife","floor":10,"turns":4},{"damage":1,"enemies":"conspire:2 RoseBushes","floor":11,"turns":4},{"damage":1,"enemies":"Exordium Thugs","floor":12,"turns":3},{"damage":2,"enemies":"3 Louse","floor":14,"turns":2},{"damage":13,"enemies":"Hexaghost","floor":16,"turns":9},{"damage":0,"enemies":"3 Byrds","floor":18,"turns":2},{"damage":15,"enemies":"conspire:FuzzyDice","floor":19,"turns":2},{"damage":10,"enemies":"Shelled Parasite and Fungi","floor":20,"turns":2},{"damage":0,"enemies":"Centurion and Healer","floor":24,"turns":2},{"damage":2,"enemies":"Book of Stabbing","floor":25,"turns":3},{"damage":0,"enemies":"Snake Plant","floor":29,"turns":3},{"damage":0,"enemies":"3 Cultists","floor":30,"turns":1},{"damage":1,"enemies":"Centurion and Healer","floor":33,"turns":3},{"damage":21,"enemies":"Collector","floor":35,"turns":5},{"damage":0,"enemies":"3 Shapes","floor":37,"turns":1},{"damage":0,"enemies":"3 Darklings","floor":38,"turns":2},{"damage":0,"enemies":"Jaw Worm Horde","floor":40,"turns":1},{"damage":0,"enemies":"Maw","floor":41,"turns":3},{"damage":0,"enemies":"Reptomancer","floor":43,"turns":1},{"damage":0,"enemies":"3 Darklings","floor":47,"turns":1},{"damage":0,"enemies":"Nemesis","floor":49,"turns":1},{"damage":76,"enemies":"conspire:OrnateMirror","floor":52,"turns":6},{"damage":0,"enemies":"Shield and Spear","floor":56,"turns":1},{"damage":32,"enemies":"The Heart","floor":57,"turns":3}],"seed_played":"3893098703356298533","potions_obtained":[{"floor":1,"key":"Adrenaline Potion"},{"floor":2,"key":"DistilledChaos"},{"floor":8,"key":"Block Potion"},{"floor":11,"key":"Elixir"},{"floor":24,"key":"ColorlessPotion"},{"floor":29,"key":"Elixir"},{"floor":33,"key":"Poison Potion"},{"floor":35,"key":"LifebloodPotion"},{"floor":40,"key":"conspire:TimeTravelPotion"},{"floor":41,"key":"LiquidBronze"},{"floor":47,"key":"Dexterity Potion"}],"is_trial":false,"path_per_floor":["M","M","?","M","$","R","?","E","T","M","M","M","?","M","R","B",null,"M","M","M","$","PTL","PTL","M","E","R","?","T","M","M","R","$","M","R","B",null,"M","M","?","M","M","R","E","R","T","$","M","R","E","?","R","B",null,"R","$","E","B",null],"character_chosen":"THE_SILENT","items_purchased":["Secret Technique","Backstab","Slice","Bag of Preparation","Prepared","Acrobatics","Replay:Wax Seal","Ornamental Fan","Blade Dance","Adrenaline Potion"],"campfire_rested":0,"item_purchase_floors":[5,21,21,21,21,21,32,32,46,55],"current_hp_per_floor":[63,60,60,60,60,60,60,59,59,52,51,50,50,48,48,35,63,63,48,38,38,38,38,38,36,36,36,36,36,36,36,36,35,35,14,63,63,63,63,63,63,63,63,63,63,63,63,63,63,63,63,5,63,63,63,63,31],"gold":71,"neow_bonus":"ONE_RARE_RELIC","is_daily":false,"chose_seed":false,"campfire_upgraded":9,"win_rate":0.0,"timestamp":1608993943,"path_taken":["M","M","?","M","$","R","?","E","T","M","M","M","?","M","R","BOSS","M","M","M","$","PTL","PTL","M","E","R","?","T","M","M","R","$","M","R","BOSS","M","M","?","M","M","R","E","R","T","$","M","R","E","?","R","BOSS","R","$","E","BOSS"],"items_purchased_type":["Card","Card","Card","Relic","Card","Card","Relic","Relic","Card","Potion"],"build_version":"2020-12-22","purchased_purges":11,"victory":true,"max_hp_per_floor":[63,63,63,63,63,63,63,63,63,63,63,63,63,63,63,63,63,63,63,63,63,63,63,63,63,63,63,63,63,63,63,63,63,63,63,63,63,63,63,63,63,63,63,63,63,63,63,63,63,63,63,63,63,63,63,63,63],"card_choices":[{"not_picked":["Caltrops","PiercingWail"],"picked":"Blade Dance","floor":1},{"not_picked":["Hidden Blade","Backflip"],"picked":"Cloak And Dagger","floor":2},{"not_picked":["Calculated Gamble","Distraction"],"picked":"Dagger Spray","floor":4},{"not_picked":["Bouncing Flask","Deadly Poison"],"picked":"A Thousand Cuts","floor":8},{"not_picked":["Skewer","Bane","Concentrate","Halt"],"picked":"SKIP","floor":10},{"not_picked":["Bouncing Flask","Catalyst","ReplayTheSpireMod:Speed Training","Meditate"],"picked":"SKIP","floor":11},{"not_picked":["Underhanded Strike","Deadly Poison","EmptyFist"],"picked":"Tactician","floor":12},{"not_picked":["Outmaneuver","Setup","Infinite Blades"],"picked":"Consecrate","floor":14},{"not_picked":["Sneak Up","ReplayTheSpireMod:Tripwire","JustLucky"],"picked":"Blade Dance","floor":18},{"not_picked":["Blade Dance","Dash","Evaluate"],"picked":"ReplayTheSpireMod:Scrap Shanks+1","floor":19},{"not_picked":["All Out Attack+1","Dagger Throw","Poisoned Stab+1"],"picked":"FollowUp","floor":20},{"not_picked":["Toxin Wave","Flechettes+1","EmptyBody"],"picked":"Eviscerate","floor":24},{"not_picked":["Well Laid Plans","Dagger Spray","WaveOfTheHand"],"picked":"Reflex+1","floor":25},{"not_picked":["Hidden Blade","Poisoned Stab","ClearTheMind"],"picked":"Underhanded Strike","floor":29},{"not_picked":["Cloak And Dagger+1","Dagger Throw+1","Replay:Vibes"],"picked":"conspire:PoisonWeapons+1","floor":30},{"not_picked":["Poisoned Stab","Dagger Spray","Eviscerate"],"picked":"Replay:Cycle","floor":33},{"not_picked":["Choke+1"],"picked":"Prostrate","floor":37},{"not_picked":["Setup+1","Nirvana"],"picked":"SKIP","floor":38},{"not_picked":["Dagger Throw","Replay:ManipulateFuture"],"picked":"SKIP","floor":40},{"not_picked":["Quick Slash+1"],"picked":"Prostrate","floor":41},{"not_picked":["Leg Sweep","PathToVictory"],"picked":"SKIP","floor":43},{"not_picked":["Outmaneuver+1","FlyingSleeves"],"picked":"SKIP","floor":47},{"not_picked":["Replay:Anticipation"],"picked":"Prepared","floor":49},{"not_picked":["Hidden Blade+1","PathToVictory"],"picked":"SKIP","floor":56}],"player_experience":510172,"relics_obtained":[{"floor":8,"key":"hubris:DisguiseKit"},{"floor":9,"key":"Bag of Marbles"},{"floor":28,"key":"ReplayFunnel"},{"floor":43,"key":"PreservedInsect"},{"floor":49,"key":"Replay:Rubber Ducky"},{"floor":56,"key":"hubris:TenFootPole"}],"event_choices":[{"damage_healed":0,"gold_gain":175,"player_choice":"AGREE","damage_taken":0,"max_hp_gain":0,"max_hp_loss":0,"event_name":"Liars Game","floor":3,"gold_loss":0,"cards_obtained":["Doubt"]},{"damage_healed":0,"gold_gain":0,"player_choice":"Leave","damage_taken":0,"max_hp_gain":0,"max_hp_loss":0,"event_name":"conspire:Investor","floor":27,"gold_loss":0},{"damage_healed":0,"gold_gain":0,"player_choice":"Ignored","damage_taken":0,"max_hp_gain":0,"max_hp_loss":0,"event_name":"Tomb of Lord Red Mask","floor":39,"gold_loss":0},{"damage_healed":0,"gold_gain":0,"player_choice":"Memory 1","damage_taken":0,"max_hp_gain":0,"max_hp_loss":0,"event_name":"SensoryStone","floor":50,"gold_loss":0}],"is_beta":false,"boss_relics":[{"not_picked":["Philosopher\u0027s Stone","Calling Bell"],"picked":"WristBlade"},{"not_picked":["Abe\u0027s Treasure","hubris:ScarierMask"],"picked":"Busted Crown"}],"items_purged_floors":[5,5,5,5,5,5,5,21,21,46,46],"is_endless":false,"potions_floor_spawned":[1,2,8,11,18,19,24,29,33,35,37,40,41,47,56],"ascension_level":0}}