{"host":"7k2a2omxz3voj5ax","time":1608991329,"event":{"mods":["BaseMod","Marisa£¨ìFÓê¡¡Ä§ÀíÉ³£©","Minty Spire (QoL Compilation)","Quick Restart","Spicy Shops","StSLib","Starting Relic: Pandora\u0027s Box","óô»ðÖ¸ÄÏ"],"gold_per_floor":[2119,2044,1665,1665,1676,1701,1701,1733,1780,1371,1371,1351,1386,1397,1397,1474,1474,1486,1497,1513,1532,1552,1579,238,238,238,268,268,268,102,130,130,209,209,227,227,242,256,167,199,199,232,303,303,224,250,250,276,276,276,276,276,276,210,239,239],"floor_reached":57,"playtime":2324,"items_purged":["Bash","Reckless Charge","Sword Boomerang","Reckless Charge"],"score":3334,"play_id":"d5421b15-416e-4b7d-b69d-e21f7bf66112","local_time":"20201226230209","is_ascension_mode":true,"campfire_choices":[{"data":"Pummel","floor":7.0,"key":"SMITH"},{"floor":15.0,"key":"REST"},{"data":"Rupture","floor":25.0,"key":"SMITH"},{"data":"Second Wind","floor":29.0,"key":"SMITH"},{"data":"Evolve","floor":32.0,"key":"SMITH"},{"data":"Dual Wield","floor":41.0,"key":"SMITH"},{"floor":49,"key":"RECALL"},{"data":"Inflame","floor":53,"key":"SMITH"}],"circlet_count":0,"master_deck":["AscendersBane","Combust","Shrug It Off","Dark Embrace+1","Thunderclap+1","Rupture+1","Inflame+1","Pummel+1","Second Wind+1","Offering","Brutality","Sword Boomerang+1","Reaper+1","Evolve+1","Dual Wield+1","Battle Trance","Master of Strategy","Feel No Pain+1","Power Through","Feel No Pain+1"],"relics":["Pandora\u0027s Box","Toy Ornithopter","Sundial","Molten Egg 2","Happy Flower","Mark of Pain","Incense Burner","Calipers","Medical Kit","FossilizedHelix","Pear","Orichalcum","Mummified Hand","Brimstone","Omamori","Calling Bell","Lantern","Singing Bowl","Champion Belt","Frozen Egg 2","Bronze Scales","Paper Frog","Akabeko","Centennial Puzzle","Orrery","StoneCalendar"],"acts_visited":["Exordium","TheCity","TheBeyond","TheEnding"],"potions_floor_usage":[56,56],"damage_taken":[{"damage":1.0,"enemies":"2 Louse","floor":1.0,"turns":2.0},{"damage":0.0,"enemies":"Jaw Worm","floor":5.0,"turns":1.0},{"damage":22.0,"enemies":"3 Sentries","floor":6.0,"turns":5.0},{"damage":3.0,"enemies":"Lagavulin","floor":8.0,"turns":4.0},{"damage":8.0,"enemies":"3 Sentries","floor":13.0,"turns":4.0},{"damage":8.0,"enemies":"Small Slimes","floor":14.0,"turns":3.0},{"damage":9.0,"enemies":"Slime Boss","floor":16.0,"turns":5.0},{"damage":6.0,"enemies":"2 Thieves","floor":18.0,"turns":3.0},{"damage":12.0,"enemies":"Chosen","floor":19.0,"turns":3.0},{"damage":27.0,"enemies":"Snake Plant","floor":20.0,"turns":2.0},{"damage":6.0,"enemies":"3 Cultists","floor":21.0,"turns":3.0},{"damage":8.0,"enemies":"Centurion and Healer","floor":22.0,"turns":2.0},{"damage":8.0,"enemies":"Gremlin Leader","floor":23.0,"turns":3.0},{"damage":28.0,"enemies":"Slavers","floor":27.0,"turns":3.0},{"damage":1.0,"enemies":"Gremlin Leader","floor":31.0,"turns":2.0},{"damage":26.0,"enemies":"Automaton","floor":33.0,"turns":4.0},{"damage":9.0,"enemies":"3 Shapes","floor":35.0,"turns":2.0},{"damage":6.0,"enemies":"Orb Walker","floor":37.0,"turns":2.0},{"damage":8.0,"enemies":"4 Shapes","floor":38.0,"turns":2.0},{"damage":0.0,"enemies":"Giant Head","floor":40.0,"turns":2.0},{"damage":6.0,"enemies":"Reptomancer","floor":42.0,"turns":2.0},{"damage":0,"enemies":"Giant Head","floor":46,"turns":2},{"damage":10,"enemies":"Reptomancer","floor":48,"turns":2},{"damage":10,"enemies":"Time Eater","floor":50,"turns":3},{"damage":21,"enemies":"Donu and Deca","floor":51,"turns":3},{"damage":24,"enemies":"Shield and Spear","floor":55,"turns":4},{"damage":22,"enemies":"The Heart","floor":56,"turns":5}],"seed_played":"209594236817112566","potions_obtained":[{"floor":1.0,"key":"BlessingOfTheForge"},{"floor":6.0,"key":"Dexterity Potion"},{"floor":12.0,"key":"Block Potion"},{"floor":13.0,"key":"HeartOfIron"},{"floor":16.0,"key":"DistilledChaos"},{"floor":19.0,"key":"DistilledChaos"},{"floor":20.0,"key":"BloodPotion"},{"floor":21.0,"key":"FearPotion"},{"floor":23.0,"key":"FairyPotion"},{"floor":27.0,"key":"AttackPotion"},{"floor":35.0,"key":"SneckoOil"},{"floor":40.0,"key":"Dexterity Potion"},{"floor":55,"key":"BloodPotion"}],"is_trial":false,"path_per_floor":["M","?","$","?","M","E","R","E","T","R","?","?","E","M","R","B",null,"M","M","M","M","M","E","$","R","T","E","T","R","$","E","R","B",null,"M","?","M","M","$","E","R","E","T","?","$","E","?","E","R","B","B",null,"R","$","E","B",null],"character_chosen":"IRONCLAD","items_purchased":["Inflame","Pummel","Molten Egg 2","Second Wind","Offering","Calipers","Medical Kit","FossilizedHelix","Reaper+1","Brimstone","Battle Trance","Feel No Pain+1","Orrery"],"campfire_rested":1,"item_purchase_floors":[3,3,10,10,10,24,24,24,24,30,39,45,54],"current_hp_per_floor":[67,67,67,47,47,25,25,22,22,22,15,15,12,4,24,15,55,54,42,38,32,24,21,21,21,31,24,24,24,24,53,53,76,78,69,88,84,92,92,94,94,90,90,84,84,95,95,94,94,94,83,99,99,105,88,112],"gold":239,"neow_bonus":"THREE_RARE_CARDS","is_daily":false,"chose_seed":false,"campfire_upgraded":6,"win_rate":0.0,"timestamp":1608991329,"path_taken":["M","?","$","?","M","E","R","E","T","R","?","?","E","M","R","BOSS","M","M","?","M","M","E","?","R","T","E","?","R","$","E","R","BOSS","M","?","?","M","$","E","R","E","T","?","$","E","?","E","R","BOSS","BOSS","R","$","E","BOSS"],"items_purchased_type":["Card","Card","Relic","Card","Card","Relic","Relic","Relic","Card","Relic","Card","Card","Relic"],"build_version":"2020-12-22","purchased_purges":4,"victory":true,"max_hp_per_floor":[68,68,68,68,68,68,68,68,68,68,68,68,68,68,68,68,68,68,68,68,68,68,68,68,68,78,78,78,78,78,78,78,78,78,78,88,90,92,92,94,94,96,96,100,100,102,102,104,104,104,104,104,104,110,112,112],"card_choices":[{"not_picked":["Offering","Barricade"],"picked":"Bludgeon","floor":0.0},{"not_picked":["Headbutt","Perfected Strike"],"picked":"Rupture","floor":1.0},{"not_picked":["Havoc","Anger","Shrug It Off"],"picked":"SKIP","floor":5.0},{"not_picked":["Pommel Strike","Armaments","Cleave"],"picked":"SKIP","floor":6.0},{"not_picked":["Wild Strike","Warcry","Reckless Charge"],"picked":"SKIP","floor":8.0},{"not_picked":["Cleave+1","Iron Wave+1","Clothesline+1"],"picked":"SKIP","floor":13.0},{"not_picked":["Armaments","Heavy Blade+1","Seeing Red"],"picked":"SKIP","floor":14.0},{"not_picked":["Barricade","Bludgeon+1"],"picked":"Brutality","floor":16.0},{"not_picked":["Anger+1","Rage","True Grit"],"picked":"SKIP","floor":18.0},{"not_picked":["Anger+1","Rage","True Grit"],"picked":"SKIP","floor":18.0},{"not_picked":["Armaments","Havoc","Fire Breathing"],"picked":"SKIP","floor":19.0},{"not_picked":["Heavy Blade+1","Iron Wave+1","Headbutt+1"],"picked":"SKIP","floor":20.0},{"not_picked":["Flame Barrier","Heavy Blade+1"],"picked":"Sword Boomerang+1","floor":21.0},{"not_picked":["Warcry","Body Slam+1","Wild Strike+1"],"picked":"SKIP","floor":22.0},{"not_picked":["Pommel Strike+1","Flame Barrier","True Grit+1"],"picked":"SKIP","floor":23.0},{"not_picked":["True Grit","Clothesline+1","Bludgeon+1"],"picked":"SKIP","floor":27.0},{"not_picked":["Rage","Juggernaut"],"picked":"Evolve","floor":31.0},{"not_picked":["Thunderclap+1","Anger+1"],"picked":"Dual Wield","floor":35.0},{"not_picked":["Iron Wave+1","Inflame","Clothesline+1"],"picked":"Singing Bowl","floor":37.0},{"not_picked":["Shrug It Off","Searing Blow+1","Heavy Blade+1"],"picked":"Singing Bowl","floor":38.0},{"not_picked":["Second Wind","Thunderclap+1","Headbutt+1"],"picked":"Singing Bowl","floor":40.0},{"not_picked":["Body Slam+1","Spot Weakness","Reaper+1"],"picked":"Singing Bowl","floor":42.0},{"not_picked":["Flash of Steel+1","Thinking Ahead","HandOfGreed+1"],"picked":"Singing Bowl","floor":44},{"not_picked":["Purity","Finesse"],"picked":"Master of Strategy","floor":44},{"not_picked":["The Bomb","Purity","Impatience"],"picked":"Singing Bowl","floor":44},{"not_picked":["Body Slam+1","Disarm","Heavy Blade+1"],"picked":"Singing Bowl","floor":46},{"not_picked":["Dark Embrace+1","Armaments+1","Reckless Charge+1"],"picked":"Singing Bowl","floor":48},{"not_picked":["Thunderclap+1","Reaper+1","Iron Wave+1"],"picked":"Singing Bowl","floor":54},{"not_picked":["Clothesline+1","Perfected Strike+1","Seeing Red"],"picked":"Singing Bowl","floor":54},{"not_picked":["Warcry","Flex","Anger+1"],"picked":"Singing Bowl","floor":54},{"not_picked":["Bloodletting","Clash+1"],"picked":"Power Through","floor":54},{"not_picked":["Headbutt+1","True Grit"],"picked":"Feel No Pain+1","floor":54},{"not_picked":["Feed+1","Clash+1","Sword Boomerang+1"],"picked":"Singing Bowl","floor":55}],"player_experience":365272,"relics_obtained":[{"floor":6.0,"key":"Toy Ornithopter"},{"floor":8.0,"key":"Sundial"},{"floor":13.0,"key":"Happy Flower"},{"floor":23.0,"key":"Incense Burner"},{"floor":26.0,"key":"Pear"},{"floor":27.0,"key":"Orichalcum"},{"floor":28.0,"key":"Mummified Hand"},{"floor":31.0,"key":"Omamori"},{"floor":34.0,"key":"Lantern"},{"floor":34.0,"key":"Singing Bowl"},{"floor":34.0,"key":"Champion Belt"},{"floor":40.0,"key":"Frozen Egg 2"},{"floor":42.0,"key":"Bronze Scales"},{"floor":43.0,"key":"Paper Frog"},{"floor":46,"key":"Akabeko"},{"floor":48,"key":"Centennial Puzzle"},{"floor":55,"key":"StoneCalendar"}],"event_choices":[{"cards_removed":["Headbutt"],"damage_healed":0.0,"max_hp_gain":0.0,"max_hp_loss":0.0,"gold_gain":0.0,"event_name":"The Cleric","player_choice":"Card Removal","floor":2.0,"gold_loss":75.0,"damage_taken":0.0},{"damage_healed":0.0,"max_hp_gain":0.0,"max_hp_loss":0.0,"gold_gain":0.0,"event_name":"Shining Light","player_choice":"Entered Light","floor":4.0,"gold_loss":0.0,"damage_taken":20.0,"cards_upgraded":["Thunderclap","Dark Embrace"]},{"cards_removed":["Flame Barrier"],"damage_healed":0.0,"max_hp_gain":0.0,"max_hp_loss":0.0,"gold_gain":0.0,"event_name":"Golden Wing","player_choice":"Card Removal","floor":11.0,"gold_loss":0.0,"damage_taken":7.0},{"damage_healed":0.0,"max_hp_gain":0.0,"max_hp_loss":0.0,"gold_gain":0.0,"event_name":"The Woman in Blue","player_choice":"Bought 1 Potion","floor":12.0,"gold_loss":0.0,"damage_taken":0.0},{"cards_removed":["Bludgeon"],"damage_healed":9.0,"max_hp_gain":10.0,"max_hp_loss":0.0,"gold_gain":0.0,"event_name":"Bonfire Elementals","player_choice":"Offered Rare","floor":36.0,"gold_loss":0.0,"damage_taken":0.0},{"damage_healed":0,"gold_gain":0,"player_choice":"Memory 3","damage_taken":10,"max_hp_gain":0,"max_hp_loss":0,"event_name":"SensoryStone","floor":44,"gold_loss":0},{"damage_healed":0,"gold_gain":0,"player_choice":"0 cards matched","damage_taken":0,"max_hp_gain":0,"max_hp_loss":0,"event_name":"Match and Keep!","floor":47,"gold_loss":0,"cards_obtained":[]}],"is_beta":false,"boss_relics":[{"not_picked":["Empty Cage","Astrolabe"],"picked":"Mark of Pain"},{"not_picked":["Runic Cube","Runic Dome"],"picked":"Calling Bell"}],"items_purged_floors":[3,3,24,24],"is_endless":false,"potions_floor_spawned":[1,6,13,16,19,20,21,23,27,35,40,46,48,55],"ascension_level":20}}