{"host":"m0l7iybr7y7a2mwh","time":1608961325,"event":{"mods":["AchievementEnabler","AlwaysNeverKeys","BaseMod","Block Reminder","Colored Map","Colored Powertips","Highlight Path","Minty Spire (QoL Compilation)","Permanent Neow","Quick Restart","StSLib"],"gold_per_floor":[113,126,51,51,67,96,96,130,130,130,145,45,220,170,170,265,265,284,159,173,23,42,74,74,99,123,123,123],"floor_reached":27,"playtime":779,"items_purged":["Defend_B","Strike_B","Defend_B","Defend_B"],"score":272,"play_id":"dfb37529-328a-4c9c-9976-70774afaecda","local_time":"20201226164205","is_ascension_mode":true,"campfire_choices":[{"data":"Self Repair","floor":7.0,"key":"SMITH"},{"floor":10.0,"key":"REST"},{"data":"Static Discharge","floor":15.0,"key":"SMITH"}],"circlet_count":0,"master_deck":["Zap","Dualcast","Self Repair+1","Static Discharge+1","Lockon","Go for the Eyes+1","Go for the Eyes+1","Echo Form","Tempest+1","Capacitor+1","Ball Lightning+1","Go for the Eyes+1","Defragment","Echo Form","Electrodynamics"],"relics":["Cracked Core","Nunchaku","PreservedInsect","Molten Egg 2","Singing Bowl","Astrolabe","Pantograph","White Beast Statue","Kunai","Smiling Mask"],"acts_visited":["Exordium","TheCity"],"potions_floor_usage":[25,27,27,27],"damage_taken":[{"damage":13.0,"enemies":"Cultist","floor":1.0,"turns":6.0},{"damage":2.0,"enemies":"Small Slimes","floor":2.0,"turns":3.0},{"damage":1.0,"enemies":"2 Louse","floor":5.0,"turns":4.0},{"damage":21.0,"enemies":"Lagavulin","floor":6.0,"turns":7.0},{"damage":31.0,"enemies":"3 Sentries","floor":8.0,"turns":5.0},{"damage":7.0,"enemies":"2 Fungi Beasts","floor":11.0,"turns":3.0},{"damage":14.0,"enemies":"Hexaghost","floor":16.0,"turns":5.0},{"damage":14.0,"enemies":"3 Byrds","floor":18.0,"turns":2.0},{"damage":5.0,"enemies":"Chosen","floor":20.0,"turns":3.0},{"damage":30.0,"enemies":"Sentry and Sphere","floor":22.0,"turns":3.0},{"damage":35.0,"enemies":"Slavers","floor":23.0,"turns":2.0},{"damage":18,"enemies":"Gremlin Leader","floor":25,"turns":4},{"damage":16,"enemies":"Slavers","floor":27,"turns":1}],"seed_played":"-6998702188270716068","potions_obtained":[{"floor":2.0,"key":"ColorlessPotion"},{"floor":5.0,"key":"AttackPotion"},{"floor":11.0,"key":"EntropicBrew"},{"floor":18.0,"key":"Regen Potion"},{"floor":23.0,"key":"AttackPotion"},{"floor":25,"key":"DuplicationPotion"}],"is_trial":false,"path_per_floor":["M","M","$","T","M","E","R","E","T","R","M","$","?","?","R","B",null,"M","$","M","$","M","E","?","E","T","E"],"character_chosen":"DEFECT","items_purchased":[],"campfire_rested":1,"item_purchase_floors":[],"current_hp_per_floor":[62,60,60,60,66,52,52,31,31,53,56,56,56,56,56,52,75,61,61,66,66,46,30,30,14,14,0,0],"gold":123,"neow_bonus":"REMOVE_CARD","is_daily":false,"chose_seed":false,"campfire_upgraded":2,"win_rate":0.0,"timestamp":1608961325,"path_taken":["M","?","$","?","M","E","R","E","T","R","M","$","?","?","R","BOSS","M","$","M","$","M","E","?","E","T","E"],"items_purchased_type":[],"build_version":"2020-12-22","purchased_purges":4,"victory":false,"max_hp_per_floor":[75,75,75,75,75,75,75,75,75,75,75,75,75,75,75,75,75,75,75,75,75,75,75,75,77,77,77,77],"card_choices":[{"not_picked":["Coolheaded","Sweeping Beam","Redo"],"picked":"SKIP","floor":1.0},{"not_picked":["Leap","Redo"],"picked":"Self Repair","floor":2.0},{"not_picked":["Ball Lightning","Steam"],"picked":"Static Discharge","floor":5.0},{"not_picked":["Heatsinks","Multi-Cast"],"picked":"Lockon","floor":6.0},{"not_picked":["Melter+1","Compile Driver+1"],"picked":"Go for the Eyes+1","floor":8.0},{"not_picked":["Leap","Chaos"],"picked":"Go for the Eyes+1","floor":11.0},{"not_picked":["Biased Cognition","Buffer"],"picked":"Echo Form","floor":16.0},{"not_picked":["Auto Shields","Beam Cell+1"],"picked":"Go for the Eyes+1","floor":18.0},{"not_picked":["White Noise","Storm"],"picked":"Defragment","floor":20.0},{"not_picked":["Steam","Double Energy"],"picked":"Echo Form","floor":22.0},{"not_picked":["Go for the Eyes+1","Stack"],"picked":"Electrodynamics","floor":23.0},{"not_picked":["Rebound+1","Genetic Algorithm+1","Coolheaded+1"],"picked":"Singing Bowl","floor":25}],"player_experience":102825,"relics_obtained":[{"floor":4.0,"key":"Nunchaku"},{"floor":6.0,"key":"PreservedInsect"},{"floor":8.0,"key":"Molten Egg 2"},{"floor":9.0,"key":"Singing Bowl"},{"floor":23.0,"key":"Pantograph"},{"floor":25,"key":"Kunai"},{"floor":26,"key":"Smiling Mask"}],"event_choices":[{"damage_healed":0.0,"max_hp_gain":0.0,"max_hp_loss":0.0,"gold_gain":175.0,"event_name":"Liars Game","player_choice":"AGREE","floor":13.0,"gold_loss":0.0,"damage_taken":0.0,"cards_obtained":["Doubt"]},{"cards_removed":["Doubt"],"damage_healed":0.0,"max_hp_gain":0.0,"max_hp_loss":0.0,"gold_gain":0.0,"event_name":"The Cleric","player_choice":"Card Removal","floor":14.0,"gold_loss":50.0,"damage_taken":0.0},{"damage_healed":0.0,"max_hp_gain":0.0,"max_hp_loss":0.0,"gold_gain":0.0,"event_name":"The Mausoleum","player_choice":"Opened","floor":24.0,"gold_loss":0.0,"damage_taken":0.0,"relics_obtained":["White Beast Statue"]}],"is_beta":false,"boss_relics":[{"not_picked":["Empty Cage","Sozu"],"picked":"Astrolabe"}],"items_purged_floors":[3,12,19,21],"is_endless":false,"potions_floor_spawned":[2,5,11,18,23,25],"killed_by":"Slavers","ascension_level":1}}