{"host":"y3h3n3f7seyagppx","time":1608959423,"event":{"mods":["AlwaysNeverKeys","BaseMod","Better Vampires","Colored Powertips","DeckTracker","Emptier Cage","Minty Spire (QoL Compilation)","Permanent Neow","Quick Restart","Rare Cards Sparkle","Relic Sorter","Relic Stats","StSLib","Transform Curses"],"gold_per_floor":[109,159,173,193,211,211,240,240,240,254,179,211,211,243,243,243,243],"floor_reached":16,"playtime":1015,"items_purged":["Strike_R"],"score":240,"play_id":"3abba8ed-835e-41bb-b83a-697f4ebf51dc","local_time":"20201226001023","is_ascension_mode":true,"campfire_choices":[{"data":"Whirlwind","floor":6,"key":"SMITH"},{"floor":8,"key":"REST"},{"data":"Flame Barrier","floor":15,"key":"SMITH"}],"circlet_count":0,"master_deck":["AscendersBane","Strike_R","Strike_R","Strike_R+1","Strike_R","Defend_R","Defend_R","Defend_R","Defend_R","Bash+1","Corruption","Inflame+1","Whirlwind+1","Flame Barrier+1","Disarm+1","Burning Pact+1","True Grit+1"],"relics":["Burning Blood","Whetstone","Toxic Egg 2","HornCleat","Omamori"],"acts_visited":["Exordium"],"potions_floor_usage":[5,7,12],"damage_taken":[{"damage":10,"enemies":"Small Slimes","floor":1,"turns":4},{"damage":1,"enemies":"Cultist","floor":3,"turns":3},{"damage":7,"enemies":"Jaw Worm","floor":4,"turns":3},{"damage":20,"enemies":"Exordium Thugs","floor":5,"turns":4},{"damage":42,"enemies":"Lagavulin","floor":7,"turns":8},{"damage":9,"enemies":"Red Slaver","floor":10,"turns":4},{"damage":10,"enemies":"3 Sentries","floor":12,"turns":3},{"damage":14,"enemies":"Lagavulin","floor":14,"turns":5},{"damage":17,"enemies":"Hexaghost","floor":16,"turns":7}],"seed_played":"-5695676313710581458","potions_obtained":[{"floor":1,"key":"Dexterity Potion"},{"floor":3,"key":"LiquidMemories"},{"floor":7,"key":"Weak Potion"},{"floor":10,"key":"SteroidPotion"}],"is_trial":false,"path_per_floor":["M","?","M","M","M","R","E","R","T","M","$","E","?","E","R","B"],"character_chosen":"IRONCLAD","items_purchased":[],"campfire_rested":1,"item_purchase_floors":[],"current_hp_per_floor":[64,58,63,62,48,48,12,32,32,29,29,25,25,17,17,0,0],"gold":243,"neow_bonus":"THREE_RARE_CARDS","is_daily":false,"chose_seed":false,"campfire_upgraded":2,"win_rate":0.0,"timestamp":1608959423,"path_taken":["M","?","M","?","M","R","E","R","T","M","$","E","?","E","R","BOSS"],"items_purchased_type":[],"build_version":"2020-12-22","purchased_purges":1,"victory":false,"max_hp_per_floor":[68,68,68,68,68,68,68,68,68,68,68,68,68,68,68,68,68],"relic_stats":{"counters":[9,41],"Whetstone":["Bash","Strike_R"],"obtain_stats":[{"HornCleat":12,"Omamori":14,"Whetstone":7,"Toxic Egg 2":9,"Burning Blood":0},{"HornCleat":7,"Omamori":8,"Whetstone":5,"Toxic Egg 2":5,"Burning Blood":0},{"HornCleat":29,"Omamori":34,"Whetstone":22,"Toxic Egg 2":22,"Burning Blood":0}],"Burning Blood":48},"card_choices":[{"not_picked":["Limit Break","Barricade"],"picked":"Corruption","floor":0},{"not_picked":["Cleave","Dark Embrace"],"picked":"Inflame","floor":1},{"not_picked":["Cleave","Power Through"],"picked":"Whirlwind","floor":3},{"not_picked":["Inflame","Iron Wave","Bludgeon"],"picked":"SKIP","floor":4},{"not_picked":["Clothesline","True Grit"],"picked":"Flame Barrier","floor":5},{"not_picked":["Cleave","Flex","Perfected Strike"],"picked":"SKIP","floor":7},{"not_picked":["Cleave","Pommel Strike"],"picked":"Disarm+1","floor":10},{"not_picked":["Ghostly Armor+1","Rampage"],"picked":"Burning Pact+1","floor":12},{"not_picked":["Thunderclap","Clash"],"picked":"True Grit+1","floor":14}],"player_experience":20138346,"relics_obtained":[{"floor":7,"key":"Whetstone"},{"floor":9,"key":"Toxic Egg 2"},{"floor":12,"key":"HornCleat"},{"floor":14,"key":"Omamori"}],"event_choices":[{"damage_healed":0,"gold_gain":50,"player_choice":"Touch","damage_taken":6,"max_hp_gain":0,"max_hp_loss":0,"event_name":"FaceTrader","floor":2,"gold_loss":0},{"damage_healed":0,"gold_gain":0,"player_choice":"Upgraded","damage_taken":0,"max_hp_gain":0,"max_hp_loss":0,"event_name":"Upgrade Shrine","floor":13,"gold_loss":0,"cards_upgraded":["Inflame"]}],"is_beta":false,"boss_relics":[],"items_purged_floors":[11],"is_endless":false,"potions_floor_spawned":[1,3,7,10],"killed_by":"Hexaghost","ascension_level":20}}