{"host":"7p28azaanofcqx8s","time":1608950180,"event":{"mods":["Ascension Reborn","Aspiration","Astrologer","BaseMod","Downfall","GifTheSpireLib","Infinite Spire","Mad Scientist","Magitek Elite","Mathematician","Minty Spire (QoL Compilation)","READ ME - Guardian Mod","Somnambulant","StSLib","Stuff the Spire","SuperFastMode","Synergy Search","TestMod","The Administrix","The Cursed","The Disciple","The Elementalist","The Florist","The Jungle","The Necromancer","The Poker Player","The Runesmith"],"gold_per_floor":[99,99,99,24,38,48,48,48,58,58,58,58,58,58,68,68,68,68],"floor_reached":16,"playtime":645,"items_purged":["hexamod:Strike"],"score":88,"play_id":"16d01987-c459-48aa-a4a7-fc43395db114","local_time":"20201225203620","is_ascension_mode":true,"campfire_choices":[{"data":"hexamod:Float","floor":1,"key":"SMITH"},{"data":"hexamod:Sear","floor":8,"key":"SMITH"},{"data":"hexamod:RadiantFlame","floor":10,"key":"SMITH"},{"data":"hexamod:RainOfEmbers","floor":13,"key":"SMITH"}],"circlet_count":0,"master_deck":["hexamod:Strike","hexamod:Strike","hexamod:Strike","hexamod:Defend","hexamod:Defend","hexamod:Defend","hexamod:Defend","hexamod:Sear+1","hexamod:Float+1","hexamod:PhantomFireball","hexamod:RainOfEmbers+1","hexamod:RadiantFlame+1","hexamod:Firestarter+1","hexamod:RainOfEmbers"],"relics":["testmod-TestBox","downfall:HeartsMalice","Juzu Bracelet"],"acts_visited":["Exordium"],"potions_floor_usage":[16,16],"damage_taken":[{"damage":0,"enemies":"Jaw Worm","floor":2,"turns":1},{"damage":0,"enemies":"2 Louse","floor":3,"turns":1},{"damage":0,"enemies":"downfall:FleeingMerchant","floor":4,"turns":1},{"damage":0,"enemies":"Small Slimes","floor":5,"turns":2},{"damage":8,"enemies":"Exordium Wildlife","floor":6,"turns":4},{"damage":10,"enemies":"Blue Slaver","floor":9,"turns":4},{"damage":8,"enemies":"3 Louse","floor":15,"turns":3},{"damage":59,"enemies":"downfall:Ironclad","floor":16,"turns":9}],"seed_played":"-3143473302321465024","potions_obtained":[{"floor":5,"key":"Block Potion"},{"floor":6,"key":"testmod-TimePotion"}],"is_trial":false,"path_per_floor":["R","M","M","$","M","M","T","R","M","R","?","?","R","?","M","B"],"character_chosen":"THE_SPIRIT","items_purchased":[],"campfire_rested":0,"item_purchase_floors":[],"current_hp_per_floor":[70,70,70,70,70,62,62,62,52,52,52,52,52,52,44,0,0,0],"gold":68,"neow_bonus":"THREE_ENEMY_KILL","is_daily":false,"chose_seed":false,"campfire_upgraded":4,"win_rate":0.0,"timestamp":1608950180,"path_taken":["R","M","M","$","M","M","T","R","M","R","?","?","R","?","M","BOSS"],"items_purchased_type":[],"build_version":"2020-12-22","purchased_purges":1,"victory":false,"max_hp_per_floor":[70,70,70,70,70,70,70,70,70,70,70,70,70,70,70,70,70,70],"card_choices":[{"not_picked":["hexamod:NightmareStrike","hexamod:HeatCrush"],"picked":"hexamod:PhantomFireball","floor":2},{"not_picked":["hexamod:FastForward","hexamod:GhostLash"],"picked":"hexamod:RainOfEmbers","floor":3},{"not_picked":["hexamod:NecessarySacrifice","hexamod:ShieldOfDarkness","hexamod:BacktrackSmack"],"picked":"SKIP","floor":4},{"not_picked":["hexamod:SoulSteal","hexamod:HeatCrush"],"picked":"hexamod:RadiantFlame","floor":5},{"not_picked":["hexamod:InspiringFlames","hexamod:SpectralAdrenaline","hexamod:FastForward"],"picked":"SKIP","floor":6},{"not_picked":["hexamod:BacktrackSmack","hexamod:SearingWound"],"picked":"hexamod:Firestarter","floor":9},{"not_picked":["hexamod:Hexaguard","hexamod:SwordOfDarkness"],"picked":"hexamod:RainOfEmbers","floor":15}],"player_experience":166060,"relics_obtained":[],"event_choices":[{"damage_healed":0,"gold_gain":0,"player_choice":"Swap Relic","damage_taken":0,"relics_obtained":["Juzu Bracelet"],"max_hp_gain":0,"max_hp_loss":0,"event_name":"Box For Yourself","floor":12,"relics_lost":["StuffTheSpire:OccultApparatus"],"gold_loss":0}],"is_beta":false,"boss_relics":[],"items_purged_floors":[4],"is_endless":false,"potions_floor_spawned":[5,6,9],"killed_by":"downfall:Ironclad","ascension_level":0}}