{"host":"xa2omnxk3uapc4qp","time":1608962312,"event":{"mods":["BaseMod","Lobotomy","Minty Spire (QoL Compilation)","StSLib"],"gold_per_floor":[118,118,132,143,143,143,143,155,155,155,80,80,94,123,123,225,225,245,245,261,271,271,305,305,324,324,324,349,349,365,389,389,493,493,506,521,521,521,521],"floor_reached":38,"playtime":2236,"items_purged":["Strike_G"],"score":469,"play_id":"3a1a5975-b288-426d-a46d-1665849deeca","local_time":"20201226135832","is_ascension_mode":false,"campfire_choices":[{"data":"Neutralize","floor":6,"key":"SMITH"},{"data":"Corpse Explosion","floor":10,"key":"SMITH"},{"data":"Calculated Gamble","floor":12,"key":"SMITH"},{"floor":15,"key":"REST"},{"data":"Prepared","floor":24,"key":"SMITH"},{"floor":27,"key":"REST"},{"data":"Well Laid Plans","floor":32,"key":"SMITH"}],"circlet_count":0,"master_deck":["Strike_G+1","Strike_G","Strike_G","Defend_G","Defend_G","Survivor","Neutralize+1","ShyLook","Calculated Gamble+1","Dodge and Roll","MHz","Corpse Explosion+1","Iron Wave","SingingMachine","Acrobatics","Porccubus","Underhanded Strike","Underhanded Strike+1","Tactician","Slice+1","Prepared+1","VoidDream","Prepared","RedShoes","Parasite","MeltingLove","Dodge and Roll","Parasite","Dagger Spray","CrumblingArmor","Noxious Fumes+1","Parasite"],"relics":["Ring of the Snake","CogitoBucket","Darkstone Periapt","Matryoshka","Velvet Choker","AspirationHeart","Blue Candle","Pear","Nunchaku","White Beast Statue","Red Mask","Theresia","Mummified Hand","Smiling Mask","Cursed Key"],"acts_visited":["Exordium","TheCity","TheBeyond"],"potions_floor_usage":[8,8,14,14,18,25,25,30,33,38,38,38],"damage_taken":[{"damage":1,"enemies":"2 Louse","floor":1,"turns":2},{"damage":6,"enemies":"Cultist","floor":3,"turns":4},{"damage":0,"enemies":"Jaw Worm","floor":4,"turns":4},{"damage":0,"enemies":"Lots of Slimes","floor":8,"turns":3},{"damage":8,"enemies":"Exordium Thugs","floor":13,"turns":5},{"damage":11,"enemies":"Gremlin Nob","floor":14,"turns":4},{"damage":48,"enemies":"The Guardian","floor":16,"turns":9},{"damage":41,"enemies":"3 Byrds","floor":18,"turns":6},{"damage":27,"enemies":"2 Thieves","floor":20,"turns":3},{"damage":4,"enemies":"3 Cultists","floor":21,"turns":2},{"damage":21,"enemies":"Slavers","floor":23,"turns":2},{"damage":42,"enemies":"Snecko","floor":25,"turns":4},{"damage":4,"enemies":"Masked Bandits","floor":28,"turns":2},{"damage":49,"enemies":"Centurion and Healer","floor":30,"turns":6},{"damage":44,"enemies":"Collector","floor":33,"turns":9},{"damage":10,"enemies":"3 Darklings","floor":35,"turns":2},{"damage":67,"enemies":"Orb Walker","floor":36,"turns":2},{"damage":70,"enemies":"Awakened One","floor":38,"turns":3}],"seed_played":"668309134880523228","potions_obtained":[{"floor":4,"key":"EntropicBrew"},{"floor":8,"key":"Block Potion"},{"floor":18,"key":"LiquidMemories"},{"floor":21,"key":"ColorlessPotion"},{"floor":28,"key":"Weak Potion"},{"floor":30,"key":"SkillPotion"},{"floor":33,"key":"Swift Potion"},{"floor":35,"key":"ColorlessPotion"},{"floor":36,"key":"CultistPotion"}],"is_trial":false,"path_per_floor":["M","?","M","M","?","R","?","M","T","R","$","R","M","E","R","B",null,"M","?","M","M","?","E","R","M","T","R","?","?","M","T","R","B",null,"M","M","?","B"],"character_chosen":"THE_SILENT","items_purchased":[],"campfire_rested":2,"item_purchase_floors":[],"current_hp_per_floor":[69,69,63,63,49,49,49,49,49,49,49,49,41,30,51,11,70,42,42,33,31,37,29,29,7,7,37,36,70,55,55,55,31,111,103,44,44,0,0],"gold":521,"neow_bonus":"","is_daily":false,"chose_seed":false,"campfire_upgraded":5,"win_rate":0.0,"timestamp":1608962312,"path_taken":["M","?","M","?","?","R","?","?","T","R","?","R","M","E","R","BOSS","M","?","M","?","?","E","R","M","T","R","?","?","M","?","R","BOSS","M","M","?","BOSS"],"items_purchased_type":[],"build_version":"2020-12-22","purchased_purges":1,"victory":false,"max_hp_per_floor":[70,70,70,70,70,70,70,70,70,70,70,70,70,70,70,70,70,80,80,86,86,92,102,102,102,102,102,102,102,108,108,108,111,111,111,111,111,117,117],"card_choices":[{"not_picked":["CrumblingArmor","UniverseFragment"],"picked":"ShyLook","floor":1},{"not_picked":["Cloak And Dagger","Deadly Poison"],"picked":"Calculated Gamble","floor":1},{"not_picked":["SilentOrchestra","BeautyBeast"],"picked":"SpiderBud","floor":3},{"not_picked":["PiercingWail","Quick Slash"],"picked":"Dodge and Roll","floor":3},{"not_picked":["Scorched","CherryBlossoms"],"picked":"MHz","floor":4},{"not_picked":["PiercingWail","Deflect"],"picked":"Corpse Explosion","floor":4},{"not_picked":["LittlePrince","Murderer"],"picked":"SingingMachine","floor":8},{"not_picked":["Flying Knee","Cloak And Dagger"],"picked":"Acrobatics","floor":8},{"not_picked":["CrumblingArmor","VoidDream"],"picked":"Porccubus","floor":13},{"not_picked":["Deadly Poison","Masterful Stab"],"picked":"Backflip","floor":13},{"not_picked":["CherryBlossoms","UniverseFragment"],"picked":"BodiesMountain","floor":14},{"not_picked":["Escape Plan","Sucker Punch"],"picked":"Underhanded Strike","floor":14},{"not_picked":["UniverseFragment","Murderer"],"picked":"WhitesApple","floor":16},{"not_picked":["Night Terror","Burst"],"picked":"Die Die Die","floor":16},{"not_picked":["Dagger Spray","Poisoned Stab"],"picked":"Underhanded Strike+1","floor":18},{"not_picked":["UniverseFragment","VoidDream"],"picked":"Laetitia","floor":18},{"not_picked":["Mercenary","WallGazer"],"picked":"Yin","floor":20},{"not_picked":["Escape Plan","Flying Knee"],"picked":"Tactician","floor":20},{"not_picked":["Skewer","Sucker Punch"],"picked":"Slice+1","floor":21},{"not_picked":["Alriune","MeatLantern"],"picked":"Funeral","floor":23},{"not_picked":["Dagger Throw+1","Heel Hook+1"],"picked":"Prepared","floor":23},{"not_picked":["HeroicMonk","FieryBird"],"picked":"VoidDream","floor":25},{"not_picked":["Predator","Skewer+1"],"picked":"Prepared","floor":25},{"not_picked":["LittlePrince","WallGazer"],"picked":"RedShoes","floor":28},{"not_picked":["Wraith Form v2","Bane+1"],"picked":"Well Laid Plans","floor":28},{"not_picked":["Woodsman","SnowQueen"],"picked":"MeltingLove","floor":30},{"not_picked":["Leg Sweep","Dash"],"picked":"Dodge and Roll","floor":30},{"not_picked":["BlackSwan","Bloodbath"],"picked":"SpiderBud","floor":33},{"not_picked":["Phantasmal Killer","Burst"],"picked":"Envenom","floor":33},{"not_picked":["BigBadWolf","MeatLantern"],"picked":"LongBird","floor":35},{"not_picked":["Masterful Stab+1","Escape Plan"],"picked":"Dagger Spray","floor":35},{"not_picked":["OSAHOGD","SnowQueen"],"picked":"CrumblingArmor","floor":36},{"not_picked":["Poisoned Stab+1","Blade Dance+1"],"picked":"Noxious Fumes+1","floor":36}],"player_experience":262932,"relics_obtained":[{"floor":9,"key":"Darkstone Periapt"},{"floor":14,"key":"Matryoshka"},{"floor":23,"key":"Pear"},{"floor":26,"key":"Nunchaku"},{"floor":26,"key":"White Beast Statue"},{"floor":28,"key":"Red Mask"},{"floor":31,"key":"Mummified Hand"},{"floor":31,"key":"Smiling Mask"}],"event_choices":[{"cards_removed":["Defend_G"],"damage_healed":0,"gold_gain":0,"player_choice":"Offered Basic","damage_taken":0,"max_hp_gain":0,"max_hp_loss":0,"event_name":"Bonfire Elementals","floor":2,"gold_loss":0},{"damage_healed":0,"gold_gain":0,"player_choice":"Entered Light","damage_taken":14,"max_hp_gain":0,"max_hp_loss":0,"event_name":"Shining Light","floor":5,"gold_loss":0,"cards_upgraded":["Strike_G","Defend_G"]},{"cards_removed":["Defend_G"],"damage_healed":0,"gold_gain":0,"player_choice":"Took Card","damage_taken":0,"max_hp_gain":0,"max_hp_loss":0,"event_name":"NoteForYourself","floor":7,"gold_loss":0,"cards_obtained":["Iron Wave"]},{"damage_healed":0,"gold_gain":0,"player_choice":"Copied","damage_taken":0,"max_hp_gain":0,"max_hp_loss":0,"event_name":"Duplicator","floor":19,"gold_loss":0,"cards_obtained":["Die Die Die"]},{"damage_healed":0,"gold_gain":0,"player_choice":"Opened","damage_taken":0,"relics_obtained":["Blue Candle"],"max_hp_gain":0,"max_hp_loss":0,"event_name":"The Mausoleum","floor":22,"gold_loss":0,"cards_obtained":["Writhe"]},{"damage_healed":0,"gold_gain":0,"player_choice":"Fought Bandits","damage_taken":0,"max_hp_gain":0,"max_hp_loss":0,"event_name":"Masked Bandits","floor":28,"gold_loss":0},{"damage_healed":34,"gold_gain":0,"player_choice":"Heal","damage_taken":0,"max_hp_gain":0,"max_hp_loss":0,"event_name":"The Library","floor":29,"gold_loss":0},{"damage_healed":0,"gold_gain":0,"player_choice":"Took Portal","damage_taken":0,"max_hp_gain":0,"max_hp_loss":0,"event_name":"SecretPortal","floor":37,"gold_loss":0}],"is_beta":false,"boss_relics":[{"not_picked":["Busted Crown","Astrolabe"],"picked":"Velvet Choker"},{"not_picked":["WristBlade","SlaversCollar"],"picked":"Cursed Key"}],"items_purged_floors":[11],"is_endless":false,"potions_floor_spawned":[4,8,18,21,28,30,33,35,36],"killed_by":"Awakened One","ascension_level":0}}