{"host":"f5n4tidiz2n5sooh","time":1608945458,"event":{"mods":["BaseMod","Bestiary","Colored Map","Minty Spire (QoL Compilation)","Relic Stats","StSLib"],"gold_per_floor":[113,125,125,139,149,175,175,203,203,203,218,218,218],"floor_reached":12,"playtime":369,"items_purged":[],"score":180,"play_id":"67ef7e87-3c9b-49de-86bf-964854469e38","local_time":"20201225191738","is_ascension_mode":true,"campfire_choices":[{"floor":7,"key":"REST"},{"floor":10,"key":"REST"}],"circlet_count":0,"master_deck":["AscendersBane","Strike_B","Strike_B","Strike_B","Defend_B","Defend_B","Defend_B","Defend_B","Zap","Dualcast","Injury","Core Surge","Consume","Electrodynamics","Darkness","Coolheaded","Conserve Battery","Auto Shields"],"relics":["Cracked Core","Akabeko","Lantern","Sundial"],"acts_visited":["Exordium"],"potions_floor_usage":[6,11,12],"damage_taken":[{"damage":0,"enemies":"2 Louse","floor":1,"turns":1},{"damage":0,"enemies":"Cultist","floor":2,"turns":3},{"damage":18,"enemies":"Small Slimes","floor":4,"turns":3},{"damage":17,"enemies":"Exordium Wildlife","floor":5,"turns":3},{"damage":22,"enemies":"Gremlin Nob","floor":6,"turns":4},{"damage":20,"enemies":"3 Sentries","floor":8,"turns":4},{"damage":5,"enemies":"Looter","floor":11,"turns":3},{"damage":34,"enemies":"Gremlin Nob","floor":12,"turns":4}],"seed_played":"335345998692189099","potions_obtained":[{"floor":5,"key":"Block Potion"},{"floor":6,"key":"DuplicationPotion"},{"floor":8,"key":"Swift Potion"}],"is_trial":false,"path_per_floor":["M","M","?","M","M","E","R","E","T","R","M","E"],"character_chosen":"DEFECT","items_purchased":[],"campfire_rested":2,"item_purchase_floors":[],"current_hp_per_floor":[64,64,64,46,29,7,28,8,8,29,24,0,0],"gold":218,"neow_bonus":"THREE_RARE_CARDS","is_daily":false,"chose_seed":false,"campfire_upgraded":0,"win_rate":0.0,"timestamp":1608945458,"path_taken":["M","M","?","M","M","E","R","E","T","R","M","E"],"items_purchased_type":[],"build_version":"2020-12-22","purchased_purges":0,"victory":false,"max_hp_per_floor":[71,71,71,71,71,71,71,71,71,71,71,71,71],"relic_stats":{"counters":[8,25],"Sundial":[0],"obtain_stats":[{"Lantern":8,"Sundial":9,"Cracked Core":0,"Akabeko":6},{"Lantern":6,"Sundial":6,"Cracked Core":0,"Akabeko":5},{"Lantern":18,"Sundial":18,"Cracked Core":0,"Akabeko":14}]},"card_choices":[{"not_picked":["Rainbow","Meteor Strike"],"picked":"Core Surge","floor":0},{"not_picked":["Stack","Recycle"],"picked":"Consume","floor":1},{"not_picked":["Blizzard","Consume","Storm"],"picked":"SKIP","floor":2},{"not_picked":["White Noise","Rebound"],"picked":"Darkness","floor":4},{"not_picked":["Static Discharge","Scrape"],"picked":"Coolheaded","floor":5},{"not_picked":["Rebound","Redo","Scrape"],"picked":"SKIP","floor":6},{"not_picked":["Scrape","Turbo"],"picked":"Conserve Battery","floor":8},{"not_picked":["FTL","Sweeping Beam"],"picked":"Auto Shields","floor":11}],"player_experience":1933905,"relics_obtained":[{"floor":6,"key":"Akabeko"},{"floor":8,"key":"Lantern"},{"floor":9,"key":"Sundial"}],"event_choices":[{"damage_healed":0,"gold_gain":0,"cards_transformed":["Strike_B"],"player_choice":"Change","damage_taken":0,"max_hp_gain":0,"max_hp_loss":0,"event_name":"Living Wall","floor":3,"gold_loss":0,"cards_obtained":["Electrodynamics"]}],"is_beta":false,"boss_relics":[],"items_purged_floors":[],"is_endless":false,"potions_floor_spawned":[5,6,8],"killed_by":"Gremlin Nob","ascension_level":20}}