{"host":"d8hh7rr4yzitjeuj","time":1608988940,"event":{"mods":["2.2 Compatiblity","AchievementEnabler","BaseMod","CapriCore","Colored Map","Colored Powertips","Highlight Path","Keyboard Shortcuts","Minty Spire (QoL Compilation)","Permanent Neow","Quick Restart","StSLib","SuperFastMode"],"gold_per_floor":[113,263,263,37,55,86,105,105,105,137,137,150,170,184,184,184,184],"floor_reached":16,"playtime":336,"items_purged":[],"score":224,"play_id":"8b0291d4-2b57-4f97-b1a5-9a93817e0338","local_time":"20201226222220","is_ascension_mode":true,"campfire_choices":[{"data":"Chaos","floor":8,"key":"SMITH"},{"floor":11,"key":"REST"},{"floor":15,"key":"REST"}],"circlet_count":0,"master_deck":["AscendersBane","Strike_B","Strike_B","Strike_B","Defend_B","Defend_B","Defend_B","Defend_B","Zap","Dualcast","Rebound","Doubt","Scrape","Sweeping Beam","Cold Snap","Rebound","Chaos+1","Reinforced Body","Self Repair","Beam Cell"],"relics":["Busted Crown","Sling","Pear","HornCleat","Incense Burner"],"acts_visited":["Exordium"],"potions_floor_usage":[14,14,14],"damage_taken":[{"damage":4,"enemies":"2 Louse","floor":1,"turns":3},{"damage":12,"enemies":"Jaw Worm","floor":5,"turns":4},{"damage":33,"enemies":"3 Sentries","floor":6,"turns":8},{"damage":0,"enemies":"Cultist","floor":7,"turns":3},{"damage":20,"enemies":"Gremlin Nob","floor":10,"turns":4},{"damage":0,"enemies":"Gremlin Gang","floor":12,"turns":6},{"damage":20,"enemies":"3 Louse","floor":13,"turns":2},{"damage":4,"enemies":"Red Slaver","floor":14,"turns":3},{"damage":37,"enemies":"Slime Boss","floor":16,"turns":5}],"seed_played":"-8795717202232082947","potions_obtained":[{"floor":6,"key":"PotionOfCapacity"},{"floor":7,"key":"EntropicBrew"},{"floor":10,"key":"CultistPotion"},{"floor":14,"key":"BlessingOfTheForge"}],"is_trial":false,"path_per_floor":["M","?","?","$","M","E","M","R","T","E","R","M","M","M","R","B"],"character_chosen":"DEFECT","items_purchased":["Sling","Sweeping Beam"],"campfire_rested":2,"item_purchase_floors":[4,4],"current_hp_per_floor":[60,60,60,60,48,25,25,25,25,5,29,29,9,12,36,0,0],"gold":184,"neow_bonus":"BOSS_RELIC","is_daily":false,"chose_seed":false,"campfire_upgraded":1,"win_rate":0.0,"timestamp":1608988940,"path_taken":["M","?","?","$","?","E","M","R","T","E","R","M","M","M","R","BOSS"],"items_purchased_type":["Relic","Card"],"build_version":"2020-12-22","purchased_purges":0,"victory":false,"max_hp_per_floor":[71,71,71,71,71,81,81,81,81,81,81,81,81,81,81,81,81],"card_choices":[{"not_picked":[],"picked":"Rebound","floor":1},{"not_picked":[],"picked":"Cold Snap","floor":5},{"not_picked":[],"picked":"Rebound","floor":6},{"not_picked":[],"picked":"Chaos","floor":7},{"not_picked":[],"picked":"Reinforced Body","floor":10},{"not_picked":["Rebound"],"picked":"SKIP","floor":12},{"not_picked":[],"picked":"Self Repair","floor":13},{"not_picked":[],"picked":"Beam Cell","floor":14}],"player_experience":1384140,"relics_obtained":[{"floor":6,"key":"Pear"},{"floor":9,"key":"HornCleat"},{"floor":10,"key":"Incense Burner"}],"event_choices":[{"damage_healed":0,"gold_gain":150,"player_choice":"AGREE","damage_taken":0,"max_hp_gain":0,"max_hp_loss":0,"event_name":"Liars Game","floor":2,"gold_loss":0,"cards_obtained":["Doubt"]},{"damage_healed":0,"gold_gain":0,"cards_transformed":["Strike_B"],"player_choice":"Transformed","damage_taken":0,"max_hp_gain":0,"max_hp_loss":0,"event_name":"Transmorgrifier","floor":3,"gold_loss":0,"cards_obtained":["Scrape"]}],"is_beta":false,"boss_relics":[],"items_purged_floors":[],"is_endless":false,"potions_floor_spawned":[6,7,10,14],"killed_by":"Slime Boss","ascension_level":20}}