{"host":"ixtszv54kd1m8623","time":1608997046,"event":{"mods":["Act Like it!","Aspiration","BaseMod","Beaked The Cultist","ChefMod","Colored Map","Colored Powertips","Conspire","Downfall","Gensokyo","Halation","Hermit","Hubris","Infinite Spire","Jorbs\u0027s Wanderer Trilogy","Minty Spire (QoL Compilation)","Replay The Spire","Robot Space Explorer","Shade Mod","Shop Mod","StSLib","The Blackbeard","The Bug Knight","The Cursed","The Dragon Tamer","The Marked","The Runesmith"],"gold_per_floor":[114,127,127,145,145,145,145,145,145,145,170,170,170],"floor_reached":12,"playtime":370,"items_purged":[],"score":66,"play_id":"0d19af46-e5b8-4f14-a682-113fb260b839","local_time":"20201226073726","is_ascension_mode":false,"campfire_choices":[{"data":"chefmod:ZaruSoba","floor":6,"key":"SMITH"},{"floor":8,"key":"REST"},{"data":"infinitespire:Execution","floor":10,"key":"SMITH"}],"circlet_count":0,"master_deck":["chefmod:Strike","chefmod:Strike","chefmod:Strike","chefmod:Strike","chefmod:Strike","chefmod:Defend","chefmod:Defend","chefmod:Defend","chefmod:QuickThaw","chefmod:TodaysSpecial","chefmod:FiveAlarmChili+1","chefmod:AlooGobi","chefmod:ZaruSoba+1","hubris:Gluttony","Looming Evil","infinitespire:Execution+1"],"relics":["chefmod:TrustyPot","NeowsBlessing","hubris:EvacipatedBox","conspire:TreasureMap","Orichalcum","Toy Ornithopter"],"acts_visited":["Exordium"],"potions_floor_usage":[],"damage_taken":[{"damage":0,"enemies":"Cultist","floor":1,"turns":1},{"damage":0,"enemies":"Jaw Worm","floor":2,"turns":1},{"damage":0,"enemies":"2 Louse","floor":4,"turns":1},{"damage":69,"enemies":"Gremlin Nob","floor":12,"turns":5}],"seed_played":"7256768493911096659","potions_obtained":[{"floor":1,"key":"Adrenaline Potion"},{"floor":2,"key":"ColorlessPotion"},{"floor":4,"key":"SteroidPotion"}],"is_trial":false,"path_per_floor":["M","M","?","M","$","R","?","R","T","R","T","E"],"character_chosen":"THE_CHEF","items_purchased":["hubris:EvacipatedBox","conspire:TreasureMap"],"campfire_rested":1,"item_purchase_floors":[5,5],"current_hp_per_floor":[76,76,76,76,47,47,47,69,69,69,69,0,0],"gold":170,"neow_bonus":"THREE_ENEMY_KILL","is_daily":false,"chose_seed":false,"campfire_upgraded":2,"win_rate":0.0,"timestamp":1608997046,"path_taken":["M","M","?","M","?","R","?","R","T","R","?","E"],"items_purchased_type":["Relic","Relic"],"build_version":"2020-12-22","purchased_purges":0,"victory":false,"max_hp_per_floor":[76,76,76,76,76,76,76,76,76,76,76,76,76],"card_choices":[{"not_picked":["chefmod:IcePick","chefmod:CuttingBoard"],"picked":"chefmod:FiveAlarmChili","floor":1},{"not_picked":["chefmod:ColdSteel","chefmod:Escargot"],"picked":"chefmod:AlooGobi","floor":2},{"not_picked":["chefmod:FireUp","chefmod:FryPan"],"picked":"chefmod:ZaruSoba","floor":4},{"not_picked":["hubris:InfiniteBlow","ReplayTheSpireMod:??????????????????????"],"picked":"infinitespire:Execution","floor":7}],"player_experience":138307,"relics_obtained":[{"floor":9,"key":"Orichalcum"},{"floor":11,"key":"Toy Ornithopter"}],"event_choices":[{"damage_healed":0,"gold_gain":0,"player_choice":"Upgraded","damage_taken":0,"max_hp_gain":0,"max_hp_loss":0,"event_name":"Upgrade Shrine","floor":3,"gold_loss":0,"cards_upgraded":["chefmod:FiveAlarmChili"]}],"is_beta":false,"boss_relics":[],"items_purged_floors":[],"is_endless":false,"potions_floor_spawned":[1,2,4],"killed_by":"Gremlin Nob","ascension_level":0}}