{"host":"cnluwb240fdd52tp","time":1608943771,"event":{"mods":["BaseMod","Colored Map","Minty Spire (QoL Compilation)","Rare Cards Sparkle","StSLib"],"gold_per_floor":[111,111,111,126,51,83,99,99,122,122,151,165,181,197,197,293,343,356,356,356,356,373,373,386,386,456,482,382,398,415,433,433,433,433],"floor_reached":33,"playtime":2879,"items_purged":["Bash","Wild Strike"],"score":293,"play_id":"f5d3ed50-500f-4e5f-a937-78882d37dceb","local_time":"20201226014931","is_ascension_mode":true,"campfire_choices":[{"floor":8,"key":"REST"},{"data":"Perfected Strike","floor":10,"key":"SMITH"},{"floor":15,"key":"REST"},{"data":"RitualDagger","floor":23,"key":"SMITH"},{"floor":25,"key":"REST"},{"floor":32,"key":"REST"}],"circlet_count":0,"master_deck":["Strike_R","Strike_R+1","Strike_R","Strike_R","Strike_R","Defend_R","Defend_R","Defend_R","Perfected Strike+1","RitualDagger+1","Headbutt","Pommel Strike","Perfected Strike+1"],"relics":["Velvet Choker","NlothsMask","Regal Pillow","Bag of Marbles","Tiny House","Molten Egg 2","White Beast Statue"],"acts_visited":["Exordium","TheCity"],"potions_floor_usage":[6,16,16,16,27,30,33,33,33],"damage_taken":[{"damage":1,"enemies":"Jaw Worm","floor":1,"turns":3},{"damage":3,"enemies":"2 Louse","floor":4,"turns":2},{"damage":23,"enemies":"Lagavulin","floor":6,"turns":6},{"damage":1,"enemies":"Cultist","floor":7,"turns":4},{"damage":14,"enemies":"Gremlin Nob","floor":11,"turns":3},{"damage":0,"enemies":"Looter","floor":12,"turns":2},{"damage":0,"enemies":"2 Fungi Beasts","floor":13,"turns":2},{"damage":17,"enemies":"Gremlin Gang","floor":14,"turns":5},{"damage":61,"enemies":"The Guardian","floor":16,"turns":12},{"damage":29,"enemies":"3 Byrds","floor":18,"turns":6},{"damage":5,"enemies":"Spheric Guardian","floor":22,"turns":3},{"damage":21,"enemies":"3 Cultists","floor":24,"turns":4},{"damage":35,"enemies":"Gremlin Leader","floor":27,"turns":8},{"damage":0,"enemies":"Snake Plant","floor":29,"turns":2},{"damage":15,"enemies":"Cultist and Chosen","floor":30,"turns":4},{"damage":0,"enemies":"Snecko","floor":31,"turns":2},{"damage":94,"enemies":"Automaton","floor":33,"turns":6}],"seed_played":"3705229297648365364","potions_obtained":[{"floor":4,"key":"SpeedPotion"},{"floor":12,"key":"AttackPotion"},{"floor":13,"key":"GamblersBrew"},{"floor":14,"key":"BloodPotion"},{"floor":17,"key":"LiquidBronze"},{"floor":18,"key":"ElixirPotion"},{"floor":24,"key":"ColorlessPotion"},{"floor":29,"key":"FearPotion"},{"floor":30,"key":"ElixirPotion"},{"floor":31,"key":"DistilledChaos"}],"is_trial":false,"path_per_floor":["M","?","?","M","$","E","M","R","T","R","E","M","M","M","R","B",null,"M","?","?","?","M","R","M","R","T","E","$","M","M","M","R","B"],"character_chosen":"IRONCLAD","items_purchased":[],"campfire_rested":4,"item_purchase_floors":[],"current_hp_per_floor":[79,72,72,69,69,46,45,80,80,80,66,66,66,49,80,35,85,56,50,50,50,45,45,24,64,64,29,29,29,14,14,54,0,0],"gold":433,"neow_bonus":"BOSS_RELIC","is_daily":false,"chose_seed":false,"campfire_upgraded":2,"win_rate":0.0,"timestamp":1608943771,"path_taken":["M","?","?","?","$","E","M","R","T","R","E","M","M","M","R","BOSS","M","?","?","?","M","R","M","R","T","E","$","M","M","?","R","BOSS"],"items_purchased_type":[],"build_version":"2020-12-22","purchased_purges":2,"victory":false,"max_hp_per_floor":[80,80,80,80,80,80,80,80,80,80,80,80,80,80,80,80,85,85,85,85,85,85,85,85,85,85,85,85,85,85,85,85,85,85],"card_choices":[{"not_picked":["Shrug It Off","Iron Wave","Disarm"],"picked":"SKIP","floor":1},{"not_picked":["Sword Boomerang","Twin Strike"],"picked":"Perfected Strike","floor":4},{"not_picked":["Carnage","Limit Break","Blood for Blood"],"picked":"SKIP","floor":6},{"not_picked":["Uppercut","Iron Wave","Flex"],"picked":"SKIP","floor":7},{"not_picked":["Reaper","Clothesline","True Grit"],"picked":"SKIP","floor":11},{"not_picked":["Armaments","Headbutt","Shrug It Off"],"picked":"SKIP","floor":12},{"not_picked":["Anger","Thunderclap","Wild Strike"],"picked":"SKIP","floor":13},{"not_picked":["Heavy Blade","Twin Strike","Carnage"],"picked":"SKIP","floor":14},{"not_picked":["Headbutt","Thunderclap+1"],"picked":"Feel No Pain","floor":18},{"not_picked":["Armaments+1","Hemokinesis"],"picked":"Pommel Strike","floor":22},{"not_picked":["Havoc","Heavy Blade","Intimidate"],"picked":"SKIP","floor":24},{"not_picked":["Reaper+1","Shrug It Off+1","Body Slam+1"],"picked":"SKIP","floor":27},{"not_picked":["Body Slam+1","Iron Wave+1"],"picked":"Perfected Strike+1","floor":29},{"not_picked":["Battle Trance+1","Havoc","Fiend Fire+1"],"picked":"SKIP","floor":30},{"not_picked":["Body Slam+1","Thunderclap+1","Ghostly Armor+1"],"picked":"SKIP","floor":31}],"player_experience":127582,"relics_obtained":[{"floor":6,"key":"Regal Pillow"},{"floor":11,"key":"Bag of Marbles"},{"floor":26,"key":"Molten Egg 2"},{"floor":27,"key":"White Beast Statue"}],"event_choices":[{"cards_removed":["Defend_R"],"damage_healed":0,"gold_gain":0,"player_choice":"Card Removal","damage_taken":7,"max_hp_gain":0,"max_hp_loss":0,"event_name":"Golden Wing","floor":2,"gold_loss":0},{"damage_healed":0,"gold_gain":0,"player_choice":"Trade","damage_taken":0,"relics_obtained":["NlothsMask"],"max_hp_gain":0,"max_hp_loss":0,"event_name":"FaceTrader","floor":3,"gold_loss":0},{"damage_healed":0,"gold_gain":0,"player_choice":"Joined the Cult","damage_taken":6,"max_hp_gain":0,"max_hp_loss":0,"event_name":"Nest","floor":19,"gold_loss":0,"cards_obtained":["RitualDagger"]},{"damage_healed":0,"gold_gain":0,"player_choice":"Read","damage_taken":0,"max_hp_gain":0,"max_hp_loss":0,"event_name":"The Library","floor":20,"gold_loss":0,"cards_obtained":["Headbutt"]},{"damage_healed":0,"gold_gain":0,"cards_transformed":["Feel No Pain"],"player_choice":"Transformed","damage_taken":0,"max_hp_gain":0,"max_hp_loss":0,"event_name":"Transmorgrifier","floor":21,"gold_loss":0,"cards_obtained":["Wild Strike"]}],"is_beta":false,"boss_relics":[{"not_picked":["Coffee Dripper","Sozu"],"picked":"Tiny House"}],"items_purged_floors":[5,28],"is_endless":false,"potions_floor_spawned":[4,12,13,14,18,24,29,30,31],"killed_by":"Automaton","ascension_level":1}}