{"host":"vgnj3owxn2tq7mop","time":1608970207,"event":{"mods":["Act Like it!","BaseMod","Colored Map","Downfall","Hallownest","Minty Spire (QoL Compilation)","StSLib","SuperFastMode","The Bug Knight","The Servant 0.9.4"],"gold_per_floor":[99,99,99,114,132,151,151,151,165,165,182,182,198,213,225,225,225,225],"floor_reached":16,"playtime":1264,"items_purged":[],"score":96,"play_id":"51d9345a-fcda-42cb-957b-0dc422208077","local_time":"20201226161007","is_ascension_mode":false,"campfire_choices":[{"data":"Chrysalis","floor":1,"key":"SMITH"},{"data":"hexamod:SkipABeat","floor":8,"key":"SMITH"},{"data":"hexamod:NecessarySacrifice","floor":10,"key":"SMITH"},{"data":"hexamod:DynamicBlow","floor":12,"key":"SMITH"}],"circlet_count":0,"master_deck":["hexamod:Strike","hexamod:Strike","hexamod:Strike","hexamod:Strike","hexamod:Defend","hexamod:Defend","hexamod:Defend","hexamod:Defend","hexamod:Sear","hexamod:Float","Chrysalis+1","hexamod:NecessarySacrifice+1","hexamod:SoulSteal","hexamod:SkipABeat+1","hexamod:DynamicBlow+1","hexamod:EmpoweringStance"],"relics":["hexamod:SpiritBrand","downfall:ShatteredFragment","Ornamental Fan"],"acts_visited":["Exordium"],"potions_floor_usage":[15,16,16,16],"damage_taken":[{"damage":0,"enemies":"Jaw Worm","floor":4,"turns":3},{"damage":0,"enemies":"2 Louse","floor":5,"turns":3},{"damage":0,"enemies":"Small Slimes","floor":6,"turns":2},{"damage":1,"enemies":"Blue Slaver","floor":9,"turns":3},{"damage":0,"enemies":"Lots of Slimes","floor":11,"turns":4},{"damage":1,"enemies":"2 Fungi Beasts","floor":13,"turns":4},{"damage":2,"enemies":"Red Slaver","floor":14,"turns":3},{"damage":0,"enemies":"Exordium Thugs","floor":15,"turns":4},{"damage":44,"enemies":"downfall:Defect","floor":16,"turns":5}],"seed_played":"2584610965627405409","potions_obtained":[{"floor":4,"key":"SkillPotion"},{"floor":5,"key":"Ancient Potion"},{"floor":14,"key":"EssenceOfSteel"},{"floor":15,"key":"SteroidPotion"}],"is_trial":false,"path_per_floor":["R","?","?","M","M","M","T","R","M","R","M","R","M","M","M","B"],"character_chosen":"THE_SPIRIT","items_purchased":[],"campfire_rested":0,"item_purchase_floors":[],"current_hp_per_floor":[63,68,47,47,47,47,47,47,46,46,46,46,45,43,43,0,0,0],"gold":225,"neow_bonus":"RANDOM_COLORLESS_2","is_daily":false,"chose_seed":false,"campfire_upgraded":4,"win_rate":0.0,"timestamp":1608970207,"path_taken":["R","?","?","M","M","M","T","R","M","R","M","R","M","M","M","BOSS"],"items_purchased_type":[],"build_version":"2020-12-22","purchased_purges":0,"victory":false,"max_hp_per_floor":[63,68,68,68,68,68,68,68,68,68,68,68,68,68,68,68,68,68],"card_choices":[{"not_picked":["Magnetism","Secret Weapon"],"picked":"Chrysalis","floor":0},{"not_picked":["hexamod:BacktrackSmack","hexamod:Hexaguard"],"picked":"hexamod:NecessarySacrifice","floor":4},{"not_picked":["hexamod:HauntingEcho","hexamod:InspiringFlames"],"picked":"hexamod:SoulSteal","floor":5},{"not_picked":["hexamod:SoulSteal","hexamod:SwordOfDarkness"],"picked":"hexamod:SkipABeat","floor":6},{"not_picked":["hexamod:SuperheatedStrike","hexamod:FastForward","hexamod:Firestarter"],"picked":"SKIP","floor":9},{"not_picked":["hexamod:GhostShield","hexamod:SoulSteal"],"picked":"hexamod:DynamicBlow","floor":11},{"not_picked":["hexamod:ShieldOfDarkness","hexamod:ThirdSeal"],"picked":"hexamod:EmpoweringStance","floor":13},{"not_picked":["hexamod:InspiringFlames","hexamod:Hexaguard","hexamod:NightmareGuise"],"picked":"SKIP","floor":14},{"not_picked":["hexamod:BacktrackSmack","hexamod:BurningTouch","hexamod:Firestarter"],"picked":"SKIP","floor":15}],"player_experience":1161591,"relics_obtained":[{"floor":7,"key":"Ornamental Fan"}],"event_choices":[{"damage_healed":0,"gold_gain":0,"player_choice":"Donut","damage_taken":0,"max_hp_gain":5,"max_hp_loss":0,"event_name":"Big Fish","floor":2,"gold_loss":0}],"is_beta":false,"boss_relics":[],"items_purged_floors":[],"is_endless":false,"potions_floor_spawned":[4,5,14,15],"killed_by":"downfall:Defect","ascension_level":0}}