{"host":"natui9yr7uuq78xo","time":1608957120,"event":{"mods":["BaseMod","Beaked The Cultist","Better Third Choice","BetterRewards","Minty Spire (QoL Compilation)","StSLib"],"gold_per_floor":[114,131,149,162,177,208,208,233,233,44,56,69,69,82,82,177,177,188,208,208,208,208,237,237,237,284,297,44,44,44,44],"floor_reached":30,"playtime":1315,"items_purged":["beaked:Strike_Y","beaked:Defend_Y"],"score":289,"play_id":"998d261f-2161-484a-9938-30e1d11e0747","local_time":"20201225183200","is_ascension_mode":false,"campfire_choices":[{"data":"beaked:Sacrifice","floor":7,"key":"SMITH"},{"data":"beaked:TuckingFeathers","floor":15,"key":"SMITH"},{"data":"beaked:StickSmack","floor":24,"key":"SMITH"},{"floor":29,"key":"REST"}],"circlet_count":0,"master_deck":["beaked:Defend_Y","beaked:Defend_Y","beaked:Defend_Y","beaked:Ceremony","beaked:Ceremony","beaked:Ceremony","beaked:Windmill","beaked:Overpower","beaked:Daydream","beaked:CursingBlood","beaked:Sacrifice+1","beaked:Evade","beaked:Insight+1","beaked:StickSmack+1","beaked:Hexing+1","beaked:TuckingFeathers+1","beaked:KnowThyFoe","beaked:BraceForImpact+1","Bite","Bite","Bite","Bite","Bite","beaked:DigDeep","beaked:Cower","beaked:VolatileMisfortune+1"],"relics":["beaked:MendingPlumage","WingedGreaves","Frozen Egg 2","Pantograph","Mercury Hourglass","Philosopher\u0027s Stone","MutagenicStrength","Darkstone Periapt","Oddly Smooth Stone"],"acts_visited":["Exordium","TheCity"],"potions_floor_usage":[6,16,23,23,25],"damage_taken":[{"damage":12,"enemies":"Cultist","floor":1,"turns":5},{"damage":14,"enemies":"Small Slimes","floor":2,"turns":4},{"damage":14,"enemies":"Jaw Worm","floor":3,"turns":6},{"damage":17,"enemies":"Looter","floor":4,"turns":4},{"damage":1,"enemies":"2 Fungi Beasts","floor":5,"turns":3},{"damage":7,"enemies":"Lagavulin","floor":6,"turns":7},{"damage":28,"enemies":"Gremlin Nob","floor":8,"turns":5},{"damage":0,"enemies":"Exordium Wildlife","floor":11,"turns":3},{"damage":18,"enemies":"Red Slaver","floor":12,"turns":4},{"damage":14,"enemies":"Blue Slaver","floor":14,"turns":3},{"damage":35,"enemies":"Slime Boss","floor":16,"turns":5},{"damage":24,"enemies":"Chosen","floor":18,"turns":6},{"damage":7,"enemies":"Shell Parasite","floor":19,"turns":6},{"damage":64,"enemies":"Book of Stabbing","floor":23,"turns":6},{"damage":22,"enemies":"3 Cultists","floor":25,"turns":4},{"damage":25,"enemies":"Snake Plant","floor":27,"turns":5},{"damage":51,"enemies":"Slavers","floor":30,"turns":2}],"seed_played":"7341436686634700491","potions_obtained":[{"floor":3,"key":"ColorlessPotion"},{"floor":5,"key":"BlessingOfTheForge"},{"floor":6,"key":"LiquidMemories"},{"floor":8,"key":"Block Potion"},{"floor":13,"key":"DuplicationPotion"},{"floor":16,"key":"SmokeBomb"}],"is_trial":false,"path_per_floor":["M","M","M","M","M","E","R","E","T","$","M","M","?","M","R","B",null,"M","M","?","?","?","E","R","M","T","M","$","R","E"],"character_chosen":"BEAKED_THE_CULTIST","items_purchased":["beaked:Insight+1","beaked:StickSmack","beaked:VolatileMisfortune+1"],"campfire_rested":1,"item_purchase_floors":[10,10,28],"current_hp_per_floor":[34,32,33,26,34,45,45,32,32,32,43,34,34,30,30,30,59,46,59,41,41,36,13,13,16,16,23,23,38,0,0],"gold":44,"neow_bonus":"ONE_RARE_RELIC","is_daily":false,"chose_seed":false,"campfire_upgraded":3,"win_rate":0.0,"timestamp":1608957120,"path_taken":["M","M","M","M","?","E","R","E","T","?","M","?","?","?","R","BOSS","M","M","?","?","?","E","R","M","T","?","?","R","E"],"items_purchased_type":["Card","Card","Card"],"build_version":"2020-12-22","purchased_purges":2,"victory":false,"max_hp_per_floor":[50,50,50,50,50,50,50,53,53,53,56,56,56,59,59,59,59,59,59,41,41,46,46,46,49,49,52,52,52,52,52],"card_choices":[{"not_picked":["beaked:BraceForImpact","beaked:HuntressSpirit"],"picked":"beaked:Windmill","floor":1},{"not_picked":["beaked:Windmill","beaked:SacrificialDive","beaked:MimicWarrior"],"picked":"SKIP","floor":2},{"not_picked":["beaked:WindBringer","beaked:StunningBlow"],"picked":"beaked:Overpower","floor":3},{"not_picked":["beaked:Resilience","beaked:DigDeep"],"picked":"beaked:Daydream","floor":4},{"not_picked":["beaked:Overexert","beaked:SurvivalInstinct"],"picked":"beaked:CursingBlood","floor":5},{"not_picked":["beaked:BounceBack","beaked:DesperateSwing"],"picked":"beaked:Sacrifice","floor":6},{"not_picked":["beaked:Replenish","beaked:Tweet"],"picked":"beaked:Evade","floor":8},{"not_picked":["beaked:Evade","beaked:CursingBlood","beaked:Tradeoff"],"picked":"SKIP","floor":11},{"not_picked":["beaked:Redirect","beaked:LiftOff+1"],"picked":"beaked:Hexing+1","floor":12},{"not_picked":["beaked:StickSmack","beaked:Molting"],"picked":"beaked:TuckingFeathers","floor":14},{"not_picked":["beaked:DarkPact","beaked:WildInstinct"],"picked":"beaked:KnowThyFoe","floor":16},{"not_picked":["beaked:Overexert+1","beaked:Windmill","beaked:Redirect"],"picked":"SKIP","floor":18},{"not_picked":["beaked:VigorBurst","beaked:Daydream"],"picked":"beaked:BraceForImpact+1","floor":19},{"not_picked":["beaked:Sacrifice","beaked:Flinch"],"picked":"beaked:DigDeep","floor":23},{"not_picked":["beaked:Roost","beaked:BraceForImpact+1"],"picked":"beaked:Cower","floor":27}],"player_experience":311982,"relics_obtained":[{"floor":6,"key":"Frozen Egg 2"},{"floor":8,"key":"Pantograph"},{"floor":9,"key":"Mercury Hourglass"},{"floor":23,"key":"Darkstone Periapt"},{"floor":26,"key":"Oddly Smooth Stone"}],"event_choices":[{"damage_healed":0,"gold_gain":0,"player_choice":"Got Potions","damage_taken":0,"max_hp_gain":0,"max_hp_loss":0,"event_name":"Lab","floor":13,"gold_loss":0},{"damage_healed":0,"gold_gain":0,"player_choice":"Became a vampire","damage_taken":0,"max_hp_gain":0,"max_hp_loss":18,"event_name":"Vampires","floor":20,"gold_loss":0,"cards_obtained":["Bite","Bite","Bite","Bite","Bite"]},{"damage_healed":0,"gold_gain":0,"player_choice":"Inject Mutagens","damage_taken":0,"relics_obtained":["MutagenicStrength"],"max_hp_gain":0,"max_hp_loss":0,"event_name":"Drug Dealer","floor":21,"gold_loss":0},{"damage_healed":0,"gold_gain":0,"player_choice":"Shed Blood","damage_taken":10,"max_hp_gain":5,"max_hp_loss":0,"event_name":"Forgotten Altar","floor":22,"gold_loss":0}],"is_beta":false,"boss_relics":[{"not_picked":["Busted Crown","Cursed Key"],"picked":"Philosopher\u0027s Stone"}],"items_purged_floors":[10,28],"is_endless":false,"potions_floor_spawned":[3,5,6,8,16,18,19,25],"killed_by":"Slavers","ascension_level":0}}