{"host":"s94qw0zkfz86dnmr","time":1608992201,"event":{"mods":["AchievementEnabler","BaseMod","Highlight Path","Minty Spire (QoL Compilation)"],"gold_per_floor":[114,129,16,31,46,46,76,91,91,91,106,106,121,136,136,236,236,251,251,1,1,16,46,46,76,101,116,116,131,151,166,166,266,266,281,296,296,311,326,326,356,356,381,291,291,306,321,336,336,336],"floor_reached":51,"playtime":2775,"items_purged":["Deadly Poison","Iron Wave"],"score":750,"play_id":"19ccb317-f3eb-4803-afc7-3c90e9c9a7d9","local_time":"20201226151641","daily_mods":["SealedDeck","Diverse","Binary"],"is_ascension_mode":false,"campfire_choices":[{"data":"Collect","floor":6,"key":"SMITH"},{"data":"Inflame","floor":10,"key":"SMITH"},{"data":"Study","floor":12,"key":"SMITH"},{"data":"SandsOfTime","floor":15,"key":"SMITH"},{"data":"SandsOfTime","floor":24,"key":"SMITH"},{"data":"LikeWater","floor":28,"key":"SMITH"},{"floor":32,"key":"REST"},{"data":"LikeWater","floor":40,"key":"SMITH"},{"data":"Streamline","floor":42,"key":"SMITH"},{"data":"Ball Lightning","floor":45,"key":"SMITH"},{"data":"Madness","floor":49,"key":"SMITH"}],"circlet_count":0,"master_deck":["Genetic Algorithm","Collect+1","Beam Cell+1","Streamline+1","Ball Lightning+1","LikeWater+1","LikeWater+1","Study+1","Inflame+1","SandsOfTime+1","DevaForm+1","SandsOfTime+1","Meditate","Protect","Madness+1","Madness","Parasite"],"relics":["Burning Blood","Blood Vial","Sundial","Runic Cube","Orichalcum","PreservedInsect","Champion Belt","Incense Burner","Bronze Scales","Red Mask","Coffee Dripper","Nunchaku","Akabeko"],"acts_visited":["Exordium","TheCity","TheBeyond"],"potions_floor_usage":[50,50,50],"damage_taken":[{"damage":1,"enemies":"Cultist","floor":1,"turns":3},{"damage":0,"enemies":"Small Slimes","floor":2,"turns":3},{"damage":0,"enemies":"2 Louse","floor":4,"turns":3},{"damage":9,"enemies":"Large Slime","floor":5,"turns":4},{"damage":13,"enemies":"Lagavulin","floor":7,"turns":5},{"damage":13,"enemies":"Gremlin Gang","floor":8,"turns":3},{"damage":10,"enemies":"2 Fungi Beasts","floor":11,"turns":3},{"damage":4,"enemies":"Exordium Thugs","floor":13,"turns":4},{"damage":0,"enemies":"Exordium Wildlife","floor":14,"turns":3},{"damage":30,"enemies":"Slime Boss","floor":16,"turns":4},{"damage":16,"enemies":"Chosen","floor":18,"turns":5},{"damage":6,"enemies":"Shell Parasite","floor":22,"turns":3},{"damage":27,"enemies":"Book of Stabbing","floor":23,"turns":4},{"damage":43,"enemies":"Slavers","floor":25,"turns":4},{"damage":4,"enemies":"Chosen and Byrds","floor":27,"turns":4},{"damage":0,"enemies":"Centurion and Healer","floor":29,"turns":4},{"damage":19,"enemies":"Masked Bandits","floor":30,"turns":4},{"damage":12,"enemies":"Shelled Parasite and Fungi","floor":31,"turns":4},{"damage":0,"enemies":"Collector","floor":33,"turns":6},{"damage":0,"enemies":"3 Darklings","floor":35,"turns":4},{"damage":8,"enemies":"Orb Walker","floor":36,"turns":4},{"damage":0,"enemies":"Maw","floor":38,"turns":6},{"damage":12,"enemies":"Sphere and 2 Shapes","floor":39,"turns":7},{"damage":7,"enemies":"Giant Head","floor":41,"turns":5},{"damage":1,"enemies":"Writhing Mass","floor":46,"turns":5},{"damage":0,"enemies":"Transient","floor":47,"turns":5},{"damage":2,"enemies":"Spire Growth","floor":48,"turns":4},{"damage":43,"enemies":"Time Eater","floor":50,"turns":9}],"seed_played":"5451747836825439005","potions_obtained":[{"floor":4,"key":"SkillPotion"},{"floor":5,"key":"SneckoOil"},{"floor":7,"key":"Energy Potion"},{"floor":11,"key":"DistilledChaos"},{"floor":13,"key":"DistilledChaos"},{"floor":18,"key":"Weak Potion"}],"is_trial":false,"path_per_floor":["M","M","$","M","M","R","E","M","T","R","M","R","M","M","R","B",null,"M","?","$","?","M","E","R","E","T","M","R","M","?","M","R","B",null,"M","M","?","M","M","R","E","R","T","?","R","M","M","M","R","B",null],"character_chosen":"IRONCLAD","items_purchased":["Study","Orichalcum"],"campfire_rested":1,"item_purchase_floors":[3,20],"current_hp_per_floor":[80,80,80,80,77,77,70,65,65,65,63,63,67,75,75,53,80,70,70,70,70,72,53,53,18,18,22,22,30,19,15,39,47,80,80,78,68,76,72,72,73,73,73,73,73,80,80,80,80,43],"gold":336,"neow_bonus":"","is_daily":true,"chose_seed":false,"campfire_upgraded":10,"win_rate":0.0,"timestamp":1608992201,"path_taken":["M","M","$","M","M","R","E","?","T","R","M","R","M","M","R","BOSS","M","?","$","?","M","E","R","E","T","M","R","M","?","M","R","BOSS","M","M","?","M","M","R","E","R","T","?","R","M","?","M","R","BOSS"],"items_purchased_type":["Card","Relic"],"build_version":"2020-12-22","purchased_purges":2,"victory":true,"max_hp_per_floor":[80,80,80,80,80,80,80,80,80,80,80,80,80,80,80,80,80,80,80,80,80,80,80,80,80,80,80,80,80,80,80,80,80,80,80,80,80,80,80,80,80,80,80,80,80,80,80,80,80,80],"card_choices":[{"not_picked":["Riddle With Holes","Turbo"],"picked":"SKIP","floor":1},{"not_picked":["CarveReality","Streamline"],"picked":"SKIP","floor":2},{"not_picked":["Acrobatics","Outmaneuver"],"picked":"SKIP","floor":4},{"not_picked":["Turbo","Cleave"],"picked":"SKIP","floor":5},{"not_picked":["Pray"],"picked":"Inflame","floor":7},{"not_picked":["Acrobatics","CarveReality"],"picked":"SKIP","floor":8},{"not_picked":["WaveOfTheHand","Go for the Eyes"],"picked":"SKIP","floor":11},{"not_picked":["Ball Lightning"],"picked":"SandsOfTime","floor":13},{"not_picked":["Redo","Deflect"],"picked":"SKIP","floor":14},{"not_picked":["Rainbow"],"picked":"DevaForm","floor":16},{"not_picked":["Coolheaded","Concentrate+1"],"picked":"SKIP","floor":18},{"not_picked":["Outmaneuver","Dropkick"],"picked":"SKIP","floor":22},{"not_picked":["ForeignInfluence"],"picked":"SandsOfTime","floor":23},{"not_picked":["Turbo"],"picked":"Meditate","floor":25},{"not_picked":["Cloak And Dagger","Twin Strike"],"picked":"SKIP","floor":27},{"not_picked":["Power Through","CarveReality"],"picked":"SKIP","floor":29},{"not_picked":["Gash"],"picked":"Protect","floor":30},{"not_picked":["Tantrum","Heavy Blade"],"picked":"SKIP","floor":31},{"not_picked":["Shrug It Off","Flex"],"picked":"SKIP","floor":35},{"not_picked":["Outmaneuver","Escape Plan"],"picked":"SKIP","floor":36},{"not_picked":["Consecrate","Armaments+1"],"picked":"SKIP","floor":38},{"not_picked":["Prepared","Perfected Strike"],"picked":"SKIP","floor":39},{"not_picked":["Compile Driver+1","Infinite Blades+1"],"picked":"SKIP","floor":41},{"not_picked":["Double Energy","FollowUp+1"],"picked":"SKIP","floor":46},{"not_picked":["Leap","CutThroughFate"],"picked":"SKIP","floor":47},{"not_picked":["Melter","Compile Driver"],"picked":"SKIP","floor":48}],"player_experience":264174,"relics_obtained":[{"floor":7,"key":"Blood Vial"},{"floor":9,"key":"Sundial"},{"floor":23,"key":"Champion Belt"},{"floor":25,"key":"Incense Burner"},{"floor":26,"key":"Bronze Scales"},{"floor":30,"key":"Red Mask"},{"floor":41,"key":"Nunchaku"},{"floor":43,"key":"Akabeko"}],"event_choices":[{"damage_healed":0,"gold_gain":0,"player_choice":"Upgraded","damage_taken":0,"max_hp_gain":0,"max_hp_loss":0,"event_name":"Upgrade Shrine","floor":19,"gold_loss":0,"cards_upgraded":["DevaForm"]},{"damage_healed":0,"gold_gain":0,"player_choice":"Opened","damage_taken":0,"relics_obtained":["PreservedInsect"],"max_hp_gain":0,"max_hp_loss":0,"event_name":"The Mausoleum","floor":21,"gold_loss":0},{"damage_healed":0,"gold_gain":0,"player_choice":"Fought Bandits","damage_taken":0,"max_hp_gain":0,"max_hp_loss":0,"event_name":"Masked Bandits","floor":30,"gold_loss":0},{"damage_healed":0,"gold_gain":0,"player_choice":"Embrace Madness","damage_taken":10,"max_hp_gain":0,"max_hp_loss":0,"event_name":"Winding Halls","floor":37,"gold_loss":0,"cards_obtained":["Madness","Madness"]},{"cards_removed":["Warcry"],"damage_healed":0,"gold_gain":0,"player_choice":"Upgrade and Remove","damage_taken":0,"max_hp_gain":0,"max_hp_loss":0,"event_name":"Designer","floor":44,"gold_loss":90,"cards_upgraded":["Beam Cell"]}],"is_beta":false,"boss_relics":[{"not_picked":["Cursed Key","Velvet Choker"],"picked":"Runic Cube"},{"not_picked":["Fusion Hammer","SlaversCollar"],"picked":"Coffee Dripper"}],"items_purged_floors":[3,20],"is_endless":false,"potions_floor_spawned":[4,5,7,11,13,18,25,29,30,33,36,39,46,47],"ascension_level":0}}