{"host":"e5u7qs1emxzejr12","time":1608989181,"event":{"mods":["2.2 Compatiblity","ATMod(∞¢Ë™Mod)","Act Like it!","BaseMod","Card Forge","Custom Start","Highlight Path","Luminous","Minty Spire (QoL Compilation)","Prisma Mod","Quick Restart","Reimu£®≤©¿ˆ¡È√Œ£©","Replay The Spire","Shop Mod","StSLib","SuperFastMode","Uncapped","UnlockEverythingMod","Yakumo Yukari mod","vexMod","°æ“≈ŒÔø®≈∆°øREMEMod"],"gold_per_floor":[171,225,225,225,150,240,240,240,240,330,405,495,585,678,678,934,934,1054,1054,1029,1090,1249,1349,1464,1644,1644,1765,1273,1444,1444,1542,1542,1898,1898,1968,1705,1705,1040,1315,1433,1433,1542,1565,1677,1798,1798,1919,1505,1505,1630,1680,1680,1680,805,930,955],"floor_reached":57,"playtime":2960,"items_purged":[],"score":5114,"play_id":"97f3a0c5-dd88-45fe-8853-3ee7ddad5478","local_time":"20201226212621","daily_mods":["Heirloom","Flight","DeadlyEvents","Elite Swarm","Midas"],"is_ascension_mode":true,"campfire_choices":[{"floor":8.0,"key":"REST"},{"floor":15.0,"key":"DIG"},{"floor":30.0,"key":"RECALL"},{"floor":32,"key":"DIG"},{"data":"1","floor":41,"key":"LIFT"},{"data":"2","floor":46,"key":"LIFT"},{"data":"3","floor":49,"key":"LIFT"},{"floor":53,"key":"REST"}],"circlet_count":0,"master_deck":["AscendersBane","AT_purpleEX+1","AT_purpleEX+1","Observe_purple_1+1","Observe_purple_2+1","Seek+1","AT_ChampionStep+1","Line_surface_state_purple+1","Boundary_LifeAndDeath_purple+1","Boundary_LifeAndDeath_purple+1","WangLiang_LineAndCurveDreams_purple+1","Monsters_DoubleDeathButterfly_purple+1","ContainerChange_purple+1","Boundary_LifeAndDeath_purple+1","RuleDissolution_purple+1","Line_surface_state_purple+1","RuleDissolution_purple+1","Boundary_LifeAndDeath_purple+1","Monsters_DoubleDeathButterfly_purple+1","Monsters_DoubleDeathButterfly_purple+1","ProofOfUnderstanding_purple+1","Flash of Steel+1","Violence+1","REME_MagicPocketWatch+1","CommonSense_AntiCommonSense_purple+1","Monsters_DoubleDeathButterfly_purple+1","ProofOfUnderstanding_purple+1","CommonSense_AntiCommonSense_purple+1","REME_WheelOfFate+1"],"relics":["Boundary_crack","Memoryfragments_purpleEX","Hammer of Thor","Seething Fire","Anvil of the Gods","AT_ATBox","REME_ComplimentaryCards","Du-Vu Doll","FaceOfCleric","Replay:WaspNest","Ornamental Fan","AT_LudenTempest","Calipers","Snack Pack","Eternal Feather","AT_MibuBalloonWealth","Shuriken","Snecko Heart","MutagenicStrength","Antimatter_spacedebris","Question Card","vexMod:PlasmaPancake","Sundial","Pondfish Scales","TheEssenceOfRealm","Ancient Tea Set","Replay:Mystery Machine","REME_HourglassOfDeath","vexMod:TanglingVine","Medical Kit","Strange Spoon","Bag of Preparation","Bottled Lightning","Girya","BranchBurnRelic","Replay:Towering Pillar of Hats","Strawberry","AT_ForceNature","Happy Flower","Nunchaku","Omamori","Blood Vial","AT_ChloranthyRing","CaptainsWheel","Frozen Eye","Replay:Rubber Ducky"],"acts_visited":["Exordium","TheCity","TheBeyond","TheEnding"],"potions_floor_usage":[56],"damage_taken":[{"damage":0.0,"enemies":"Cultist","floor":1.0,"turns":3.0},{"damage":0.0,"enemies":"2 Louse","floor":2.0,"turns":2.0},{"damage":34.0,"enemies":"3 Sentries","floor":6.0,"turns":11.0},{"damage":11.0,"enemies":"Replay:BlueRogue","floor":10.0,"turns":4.0},{"damage":8.0,"enemies":"Lagavulin","floor":11.0,"turns":2.0},{"damage":0.0,"enemies":"Replay:BlueRogue","floor":12.0,"turns":1.0},{"damage":0.0,"enemies":"Lagavulin","floor":13.0,"turns":3.0},{"damage":0.0,"enemies":"Gremlin Nob","floor":14.0,"turns":2.0},{"damage":0.0,"enemies":"Slime Boss","floor":16.0,"turns":3.0},{"damage":0.0,"enemies":"3 Byrds","floor":18.0,"turns":1.0},{"damage":0.0,"enemies":"Shell Parasite","floor":21.0,"turns":1.0},{"damage":0.0,"enemies":"Book of Stabbing","floor":23.0,"turns":1.0},{"damage":0.0,"enemies":"Replay:Snechameleon","floor":24.0,"turns":1.0},{"damage":0.0,"enemies":"Slavers","floor":25.0,"turns":1.0},{"damage":0.0,"enemies":"REME_1_Revenger","floor":27.0,"turns":2.0},{"damage":0.0,"enemies":"Slavers","floor":29.0,"turns":1.0},{"damage":0.0,"enemies":"Centurion and Healer","floor":31.0,"turns":1.0},{"damage":3,"enemies":"Pondfish","floor":33,"turns":7},{"damage":9,"enemies":"Orb Walker","floor":35,"turns":2},{"damage":0,"enemies":"R_Hoarder","floor":40,"turns":2},{"damage":0,"enemies":"Nemesis","floor":42,"turns":1},{"damage":0,"enemies":"R_Hoarder","floor":44,"turns":2},{"damage":0,"enemies":"Giant Head","floor":45,"turns":1},{"damage":0,"enemies":"R_Hoarder","floor":47,"turns":2},{"damage":0,"enemies":"Awakened One","floor":50,"turns":2},{"damage":0,"enemies":"Donu and Deca","floor":51,"turns":1},{"damage":0,"enemies":"Shield and Spear","floor":55,"turns":1},{"damage":0,"enemies":"The Heart","floor":56,"turns":7}],"seed_played":"-4432807465958833522","potions_obtained":[{"floor":10.0,"key":"LiquidMemories"},{"floor":11.0,"key":"Toxic Potion"},{"floor":16.0,"key":"REME_GoldPotion"}],"is_trial":true,"path_per_floor":["M","M","$","?","?","E","$","R","T","E","E","E","E","E","R","B",null,"M","?","$","M","?","E","E","E","T","E","$","E","R","M","R","B",null,"M","$","?","$","?","E","R","E","T","E","E","R","E","$","R","B","B",null,"R","$","E","B",null],"character_chosen":"Youkari","items_purchased":["RuleDissolution_purple","TheEssenceOfRealm","Ancient Tea Set","Replay:Mystery Machine","Flash of Steel","Medical Kit","Strange Spoon","Bag of Preparation","Bottled Lightning","CommonSense_AntiCommonSense_purple","Omamori","CommonSense_AntiCommonSense_purple","Blood Vial","AT_ChloranthyRing","CaptainsWheel","Frozen Eye","REME_WheelOfFate"],"campfire_rested":2,"item_purchase_floors":[20,28,28,28,36,36,38,38,38,38,48,48,48,54,54,54,54],"current_hp_per_floor":[63,63,63,44,44,16,16,35,35,27,22,25,28,31,43,44,65,70,70,70,73,73,75,82,83,83,84,84,85,85,86,86,87,87,87,87,77,77,77,85,89,90,97,98,99,99,100,100,100,101,102,102,102,102,103,104],"gold":955,"neow_bonus":"","is_daily":false,"chose_seed":false,"campfire_upgraded":0,"win_rate":0.0,"timestamp":1608989181,"path_taken":["M","?","$","?","?","E","$","R","T","E","E","?","E","E","R","BOSS","M","?","$","M","?","E","E","E","T","E","$","?","R","?","R","BOSS","M","$","?","$","?","E","R","E","T","E","E","R","E","$","R","BOSS","BOSS","R","$","E","BOSS"],"items_purchased_type":["Card","Relic","Relic","Relic","Card","Relic","Relic","Relic","Relic","Card","Relic","Card","Relic","Relic","Relic","Relic","Card"],"build_version":"2020-12-22","purchased_purges":0,"victory":true,"max_hp_per_floor":[65,65,65,65,65,66,66,66,66,67,68,69,70,71,71,72,72,73,73,73,74,74,75,82,83,83,84,84,85,85,86,86,87,87,88,88,88,88,88,89,89,90,97,98,99,99,100,100,100,101,102,102,102,102,103,104],"card_choices":[{"not_picked":["ExistenceContinue_purple","OmniscientAndOmnipotent_Monster_purple","Umbrella_purple"],"picked":"SKIP","floor":1.0},{"not_picked":["Umbrella_purple","WorldDissolvedintheRealm_purple"],"picked":"Line_surface_state_purple","floor":2.0},{"not_picked":["Know_ledgeAbilityRealm_purple","Mirror_TwoAndThreeElementRealm_purple"],"picked":"Boundary_LifeAndDeath_purple","floor":6.0},{"not_picked":["GluttonyofRealm_purpleEX","Human_Monster_Realm_purple"],"picked":"Boundary_LifeAndDeath_purple","floor":10.0},{"not_picked":["Know_ledgeAbilityRealm_purple","LoveAcrossDimensions_purple"],"picked":"WangLiang_LineAndCurveDreams_purple","floor":11.0},{"not_picked":["Price_of_realm_purpleEX","Human_Monster_Realm_purple"],"picked":"Monsters_DoubleDeathButterfly_purple","floor":12.0},{"not_picked":["D_absorption_purple","UniverseChoice_purple"],"picked":"ContainerChange_purple","floor":13.0},{"not_picked":["UniverseChoice_purple","Computing_the_future_purpleEX"],"picked":"Boundary_LifeAndDeath_purple","floor":14.0},{"not_picked":["Umbrella_purple","MeetDecomposer_purple","SharpContractionReality_purple"],"picked":"SKIP","floor":18.0},{"not_picked":["RuleDissolution_purple","WeekHit_purple"],"picked":"Line_surface_state_purple","floor":21.0},{"not_picked":["MeetDecomposer_purple","Shallow_ocean_purpleEX"],"picked":"RuleDissolution_purple+1","floor":22.0},{"not_picked":["Human_Monster_Realm_purple","Fancifulhole_purple","LoveAcrossDimensions_purple"],"picked":"SKIP","floor":23.0},{"not_picked":["GluttonyofRealm_purpleEX","ContainerChange_purple","Theboundaryofcreation_purpleEX"],"picked":"Boundary_LifeAndDeath_purple","floor":24.0},{"not_picked":["Theboundaryofcreation_purpleEX","Boundary_LifeAndDeath_purple","WasteWire_Metro_purple"],"picked":"Monsters_DoubleDeathButterfly_purple","floor":25.0},{"not_picked":["ContainerChange_purple","Fancifulhole_purple","LoveAcrossDimensions_purple"],"picked":"Monsters_DoubleDeathButterfly_purple","floor":27.0},{"not_picked":["BarrageBoundary_PipeDream_purple","GluttonyofRealm_purpleEX","Computing_the_future_purpleEX","Price_of_realm_purpleEX"],"picked":"SKIP","floor":29.0},{"not_picked":["Realm_recovery_purpleEX","WatchEyeChange_purple","Yakumo_Ran_purple","WorldDissolvedintheRealm_purple+1"],"picked":"SKIP","floor":31.0},{"not_picked":["BarrageBoundary_PipeDream_purple","GluttonyofRealm_purpleEX","ContainerChange_purple"],"picked":"ProofOfUnderstanding_purple","floor":33},{"not_picked":["DimensionStaggered_purple","Nest_LightFlightworm_purple","WatchEChange_purple+1","PurpleNeedle_purple"],"picked":"SKIP","floor":35},{"not_picked":["ReplayTheSpireMod:Private Reserves","Dark Shackles","Specialist"],"picked":"Violence","floor":37},{"not_picked":["Replay:Bootleg Shield Generator","PanicButton","Crow Ritual"],"picked":"REME_MagicPocketWatch","floor":37},{"not_picked":["Survey Options","AT_PowerWithin","ReplayTheSpireMod:Private Reserves"],"picked":"Replay:BasicMightCard","floor":37},{"not_picked":["Human_Monster_Realm_purple","Computing_the_future_purpleEX","WangLiang_OokamiKakushi_purple","Price_of_realm_purpleEX"],"picked":"SKIP","floor":40},{"not_picked":["LoveAcrossDimensions_purple","WangLiang_LineAndCurveDreams_purple","Human_Monster_Realm_purple","D_absorption_purple"],"picked":"SKIP","floor":42},{"not_picked":["WasteWire_Metro_purple","LoveAcrossDimensions_purple","Mirror_TwoAndThreeElementRealm_purple"],"picked":"Monsters_DoubleDeathButterfly_purple","floor":44},{"not_picked":["Price_of_realm_purpleEX","WasteWire_Metro_purple","D_absorption_purple"],"picked":"ProofOfUnderstanding_purple","floor":45},{"not_picked":["Know_ledgeAbilityRealm_purple","WasteWire_Metro_purple","MagicEyes_LaplaceDemon_purple","UniverseChoice_purple"],"picked":"SKIP","floor":47},{"not_picked":["Computing_the_future_purpleEX","WangLiang_OokamiKakushi_purple","Mirror_TwoAndThreeElementRealm_purple","Theboundaryofcreation_purpleEX"],"picked":"SKIP","floor":55}],"player_experience":31760,"relics_obtained":[{"floor":6.0,"key":"Replay:WaspNest"},{"floor":9.0,"key":"Ornamental Fan"},{"floor":10.0,"key":"AT_LudenTempest"},{"floor":11.0,"key":"Calipers"},{"floor":12.0,"key":"Snack Pack"},{"floor":13.0,"key":"Eternal Feather"},{"floor":14.0,"key":"AT_MibuBalloonWealth"},{"floor":15.0,"key":"Shuriken"},{"floor":22.0,"key":"Antimatter_spacedebris"},{"floor":23.0,"key":"Question Card"},{"floor":24.0,"key":"vexMod:PlasmaPancake"},{"floor":25.0,"key":"Sundial"},{"floor":27.0,"key":"Pondfish Scales"},{"floor":29.0,"key":"REME_HourglassOfDeath"},{"floor":32,"key":"Dead Branch"},{"floor":40,"key":"Girya"},{"floor":42,"key":"Replay:Towering Pillar of Hats"},{"floor":43,"key":"Strawberry"},{"floor":44,"key":"AT_ForceNature"},{"floor":45,"key":"Happy Flower"},{"floor":47,"key":"Nunchaku"},{"floor":55,"key":"Replay:Rubber Ducky"}],"event_choices":[{"damage_healed":0.0,"max_hp_gain":0.0,"max_hp_loss":0.0,"gold_gain":0.0,"event_name":"FaceTrader","player_choice":"Trade","floor":5.0,"gold_loss":0.0,"damage_taken":0.0,"relics_obtained":["FaceOfCleric"]},{"damage_healed":0.0,"max_hp_gain":0.0,"max_hp_loss":0.0,"gold_gain":0.0,"event_name":"Drug Dealer","player_choice":"Inject Mutagens","floor":19.0,"gold_loss":0.0,"damage_taken":0.0,"relics_obtained":["MutagenicStrength"]},{"damage_healed":0,"gold_gain":0,"player_choice":"Memory 3","damage_taken":10,"max_hp_gain":0,"max_hp_loss":0,"event_name":"SensoryStone","floor":37,"gold_loss":0},{"damage_healed":0,"gold_gain":275,"player_choice":"Desecrate","damage_taken":0,"max_hp_gain":0,"max_hp_loss":0,"event_name":"Golden Shrine","floor":39,"gold_loss":0,"cards_obtained":["Regret"]}],"is_beta":false,"boss_relics":[{"not_picked":["Replay:Wanted Poster","Abe\u0027s Treasure"],"picked":"Snecko Heart"},{"not_picked":["ReplayTheSpireMod:DimensionalGlitch","vexMod:RockOfEvil"],"picked":"vexMod:TanglingVine"}],"items_purged_floors":[],"is_endless":false,"potions_floor_spawned":[10,11,12,16,18,24,25,35,40],"ascension_level":20}}