{"host":"cccop0r9ue4xv1s4","time":1608985638,"event":{"mods":["AchievementEnabler","BaseMod","Downfall","Marisa¡]Ãú«B¡@Å]²z¨F¡^","Minty Spire (QoL Compilation)","Quick Restart","Shop Mod","StSLib","SuperFastMode","The Bug Knight","The Cursed","The Servant 0.9.4"],"gold_per_floor":[99999,99999,98966,98966,98989,99028,99053,99053,99079,99079,99099,99143,98452,98496,98496,98626,98626,98639,97892,97892,96984,96984,97017,97017,97042,97042,96386,96411,96411,96424,96437,96437,96539,96539,96559,96613,96630,96640,96640,96640,96144,96172,96195,95244,95258,95278,95297,95307,95307,95307],"floor_reached":51,"playtime":3934,"items_purged":["Strike_S","Defend_S","Replace","FanOfKnives","KidneyShot"],"score":1010,"play_id":"92690e1e-18c7-41ec-a83b-2350045947a1","local_time":"20201226202718","is_ascension_mode":true,"campfire_choices":[{"data":"BestPractice","floor":8.0,"key":"SMITH"},{"data":"TheWorld","floor":15.0,"key":"SMITH"},{"data":"RitualDagger","floor":24.0,"key":"SMITH"},{"data":"KillingDoll","floor":32.0,"key":"SMITH"},{"data":"Luminosity","floor":40,"key":"SMITH"},{"data":"SoulSculpture","floor":49,"key":"SMITH"}],"circlet_count":0,"master_deck":["Exchange","Desolation","Moondial+1","Luminosity+1","BestPractice+1","GearUp","Sabotage","TheWorld+1","FloweringNight+1","SoulSculpture+1","KillingDoll+1","Luminosity+1","Defy","Luminosity+1","Mayhem+1","BottledTime+1","Reset+1","Rearm+1","RitualDagger+1","Barrier+1","BottledTime+1","LightFlow","BottledTime+1","Advance+1","MurderousAura+1","MurderousAura+1","GearUp+1","Dramatic Entrance"],"relics":["Uniform","Bloody Idol","ClockworkSouvenir","Gambling Chip","Strawberry","Lantern","Centennial Puzzle","Question Card","Vajra","Frozen Egg 2","Lee\u0027s Waffle","Mango","Pandora\u0027s Box","Toolbox","Regal Pillow","HollowMod:LifeEnderRelic","Toxic Egg 2","Orichalcum","Orrery","Boot","MealTicket","Omamori","StrikeDummy","OrangePellets","Black Star","CatCart","TheAbacus","Sundial","Bronze Scales","CaptainsWheel","Anchor","InkBottle","HollowMod:StagPassRelic","DollysMirror"],"acts_visited":["Exordium","TheCity","TheBeyond"],"potions_floor_usage":[],"damage_taken":[{"damage":3.0,"enemies":"Jaw Worm","floor":1.0,"turns":4.0},{"damage":0.0,"enemies":"2 Louse","floor":5.0,"turns":2.0},{"damage":0.0,"enemies":"Gremlin Nob","floor":6.0,"turns":4.0},{"damage":0.0,"enemies":"Cultist","floor":7.0,"turns":3.0},{"damage":0.0,"enemies":"Large Slime","floor":11.0,"turns":3.0},{"damage":0.0,"enemies":"HollowMod:MossKnight","floor":12.0,"turns":3.0},{"damage":6.0,"enemies":"Gremlin Nob","floor":14.0,"turns":4.0},{"damage":0.0,"enemies":"Hexaghost","floor":16.0,"turns":6.0},{"damage":5.0,"enemies":"3 Byrds","floor":18.0,"turns":3.0},{"damage":0.0,"enemies":"Gremlin Leader","floor":23.0,"turns":5.0},{"damage":0.0,"enemies":"Centurion and Healer","floor":25.0,"turns":3.0},{"damage":0.0,"enemies":"Snake Plant","floor":28.0,"turns":4.0},{"damage":0.0,"enemies":"3 Cultists","floor":30.0,"turns":4.0},{"damage":0.0,"enemies":"Centurion and Healer","floor":31.0,"turns":4.0},{"damage":0.0,"enemies":"Automaton","floor":33.0,"turns":8.0},{"damage":3.0,"enemies":"3 Darklings","floor":35.0,"turns":3.0},{"damage":0.0,"enemies":"Orin","floor":36.0,"turns":6.0},{"damage":23.0,"enemies":"3 Shapes","floor":37.0,"turns":4.0},{"damage":0,"enemies":"Spire Growth","floor":38,"turns":3},{"damage":0,"enemies":"Giant Head","floor":42,"turns":4},{"damage":0,"enemies":"Maw","floor":45,"turns":5},{"damage":19,"enemies":"Transient","floor":46,"turns":5},{"damage":0,"enemies":"4 Shapes","floor":47,"turns":3},{"damage":0,"enemies":"3 Darklings","floor":48,"turns":3},{"damage":11,"enemies":"Awakened One","floor":50,"turns":7}],"seed_played":"8669431595741518460","potions_obtained":[{"floor":5.0,"key":"ColorlessPotion"},{"floor":11.0,"key":"DuplicationPotion"},{"floor":12.0,"key":"champ:CounterPotion"},{"floor":16.0,"key":"ColorlessPotion"},{"floor":23.0,"key":"DistilledChaos"},{"floor":33.0,"key":"Weak Potion"},{"floor":37.0,"key":"Energy Potion"}],"is_trial":false,"path_per_floor":["M","?","$","?","M","E","M","R","T","?","M","E","$","E","R","B",null,"M","$","?","$","?","E","R","M","T","$","M","?","M","M","R","B",null,"M","?","M","M","?","R","$","E","T","$","M","M","M","M","R","B",null],"character_chosen":"THE_SERVANT","items_purchased":["ClockworkSouvenir","Gambling Chip","Strawberry","Moondial","Fruit Juice","ColorlessPotion","FairyPotion","Luminosity","Vajra","Frozen Egg 2","Lee\u0027s Waffle","ColorlessPotion","Toolbox","Regal Pillow","HollowMod:LifeEnderRelic","Luminosity+1","Toxic Egg 2","Orichalcum","Mayhem+1","Orrery","Omamori","StrikeDummy","OrangePellets","FairyPotion","TheAbacus","Sundial","FairyPotion","InkBottle","HollowMod:StagPassRelic","DollysMirror","GearUp+1","Dramatic Entrance"],"campfire_rested":0,"item_purchase_floors":[3,3,3,3,3,3,3,3,13,13,13,13,19,19,19,19,21,21,21,21,27,27,27,27,41,41,41,44,44,44,44,44],"current_hp_per_floor":[68,66,73,73,78,78,78,78,78,62,62,62,85,93,93,93,99,94,94,94,94,88,88,88,88,88,99,99,99,99,99,99,99,99,99,99,81,86,86,86,99,99,99,99,99,85,90,95,95,84],"gold":95307,"neow_bonus":"TEN_PERCENT_HP_BONUS","is_daily":false,"chose_seed":false,"campfire_upgraded":6,"win_rate":0.0,"timestamp":1608985638,"path_taken":["M","?","$","?","M","E","?","R","T","?","M","E","$","E","R","BOSS","M","$","?","$","?","E","R","M","T","$","M","?","M","M","R","BOSS","M","?","M","M","?","R","$","E","T","$","M","M","M","M","R","BOSS"],"items_purchased_type":["Relic","Relic","Relic","Card","Potion","Potion","Potion","Card","Relic","Relic","Relic","Potion","Relic","Relic","Relic","Card","Relic","Relic","Card","Relic","Relic","Relic","Relic","Potion","Relic","Relic","Potion","Relic","Relic","Relic","Card","Card"],"build_version":"2020-12-22","purchased_purges":5,"victory":true,"max_hp_per_floor":[71,66,73,73,78,78,78,78,78,78,78,78,85,99,99,99,99,99,99,99,99,99,99,99,99,99,99,99,99,99,99,99,99,99,99,99,99,99,99,99,99,99,99,99,99,99,99,99,99,99],"card_choices":[{"not_picked":["Alleviate","Revamp"],"picked":"Desolation","floor":1.0},{"not_picked":["Alleviate","ShatteredReality"],"picked":"BestPractice","floor":5.0},{"not_picked":["Spin","ReturningBlade"],"picked":"GearUp","floor":6.0},{"not_picked":["Rearm","Rewind"],"picked":"Sabotage","floor":7.0},{"not_picked":["Alleviate","FanOfKnives","ShatteredReality"],"picked":"SKIP","floor":11.0},{"not_picked":["Revamp","Moondial","Collapse"],"picked":"SKIP","floor":12.0},{"not_picked":["Unruled","Moonlight","Luminosity+1"],"picked":"TheWorld","floor":14.0},{"not_picked":["Sunlight","Deny","ForgedInTime"],"picked":"FloweringNight+1","floor":16.0},{"not_picked":["Moonlight+1","FastForward","TimeWarp"],"picked":"Defy","floor":18.0},{"not_picked":["Ricochet","Rewind+1","Replace+1"],"picked":"BottledTime+1","floor":21.0},{"not_picked":["FastForward+1","ShatteredReality+1","Defy+1"],"picked":"Reset+1","floor":21.0},{"not_picked":["ShatteredReality","Collapse","Alleviate+1"],"picked":"Rearm+1","floor":21.0},{"not_picked":["Revamp+1","Alleviate+1","Duplication+1"],"picked":"Barrier+1","floor":23.0},{"not_picked":["ShatteredReality","Gouge+1","Alleviate+1"],"picked":"BottledTime+1","floor":25.0},{"not_picked":["Rearm+1","Rewind+1","Shuttle+1","FastForward+1"],"picked":"SKIP","floor":28.0},{"not_picked":["FlawlessForm+1","Unruled","Starlight","Rewind+1"],"picked":"SKIP","floor":30.0},{"not_picked":["Manipulate+1","Collapse","Ricochet","Rewind+1"],"picked":"SKIP","floor":31.0},{"not_picked":["FlawlessForm+1","SoulSculpture","ForgedInTime+1"],"picked":"LightFlow","floor":33.0},{"not_picked":["Unruled","Rewind+1","Defy+1","DoubleEdge"],"picked":"SKIP","floor":35.0},{"not_picked":["Replace+1","Revamp+1","Contraction+1"],"picked":"BottledTime+1","floor":36.0},{"not_picked":["Misdirection+1","FastForward+1","Potential"],"picked":"Advance+1","floor":37.0},{"not_picked":["Spin+1","Potential+1","Snipe"],"picked":"MurderousAura+1","floor":38},{"not_picked":["Hightail+1","ReturningBlade+1","Unruled+1","Misdirection+1"],"picked":"SKIP","floor":42},{"not_picked":["Shuttle+1","GearUp+1","Unruled","Ricochet"],"picked":"SKIP","floor":45},{"not_picked":["RealityMarble+1","Rearm+1","Replace+1","Alleviate+1"],"picked":"SKIP","floor":46},{"not_picked":["Alleviate+1","Advance+1","Defy+1","Rewind+1"],"picked":"SKIP","floor":47},{"not_picked":["Contraction+1","Alleviate+1","ShatteredReality","DoubleEdge"],"picked":"SKIP","floor":48}],"player_experience":310434,"relics_obtained":[{"floor":6.0,"key":"Lantern"},{"floor":9.0,"key":"Centennial Puzzle"},{"floor":12.0,"key":"Question Card"},{"floor":14.0,"key":"Mango"},{"floor":23.0,"key":"Boot"},{"floor":26.0,"key":"MealTicket"},{"floor":36.0,"key":"CatCart"},{"floor":42,"key":"Bronze Scales"},{"floor":42,"key":"CaptainsWheel"},{"floor":43,"key":"Anchor"}],"event_choices":[{"damage_healed":0.0,"max_hp_gain":0.0,"max_hp_loss":5.0,"gold_gain":0.0,"event_name":"Golden Idol","player_choice":"Lose Max HP","floor":2.0,"gold_loss":0.0,"damage_taken":0.0,"relics_obtained":["Golden Idol"]},{"cards_removed":["Strike_S"],"damage_healed":0.0,"max_hp_gain":0.0,"max_hp_loss":0.0,"gold_gain":0.0,"event_name":"Bonfire Elementals","player_choice":"Offered Basic","floor":4.0,"gold_loss":0.0,"damage_taken":0.0},{"damage_healed":0.0,"max_hp_gain":0.0,"max_hp_loss":0.0,"gold_gain":0.0,"event_name":"Shining Light","player_choice":"Entered Light","floor":10.0,"gold_loss":0.0,"damage_taken":16.0,"cards_upgraded":["Defend_S","Moondial"]},{"damage_healed":0.0,"max_hp_gain":0.0,"max_hp_loss":0.0,"gold_gain":0.0,"event_name":"Nest","player_choice":"Joined the Cult","floor":22.0,"gold_loss":0.0,"damage_taken":6.0,"cards_obtained":["RitualDagger"]},{"damage_healed":0.0,"max_hp_gain":0.0,"max_hp_loss":0.0,"gold_gain":0.0,"event_name":"Forgotten Altar","player_choice":"Gave Idol","floor":29.0,"relics_lost":["Golden Idol"],"gold_loss":0.0,"damage_taken":0.0,"relics_obtained":["Bloody Idol"]},{"damage_healed":0.0,"max_hp_gain":0.0,"max_hp_loss":0.0,"gold_gain":0.0,"event_name":"OrinTheCat","player_choice":"Fight","floor":36.0,"gold_loss":0.0,"damage_taken":0.0},{"damage_healed":0,"gold_gain":0,"player_choice":"Memory 1","damage_taken":0,"max_hp_gain":0,"max_hp_loss":0,"event_name":"SensoryStone","floor":39,"gold_loss":0}],"is_beta":false,"boss_relics":[{"not_picked":["Velvet Choker","Runic Pyramid"],"picked":"Pandora\u0027s Box"},{"not_picked":["Tiny House","Sozu"],"picked":"Black Star"}],"items_purged_floors":[3,13,19,21,44],"is_endless":false,"potions_floor_spawned":[5,11,12,16,23,28,33,37,42,45,46,47],"ascension_level":1}}