{"host":"9ndbo4kgsfoemf7y","time":1608947390,"event":{"mods":["AchievementEnabler","BaseMod","Colored Map","DeckTracker","Keyboard Shortcuts","Minty Spire (QoL Compilation)","Permanent Neow","Quick Restart","Relic Stats","StSLib","SuperFastMode"],"gold_per_floor":[118,68,88,163,180,180,180,212,235,235,235],"floor_reached":10,"playtime":308,"items_purged":[],"score":76,"play_id":"846e1234-2e32-4515-accf-7940a607e8ee","local_time":"20201226104950","is_ascension_mode":true,"campfire_choices":[{"data":"Genetic Algorithm","floor":6.0,"key":"SMITH"}],"circlet_count":0,"master_deck":["Strike_B","Strike_B","Strike_B","Strike_B","Defend_B","Defend_B","Defend_B","Zap+1","Dualcast","Conserve Battery","Coolheaded","Genetic Algorithm+1","Hologram"],"relics":["Cracked Core","Pen Nib","Oddly Smooth Stone"],"acts_visited":["Exordium"],"potions_floor_usage":[],"damage_taken":[{"damage":6.0,"enemies":"Small Slimes","floor":1.0,"turns":4.0},{"damage":6.0,"enemies":"2 Louse","floor":3.0,"turns":3.0},{"damage":0.0,"enemies":"Jaw Worm","floor":5.0,"turns":3.0},{"damage":22.0,"enemies":"3 Sentries","floor":8.0,"turns":13.0},{"damage":35,"enemies":"Lagavulin","floor":10,"turns":7}],"seed_played":"6044359034573020053","potions_obtained":[{"floor":1.0,"key":"Fire Potion"},{"floor":5.0,"key":"SpeedPotion"}],"is_trial":false,"path_per_floor":["M","?","M","?","M","R","?","E","T","E"],"character_chosen":"DEFECT","items_purchased":[],"campfire_rested":0,"item_purchase_floors":[],"current_hp_per_floor":[69,69,63,52,52,52,57,35,35,0,0],"gold":235,"neow_bonus":"UPGRADE_CARD","is_daily":false,"chose_seed":false,"campfire_upgraded":1,"win_rate":0.0,"timestamp":1608947390,"path_taken":["M","?","M","?","M","R","?","E","T","E"],"items_purchased_type":[],"build_version":"2020-12-22","purchased_purges":0,"victory":false,"max_hp_per_floor":[75,75,75,75,75,75,80,80,80,80,80],"relic_stats":{"counters":[5,30],"Pen Nib":[0],"obtain_stats":[{"Oddly Smooth Stone":9,"Pen Nib":8,"Cracked Core":0},{"Oddly Smooth Stone":4,"Pen Nib":4,"Cracked Core":0},{"Oddly Smooth Stone":23,"Pen Nib":23,"Cracked Core":0}]},"card_choices":[{"not_picked":["Reinforced Body","Barrage"],"picked":"Conserve Battery","floor":1.0},{"not_picked":["Stack","BootSequence"],"picked":"Coolheaded","floor":3.0},{"not_picked":["Steam","Leap"],"picked":"Genetic Algorithm","floor":5.0},{"not_picked":["Gash","Doom and Gloom"],"picked":"Hologram","floor":8.0}],"player_experience":747104,"relics_obtained":[{"floor":8.0,"key":"Pen Nib"},{"floor":9.0,"key":"Oddly Smooth Stone"}],"event_choices":[{"cards_removed":["Defend_B"],"damage_healed":0.0,"max_hp_gain":0.0,"max_hp_loss":0.0,"gold_gain":0.0,"event_name":"The Cleric","player_choice":"Card Removal","floor":2.0,"gold_loss":50.0,"damage_taken":0.0},{"damage_healed":0.0,"max_hp_gain":0.0,"max_hp_loss":0.0,"gold_gain":75.0,"event_name":"World of Goop","player_choice":"Gather Gold","floor":4.0,"gold_loss":0.0,"damage_taken":11.0},{"damage_healed":0.0,"max_hp_gain":5.0,"max_hp_loss":0.0,"gold_gain":0.0,"event_name":"Big Fish","player_choice":"Donut","floor":7.0,"gold_loss":0.0,"damage_taken":0.0}],"is_beta":false,"boss_relics":[],"items_purged_floors":[],"is_endless":false,"potions_floor_spawned":[1,5],"killed_by":"Lagavulin","ascension_level":3}}