{"host":"uwh382mre4waz4ff","time":1608973181,"event":{"mods":["AchievementEnabler","BaseMod","Better Note","Better Third Choice","BetterRewards","Minty Spire (QoL Compilation)","Quick Restart","Shop Mod","StSLib"],"gold_per_floor":[115,115,115,45,59,59,79,93,93,108,122,72,72,84,84,185,185,198,123,143,43,59,59,87,87,114,114,143,155,172,172,172,277,277,289,289,164,164,14,28,28,28,52,64,105,117,129,155,167,179],"floor_reached":51,"playtime":3501,"items_purged":["Reckless Charge","Combust","Reckless Charge","Flex"],"score":930,"play_id":"81abc95b-8ec3-437a-a8ca-ff686212109a","local_time":"20201226165941","is_ascension_mode":false,"campfire_choices":[{"data":"Rage","floor":6.0,"key":"SMITH"},{"data":"Bash","floor":13.0,"key":"SMITH"},{"data":"1","floor":15.0,"key":"LIFT"},{"data":"2","floor":23,"key":"LIFT"},{"data":"3","floor":27,"key":"LIFT"},{"data":"Rage","floor":32,"key":"SMITH"},{"data":"Feed","floor":41,"key":"SMITH"},{"data":"Dropkick","floor":44,"key":"SMITH"},{"data":"Dropkick","floor":46,"key":"SMITH"},{"data":"Feed","floor":49,"key":"SMITH"}],"circlet_count":0,"master_deck":["Bash+1","Dropkick+1","Rage+1","Feed+1","Dropkick+1","Feed+1","Rage+1","Dual Wield"],"relics":["Burning Blood","Medical Kit","Girya","Pen Nib","Pandora\u0027s Box","Toxic Egg 2","Bag of Marbles","Red Skull","Sozu","MawBank","Ornamental Fan"],"acts_visited":["Exordium","TheCity","TheBeyond"],"potions_floor_usage":[22,24,28,45,50],"damage_taken":[{"damage":8.0,"enemies":"Jaw Worm","floor":1.0,"turns":4.0},{"damage":0.0,"enemies":"2 Louse","floor":5.0,"turns":2.0},{"damage":0.0,"enemies":"Cultist","floor":7.0,"turns":3.0},{"damage":8.0,"enemies":"Lots of Slimes","floor":8.0,"turns":4.0},{"damage":0.0,"enemies":"Blue Slaver","floor":10.0,"turns":2.0},{"damage":6.0,"enemies":"3 Louse","floor":11.0,"turns":3.0},{"damage":13.0,"enemies":"Gremlin Gang","floor":14.0,"turns":4.0},{"damage":9.0,"enemies":"Slime Boss","floor":16.0,"turns":10.0},{"damage":12,"enemies":"Chosen","floor":18,"turns":4},{"damage":32,"enemies":"Spheric Guardian","floor":20,"turns":6},{"damage":19,"enemies":"3 Cultists","floor":22,"turns":6},{"damage":26,"enemies":"Gremlin Leader","floor":24,"turns":5},{"damage":9,"enemies":"Book of Stabbing","floor":28,"turns":3},{"damage":15,"enemies":"Centurion and Healer","floor":29,"turns":4},{"damage":0,"enemies":"Snake Plant","floor":30,"turns":2},{"damage":29,"enemies":"Collector","floor":33,"turns":4},{"damage":21,"enemies":"3 Shapes","floor":35,"turns":3},{"damage":13,"enemies":"3 Darklings","floor":40,"turns":5},{"damage":3,"enemies":"Reptomancer","floor":45,"turns":2},{"damage":0,"enemies":"Maw","floor":48,"turns":5},{"damage":99,"enemies":"Donu and Deca","floor":50,"turns":9}],"seed_played":"4494656438479543470","potions_obtained":[{"floor":7.0,"key":"BlessingOfTheForge"},{"floor":8.0,"key":"Ancient Potion"},{"floor":10.0,"key":"ElixirPotion"},{"floor":16.0,"key":"Weak Potion"},{"floor":18,"key":"Weak Potion"},{"floor":20,"key":"Block Potion"},{"floor":24,"key":"DuplicationPotion"},{"floor":28,"key":"Strength Potion"}],"is_trial":false,"path_per_floor":["M","?","?","$","M","R","M","M","T","M","M","?","R","M","R","B",null,"M","$","M","$","M","R","E","?","T","R","E","M","M","?","R","B",null,"M","?","$","?","$","M","R","?","T","R","E","R","$","M","R","B",null],"character_chosen":"IRONCLAD","items_purchased":["Dropkick","Medical Kit","Rage","Dropkick"],"campfire_rested":0,"item_purchase_floors":[0,0,0,4],"current_hp_per_floor":[32,16,16,16,25,25,31,32,32,41,47,47,47,46,46,49,107,104,104,81,81,77,77,57,57,57,57,54,51,60,60,60,37,131,125,125,125,125,125,118,118,118,118,118,125,125,125,131,131,46],"gold":191,"neow_bonus":"","is_daily":false,"chose_seed":false,"campfire_upgraded":7,"win_rate":0.0,"timestamp":1608973181,"path_taken":["M","?","?","$","M","R","M","M","T","?","?","?","R","M","R","BOSS","M","$","M","$","M","R","E","?","T","R","E","M","?","?","R","BOSS","M","?","$","?","$","M","R","?","T","R","E","R","?","M","R","BOSS"],"items_purchased_type":["Card","Relic","Card","Card"],"build_version":"2020-12-22","purchased_purges":4,"victory":true,"max_hp_per_floor":[80,80,80,80,83,83,83,86,86,89,95,95,95,101,101,107,107,110,110,113,113,122,122,122,122,122,122,122,128,131,131,131,131,131,140,140,140,140,140,140,140,140,140,140,144,144,144,144,144,152],"card_choices":[{"not_picked":["Cleave","True Grit","Warcry"],"picked":"SKIP","floor":1.0},{"not_picked":["Pommel Strike","Armaments","Anger"],"picked":"SKIP","floor":5.0},{"not_picked":["Burning Pact","Whirlwind","Shrug It Off"],"picked":"SKIP","floor":7.0},{"not_picked":["Havoc","Headbutt","Cleave"],"picked":"SKIP","floor":8.0},{"not_picked":["Cleave","Perfected Strike"],"picked":"Feed","floor":10.0},{"not_picked":["Clothesline","Battle Trance","Sentinel"],"picked":"SKIP","floor":11.0},{"not_picked":["Spot Weakness","Seeing Red","Fire Breathing"],"picked":"SKIP","floor":14.0},{"not_picked":["Shrug It Off","Carnage+1","True Grit"],"picked":"SKIP","floor":18},{"not_picked":["Fire Breathing","Dual Wield","Ghostly Armor"],"picked":"SKIP","floor":20},{"not_picked":["Warcry+1","Havoc","Wild Strike"],"picked":"SKIP","floor":22},{"not_picked":["Spot Weakness+1","Wild Strike","Combust+1"],"picked":"SKIP","floor":24},{"not_picked":["Shockwave+1","Flex+1","Wild Strike"],"picked":"SKIP","floor":28},{"not_picked":["Warcry+1","Reckless Charge+1","Clash+1"],"picked":"SKIP","floor":29},{"not_picked":["Thunderclap","Armaments+1","Searing Blow"],"picked":"SKIP","floor":30},{"not_picked":["Rupture","Battle Trance+1","Evolve+1"],"picked":"SKIP","floor":35},{"not_picked":["Reckless Charge","Armaments+1","Wild Strike+1"],"picked":"SKIP","floor":40},{"not_picked":["Anger+1","Bludgeon","Second Wind+1"],"picked":"SKIP","floor":45},{"not_picked":["Sword Boomerang+1","Blood for Blood","Heavy Blade"],"picked":"SKIP","floor":48}],"player_experience":88208,"relics_obtained":[{"floor":9.0,"key":"Pen Nib"},{"floor":24,"key":"Toxic Egg 2"},{"floor":26,"key":"Bag of Marbles"},{"floor":28,"key":"Red Skull"},{"floor":43,"key":"MawBank"},{"floor":45,"key":"Ornamental Fan"}],"event_choices":[{"damage_healed":32.0,"max_hp_gain":0.0,"max_hp_loss":80.0,"gold_gain":0.0,"event_name":"betterThird:BetterShining","player_choice":"Upgrade","floor":2.0,"gold_loss":0.0,"damage_taken":16.0,"cards_upgraded":["Strike_R","Strike_R"]},{"damage_healed":0.0,"max_hp_gain":0.0,"max_hp_loss":0.0,"gold_gain":0.0,"cards_transformed":["Strike_R"],"event_name":"Transmorgrifier","player_choice":"Transformed","floor":3.0,"gold_loss":0.0,"damage_taken":0.0,"cards_obtained":["Feed"]},{"cards_removed":["Defend_R"],"damage_healed":0.0,"max_hp_gain":0.0,"max_hp_loss":0.0,"gold_gain":0.0,"event_name":"The Cleric","player_choice":"Card Removal","floor":12.0,"gold_loss":50.0,"damage_taken":0.0},{"damage_healed":0,"gold_gain":0,"player_choice":"Bought 0 Potions","damage_taken":0,"max_hp_gain":0,"max_hp_loss":0,"event_name":"The Woman in Blue","floor":25,"gold_loss":0},{"cards_removed":["Dark Embrace"],"damage_healed":0,"gold_gain":0,"player_choice":"Give","damage_taken":0,"max_hp_gain":0,"max_hp_loss":0,"event_name":"betterNote:BetterNote","floor":31,"gold_loss":0,"cards_obtained":["Defend_R"]},{"cards_removed":["Dark Embrace"],"damage_healed":0,"gold_gain":0,"player_choice":"Removed Power","damage_taken":0,"max_hp_gain":0,"max_hp_loss":0,"event_name":"Falling","floor":36,"gold_loss":0},{"damage_healed":0,"gold_gain":0,"player_choice":"Ignored","damage_taken":0,"max_hp_gain":0,"max_hp_loss":0,"event_name":"Tomb of Lord Red Mask","floor":38,"gold_loss":0},{"damage_healed":0,"gold_gain":0,"player_choice":"Ignored","damage_taken":0,"max_hp_gain":0,"max_hp_loss":0,"event_name":"Mysterious Sphere","floor":42,"gold_loss":0}],"is_beta":false,"boss_relics":[{"not_picked":["Runic Pyramid","Calling Bell"],"picked":"Pandora\u0027s Box"},{"not_picked":["SlaversCollar","Tiny House"],"picked":"Sozu"}],"items_purged_floors":[19,21,37,39],"is_endless":false,"potions_floor_spawned":[7,8,10,16,18,20,24,28,40,48],"ascension_level":0}}