{"host":"36ls4ricihodphgx","time":1608980293,"event":{"mods":["AchievementEnabler","BaseMod","Colored Map","Downfall","Hermit","HololiveMod","Marisa????????","Minty Spire (QoL Compilation)","Replay The Spire","StSLib","The Animator","The Cursed","The Servant 0.9.4"],"gold_per_floor":[122,122,222,237,266,266,277,304,330,330,341,341,341,359,359,466,466,480,524,535,535,535,535,535,535,535,535,0,0,15,29,29,126,126,140,140,140,156,173,173,198,198,198,198,212,223,233,233,233,233],"floor_reached":51,"playtime":2489,"items_purged":["animator:Assassin"],"score":694,"play_id":"107b9f5d-02fe-48b1-9c56-f15a3a95124c","local_time":"20201226035813","is_ascension_mode":false,"campfire_choices":[{"data":"animator:Kuribayashi","floor":6,"key":"SMITH"},{"data":"animator:Bozes","floor":10,"key":"SMITH"},{"data":"animator:YaoHaDucy","floor":12,"key":"SMITH"},{"data":"animator:TukaLunaMarceau","floor":15,"key":"SMITH"},{"data":"animator:ItamiYouji","floor":23,"key":"SMITH"},{"floor":25,"key":"REST"},{"data":"animator:RoryMercury","floor":29,"key":"SMITH"},{"data":"animator:YaoHaDucy","floor":32,"key":"SMITH"},{"floor":40,"key":"REST"},{"floor":42,"key":"DIG"},{"floor":44,"key":"REST"},{"floor":49,"key":"REST"}],"circlet_count":0,"master_deck":["animator:Strike_GATE+1","animator:Defend_GATE+1","animator:Strike+1","animator:Strike+1","animator:Strike+1","animator:Defend+1","animator:Defend+1","animator:TukaLunaMarceau+1","animator:Kuribayashi+1","animator:YaoHaDucy+1","animator:DwarfShaman","animator:Bozes+1","animator:YaoHaDucy+1","animator:ItamiYouji+1","animator:RoryMercury+1","animator:Arpeggio","animator:NarberalGamma+1","animator:PinaCoLada","animator:NarberalGamma+1"],"relics":["animator:LivingPicture","animator:TheMissingPiece","animator:PurgingStone","Simple Rune","Red Skull","ReplayTheSpireMod:Lightbulb","Painkiller Herb","Ring of Panic","Letter Opener","TungstenRod","War Paint","Philosopher\u0027s Stone","Replay:Multitool","Replay:Wax Seal","Replay:Bottled Flurry","Strawberry"],"acts_visited":["Exordium","TheCity","TheBeyond"],"potions_floor_usage":[16,20,33,46],"damage_taken":[{"damage":3,"enemies":"Jaw Worm","floor":1,"turns":5},{"damage":0,"enemies":"Cultist","floor":4,"turns":3},{"damage":0,"enemies":"2 Louse","floor":5,"turns":2},{"damage":11,"enemies":"Red Slaver","floor":7,"turns":3},{"damage":0,"enemies":"2 Fungi Beasts","floor":11,"turns":2},{"damage":0,"enemies":"Exordium Wildlife","floor":14,"turns":3},{"damage":35,"enemies":"The Guardian","floor":16,"turns":8},{"damage":0,"enemies":"Chosen","floor":18,"turns":3},{"damage":0,"enemies":"3 Byrds","floor":19,"turns":3},{"damage":13,"enemies":"Sentry and Sphere","floor":20,"turns":4},{"damage":0,"enemies":"Snake Plant","floor":30,"turns":3},{"damage":0,"enemies":"Snecko","floor":31,"turns":2},{"damage":1,"enemies":"Champ","floor":33,"turns":5},{"damage":12,"enemies":"3 Shapes","floor":35,"turns":3},{"damage":4,"enemies":"Orb Walker","floor":38,"turns":3},{"damage":13,"enemies":"Writhing Mass","floor":39,"turns":3},{"damage":18,"enemies":"Nemesis","floor":41,"turns":5},{"damage":0,"enemies":"Transient","floor":45,"turns":5},{"damage":0,"enemies":"Spire Growth","floor":46,"turns":3},{"damage":21,"enemies":"Maw","floor":47,"turns":4},{"damage":64,"enemies":"Awakened One","floor":50,"turns":8}],"seed_played":"-8806466009515177231","potions_obtained":[{"floor":4,"key":"FairyPotion"},{"floor":7,"key":"sneckomod:MuddlingPotion"},{"floor":14,"key":"Energy Potion"},{"floor":18,"key":"SkillPotion"},{"floor":30,"key":"ColorlessPotion"},{"floor":35,"key":"AttackPotion"}],"is_trial":false,"path_per_floor":["M","?","?","M","M","R","M","T","T","R","M","R","?","M","R","B",null,"?","?","?","?","?","T","?","T","T","?","T","T","?","?","T","B",null,"?","T","?","?","?","T","E","T","T","T","?","?","?","T","T","B",null],"character_chosen":"THE_ANIMATOR","items_purchased":["TungstenRod","War Paint"],"campfire_rested":4,"item_purchase_floors":[28,28],"current_hp_per_floor":[63,56,56,56,56,56,46,46,46,46,46,46,46,46,46,11,67,68,68,55,55,55,55,43,64,64,64,64,64,64,64,64,65,75,63,63,63,59,46,68,50,50,50,72,72,72,51,58,82,18],"gold":233,"neow_bonus":"RANDOM_COMMON_RELIC","is_daily":false,"chose_seed":false,"campfire_upgraded":7,"win_rate":0.0,"timestamp":1608980293,"path_taken":["M","?","?","M","M","R","?","?","T","R","M","R","?","?","R","BOSS","?","?","?","?","?","T","?","T","T","?","?","T","?","?","T","BOSS","?","T","?","?","?","T","E","T","T","T","?","?","?","?","T","BOSS"],"items_purchased_type":["Relic","Relic"],"build_version":"2020-12-22","purchased_purges":1,"victory":true,"max_hp_per_floor":[66,66,66,66,66,66,67,67,67,67,67,67,67,67,67,67,67,68,68,68,68,68,68,73,73,73,73,73,73,73,73,73,75,75,75,75,75,75,75,75,75,75,75,75,75,75,75,82,82,82],"card_choices":[{"not_picked":["animator:PandorasActor","animator:Azekura"],"picked":"animator:YaoHaDucy","floor":1},{"not_picked":["animator:Emonzaemon","animator:Eris","animator:Assassin"],"picked":"SKIP","floor":4},{"not_picked":["animator:Berserker","animator:EmiyaShirou"],"picked":"animator:DwarfShaman","floor":5},{"not_picked":["animator:TukaLunaMarceau","animator:Tyuule"],"picked":"animator:Bozes","floor":7},{"not_picked":["animator:Kazuma","animator:GazelDwargon","animator:Priestess"],"picked":"SKIP","floor":11},{"not_picked":["animator:Mitsurugi","animator:TukaLunaMarceau"],"picked":"animator:YaoHaDucy","floor":14},{"not_picked":["animator:HomuraAkemi","animator:Guren"],"picked":"animator:ItamiYouji","floor":16},{"not_picked":["animator:Shuna","animator:Kuribayashi"],"picked":"animator:RoryMercury","floor":18},{"not_picked":["animator:Tyuule","animator:TukaLunaMarceau"],"picked":"animator:Arpeggio","floor":19},{"not_picked":["animator:Vanir","animator:HiiragiShinya","animator:Illya+1"],"picked":"SKIP","floor":20},{"not_picked":["animator:Nanami","animator:CrowleyEusford","animator:Millim"],"picked":"SKIP","floor":30},{"not_picked":["animator:Rider","animator:Mitsurugi","animator:Tyuule"],"picked":"SKIP","floor":31},{"not_picked":["animator:HigakiRinne","animator:Gilgamesh"],"picked":"animator:PinaCoLada","floor":33},{"not_picked":["animator:Berserker+1","animator:EmiyaShirou","animator:Kuribayashi+1"],"picked":"SKIP","floor":38},{"not_picked":["animator:LeleiLaLalena","animator:YaoHaDucy+1","animator:YunYun+1"],"picked":"SKIP","floor":39},{"not_picked":["animator:Azekura","animator:Evileye"],"picked":"animator:NarberalGamma+1","floor":41},{"not_picked":["animator:Togame","animator:Mitsuba+1","animator:Alexander+1"],"picked":"SKIP","floor":46},{"not_picked":["animator:Yuuichirou","animator:LizardPriest+1","animator:Hitei"],"picked":"SKIP","floor":47}],"player_experience":22535,"relics_obtained":[{"floor":8,"key":"Red Skull"},{"floor":9,"key":"ReplayTheSpireMod:Lightbulb"},{"floor":22,"key":"Ring of Panic"},{"floor":26,"key":"Letter Opener"},{"floor":41,"key":"Replay:Multitool"},{"floor":42,"key":"Replay:Wax Seal"},{"floor":43,"key":"Replay:Bottled Flurry"},{"floor":48,"key":"Strawberry"}],"event_choices":[{"cards_removed":["animator:Defend"],"damage_healed":0,"gold_gain":0,"player_choice":"Card Removal","damage_taken":7,"max_hp_gain":0,"max_hp_loss":0,"event_name":"Golden Wing","floor":2,"gold_loss":0},{"damage_healed":0,"gold_gain":100,"player_choice":"Gold","damage_taken":0,"max_hp_gain":0,"max_hp_loss":0,"event_name":"Wheel of Change","floor":3,"gold_loss":0},{"damage_healed":0,"gold_gain":0,"player_choice":"1 cards matched","damage_taken":0,"max_hp_gain":0,"max_hp_loss":0,"event_name":"Match and Keep!","floor":13,"gold_loss":0,"cards_obtained":["animator:Assassin"]},{"damage_healed":0,"gold_gain":0,"player_choice":"Read","damage_taken":0,"max_hp_gain":0,"max_hp_loss":0,"event_name":"The Library","floor":21,"gold_loss":0,"cards_obtained":["animator:NarberalGamma"]},{"damage_healed":0,"gold_gain":0,"player_choice":"Shed Blood","damage_taken":17,"max_hp_gain":5,"max_hp_loss":0,"event_name":"Forgotten Altar","floor":24,"gold_loss":0},{"damage_healed":0,"gold_gain":0,"player_choice":"Simplicity","damage_taken":0,"max_hp_gain":0,"max_hp_loss":0,"event_name":"Back to Basics","floor":27,"gold_loss":0,"cards_upgraded":["animator:Strike_GATE","animator:Defend_GATE","animator:Strike","animator:Strike","animator:Defend"]}],"is_beta":false,"boss_relics":[{"not_picked":["Ectoplasm","SacredBark"],"picked":"Painkiller Herb"},{"not_picked":["animator:CursedBlade","Ring of Chaos"],"picked":"Philosopher\u0027s Stone"}],"items_purged_floors":[28],"is_endless":false,"potions_floor_spawned":[4,7,14,18,30,31,35,41,45],"ascension_level":0}}