{"host":"ujb8ojs2m8j2cdlp","time":1608951856,"event":{"mods":["AchievementEnabler","BaseMod","Bestiary","Colored Map","Colored Powertips","Minty Spire (QoL Compilation)","Relic Stats","ojb\u0027s Better Paths Mod","ojb\u0027s Info Mod"],"gold_per_floor":[162,175,175,175,195,229,289,324,324,324,351,351,351,362,362,439,439,451,451,467,467,467,467,10,10,33,45,80,44,57,92,92,170,170,180,140,81,92,110,139,139,171,224,259,272,287,317,330,330,330,330,330],"floor_reached":51,"playtime":9220,"items_purged":["Writhe"],"score":1726,"play_id":"48aed220-492c-4698-b48f-bd903cd70c0f","local_time":"20201225190416","is_ascension_mode":true,"campfire_choices":[{"floor":10.0,"key":"REST"},{"data":"Deadly Poison","floor":12.0,"key":"SMITH"},{"data":"Noxious Fumes","floor":15.0,"key":"SMITH"},{"data":"Catalyst","floor":23.0,"key":"SMITH"},{"data":"Well Laid Plans","floor":32.0,"key":"SMITH"},{"floor":41.0,"key":"REST"},{"floor":49.0,"key":"RECALL"}],"circlet_count":0,"master_deck":["AscendersBane","Survivor","Neutralize","Blade Dance","Sucker Punch+1","Backstab","Crippling Poison","Blade Dance","Acrobatics+1","Deadly Poison+1","Noxious Fumes+1","Night Terror+1","Riddle With Holes","PiercingWail","Catalyst+1","Bouncing Flask","Backflip","Backflip","Dagger Spray+1","Phantasmal Killer","Well Laid Plans+1","Backflip","Venomology","Leg Sweep","Bane","Dodge and Roll","Bouncing Flask","Dash","After Image","Dagger Spray","PiercingWail","Crippling Poison+1","Backflip","After Image","Outmaneuver+1","Backflip","Backflip"],"relics":["Tiny House","Ornamental Fan","Art of War","Mercury Hourglass","Lantern","FaceOfCleric","Runic Dome","Boot","War Paint","Lee\u0027s Waffle","Blood Vial","Ginger","Pandora\u0027s Box","Whetstone","Gambling Chip","Omamori","Lizard Tail","Ancient Tea Set"],"acts_visited":["TheCity","TheBeyond"],"potions_floor_usage":[51,51],"damage_taken":[{"damage":5.0,"enemies":"Jaw Worm","floor":1.0,"turns":3.0},{"damage":0.0,"enemies":"Small Slimes","floor":2.0,"turns":4.0},{"damage":0.0,"enemies":"2 Louse","floor":5.0,"turns":3.0},{"damage":50.0,"enemies":"Gremlin Nob","floor":6.0,"turns":5.0},{"damage":4.0,"enemies":"3 Sentries","floor":8.0,"turns":10.0},{"damage":0.0,"enemies":"2 Fungi Beasts","floor":14.0,"turns":2.0},{"damage":11.0,"enemies":"Hexaghost","floor":16.0,"turns":8.0},{"damage":9.0,"enemies":"Shell Parasite","floor":18.0,"turns":4.0},{"damage":9.0,"enemies":"Chosen","floor":20.0,"turns":3.0},{"damage":3.0,"enemies":"Snake Plant","floor":27.0,"turns":3.0},{"damage":25.0,"enemies":"Slavers","floor":28.0,"turns":4.0},{"damage":0.0,"enemies":"3 Cultists","floor":30.0,"turns":4.0},{"damage":32.0,"enemies":"Book of Stabbing","floor":31.0,"turns":4.0},{"damage":9.0,"enemies":"Champ","floor":33.0,"turns":4.0},{"damage":3.0,"enemies":"Orb Walker","floor":35.0,"turns":3.0},{"damage":7.0,"enemies":"3 Shapes","floor":38.0,"turns":9.0},{"damage":0.0,"enemies":"Transient","floor":39.0,"turns":6.0},{"damage":35.0,"enemies":"Giant Head","floor":40.0,"turns":6.0},{"damage":56.0,"enemies":"Reptomancer","floor":42.0,"turns":5.0},{"damage":0.0,"enemies":"Giant Head","floor":44.0,"turns":4.0},{"damage":6.0,"enemies":"Sphere and 2 Shapes","floor":45.0,"turns":4.0},{"damage":2.0,"enemies":"Maw","floor":46.0,"turns":5.0},{"damage":24.0,"enemies":"Nemesis","floor":47.0,"turns":5.0},{"damage":0.0,"enemies":"4 Shapes","floor":48.0,"turns":4.0},{"damage":26.0,"enemies":"Donu and Deca","floor":50.0,"turns":11.0},{"damage":52,"enemies":"Awakened One","floor":51,"turns":9}],"seed_played":"-2616315195261606928","potions_obtained":[{"floor":0.0,"key":"PowerPotion"},{"floor":6.0,"key":"FearPotion"},{"floor":8.0,"key":"AttackPotion"},{"floor":20.0,"key":"Block Potion"},{"floor":28.0,"key":"PowerPotion"},{"floor":36.0,"key":"GhostInAJar"},{"floor":36.0,"key":"LiquidMemories"},{"floor":39.0,"key":"Fruit Juice"},{"floor":40.0,"key":"Weak Potion"},{"floor":42.0,"key":"PowerPotion"},{"floor":47.0,"key":"SkillPotion"}],"is_trial":false,"path_per_floor":["M","M","?","?","M","E","?","E","T","R","T","R","?","M","R","B",null,"M","?","M","?","?","R","$","?","T","M","E","$","M","E","R","B",null,"M","?","$","M","M","E","R","E","T","E","M","M","E","M","R","B","B"],"character_chosen":"THE_SILENT","items_purchased":["War Paint","Backflip","Lee\u0027s Waffle","Well Laid Plans","PiercingWail"],"campfire_rested":2,"item_purchase_floors":[24,24,24,29,37],"current_hp_per_floor":[59,59,64,64,64,14,14,10,10,32,32,32,32,33,33,23,64,56,56,48,48,48,48,87,87,87,85,61,61,64,35,35,29,76,76,76,76,72,75,48,78,25,25,28,25,26,5,8,8,43,0,0],"gold":330,"neow_bonus":"BOSS_RELIC","is_daily":false,"chose_seed":false,"campfire_upgraded":4,"win_rate":0.0,"timestamp":1608951856,"path_taken":["M","M","?","?","M","E","?","E","T","R","?","R","?","?","R","BOSS","M","?","M","?","?","R","$","?","T","M","E","?","M","E","R","BOSS","BOSS","M","?","?","?","M","E","R","E","T","E","M","M","E","M","R","BOSS","BOSS"],"items_purchased_type":["Relic","Card","Relic","Card","Card"],"build_version":"2020-12-22","purchased_purges":1,"victory":false,"max_hp_per_floor":[71,71,76,76,76,76,76,76,76,76,76,76,76,77,77,78,78,79,79,80,80,80,80,87,87,87,88,89,89,90,91,91,92,92,93,93,93,94,95,101,101,102,102,103,104,105,106,107,107,108,108,108],"relic_stats":{"Lee\u0027s Waffle":39,"counters":[26,131],"Ginger":[10],"Whetstone":["Sucker Punch","Dagger Spray"],"War Paint":["Night Terror","Acrobatics"],"Boot":[154],"Mercury Hourglass":[392],"Blood Vial":30,"Lizard Tail":53,"FaceOfCleric":20,"Ornamental Fan":[184],"Gambling Chip":[15],"Pandora\u0027s Box":["Leg Sweep","Bane","Dodge and Roll","Bouncing Flask","Dash","After Image","Dagger Spray"],"Art of War":[35],"obtain_stats":[{"Lantern":11,"Lee\u0027s Waffle":24,"Tiny House":0,"Omamori":43,"Ginger":31,"Whetstone":40,"War Paint":24,"Boot":21,"Ancient Tea Set":47,"Mercury Hourglass":9,"Blood Vial":28,"Runic Dome":17,"Lizard Tail":44,"FaceOfCleric":13,"Ornamental Fan":6,"Gambling Chip":42,"Pandora\u0027s Box":34,"Art of War":8,"Ring of the Snake":0},{"Lantern":5,"Lee\u0027s Waffle":9,"Tiny House":0,"Omamori":19,"Ginger":13,"Whetstone":18,"War Paint":9,"Boot":9,"Ancient Tea Set":23,"Mercury Hourglass":5,"Blood Vial":11,"Runic Dome":7,"Lizard Tail":20,"FaceOfCleric":5,"Ornamental Fan":4,"Gambling Chip":19,"Pandora\u0027s Box":14,"Art of War":5,"Ring of the Snake":0},{"Lantern":25,"Lee\u0027s Waffle":42,"Tiny House":0,"Omamori":89,"Ginger":56,"Whetstone":84,"War Paint":42,"Boot":42,"Ancient Tea Set":107,"Mercury Hourglass":25,"Blood Vial":49,"Runic Dome":35,"Lizard Tail":93,"FaceOfCleric":25,"Ornamental Fan":15,"Gambling Chip":89,"Pandora\u0027s Box":60,"Art of War":25,"Ring of the Snake":0}]},"card_choices":[{"not_picked":["Bane","Flying Knee"],"picked":"Blade Dance","floor":0.0},{"not_picked":["Acrobatics","Backflip"],"picked":"Sucker Punch","floor":1.0},{"not_picked":["Slice","Flechettes"],"picked":"Backstab","floor":2.0},{"not_picked":["Flying Knee","Quick Slash"],"picked":"Blade Dance","floor":5.0},{"not_picked":["Eviscerate","Outmaneuver"],"picked":"Acrobatics","floor":6.0},{"not_picked":["Predator","PiercingWail"],"picked":"Deadly Poison","floor":8.0},{"not_picked":["Backflip","Sucker Punch"],"picked":"Noxious Fumes","floor":14.0},{"not_picked":["Tools of the Trade","Unload"],"picked":"Night Terror","floor":16.0},{"not_picked":["Quick Slash","Sucker Punch"],"picked":"Riddle With Holes","floor":18.0},{"not_picked":["Endless Agony+1","Backflip"],"picked":"Bouncing Flask","floor":20.0},{"not_picked":["Heel Hook","Deflect"],"picked":"Dagger Spray","floor":27.0},{"not_picked":["Flying Knee","Reflex"],"picked":"Phantasmal Killer","floor":28.0},{"not_picked":["Outmaneuver","Predator"],"picked":"Backflip","floor":30.0},{"not_picked":["Deflect","Escape Plan","Poisoned Stab"],"picked":"SKIP","floor":31.0},{"not_picked":["Storm of Steel","Envenom"],"picked":"Venomology","floor":33.0},{"not_picked":["Noxious Fumes","Bane","Deadly Poison"],"picked":"SKIP","floor":35.0},{"not_picked":["Prepared+1","Terror"],"picked":"Crippling Poison+1","floor":38.0},{"not_picked":["Dagger Spray","Dodge and Roll","Choke"],"picked":"SKIP","floor":39.0},{"not_picked":["Slice","Dagger Throw"],"picked":"Backflip","floor":40.0},{"not_picked":["All Out Attack","Sucker Punch"],"picked":"After Image","floor":42.0},{"not_picked":["Slice+1","PiercingWail+1"],"picked":"Outmaneuver+1","floor":44.0},{"not_picked":["Outmaneuver","Deadly Poison","Dagger Throw"],"picked":"SKIP","floor":45.0},{"not_picked":["Phantasmal Killer","Escape Plan","Slice+1"],"picked":"SKIP","floor":46.0},{"not_picked":["Dagger Spray","Tactician"],"picked":"Backflip","floor":47.0},{"not_picked":["Deadly Poison+1","Flying Knee+1"],"picked":"Backflip","floor":48.0}],"player_experience":64651,"relics_obtained":[{"floor":6.0,"key":"Ornamental Fan"},{"floor":8.0,"key":"Art of War"},{"floor":9.0,"key":"Mercury Hourglass"},{"floor":11.0,"key":"Lantern"},{"floor":28.0,"key":"Blood Vial"},{"floor":31.0,"key":"Ginger"},{"floor":40.0,"key":"Whetstone"},{"floor":42.0,"key":"Gambling Chip"},{"floor":43.0,"key":"Omamori"},{"floor":44.0,"key":"Lizard Tail"},{"floor":47.0,"key":"Ancient Tea Set"}],"event_choices":[{"damage_healed":0.0,"max_hp_gain":5.0,"max_hp_loss":0.0,"gold_gain":0.0,"event_name":"Big Fish","player_choice":"Donut","floor":3.0,"gold_loss":0.0,"damage_taken":0.0},{"damage_healed":0.0,"max_hp_gain":0.0,"max_hp_loss":0.0,"gold_gain":0.0,"cards_transformed":["Strike_G"],"event_name":"Living Wall","player_choice":"Change","floor":4.0,"gold_loss":0.0,"damage_taken":0.0,"cards_obtained":["Crippling Poison"]},{"damage_healed":0.0,"max_hp_gain":0.0,"max_hp_loss":0.0,"gold_gain":60.0,"event_name":"Golden Wing","player_choice":"Gained Gold","floor":7.0,"gold_loss":0.0,"damage_taken":0.0},{"damage_healed":0.0,"max_hp_gain":0.0,"max_hp_loss":0.0,"gold_gain":0.0,"event_name":"FaceTrader","player_choice":"Trade","floor":13.0,"gold_loss":0.0,"damage_taken":0.0,"relics_obtained":["FaceOfCleric"]},{"damage_healed":0.0,"max_hp_gain":0.0,"max_hp_loss":0.0,"gold_gain":0.0,"cards_transformed":["Strike_G","Strike_G"],"event_name":"Drug Dealer","player_choice":"Became Test Subject","floor":19.0,"gold_loss":0.0,"damage_taken":0.0,"cards_obtained":["PiercingWail","Catalyst"]},{"damage_healed":0.0,"max_hp_gain":0.0,"max_hp_loss":0.0,"gold_gain":0.0,"event_name":"The Mausoleum","player_choice":"Opened","floor":21.0,"gold_loss":0.0,"damage_taken":0.0,"relics_obtained":["Boot"],"cards_obtained":["Writhe"]},{"damage_healed":0.0,"max_hp_gain":0.0,"max_hp_loss":0.0,"gold_gain":0.0,"event_name":"The Library","player_choice":"Read","floor":22.0,"gold_loss":0.0,"damage_taken":0.0,"cards_obtained":["Backflip"]},{"damage_healed":0.0,"max_hp_gain":0.0,"max_hp_loss":0.0,"gold_gain":0.0,"event_name":"Vampires","player_choice":"Ignored","floor":25.0,"gold_loss":0.0,"damage_taken":0.0},{"damage_healed":0.0,"max_hp_gain":0.0,"max_hp_loss":0.0,"gold_gain":0.0,"event_name":"The Woman in Blue","player_choice":"Bought 3 Potions","floor":36.0,"gold_loss":0.0,"damage_taken":0.0}],"is_beta":false,"boss_relics":[{"not_picked":["Calling Bell","SacredBark"],"picked":"Runic Dome"},{"not_picked":["Philosopher\u0027s Stone","Velvet Choker"],"picked":"Pandora\u0027s Box"}],"items_purged_floors":[24],"is_endless":false,"potions_floor_spawned":[6,8,20,28,33,39,40,42,45,47],"killed_by":"Awakened One","ascension_level":20}}