{"host":"no7lpkw32q9rsjhi","time":1608970493,"event":{"mods":["BaseMod","Colored Map","Infinite Spire","Minty Spire (QoL Compilation)","Replay The Spire","StSLib","The Animator","The Hierophant"],"gold_per_floor":[142,142,157,157,176,176,189,98,124,144,154,200,200,230,230,327,327,313,313,324,324,339,356,356,375,375,390,435,435,490,510,510,617,642,655,655,179,179,190,268,268,461,486,511,511,553,153,237,237,344,369,375,402,417,430,430,430,430,518,566,641,647,646,658,694,694,748,773,788,299,299,53,78,146,140,140,165,161,171,215,269,265,265,328,378,401,435,457,457,63,63,51,53,78,80,137,119,122,119,119,181,206,222,222,241,241,254,269,289,304,352,352,379,412,412,520,520,585,610,639,464,508,542,579,64,64,64,135,75,149,248,276,276,368,368,368,461,486,529,568,98,54,54,64,64,135,236,310,8,12,12,24,24,122,197,197,197,197,270,324],"floor_reached":161,"playtime":13544,"items_purged":["animator:Rider","animator:Defend_NoGameNoLife","animator:ShinjiMatou","animator:Defend_FullmetalAlchemist","animator:Defend_Konosuba","animator:Strike_OnePunchMan","animator:Defend_Konosuba","animator:LeleiLaLalena+1","animator:Defend_OnePunchMan"],"score":4495,"play_id":"7881c220-96ad-4d97-800e-54da1adabded","local_time":"20201226031453","is_ascension_mode":false,"campfire_choices":[{"floor":6,"key":"RECALL"},{"floor":13,"key":"REST"},{"data":"1","floor":15,"key":"LIFT"},{"floor":29,"key":"REST"},{"floor":32,"key":"REST"},{"floor":45,"key":"REST"},{"floor":49,"key":"REST"},{"floor":58,"key":"REST"},{"data":"2","floor":66,"key":"LIFT"},{"data":"3","floor":83,"key":"LIFT"},{"data":"animator:Darkness","floor":91,"key":"SMITH"},{"data":"animator:HigakiRinne","floor":112,"key":"SMITH"},{"data":"infinitespire:Punishment","floor":117,"key":"SMITH"},{"data":"infinitespire:Gouge","floor":136,"key":"SMITH"},{"data":"animator:Lancer","floor":136,"key":"SMITH"},{"data":"animator:Hans","floor":145,"key":"SMITH"},{"data":"animator:Hans","floor":145,"key":"SMITH"},{"data":"animator:Hans","floor":153,"key":"SMITH"},{"data":"animator:Darkness","floor":153,"key":"SMITH"},{"data":"animator:Shinoa","floor":156,"key":"SMITH"},{"data":"animator:Darkness","floor":156,"key":"SMITH"}],"circlet_count":0,"master_deck":["animator:Strike_Konosuba","animator:Kazuma","animator:Aqua+1","animator:Hans+1","animator:ShinjiMatou","animator:Darkness+1","animator:Shinoa","animator:Aqua","animator:Darkness+1","animator:Megumin+14","animator:HigakiRinne+1","animator:Raven+1","animator:Shinoa+1","ReplayTheSpireMod:Chaos Vortex","infinitespire:Gouge+1","animator:Lancer+1","animator:OrikoMikuni","animator:Hans+1","animator:Shigure","animator:Gilgamesh+52","animator:Mitsuba","animator:Mitsuba","animator:PinaCoLada","ReplayTheSpireMod:Chaos Vortex","animator:Kuribayashi+1","animator:Zero","animator:RinTohsaka+1","animator:EmiyaShirou+1","animator:Assassin+1","animator:Hans+1","animator:Archer","animator:Archer","animator:Gillette","animator:Bozes","animator:ShinjiMatou+1","animator:Tyuule+1","animator:Tyuule+1","animator:Mitsurugi","animator:AcuraShin","animator:ChaikaBohdan","animator:Tyuule+1","animator:Emonzaemon","animator:ShinjiMatou+1","animator:YaoHaDucy","animator:Biyorigo","animator:Nanami+1","animator:Ara","animator:Shinoa+1","animator:HigakiRinne+1","animator:NagisaMomoe+1","animator:Aqua+1","animator:PinaCoLada","animator:Raven+1","animator:KyokoSakura+1","animator:Laby","animator:Layla+1","animator:Mikaela","animator:Layla","infinitespire:Punishment+1","animator:TsurugaMeisai+1","animator:Eris+1","animator:Raven","animator:Darkness+1","ReplayTheSpireMod:Haul+1","animator:Eve","animator:Kuribayashi+1","animator:Kira+1","animator:Darkness+1","animator:SakuraMatou+1","animator:Darkness","animator:Darkness","animator:Guren+1"],"relics":["animator:LivingPicture","animator:TheMissingPiece","Lantern","Girya","Ancient Tea Set","animator:HolyGrailRelic","Enchiridion","Replay:Towering Pillar of Hats","Replay:Baseball","MealTicket","Black Star","Mummified Hand","TheAbacus","Replay:Mystery Machine","Vajra","Quantum Egg","infinitespire:Midas Blood","infinitespire:WardingShard","Chameleon Ring","CaptainsWheel","Philosopher\u0027s Stone","Bloody Idol","Toxic Egg 2","infinitespire:Broken Mirror","infinitespire:Satchel","Toy Ornithopter","animator:HallowedScabbard","Odd Mushroom","Replay:Bronze Core","infinitespire:FocusingShard","BargainBundle","Replay:WaspNest","MutagenicStrength","animator:Buoy","Thread and Needle","Eternal Feather","Red Mask","animator:WizardHat","Replay:Ringing Soul","Coffee Dripper","infinitespire:EvilPickle","Iron Hammer","Unceasing Top","animator:ShionDessert","ReplayTheSpireMod:TigerMarble","animator:CursedBlade","Replay:Bottled Flurry","Torii","Oddly Smooth Stone","infinitespire:Beetle Shell","Strawberry","Busted Crown","Mercury Hourglass","Replay:Rubber Ducky","Bottled Flame","Pet Ghost","Bag of Marbles","ChewingGum","Replay:Arrowhead","Paper Frog","Runic Dome","Juzu Bracelet","infinitespire:PuzzleCube","Matryoshka","InkBottle","Du-Vu Doll","Tiny House","Golden Egg","Blue Doll"],"acts_visited":["Exordium","TheCity","TheBeyond","Exordium","TheCity","TheBeyond","Exordium","TheCity","TheBeyond","TheEnding"],"potions_floor_usage":[3,5,12,12,12,12,12,22,22,33,33,35,50,67,78,101,101,101,118,118,160,160,160],"damage_taken":[{"damage":0,"enemies":"Jaw Worm","floor":1,"turns":8},{"damage":5,"enemies":"infinitespire:Voidling","floor":3,"turns":5},{"damage":0,"enemies":"Cultist","floor":5,"turns":6},{"damage":12,"enemies":"2 Fungi Beasts","floor":7,"turns":5},{"damage":6,"enemies":"Large Slime","floor":10,"turns":9},{"damage":0,"enemies":"Blue Slaver","floor":11,"turns":9},{"damage":24,"enemies":"Gremlin Nob","floor":12,"turns":3},{"damage":2,"enemies":"Lagavulin","floor":14,"turns":7},{"damage":3,"enemies":"Fading Forest","floor":16,"turns":11},{"damage":24,"enemies":"2 Thieves","floor":18,"turns":4},{"damage":1,"enemies":"Shell Parasite","floor":20,"turns":6},{"damage":0,"enemies":"Cultist and Chosen","floor":22,"turns":7},{"damage":12,"enemies":"Chosen and Byrds","floor":23,"turns":9},{"damage":11,"enemies":"Sentry and Sphere","floor":25,"turns":4},{"damage":0,"enemies":"Cultist and Chosen","floor":27,"turns":6},{"damage":4,"enemies":"Nightmare","floor":28,"turns":9},{"damage":0,"enemies":"animator:HornedBat","floor":30,"turns":9},{"damage":9,"enemies":"Chosen and Byrds","floor":31,"turns":5},{"damage":48,"enemies":"Collector","floor":33,"turns":10},{"damage":5,"enemies":"Orb Walker","floor":35,"turns":5},{"damage":10,"enemies":"3 Darklings","floor":39,"turns":7},{"damage":26,"enemies":"Nemesis","floor":40,"turns":9},{"damage":7,"enemies":"Transient","floor":46,"turns":5},{"damage":11,"enemies":"Reptomancer","floor":48,"turns":10},{"damage":57,"enemies":"Awakened One","floor":50,"turns":11},{"damage":0,"enemies":"2 Louse","floor":52,"turns":2},{"damage":25,"enemies":"Small Slimes","floor":54,"turns":3},{"damage":0,"enemies":"Cultist","floor":55,"turns":2},{"damage":0,"enemies":"Gremlin Nob","floor":59,"turns":2},{"damage":5,"enemies":"3 Sentries","floor":61,"turns":3},{"damage":0,"enemies":"3 Louse","floor":62,"turns":2},{"damage":0,"enemies":"2 Fungi Beasts","floor":63,"turns":3},{"damage":0,"enemies":"Blue Slaver","floor":64,"turns":2},{"damage":6,"enemies":"The Mushroom Lair","floor":65,"turns":3},{"damage":0,"enemies":"Fading Forest","floor":67,"turns":11},{"damage":0,"enemies":"Spheric Guardian","floor":69,"turns":2},{"damage":0,"enemies":"3 Byrds","floor":71,"turns":4},{"damage":4,"enemies":"Replay:Snechameleon","floor":74,"turns":3},{"damage":0,"enemies":"3 Cultists","floor":75,"turns":3},{"damage":9,"enemies":"Centurion and Healer","floor":78,"turns":4},{"damage":0,"enemies":"Cultist and Chosen","floor":79,"turns":4},{"damage":0,"enemies":"Masked Bandits","floor":80,"turns":3},{"damage":15,"enemies":"Gremlin Leader","floor":81,"turns":4},{"damage":0,"enemies":"Shelled Parasite and Fungi","floor":82,"turns":3},{"damage":0,"enemies":"Pondfish","floor":84,"turns":6},{"damage":0,"enemies":"3 Darklings","floor":86,"turns":2},{"damage":0,"enemies":"3 Shapes","floor":87,"turns":2},{"damage":19,"enemies":"Writhing Mass","floor":88,"turns":3},{"damage":0,"enemies":"Spire Growth","floor":92,"turns":4},{"damage":0,"enemies":"Jaw Worm Horde","floor":95,"turns":3},{"damage":0,"enemies":"R_Hoarder","floor":96,"turns":4},{"damage":0,"enemies":"Transient","floor":97,"turns":5},{"damage":0,"enemies":"3 Darklings","floor":98,"turns":3},{"damage":0,"enemies":"Spire Growth","floor":99,"turns":3},{"damage":8,"enemies":"Replay:Hell Engine","floor":101,"turns":6},{"damage":0,"enemies":"Cultist","floor":103,"turns":1},{"damage":0,"enemies":"2 Louse","floor":104,"turns":1},{"damage":0,"enemies":"Jaw Worm","floor":105,"turns":2},{"damage":0,"enemies":"3 Louse","floor":107,"turns":1},{"damage":0,"enemies":"Blue Slaver","floor":108,"turns":2},{"damage":0,"enemies":"Nightmare","floor":109,"turns":6},{"damage":0,"enemies":"Gremlin Gang","floor":110,"turns":1},{"damage":0,"enemies":"3 Louse","floor":113,"turns":1},{"damage":0,"enemies":"Red Slaver","floor":114,"turns":1},{"damage":0,"enemies":"Lagavulin","floor":116,"turns":1},{"damage":0,"enemies":"Fading Forest","floor":118,"turns":7},{"damage":0,"enemies":"3 Byrds","floor":120,"turns":2},{"damage":0,"enemies":"Shell Parasite","floor":122,"turns":1},{"damage":0,"enemies":"Snake Plant","floor":123,"turns":1},{"damage":0,"enemies":"Snecko","floor":124,"turns":1},{"damage":0,"enemies":"Slavers","floor":128,"turns":2},{"damage":0,"enemies":"3 Cultists","floor":132,"turns":1},{"damage":0,"enemies":"Nightmare","floor":134,"turns":1},{"damage":0,"enemies":"Automaton","floor":137,"turns":2},{"damage":0,"enemies":"Orb Walker","floor":139,"turns":1},{"damage":0,"enemies":"3 Shapes","floor":140,"turns":1},{"damage":0,"enemies":"Transient","floor":142,"turns":5},{"damage":0,"enemies":"3 Darklings","floor":144,"turns":1},{"damage":0,"enemies":"Nightmare","floor":146,"turns":1},{"damage":0,"enemies":"Giant Head","floor":148,"turns":2},{"damage":1,"enemies":"4 Shapes","floor":150,"turns":1},{"damage":0,"enemies":"Writhing Mass","floor":152,"turns":1},{"damage":0,"enemies":"infinitespire:LordOfFortification","floor":154,"turns":1},{"damage":0,"enemies":"Shield and Spear","floor":159,"turns":2},{"damage":25,"enemies":"The Heart","floor":160,"turns":7}],"seed_played":"-5718287044195686738","potions_obtained":[{"floor":2,"key":"Toxic Potion"},{"floor":2,"key":"EntropicBrew"},{"floor":2,"key":"Adrenaline Potion"},{"floor":3,"key":"DuplicationPotion"},{"floor":5,"key":"Death Potion"},{"floor":10,"key":"Strength Potion"},{"floor":16,"key":"SneckoOil"},{"floor":20,"key":"AttackPotion"},{"floor":28,"key":"DistilledChaos"},{"floor":30,"key":"GamblersBrew"},{"floor":33,"key":"Weak Potion"},{"floor":40,"key":"ColorlessPotion"},{"floor":52,"key":"DuplicationPotion"},{"floor":59,"key":"Elixir"},{"floor":64,"key":"Fire Potion"},{"floor":67,"key":"animator:FalseLifePotion"},{"floor":75,"key":"Fruit Juice"},{"floor":80,"key":"Fire Potion"},{"floor":105,"key":"Energy Potion"},{"floor":107,"key":"Energy Potion"},{"floor":114,"key":"Weak Potion"},{"floor":118,"key":"Adrenaline Potion"},{"floor":132,"key":"Languid Potion"},{"floor":140,"key":"Fire Potion"}],"is_trial":false,"path_per_floor":["M","?","M","T","M","R","M","?","T","M","M","E","R","E","R","B",null,"M","?","M","AVR","M","M","?","M","T","M","NM","R","E","M","R","B",null,"M","?","$","?","M","E","?","?","T","T","R","M","$","E","R","B",null,"M","?","M","M","?","?","R","E","T","E","M","M","M","?","R","B",null,"M","$","M","$","?","E","M","?","T","M","M","?","E","M","R","B",null,"M","M","M","?","$","R","M","?","T","M","E","M","M","M","R_BF","B",null,"M","M","M","?","M","M","NM","M","T","R","M","M","AVR","E","R","B",null,"M","$","M","M","M","$","PTL","PTL","E","?","T","?","M","AVR","NM","?","R","B",null,"M","M","$","M","?","M","R","NM","T","E","$","M","AVR","M","R","B",null,"R","??","$","E","B",null],"character_chosen":"THE_ANIMATOR","items_purchased":["Mummified Hand","TheAbacus","infinitespire:WardingShard","animator:EmiyaShirou+1","infinitespire:FocusingShard","BargainBundle","Replay:WaspNest","Iron Hammer","animator:Darkness","Mercury Hourglass","animator:Megumin","animator:Kira+1","animator:Darkness"],"campfire_rested":6,"item_purchase_floors":[37,37,47,47,70,70,72,90,125,125,141,141,149],"current_hp_per_floor":[66,66,67,67,67,67,57,57,57,55,59,39,59,61,61,64,75,55,39,42,42,47,41,41,36,36,42,44,69,75,74,90,48,92,94,94,95,72,69,50,50,26,26,26,55,50,65,66,97,46,106,108,81,60,62,62,62,95,99,99,96,97,107,111,111,111,120,120,122,122,122,122,122,123,125,125,126,135,137,139,139,141,141,144,144,144,147,150,150,152,152,155,139,144,157,158,161,164,167,167,170,170,175,175,180,183,188,193,196,198,198,198,198,198,198,207,207,210,210,213,213,215,213,210,213,213,213,213,213,213,213,215,218,223,223,223,223,223,228,228,231,231,231,228,228,231,231,234,237,239,242,244,244,249,254,254,254,254,256,256],"gold":324,"neow_bonus":"THREE_RARE_CARDS","is_daily":false,"chose_seed":false,"campfire_upgraded":11,"win_rate":0.0,"timestamp":1608970493,"path_taken":["M","?","?","?","M","R","M","?","T","M","M","E","R","E","R","BOSS","M","?","M","AVR","M","M","?","?","T","M","NM","R","E","M","R","BOSS","M","?","$","?","M","E","?","?","T","?","R","M","$","E","R","BOSS","M","?","M","M","?","?","R","E","T","E","M","M","?","?","R","BOSS","M","$","M","$","?","E","M","?","T","M","M","?","E","M","R","BOSS","M","M","M","?","?","R","M","?","T","M","E","M","M","M","R_BF","BOSS","M","M","M","?","M","M","NM","M","T","R","M","M","AVR","E","R","BOSS","M","$","M","M","M","$","PTL","PTL","E","?","T","?","M","AVR","NM","?","R","BOSS","M","M","$","M","?","M","R","NM","T","E","$","M","AVR","M","R","BOSS","R","??","$","E","BOSS"],"items_purchased_type":["Relic","Relic","Relic","Card","Relic","Relic","Relic","Relic","Card","Relic","Card","Card","Card"],"build_version":"2020-12-22","purchased_purges":9,"victory":true,"max_hp_per_floor":[66,66,67,67,67,67,67,67,67,67,67,67,67,67,67,67,75,77,77,77,77,78,80,80,82,82,84,86,86,88,90,90,92,92,95,95,95,95,98,98,98,98,98,98,98,100,100,104,104,106,106,108,108,110,112,112,112,112,114,114,116,117,119,121,122,122,120,120,122,122,122,122,122,124,126,126,126,135,137,139,139,141,141,144,144,144,147,152,152,152,152,155,158,158,161,158,161,164,167,167,170,170,175,175,180,183,188,193,196,198,198,198,198,198,198,207,207,210,210,213,213,215,213,210,213,213,213,213,213,213,213,215,218,223,223,223,223,223,228,228,231,231,231,228,228,231,231,234,237,239,242,244,244,249,254,254,254,254,256,256],"card_choices":[{"not_picked":["animator:Wiz","animator:HomuraAkemi"],"picked":"animator:Hans","floor":0},{"not_picked":["animator:SuzuneAmano","animator:Mitsuba"],"picked":"animator:ShinjiMatou","floor":1},{"not_picked":["animator:RinTohsaka","animator:YuiTsuruno"],"picked":"animator:Darkness","floor":3},{"not_picked":["animator:YuiTsuruno","animator:Alexander"],"picked":"animator:Shinoa","floor":5},{"not_picked":["animator:Kazuma","animator:Chris"],"picked":"animator:Aqua","floor":7},{"not_picked":["animator:Aqua","animator:ChaikaBohdan"],"picked":"animator:Darkness","floor":10},{"not_picked":["animator:Mitsurugi","animator:AcuraAkari"],"picked":"animator:ShinjiMatou","floor":11},{"not_picked":["animator:UneriGinkaku","animator:Nanami"],"picked":"animator:Megumin","floor":12},{"not_picked":["animator:Wiz","animator:Chris"],"picked":"animator:Megumin","floor":14},{"not_picked":["animator:AcuraShin","animator:FeridBathory"],"picked":"animator:HigakiRinne","floor":16},{"not_picked":["animator:Chung","animator:Assassin"],"picked":"animator:Raven+1","floor":18},{"not_picked":["animator:Laby","animator:HiiragiShinya+1"],"picked":"animator:Shinoa","floor":20},{"not_picked":["animator:Elsword","animator:RinTohsaka"],"picked":"animator:Lancer","floor":22},{"not_picked":["animator:NagisaMomoe","animator:YachiyoNanami"],"picked":"animator:OrikoMikuni","floor":23},{"not_picked":["animator:KrulTepes","animator:Chris"],"picked":"animator:Hans","floor":25},{"not_picked":["animator:Konayuki","animator:Rena"],"picked":"animator:Shigure","floor":27},{"not_picked":["animator:Archer","animator:Elsword"],"picked":"animator:Gilgamesh","floor":28},{"not_picked":["animator:Yuuichirou","animator:Shinoa"],"picked":"animator:Mitsuba","floor":30},{"not_picked":["animator:CrowleyEusford","animator:Kyubey"],"picked":"animator:Mitsuba","floor":31},{"not_picked":["animator:Saber","animator:MadokaKaname"],"picked":"animator:PinaCoLada","floor":33},{"not_picked":["animator:HiiragiShinya+1","animator:Mitsurugi"],"picked":"animator:Rider","floor":35},{"not_picked":["ReplayTheSpireMod:??????????????????????","infinitespire:Fortify"],"picked":"ReplayTheSpireMod:Chaos Vortex","floor":38},{"not_picked":["animator:ZankiKiguchi+1","animator:Yoichi"],"picked":"animator:Kuribayashi+1","floor":39},{"not_picked":["animator:Shimakaze","animator:QuestionMark"],"picked":"animator:Zero","floor":41},{"not_picked":["animator:Mikaela","animator:HomuraAkemi"],"picked":"animator:Emonzaemon","floor":42},{"not_picked":["animator:Vanir+1","animator:Berserker"],"picked":"animator:RinTohsaka+1","floor":46},{"not_picked":["animator:Laby+1","animator:Bozes+1"],"picked":"animator:Assassin+1","floor":48},{"not_picked":["animator:ChaikaTrabant","animator:Guren"],"picked":"animator:Hans","floor":50},{"not_picked":["animator:MamiTomoe","animator:Guy"],"picked":"animator:Archer","floor":52},{"not_picked":["animator:Alexander","animator:SakuraMatou"],"picked":"animator:Archer","floor":54},{"not_picked":["animator:Add","animator:Shichika"],"picked":"animator:Gillette","floor":55},{"not_picked":["animator:Caster+1","animator:Laby"],"picked":"animator:Bozes","floor":59},{"not_picked":["animator:Saber","animator:Alexander"],"picked":"animator:ShinjiMatou+1","floor":61},{"not_picked":["animator:Bozes","animator:YaoHaDucy"],"picked":"animator:Tyuule+1","floor":62},{"not_picked":["animator:SayakaMiki+1","animator:OrikoMikuni+1"],"picked":"animator:Tyuule+1","floor":63},{"not_picked":["animator:AcuraAkari+1","animator:Add+1","animator:Rider+1"],"picked":"SKIP","floor":64},{"not_picked":["animator:Illya+1","animator:Wiz+1"],"picked":"animator:Mitsurugi","floor":65},{"not_picked":["animator:Gilgamesh","animator:Saber"],"picked":"animator:AcuraShin","floor":67},{"not_picked":["animator:Azekura+1","animator:Mitsuba"],"picked":"animator:ChaikaBohdan","floor":69},{"not_picked":["animator:IrohaTamaki","animator:YachiyoNanami"],"picked":"animator:Tyuule+1","floor":74},{"not_picked":["animator:CrowleyEusford","animator:Ain"],"picked":"animator:Emonzaemon","floor":75},{"not_picked":["animator:Togame+1","animator:Chung+1"],"picked":"animator:ShinjiMatou+1","floor":78},{"not_picked":["animator:TukaLunaMarceau+1","animator:Kuribayashi"],"picked":"animator:YaoHaDucy","floor":79},{"not_picked":["animator:Aisha+1","animator:Assassin","animator:Verdia+1"],"picked":"SKIP","floor":81},{"not_picked":["animator:SakuraMatou+1","animator:Verdia+1","animator:Togame+1"],"picked":"SKIP","floor":82},{"not_picked":["animator:Saber","animator:Eris+1"],"picked":"animator:Biyorigo","floor":84},{"not_picked":["animator:YunYun+1","animator:Hitei+1","animator:Alexander"],"picked":"SKIP","floor":86},{"not_picked":["animator:ZankiKiguchi","animator:Emonzaemon"],"picked":"animator:Nanami+1","floor":87},{"not_picked":["animator:YachiyoNanami+1","animator:Kuribayashi"],"picked":"animator:Ara","floor":88},{"not_picked":["animator:Elsword","animator:Mitsuba"],"picked":"animator:Shinoa+1","floor":92},{"not_picked":["animator:Elsword","animator:Caster+1"],"picked":"animator:NagisaMomoe+1","floor":95},{"not_picked":["animator:KyokoSakura+1","animator:YuiTsuruno"],"picked":"animator:Aqua+1","floor":97},{"not_picked":["animator:Ciel+1","animator:Aisha"],"picked":"animator:PinaCoLada","floor":98},{"not_picked":["animator:PinaCoLada","animator:Mitsuba"],"picked":"animator:Raven+1","floor":99},{"not_picked":["animator:Elesis","animator:Guren+1"],"picked":"animator:Gilgamesh","floor":101},{"not_picked":["animator:SayakaMiki+1","animator:OrikoMikuni+1"],"picked":"animator:KyokoSakura","floor":103},{"not_picked":["animator:Yoichi+1","animator:Vanir","animator:Yuuichirou"],"picked":"SKIP","floor":104},{"not_picked":["animator:Kazuma+1","animator:Tyuule+1"],"picked":"animator:Laby","floor":105},{"not_picked":["animator:Chung+1","animator:Azekura+1"],"picked":"animator:Mikaela","floor":107},{"not_picked":["animator:AcuraTooru","animator:Viivi"],"picked":"animator:Layla","floor":108},{"not_picked":["ReplayTheSpireMod:Chaos Vortex","infinitespire:SevenWalls"],"picked":"infinitespire:Punishment","floor":109},{"not_picked":["animator:UneriGinkaku","animator:IrohaTamaki"],"picked":"animator:TsurugaMeisai+1","floor":109},{"not_picked":["animator:Fredrika+1","animator:Konayuki+1"],"picked":"animator:LeleiLaLalena+1","floor":110},{"not_picked":["animator:ZankiKiguchi","animator:UneriGinkaku","animator:SuzuneAmano"],"picked":"SKIP","floor":113},{"not_picked":["animator:Caster+1","animator:Assassin","animator:Guren+1"],"picked":"SKIP","floor":116},{"not_picked":["animator:MadokaKaname+1","animator:Gilgamesh"],"picked":"animator:Eris+1","floor":118},{"not_picked":[],"picked":"animator:Raven","floor":120},{"not_picked":["animator:Ara"],"picked":"SKIP","floor":122},{"not_picked":["animator:IrohaTamaki"],"picked":"SKIP","floor":124},{"not_picked":["animator:Fredrika+1"],"picked":"SKIP","floor":128},{"not_picked":["animator:YuiTsuruno+1"],"picked":"SKIP","floor":132},{"not_picked":["ReplayTheSpireMod:Echoes of Time","ReplayTheSpireMod:??????????????????????"],"picked":"ReplayTheSpireMod:Haul","floor":134},{"not_picked":[],"picked":"animator:Eve","floor":137},{"not_picked":[],"picked":"animator:Kuribayashi+1","floor":139},{"not_picked":["animator:Mitsurugi+1"],"picked":"SKIP","floor":140},{"not_picked":["animator:OrikoMikuni+1"],"picked":"SKIP","floor":142},{"not_picked":[],"picked":"animator:Darkness+1","floor":146},{"not_picked":[],"picked":"animator:SakuraMatou+1","floor":148},{"not_picked":["animator:MamiTomoe+1"],"picked":"SKIP","floor":150},{"not_picked":[],"picked":"animator:Guren+1","floor":154},{"not_picked":["animator:AcuraAkari+1"],"picked":"SKIP","floor":159}],"player_experience":66435,"relics_obtained":[{"floor":4,"key":"Lantern"},{"floor":12,"key":"Girya"},{"floor":14,"key":"Ancient Tea Set"},{"floor":19,"key":"Enchiridion"},{"floor":26,"key":"Replay:Towering Pillar of Hats"},{"floor":28,"key":"Replay:Baseball"},{"floor":30,"key":"MealTicket"},{"floor":40,"key":"Replay:Mystery Machine"},{"floor":40,"key":"Vajra"},{"floor":43,"key":"Quantum Egg"},{"floor":44,"key":"infinitespire:Midas Blood"},{"floor":48,"key":"Chameleon Ring"},{"floor":48,"key":"CaptainsWheel"},{"floor":59,"key":"Toxic Egg 2"},{"floor":59,"key":"infinitespire:Broken Mirror"},{"floor":60,"key":"infinitespire:Satchel"},{"floor":61,"key":"Toy Ornithopter"},{"floor":61,"key":"animator:HallowedScabbard"},{"floor":65,"key":"Odd Mushroom"},{"floor":74,"key":"animator:Buoy"},{"floor":74,"key":"Thread and Needle"},{"floor":77,"key":"Eternal Feather"},{"floor":80,"key":"Red Mask"},{"floor":81,"key":"animator:WizardHat"},{"floor":81,"key":"Replay:Ringing Soul"},{"floor":94,"key":"Unceasing Top"},{"floor":96,"key":"animator:ShionDessert"},{"floor":96,"key":"ReplayTheSpireMod:TigerMarble"},{"floor":109,"key":"Replay:Bottled Flurry"},{"floor":109,"key":"Torii"},{"floor":111,"key":"Oddly Smooth Stone"},{"floor":116,"key":"infinitespire:Beetle Shell"},{"floor":116,"key":"Strawberry"},{"floor":128,"key":"Replay:Rubber Ducky"},{"floor":128,"key":"Bottled Flame"},{"floor":130,"key":"Bag of Marbles"},{"floor":134,"key":"Replay:Arrowhead"},{"floor":134,"key":"Paper Frog"},{"floor":146,"key":"Juzu Bracelet"},{"floor":146,"key":"infinitespire:PuzzleCube"},{"floor":147,"key":"Matryoshka"},{"floor":148,"key":"InkBottle"},{"floor":148,"key":"Du-Vu Doll"},{"floor":159,"key":"Golden Egg"},{"floor":159,"key":"Blue Doll"}],"event_choices":[{"damage_healed":0,"gold_gain":0,"player_choice":"Got Potions","damage_taken":0,"max_hp_gain":0,"max_hp_loss":0,"event_name":"Lab","floor":2,"gold_loss":0},{"damage_healed":0,"gold_gain":0,"player_choice":"Obtained Book","damage_taken":16,"max_hp_gain":0,"max_hp_loss":0,"event_name":"Cursed Tome","floor":19,"gold_loss":0},{"damage_healed":0,"gold_gain":0,"player_choice":"Ignored","damage_taken":0,"max_hp_gain":0,"max_hp_loss":0,"event_name":"Vampires","floor":24,"gold_loss":0},{"damage_healed":0,"gold_gain":0,"player_choice":"Ignored","damage_taken":0,"max_hp_gain":0,"max_hp_loss":0,"event_name":"Tomb of Lord Red Mask","floor":36,"gold_loss":0},{"damage_healed":0,"gold_gain":0,"player_choice":"Memory 1","damage_taken":0,"max_hp_gain":0,"max_hp_loss":0,"event_name":"SensoryStone","floor":41,"gold_loss":0},{"damage_healed":0,"gold_gain":0,"player_choice":"Take Damage","damage_taken":27,"relics_obtained":["Golden Idol"],"max_hp_gain":0,"max_hp_loss":0,"event_name":"Golden Idol","floor":53,"gold_loss":0},{"damage_healed":0,"gold_gain":0,"player_choice":"Grow","damage_taken":0,"max_hp_gain":0,"max_hp_loss":0,"event_name":"Living Wall","floor":57,"gold_loss":0,"cards_upgraded":["animator:Aqua"]},{"damage_healed":0,"gold_gain":0,"player_choice":"Fought Mushrooms","damage_taken":0,"max_hp_gain":0,"max_hp_loss":0,"event_name":"Mushrooms","floor":65,"gold_loss":0},{"damage_healed":0,"gold_gain":0,"player_choice":"Inject Mutagens","damage_taken":0,"relics_obtained":["MutagenicStrength"],"max_hp_gain":0,"max_hp_loss":0,"event_name":"Drug Dealer","floor":73,"gold_loss":0},{"damage_healed":0,"gold_gain":0,"player_choice":"Gave Idol","damage_taken":0,"relics_obtained":["Bloody Idol"],"max_hp_gain":0,"max_hp_loss":0,"event_name":"Forgotten Altar","floor":76,"relics_lost":["Golden Idol"],"gold_loss":0},{"damage_healed":0,"gold_gain":0,"player_choice":"Fought Bandits","damage_taken":0,"max_hp_gain":0,"max_hp_loss":0,"event_name":"Masked Bandits","floor":80,"gold_loss":0},{"cards_removed":["animator:Strike_Overlord"],"damage_healed":0,"gold_gain":0,"player_choice":"Offered Basic","damage_taken":0,"max_hp_gain":0,"max_hp_loss":0,"event_name":"Bonfire Elementals","floor":89,"gold_loss":0},{"damage_healed":0,"gold_gain":0,"player_choice":"Embrace Madness","damage_taken":19,"max_hp_gain":0,"max_hp_loss":0,"event_name":"Winding Halls","floor":93,"gold_loss":0,"cards_obtained":["animator:HigakiRinne"]},{"damage_healed":0,"gold_gain":0,"player_choice":"Obtained Relic","damage_taken":0,"relics_obtained":["Pet Ghost"],"max_hp_gain":0,"max_hp_loss":0,"event_name":"Addict","floor":129,"gold_loss":85},{"damage_healed":0,"gold_gain":99,"player_choice":"Stole From Cult","damage_taken":0,"max_hp_gain":0,"max_hp_loss":0,"event_name":"Nest","floor":131,"gold_loss":0},{"cards_removed":["animator:Defend_Konosuba"],"damage_healed":0,"gold_gain":0,"player_choice":"Elegance","damage_taken":0,"max_hp_gain":0,"max_hp_loss":0,"event_name":"Back to Basics","floor":135,"gold_loss":0},{"damage_healed":0,"gold_gain":0,"player_choice":"Memory 1","damage_taken":0,"max_hp_gain":0,"max_hp_loss":0,"event_name":"SensoryStone","floor":143,"gold_loss":0}],"is_beta":false,"boss_relics":[{"not_picked":["Fusion Hammer","Honey Jar"],"picked":"animator:HolyGrailRelic"},{"not_picked":["Busted Crown","ReplayTheSpireMod:DimensionalGlitch"],"picked":"Black Star"},{"not_picked":["ChewingGum","Calling Bell"],"picked":"Philosopher\u0027s Stone"},{"not_picked":["Fusion Hammer","Sozu"],"picked":"Replay:Bronze Core"},{"not_picked":["ReplayTheSpireMod:SealedPack","Cursed Key"],"picked":"Coffee Dripper"},{"not_picked":["infinitespire:Cupcake","Ring of Chaos"],"picked":"animator:CursedBlade"},{"not_picked":["Cursed Key","animator:VividPicture"],"picked":"Busted Crown"},{"not_picked":["ReplayTheSpireMod:DimensionalGlitch","infinitespire:Cupcake"],"picked":"Runic Dome"},{"not_picked":["Calling Bell","Replay:Grab Bag"],"picked":"Tiny House"}],"items_purged_floors":[37,47,70,90,121,125,141,149,151],"is_endless":true,"potions_floor_spawned":[3,5,10,16,20,28,30,33,40,52,59,64,67,71,75,80,84,86,95,97,99,105,107,114,116,118,123,132,140,144,148,152,159],"ascension_level":0}}