{"host":"p9jk0mlyvhgdzcz4","time":1608952686,"event":{"mods":["BaseMod","Colored Map","Minty Spire (QoL Compilation)","Quick Restart","SuperFastMode"],"gold_per_floor":[112,187,187,287,297,330,343,343,343,360,360,34,34,34,34,130,130,143,143,160,175,22,22,22],"floor_reached":23,"playtime":370,"items_purged":["Strike_B"],"score":214,"play_id":"1d999edc-f54d-4b17-9448-21bf04ba023b","local_time":"20201225211806","is_ascension_mode":false,"campfire_choices":[{"data":"Zap","floor":8,"key":"SMITH"},{"floor":11,"key":"RECALL"},{"data":"Dualcast","floor":13,"key":"SMITH"},{"floor":15,"key":"REST"}],"circlet_count":0,"master_deck":["Strike_B","Strike_B+1","Strike_B","Defend_B","Defend_B","Defend_B+1","Defend_B","Zap+1","Dualcast+1","Lockon","Static Discharge","Blizzard+1"],"relics":["Cracked Core","NeowsBlessing","Matryoshka","DataDisk","Pantograph","Meat on the Bone","Philosopher\u0027s Stone","ClockworkSouvenir"],"acts_visited":["Exordium","TheCity"],"potions_floor_usage":[23,23],"damage_taken":[{"damage":0,"enemies":"Small Slimes","floor":1,"turns":1},{"damage":0,"enemies":"Jaw Worm","floor":5,"turns":1},{"damage":0,"enemies":"Lagavulin","floor":6,"turns":1},{"damage":0,"enemies":"Cultist","floor":7,"turns":2},{"damage":5,"enemies":"Red Slaver","floor":10,"turns":2},{"damage":40,"enemies":"Hexaghost","floor":16,"turns":5},{"damage":13,"enemies":"Shell Parasite","floor":18,"turns":4},{"damage":16,"enemies":"Spheric Guardian","floor":20,"turns":4},{"damage":18,"enemies":"Snake Plant","floor":21,"turns":3},{"damage":52,"enemies":"Slavers","floor":23,"turns":3}],"seed_played":"2028240980646003048","potions_obtained":[{"floor":1,"key":"Regen Potion"},{"floor":5,"key":"BlessingOfTheForge"},{"floor":20,"key":"ColorlessPotion"}],"is_trial":false,"path_per_floor":["M","?","?","?","M","E","M","R","T","M","R","$","R","$","R","B",null,"M","?","M","M","$","E"],"character_chosen":"DEFECT","items_purchased":["Meat on the Bone","ClockworkSouvenir"],"campfire_rested":1,"item_purchase_floors":[12,22],"current_hp_per_floor":[75,64,49,49,49,49,49,49,49,44,44,44,44,44,66,47,75,62,62,46,40,40,0,0],"gold":22,"neow_bonus":"THREE_ENEMY_KILL","is_daily":false,"chose_seed":false,"campfire_upgraded":2,"win_rate":0.0,"timestamp":1608952686,"path_taken":["M","?","?","?","M","E","M","R","T","?","R","?","R","$","R","BOSS","M","?","M","?","$","E"],"items_purchased_type":["Relic","Relic"],"build_version":"2020-12-22","purchased_purges":1,"victory":false,"max_hp_per_floor":[75,75,75,75,75,75,75,75,75,75,75,75,75,75,75,75,75,75,75,75,75,75,75,75],"card_choices":[{"not_picked":["Scrape","BootSequence","Undo"],"picked":"SKIP","floor":1},{"not_picked":["Steam","Conserve Battery","Compile Driver"],"picked":"SKIP","floor":5},{"not_picked":["Compile Driver","Doom and Gloom"],"picked":"Lockon","floor":6},{"not_picked":["Storm","Hello World","Melter"],"picked":"SKIP","floor":7},{"not_picked":["Tempest","Barrage"],"picked":"Static Discharge","floor":10},{"not_picked":["Gash","Genetic Algorithm","Rebound"],"picked":"SKIP","floor":18},{"not_picked":["Rebound","Force Field+1","Conserve Battery"],"picked":"SKIP","floor":20},{"not_picked":["Storm","Rebound"],"picked":"Blizzard+1","floor":21}],"player_experience":11114,"relics_obtained":[{"floor":6,"key":"Matryoshka"},{"floor":9,"key":"DataDisk"},{"floor":9,"key":"Pantograph"}],"event_choices":[{"damage_healed":0,"gold_gain":75,"player_choice":"Gather Gold","damage_taken":11,"max_hp_gain":0,"max_hp_loss":0,"event_name":"World of Goop","floor":2,"gold_loss":0},{"damage_healed":0,"gold_gain":0,"player_choice":"Entered Light","damage_taken":15,"max_hp_gain":0,"max_hp_loss":0,"event_name":"Shining Light","floor":3,"gold_loss":0,"cards_upgraded":["Defend_B","Strike_B"]},{"damage_healed":0,"gold_gain":100,"player_choice":"Pray","damage_taken":0,"max_hp_gain":0,"max_hp_loss":0,"event_name":"Golden Shrine","floor":4,"gold_loss":0},{"damage_healed":0,"gold_gain":0,"player_choice":"Bought 0 Potions","damage_taken":0,"max_hp_gain":0,"max_hp_loss":0,"event_name":"The Woman in Blue","floor":19,"gold_loss":0}],"is_beta":false,"boss_relics":[{"not_picked":["Empty Cage","Pandora\u0027s Box"],"picked":"Philosopher\u0027s Stone"}],"items_purged_floors":[12],"is_endless":false,"potions_floor_spawned":[1,5,20],"killed_by":"Slavers","ascension_level":0}}