{"host":"4nqeo0vu1vuav7gg","time":1608986363,"event":{"mods":["AchievementEnabler","BaseMod","Block Reminder","Colored Map","Colored Powertips","Highlight Path","Minty Spire (QoL Compilation)","Quick Restart","Rare Cards Sparkle","Relic Relevance Reorder","StSLib"],"gold_per_floor":[114,132,132,132,132,132,167,181,208,208,233,11,46,57,57,134,134,151,170,183,195,195,195,195],"floor_reached":23,"playtime":852,"items_purged":["Regret"],"score":437,"play_id":"8f0829b3-28bb-4877-8975-5fef63a8044c","local_time":"20201226133923","is_ascension_mode":true,"campfire_choices":[{"data":"Dualcast","floor":6.0,"key":"SMITH"},{"data":"Genetic Algorithm","floor":10.0,"key":"SMITH"},{"floor":15.0,"key":"REST"}],"circlet_count":0,"master_deck":["AscendersBane","Strike_B","Strike_B","Strike_B","Strike_B","Defend_B","Defend_B","Defend_B","Defend_B","Zap+1","Dualcast+1","Cold Snap","Self Repair","Coolheaded","Genetic Algorithm+1","Conserve Battery","Loop","Bandage Up","Darkness","FTL","Reboot","BootSequence","Undo"],"relics":["Cracked Core","Cables","Sozu","Toy Ornithopter","NeowsBlessing","DataDisk","Vajra","Ancient Tea Set"],"acts_visited":["Exordium","TheCity"],"potions_floor_usage":[],"damage_taken":[{"damage":0.0,"enemies":"Small Slimes","floor":1.0,"turns":1.0},{"damage":0.0,"enemies":"2 Louse","floor":2.0,"turns":1.0},{"damage":0.0,"enemies":"3 Sentries","floor":7.0,"turns":1.0},{"damage":7.0,"enemies":"Jaw Worm","floor":8.0,"turns":2.0},{"damage":27.0,"enemies":"Lagavulin","floor":11.0,"turns":7.0},{"damage":25.0,"enemies":"Gremlin Nob","floor":13.0,"turns":4.0},{"damage":3.0,"enemies":"Blue Slaver","floor":14.0,"turns":5.0},{"damage":26.0,"enemies":"Hexaghost","floor":16.0,"turns":8.0},{"damage":26.0,"enemies":"3 Byrds","floor":18.0,"turns":5.0},{"damage":14.0,"enemies":"Shell Parasite","floor":19.0,"turns":5.0},{"damage":28.0,"enemies":"Snake Plant","floor":20.0,"turns":5.0},{"damage":8.0,"enemies":"Snecko","floor":21.0,"turns":5.0},{"damage":60,"enemies":"Gremlin Leader","floor":23,"turns":6}],"seed_played":"2062839934907508611","potions_obtained":[{"floor":11.0,"key":"FearPotion"},{"floor":13.0,"key":"FearPotion"},{"floor":16.0,"key":"Ancient Potion"}],"is_trial":false,"path_per_floor":["M","M","?","?","?","R","E","M","T","R","E","$","E","M","R","B",null,"M","M","M","M","?","E"],"character_chosen":"DEFECT","items_purchased":["Loop","Bandage Up"],"campfire_rested":1,"item_purchase_floors":[12,12],"current_hp_per_floor":[64,64,59,59,59,59,59,59,59,59,39,39,30,38,59,44,64,53,50,33,41,41,0,0],"gold":195,"neow_bonus":"THREE_ENEMY_KILL","is_daily":false,"chose_seed":false,"campfire_upgraded":2,"win_rate":0.0,"timestamp":1608986363,"path_taken":["M","M","?","?","?","R","E","?","T","R","E","$","E","M","R","BOSS","M","M","M","M","?","E"],"items_purchased_type":["Card","Card"],"build_version":"2020-12-22","purchased_purges":1,"victory":false,"max_hp_per_floor":[71,71,71,71,71,71,71,71,71,71,71,71,71,71,71,71,71,71,71,71,71,71,71,71],"card_choices":[{"not_picked":["Beam Cell","Capacitor"],"picked":"Cold Snap","floor":1.0},{"not_picked":["Beam Cell","Sweeping Beam"],"picked":"Self Repair","floor":2.0},{"not_picked":["Undo","Reboot"],"picked":"Coolheaded","floor":7.0},{"not_picked":["Leap","Melter"],"picked":"Genetic Algorithm","floor":8.0},{"not_picked":["Hologram","Steam Power"],"picked":"Conserve Battery","floor":11.0},{"not_picked":["Turbo","Gash"],"picked":"Darkness","floor":13.0},{"not_picked":["Hologram","Steam"],"picked":"FTL","floor":14.0},{"not_picked":["Creative AI","All For One"],"picked":"Reboot","floor":16.0},{"not_picked":["Steam","Stack+1","Streamline"],"picked":"SKIP","floor":18.0},{"not_picked":["Cold Snap+1","Storm"],"picked":"BootSequence","floor":19.0},{"not_picked":["Rip and Tear+1","Storm","Force Field"],"picked":"SKIP","floor":20.0},{"not_picked":["Storm","Leap+1"],"picked":"Undo","floor":21.0}],"player_experience":1012358,"relics_obtained":[{"floor":7.0,"key":"DataDisk"},{"floor":11.0,"key":"Ancient Tea Set"},{"floor":13.0,"key":"Vajra"}],"event_choices":[{"damage_healed":0.0,"max_hp_gain":0.0,"max_hp_loss":0.0,"gold_gain":0.0,"event_name":"Scrap Ooze","player_choice":"Success","floor":3.0,"gold_loss":0.0,"damage_taken":5.0,"relics_obtained":["Toy Ornithopter"]},{"damage_healed":0.0,"max_hp_gain":0.0,"max_hp_loss":0.0,"gold_gain":0.0,"event_name":"Living Wall","player_choice":"Grow","floor":4.0,"gold_loss":0.0,"damage_taken":0.0,"cards_upgraded":["Zap"]},{"damage_healed":0.0,"max_hp_gain":0.0,"max_hp_loss":0.0,"gold_gain":0.0,"event_name":"Big Fish","player_choice":"Box","floor":5.0,"gold_loss":0.0,"damage_taken":0.0,"relics_obtained":["Cables"],"cards_obtained":["Regret"]},{"damage_healed":0.0,"max_hp_gain":0.0,"max_hp_loss":0.0,"gold_gain":0.0,"event_name":"Vampires","player_choice":"Ignored","floor":22.0,"gold_loss":0.0,"damage_taken":0.0}],"is_beta":false,"boss_relics":[{"not_picked":["Black Star","SlaversCollar"],"picked":"Sozu"}],"items_purged_floors":[12],"is_endless":false,"potions_floor_spawned":[11,13,16,20],"killed_by":"Gremlin Leader","ascension_level":17}}