{"host":"d8hh7rr4yzitjeuj","time":1608988040,"event":{"mods":["2.2 Compatiblity","AchievementEnabler","BaseMod","CapriCore","Colored Map","Colored Powertips","Highlight Path","Keyboard Shortcuts","Minty Spire (QoL Compilation)","Permanent Neow","Quick Restart","StSLib","SuperFastMode"],"gold_per_floor":[365,22,39,114,114,147,147,162,162,176,202,202,202,222,222,299,299,219,219,219],"floor_reached":19,"playtime":413,"items_purged":[],"score":379,"play_id":"d8fad5b0-8864-4691-a845-2ac26cfc60c2","local_time":"20201226220720","is_ascension_mode":true,"campfire_choices":[{"floor":7.0,"key":"REST"},{"floor":12.0,"key":"REST"},{"floor":15.0,"key":"REST"}],"circlet_count":0,"master_deck":["AscendersBane","Strike_B","Strike_B","Strike_B","Defend_B","Defend_B","Defend_B","Defend_B","Zap","Dualcast","Ball Lightning","Gash","Streamline","Gash","Gash","Gash+1","Sweeping Beam+1","Undo","Sweeping Beam+1","Machine Learning"],"relics":["Cracked Core","Kunai","Sundial","Molten Egg 2","Ice Cream","Ectoplasm"],"acts_visited":["Exordium","TheCity"],"potions_floor_usage":[16,16],"damage_taken":[{"damage":10.0,"enemies":"Small Slimes","floor":1.0,"turns":4.0},{"damage":2.0,"enemies":"2 Louse","floor":3.0,"turns":3.0},{"damage":40.0,"enemies":"3 Sentries","floor":6.0,"turns":7.0},{"damage":0.0,"enemies":"Cultist","floor":8.0,"turns":2.0},{"damage":1.0,"enemies":"3 Louse","floor":10.0,"turns":3.0},{"damage":22.0,"enemies":"Lagavulin","floor":11.0,"turns":4.0},{"damage":4.0,"enemies":"Large Slime","floor":14.0,"turns":4.0},{"damage":33,"enemies":"The Guardian","floor":16,"turns":9},{"damage":30,"enemies":"2 Thieves","floor":18,"turns":3},{"damage":26,"enemies":"3 Byrds","floor":19,"turns":3}],"seed_played":"7360387516489211737","potions_obtained":[{"floor":6.0,"key":"EssenceOfDarkness"},{"floor":10.0,"key":"DuplicationPotion"},{"floor":14.0,"key":"FearPotion"},{"floor":16,"key":"Ancient Potion"}],"is_trial":false,"path_per_floor":["M","$","M","?","?","E","R","M","T","M","E","R","?","M","R","B",null,"M","M"],"character_chosen":"DEFECT","items_purchased":["Gash","Kunai"],"campfire_rested":3,"item_purchase_floors":[2,2],"current_hp_per_floor":[36,36,34,23,46,6,27,27,27,26,4,25,25,21,42,9,56,26,0,0],"gold":219,"neow_bonus":"TWO_FIFTY_GOLD","is_daily":false,"chose_seed":false,"campfire_upgraded":0,"win_rate":0.0,"timestamp":1608988040,"path_taken":["M","$","M","?","?","E","R","M","T","M","E","R","?","M","R","BOSS","M","M"],"items_purchased_type":["Card","Relic"],"build_version":"2020-12-22","purchased_purges":0,"victory":false,"max_hp_per_floor":[71,71,71,71,71,71,71,71,71,71,71,71,71,71,71,71,71,71,71,71],"card_choices":[{"not_picked":["Hologram","Force Field"],"picked":"Ball Lightning","floor":1.0},{"not_picked":["Stack","Turbo"],"picked":"Streamline","floor":3.0},{"not_picked":["Ball Lightning","Cold Snap"],"picked":"Gash","floor":6.0},{"not_picked":["Cold Snap","Biased Cognition"],"picked":"Gash","floor":8.0},{"not_picked":["Stack","Sweeping Beam+1"],"picked":"Gash+1","floor":10.0},{"not_picked":["Steam","Defragment"],"picked":"Sweeping Beam+1","floor":11.0},{"not_picked":["Fission","Hologram"],"picked":"Sweeping Beam+1","floor":14.0},{"not_picked":["Electrodynamics","Buffer"],"picked":"Machine Learning","floor":16},{"not_picked":["Defragment","Ball Lightning+1","Coolheaded"],"picked":"SKIP","floor":18}],"player_experience":1384140,"relics_obtained":[{"floor":6.0,"key":"Sundial"},{"floor":9.0,"key":"Molten Egg 2"},{"floor":11.0,"key":"Ice Cream"}],"event_choices":[{"damage_healed":0.0,"max_hp_gain":0.0,"max_hp_loss":0.0,"gold_gain":75.0,"event_name":"World of Goop","player_choice":"Gather Gold","floor":4.0,"gold_loss":0.0,"damage_taken":11.0},{"damage_healed":23.0,"max_hp_gain":0.0,"max_hp_loss":0.0,"gold_gain":0.0,"event_name":"Big Fish","player_choice":"Banana","floor":5.0,"gold_loss":0.0,"damage_taken":0.0},{"damage_healed":0.0,"max_hp_gain":0.0,"max_hp_loss":0.0,"gold_gain":0.0,"cards_transformed":["Strike_B"],"event_name":"Transmorgrifier","player_choice":"Transformed","floor":13.0,"gold_loss":0.0,"damage_taken":0.0,"cards_obtained":["Undo"]}],"is_beta":false,"boss_relics":[{"not_picked":["Inserter","Busted Crown"],"picked":"Ectoplasm"}],"items_purged_floors":[],"is_endless":false,"potions_floor_spawned":[6,10,14,16],"killed_by":"3 Byrds","ascension_level":20}}