{"host":"pletss163z7s8pvv","time":1608949783,"event":{"mods":["AchievementEnabler","BaseMod","Colored Map","Colored Powertips","Minty Spire (QoL Compilation)"],"gold_per_floor":[114,129,144,144,159,189,189,204,204,219,219,69,84,159,159,259,259,274,274,48,148,163,193,193,223,248,263,263,278,293,308,308,408,408,423,438,438,42,57,57,19,19,44,8,8,0,50,0,0,0],"floor_reached":51,"playtime":1342,"items_purged":[],"score":737,"play_id":"ce765dbc-8cc7-46f2-a13d-c6856650f266","local_time":"20201225202943","daily_mods":["SealedDeck","Diverse","Binary"],"is_ascension_mode":false,"campfire_choices":[{"data":"TalkToTheHand","floor":7,"key":"SMITH"},{"floor":11,"key":"REST"},{"data":"Inflame","floor":15,"key":"SMITH"},{"data":"ForeignInfluence","floor":24,"key":"SMITH"},{"floor":28,"key":"REST"},{"floor":32,"key":"REST"},{"floor":40,"key":"REST"},{"floor":42,"key":"REST"},{"floor":49,"key":"REST"}],"circlet_count":0,"master_deck":["Quick Slash","Streamline","Feel No Pain","Reckless Charge","SashWhip","Thunderclap","Beam Cell","Genetic Algorithm","Dropkick","Deflect","Riddle With Holes","CarveReality","TalkToTheHand+1","PathToVictory","Sunder","Cleave","Inflame+1","BootSequence","Rampage","SandsOfTime","Tools of the Trade","Concentrate+1","Bite","Bite","Bite","Bite","Bite","Intimidate","Dropkick","ForeignInfluence+1","Melter","Injury","Sword Boomerang","Flame Barrier+1","Wild Strike","Hello World","Envenom","Cleave","Consecrate","WreathOfFlame","Dramatic Entrance","BootSequence","Caltrops","EmptyBody","Wallop","Pain","Rip and Tear","Regret","Prostrate+1"],"relics":["Burning Blood","PreservedInsect","Sundial","Cursed Key","Lee\u0027s Waffle","Champion Belt","Incense Burner","Bronze Scales","Fusion Hammer","HandDrill","Nunchaku","Mercury Hourglass","Red Mask","Unceasing Top"],"acts_visited":["Exordium","TheCity","TheBeyond"],"potions_floor_usage":[33,33,33,50,50,50],"damage_taken":[{"damage":0,"enemies":"Cultist","floor":1,"turns":3},{"damage":0,"enemies":"Small Slimes","floor":2,"turns":2},{"damage":0,"enemies":"2 Louse","floor":3,"turns":2},{"damage":12,"enemies":"Large Slime","floor":5,"turns":4},{"damage":20,"enemies":"Lagavulin","floor":6,"turns":5},{"damage":16,"enemies":"Gremlin Gang","floor":8,"turns":3},{"damage":0,"enemies":"2 Fungi Beasts","floor":10,"turns":2},{"damage":0,"enemies":"Exordium Thugs","floor":13,"turns":3},{"damage":5,"enemies":"Slime Boss","floor":16,"turns":6},{"damage":0,"enemies":"Chosen","floor":18,"turns":4},{"damage":23,"enemies":"Shell Parasite","floor":22,"turns":4},{"damage":25,"enemies":"Book of Stabbing","floor":23,"turns":4},{"damage":30,"enemies":"Slavers","floor":25,"turns":3},{"damage":0,"enemies":"Chosen and Byrds","floor":27,"turns":3},{"damage":25,"enemies":"Centurion and Healer","floor":29,"turns":6},{"damage":13,"enemies":"Shelled Parasite and Fungi","floor":30,"turns":4},{"damage":6,"enemies":"Snake Plant","floor":31,"turns":4},{"damage":35,"enemies":"Collector","floor":33,"turns":7},{"damage":45,"enemies":"3 Darklings","floor":35,"turns":6},{"damage":2,"enemies":"Orb Walker","floor":36,"turns":3},{"damage":45,"enemies":"Maw","floor":39,"turns":7},{"damage":19,"enemies":"Mind Bloom Boss Battle","floor":47,"turns":5},{"damage":68,"enemies":"Time Eater","floor":50,"turns":10}],"seed_played":"5451747836825439005","potions_obtained":[{"floor":3,"key":"Energy Potion"},{"floor":5,"key":"ElixirPotion"},{"floor":6,"key":"Fire Potion"},{"floor":8,"key":"AttackPotion"},{"floor":16,"key":"DistilledChaos"},{"floor":18,"key":"DistilledChaos"},{"floor":33,"key":"Explosive Potion"},{"floor":36,"key":"Dexterity Potion"},{"floor":39,"key":"LiquidBronze"}],"is_trial":false,"path_per_floor":["M","M","M","?","M","E","R","M","T","M","R","$","M","?","R","B",null,"M","?","$","?","M","E","R","E","T","M","R","M","M","M","R","B",null,"M","M","?","$","M","R","$","R","T","$","T","?","?","$","R","B",null],"character_chosen":"IRONCLAD","items_purchased":["BootSequence","Rampage","Lee\u0027s Waffle","Intimidate","Dramatic Entrance","BootSequence","HandDrill","Caltrops","Wallop","Rip and Tear","Block Potion"],"campfire_rested":6,"item_purchase_floors":[12,12,20,20,38,38,38,38,41,44,48],"current_hp_per_floor":[80,80,80,80,74,62,62,54,54,62,80,80,80,69,69,72,80,80,80,87,87,70,57,57,35,35,43,69,58,57,61,87,61,87,52,60,60,60,27,53,53,79,79,79,79,79,70,70,87,29],"gold":0,"neow_bonus":"","is_daily":true,"chose_seed":false,"campfire_upgraded":3,"win_rate":0.0,"timestamp":1608949783,"path_taken":["M","?","M","?","M","E","R","M","T","M","R","?","M","?","R","BOSS","M","?","$","?","M","E","R","E","T","M","R","M","?","M","R","BOSS","M","M","?","?","M","R","$","R","T","$","?","?","?","$","R","BOSS"],"items_purchased_type":["Card","Card","Relic","Card","Card","Card","Relic","Card","Card","Card","Potion"],"build_version":"2020-12-22","purchased_purges":0,"victory":true,"max_hp_per_floor":[80,80,80,80,80,80,80,80,80,80,80,80,80,80,80,80,80,80,80,87,87,87,87,87,87,87,87,87,87,87,87,87,87,87,87,87,87,87,87,87,87,87,87,87,87,87,87,87,87,87],"card_choices":[{"not_picked":["Turbo"],"picked":"Riddle With Holes","floor":1},{"not_picked":["Streamline"],"picked":"CarveReality","floor":2},{"not_picked":["Pommel Strike"],"picked":"TalkToTheHand","floor":3},{"not_picked":["Dagger Throw"],"picked":"PathToVictory","floor":5},{"not_picked":["Outmaneuver"],"picked":"Sunder","floor":6},{"not_picked":["Turbo"],"picked":"Cleave","floor":8},{"not_picked":["Pray"],"picked":"Inflame","floor":10},{"not_picked":["Ball Lightning"],"picked":"SandsOfTime","floor":13},{"not_picked":["Brilliance"],"picked":"Tools of the Trade","floor":16},{"not_picked":["Coolheaded"],"picked":"Concentrate+1","floor":18},{"not_picked":["Outmaneuver"],"picked":"Dropkick","floor":22},{"not_picked":["SandsOfTime"],"picked":"ForeignInfluence","floor":23},{"not_picked":["Catalyst"],"picked":"Melter","floor":25},{"not_picked":["CarveReality"],"picked":"Sword Boomerang","floor":27},{"not_picked":["Bane"],"picked":"Flame Barrier+1","floor":29},{"not_picked":["Bane"],"picked":"Wild Strike","floor":30},{"not_picked":["Masterful Stab"],"picked":"Hello World","floor":31},{"not_picked":["Corpse Explosion"],"picked":"Envenom","floor":33},{"not_picked":["Twin Strike+1"],"picked":"Cleave","floor":35},{"not_picked":["Armaments+1"],"picked":"Consecrate","floor":36},{"not_picked":["Turbo"],"picked":"EmptyBody","floor":39},{"not_picked":["Whirlwind"],"picked":"Prostrate+1","floor":47}],"player_experience":398905,"relics_obtained":[{"floor":6,"key":"PreservedInsect"},{"floor":9,"key":"Sundial"},{"floor":23,"key":"Champion Belt"},{"floor":25,"key":"Incense Burner"},{"floor":26,"key":"Bronze Scales"},{"floor":43,"key":"Nunchaku"},{"floor":45,"key":"Mercury Hourglass"},{"floor":47,"key":"Unceasing Top"}],"event_choices":[{"damage_healed":0,"gold_gain":0,"player_choice":"Gave Potion","damage_taken":0,"relics_obtained":["Blood Vial"],"max_hp_gain":0,"max_hp_loss":0,"event_name":"WeMeetAgain","floor":4,"gold_loss":0},{"damage_healed":0,"gold_gain":75,"player_choice":"Gather Gold","damage_taken":11,"max_hp_gain":0,"max_hp_loss":0,"event_name":"World of Goop","floor":14,"gold_loss":0},{"damage_healed":0,"gold_gain":0,"player_choice":"Became a vampire (Vial)","damage_taken":0,"max_hp_gain":0,"max_hp_loss":0,"event_name":"Vampires","floor":19,"relics_lost":["Blood Vial"],"gold_loss":0,"cards_obtained":["Bite","Bite","Bite","Bite","Bite"]},{"damage_healed":0,"gold_gain":100,"player_choice":"Pray","damage_taken":0,"max_hp_gain":0,"max_hp_loss":0,"event_name":"Golden Shrine","floor":21,"gold_loss":0},{"damage_healed":0,"gold_gain":0,"player_choice":"1 cards matched","damage_taken":0,"max_hp_gain":0,"max_hp_loss":0,"event_name":"Match and Keep!","floor":37,"gold_loss":0,"cards_obtained":["WreathOfFlame"]},{"damage_healed":0,"gold_gain":0,"player_choice":"Paid","damage_taken":0,"relics_obtained":["Red Mask"],"max_hp_gain":0,"max_hp_loss":0,"event_name":"Tomb of Lord Red Mask","floor":46,"gold_loss":8},{"damage_healed":0,"gold_gain":0,"player_choice":"Fight","damage_taken":0,"max_hp_gain":0,"max_hp_loss":0,"event_name":"MindBloom","floor":47,"gold_loss":0}],"is_beta":false,"boss_relics":[{"not_picked":["Runic Cube","Velvet Choker"],"picked":"Cursed Key"},{"not_picked":["Coffee Dripper","SlaversCollar"],"picked":"Fusion Hammer"}],"items_purged_floors":[],"is_endless":false,"potions_floor_spawned":[3,5,6,8,16,18,27,33,36,39],"ascension_level":0}}