{"host":"l017gercouzhorma","time":1608967323,"event":{"mods":["AchievementEnabler","Aspiration","BaseMod","Challenge The Spire","Conspire","Downfall","Halation","Hermit","Hubris","Infinite Spire","Jorbs\u0027s Wanderer Trilogy","Mad Scientist","Marisa????????","Mimic Mod","Minty Spire (QoL Compilation)","Random Character Button","Rare Cards Sparkle","Relic Stats","Replay The Spire","Shade Mod","StSLib","The Cursed","The Disciple","The Hierophant","The Jungle","The Runesmith","The Servant 0.9.4"],"gold_per_floor":[112,130,80,5,5,38,57,87,122,122,152,152,178,197,197,197,197],"floor_reached":16,"playtime":1732,"items_purged":["Strike_G"],"score":168,"play_id":"95d14254-023b-47a5-9f8f-ab7351008f71","local_time":"20201226002203","is_ascension_mode":true,"campfire_choices":[{"data":"Caltrops","floor":10,"key":"SMITH"},{"data":"ReplayTheSpireMod:Necrosis","floor":15,"key":"SMITH"},{"data":"Deadly Poison","floor":15,"key":"SMITH"}],"circlet_count":0,"master_deck":["Strike_G","Strike_G","Strike_G","Strike_G","Defend_G","Defend_G","Defend_G","Defend_G","Defend_G","Survivor","Neutralize","Bane","Guardian:Gem_Red","Caltrops+1","Outmaneuver","ReplayTheSpireMod:Necrosis+1","Deadly Poison+1"],"relics":["m_GuardianBlood","NeowsBlessing","infinitespire:Cubic Diamond","Centennial Puzzle","infinitespire:CursedDice","conspire:TopHat","halation:PenCase","aspiration:AnachronicSnailShell"],"acts_visited":["Exordium"],"potions_floor_usage":[8,11,16],"damage_taken":[{"damage":0,"enemies":"Cultist","floor":1,"turns":1},{"damage":0,"enemies":"2 Louse","floor":2,"turns":1},{"damage":0,"enemies":"3 Sentries","floor":6,"turns":2},{"damage":3,"enemies":"Jaw Worm","floor":7,"turns":4},{"damage":16,"enemies":"Gremlin Nob","floor":8,"turns":4},{"damage":9,"enemies":"Large Slime","floor":9,"turns":9},{"damage":50,"enemies":"Lagavulin","floor":11,"turns":9},{"damage":36,"enemies":"3 Sentries","floor":13,"turns":11},{"damage":18,"enemies":"Large Slime","floor":14,"turns":6},{"damage":37,"enemies":"Fading Forest","floor":16,"turns":7}],"seed_played":"-8190254912265185253","potions_obtained":[{"floor":1,"key":"SteroidPotion"},{"floor":8,"key":"Guardian:BlockOnCardUsePotion"},{"floor":14,"key":"FearPotion"}],"is_trial":false,"path_per_floor":["M","M","?","$","?","E","M","E","MIM","R","E","?","E","M","R","B"],"character_chosen":"THE_SILENT","items_purchased":[],"campfire_rested":0,"item_purchase_floors":[],"current_hp_per_floor":[70,70,70,70,70,70,70,60,57,57,13,36,48,36,36,0,0],"gold":197,"neow_bonus":"THREE_ENEMY_KILL","is_daily":false,"chose_seed":false,"campfire_upgraded":3,"win_rate":0.0,"timestamp":1608967323,"path_taken":["M","?","?","$","?","E","?","E","MIM","R","E","?","E","M","R","BOSS"],"items_purchased_type":[],"build_version":"2020-12-22","purchased_purges":1,"victory":false,"max_hp_per_floor":[70,70,70,70,70,70,70,70,70,70,70,70,70,70,70,70,70],"relic_stats":{"Centennial Puzzle":[21],"counters":[10,54],"obtain_stats":[{"Centennial Puzzle":6,"NeowsBlessing":0,"infinitespire:CursedDice":8,"aspiration:AnachronicSnailShell":13,"halation:PenCase":11,"infinitespire:Cubic Diamond":5,"m_GuardianBlood":5,"conspire:TopHat":9,"Ring of the Snake":0},{"Centennial Puzzle":3,"NeowsBlessing":0,"infinitespire:CursedDice":5,"aspiration:AnachronicSnailShell":8,"halation:PenCase":7,"infinitespire:Cubic Diamond":2,"m_GuardianBlood":2,"conspire:TopHat":6,"Ring of the Snake":0},{"Centennial Puzzle":4,"NeowsBlessing":0,"infinitespire:CursedDice":12,"aspiration:AnachronicSnailShell":41,"halation:PenCase":30,"infinitespire:Cubic Diamond":2,"m_GuardianBlood":2,"conspire:TopHat":21,"Ring of the Snake":0}]},"card_choices":[{"not_picked":["Blade Dance","Slice"],"picked":"Cloak And Dagger","floor":1},{"not_picked":["Backflip","Leg Sweep"],"picked":"Bane","floor":2},{"not_picked":["Twin Strike","Prepared","Dagger Throw"],"picked":"SKIP","floor":6},{"not_picked":["Blur","Dodge and Roll"],"picked":"Guardian:Gem_Red","floor":7},{"not_picked":["Dagger Throw","Tactician"],"picked":"Caltrops","floor":8},{"not_picked":["Guardian:WalkerClaw","Guardian:Gem_Red"],"picked":"Outmaneuver","floor":9},{"not_picked":["Endless Agony","Cloak And Dagger"],"picked":"ReplayTheSpireMod:Necrosis","floor":11},{"not_picked":["Terror","hubris:SlightOfHand"],"picked":"Deadly Poison","floor":13},{"not_picked":["Heavy Blade","Blade Dance","Dagger Throw"],"picked":"SKIP","floor":14}],"player_experience":765083,"relics_obtained":[{"floor":6,"key":"Centennial Puzzle"},{"floor":8,"key":"infinitespire:CursedDice"},{"floor":9,"key":"conspire:TopHat"},{"floor":11,"key":"halation:PenCase"},{"floor":13,"key":"aspiration:AnachronicSnailShell"}],"event_choices":[{"cards_removed":["Cloak And Dagger"],"damage_healed":0,"gold_gain":0,"player_choice":"Card Removal","damage_taken":0,"max_hp_gain":0,"max_hp_loss":0,"event_name":"The Cleric","floor":3,"gold_loss":50},{"damage_healed":23,"gold_gain":0,"player_choice":"Banana","damage_taken":0,"max_hp_gain":0,"max_hp_loss":0,"event_name":"Big Fish","floor":12,"gold_loss":0}],"is_beta":false,"boss_relics":[],"items_purged_floors":[4],"is_endless":false,"potions_floor_spawned":[1,8,14],"killed_by":"Fading Forest","ascension_level":2}}