{"host":"f5n4tidiz2n5sooh","time":1608944913,"event":{"mods":["BaseMod","Bestiary","Colored Map","Minty Spire (QoL Compilation)","Relic Stats","StSLib"],"gold_per_floor":[116,127,144,163,174,174,202,45,45,45,61,74,39,69,69,69,69],"floor_reached":16,"playtime":932,"items_purged":[],"score":228,"play_id":"e25d8dc0-1e50-432d-9c1f-6a9023610e34","local_time":"20201225190833","is_ascension_mode":true,"campfire_choices":[{"data":"Bash","floor":6,"key":"SMITH"},{"data":"Disarm","floor":10,"key":"SMITH"},{"floor":15,"key":"REST"}],"circlet_count":0,"master_deck":["AscendersBane","Strike_R","Strike_R","Strike_R","Strike_R","Strike_R","Defend_R","Defend_R","Defend_R","Defend_R","Bash+1","Disarm+1","Feel No Pain","Barricade","Entrench"],"relics":["Busted Crown","Toy Ornithopter","Blood Vial","Boot"],"acts_visited":["Exordium"],"potions_floor_usage":[4,7,7,14],"damage_taken":[{"damage":1,"enemies":"Cultist","floor":1,"turns":3},{"damage":10,"enemies":"Small Slimes","floor":2,"turns":4},{"damage":7,"enemies":"Jaw Worm","floor":3,"turns":4},{"damage":13,"enemies":"Exordium Thugs","floor":4,"turns":5},{"damage":19,"enemies":"Exordium Wildlife","floor":5,"turns":5},{"damage":11,"enemies":"3 Sentries","floor":7,"turns":10},{"damage":1,"enemies":"Looter","floor":11,"turns":4},{"damage":3,"enemies":"Large Slime","floor":12,"turns":9},{"damage":42,"enemies":"Lagavulin","floor":14,"turns":7},{"damage":31,"enemies":"Hexaghost","floor":16,"turns":16}],"seed_played":"9170821362042914228","potions_obtained":[{"floor":1,"key":"Fire Potion"},{"floor":2,"key":"Regen Potion"},{"floor":5,"key":"PowerPotion"},{"floor":12,"key":"LiquidMemories"}],"is_trial":false,"path_per_floor":["M","M","M","M","M","R","E","$","T","R","M","M","?","E","R","B"],"character_chosen":"IRONCLAD","items_purchased":["Barricade"],"campfire_rested":1,"item_purchase_floors":[8],"current_hp_per_floor":[67,57,50,37,18,18,22,22,22,22,23,22,40,5,27,0,0],"gold":69,"neow_bonus":"BOSS_RELIC","is_daily":false,"chose_seed":false,"campfire_upgraded":2,"win_rate":0.0,"timestamp":1608944913,"path_taken":["M","M","?","M","M","R","E","?","T","R","M","M","?","E","R","BOSS"],"items_purchased_type":["Card"],"build_version":"2020-12-22","purchased_purges":0,"victory":false,"max_hp_per_floor":[75,75,75,75,75,75,75,75,75,75,75,75,75,75,75,75,75],"relic_stats":{"Blood Vial":8,"Busted Crown":18,"counters":[10,67],"Boot":[2],"obtain_stats":[{"Blood Vial":9,"Busted Crown":0,"Boot":14,"Burning Blood":0,"Toy Ornithopter":7},{"Blood Vial":6,"Busted Crown":0,"Boot":9,"Burning Blood":0,"Toy Ornithopter":6},{"Blood Vial":31,"Busted Crown":0,"Boot":51,"Burning Blood":0,"Toy Ornithopter":31}],"Toy Ornithopter":5},"card_choices":[{"not_picked":[],"picked":"Disarm","floor":1},{"not_picked":[],"picked":"Feel No Pain","floor":2},{"not_picked":["Clash"],"picked":"SKIP","floor":3},{"not_picked":["Intimidate"],"picked":"SKIP","floor":4},{"not_picked":["Armaments"],"picked":"SKIP","floor":5},{"not_picked":["Bloodletting"],"picked":"SKIP","floor":7},{"not_picked":[],"picked":"Entrench","floor":11},{"not_picked":["Warcry"],"picked":"SKIP","floor":12},{"not_picked":["Iron Wave"],"picked":"SKIP","floor":14}],"player_experience":1932847,"relics_obtained":[{"floor":7,"key":"Toy Ornithopter"},{"floor":9,"key":"Blood Vial"},{"floor":14,"key":"Boot"}],"event_choices":[{"damage_healed":18,"gold_gain":0,"player_choice":"Healed","damage_taken":0,"max_hp_gain":0,"max_hp_loss":0,"event_name":"The Cleric","floor":13,"gold_loss":35}],"is_beta":false,"boss_relics":[],"items_purged_floors":[],"is_endless":false,"potions_floor_spawned":[1,2,5,12],"killed_by":"Hexaghost","ascension_level":20}}