{"host":"sctafptk02a6u9c8","time":1608987754,"event":{"mods":["BaseMod","Chen","Friendly Minions","KinomotoSakuraMod(ƒæ÷Æ±æ”£)","Kiyohime£®«Âºß£©","Koishi","Marisa£®ÏF”Í°°ƒß¿Ì…≥£©","Minty Spire (QoL Compilation)","Prisma Mod","READ ME - Guardian Mod","Reimu£®≤©¿ˆ¡È√Œ£©","Remilia£®¿Ÿ√◊¿Ú—«£©","RumiaBox-¬∂√◊Ê´µƒ…Ò√ÿ∫–◊”","StSLib","Td1madao Mod","The Alterego","The Servant 0.9.4","WarShipGirlsR/’ΩΩ¢…Ÿ≈ÆR mod","Yakumo Yukari mod","Youmu£®ªÍ∆«—˝√Œ£©","Yuyuko"],"gold_per_floor":[133,133,146,164,176,176,204,204,254,254,77,97,110,143,143,241,241,256,273,284,294,294,294,310,341,341,358,389,389,159,188,188,288,288,301,316,306,326,119,144,144,159,159,191,191,201,201,212,212,212,212,212,63,89,89,89],"floor_reached":55,"playtime":5706,"items_purged":[],"score":826,"play_id":"7f93747d-90fe-49a3-8705-5ffb04936935","local_time":"20201226210234","is_ascension_mode":false,"campfire_choices":[{"data":"Charmbait_purple","floor":6.0,"key":"SMITH"},{"data":"Bait_Toxicbait_purple","floor":8.0,"key":"SMITH"},{"floor":15.0,"key":"REST"},{"data":"WasteWire_Metro_purple","floor":23.0,"key":"SMITH"},{"floor":29.0,"key":"REST"},{"data":"RuleDissolution_purple","floor":32.0,"key":"SMITH"},{"floor":45.0,"key":"RECALL"},{"floor":49.0,"key":"REST"},{"data":"DimensionStaggered_purple","floor":52.0,"key":"SMITH"}],"circlet_count":0,"master_deck":["AT_purpleEX","AT_purpleEX","Defend_purpleEX","Defend_purpleEX+1","Defend_purpleEX","Observe_purple_1","Observe_purple_2","Charmbait_purple+1","Mirror_FormAndEmptin_purple","Boundary_DreamRealityDamnation_purple","Worldmountain_purple","Bait_Toxicbait_purple+1","OmniscientAndOmnipotent_Monster_purple","WasteWire_Metro_purple+1","Shallow_ocean_purpleEX","Boundary_LifeAndDeath_purple","Human_Monster_Realm_purple","Human_Monster_Realm_purple+1","Worldmountain_purple+1","Fancifulhole_purple+1","Boundary_LightAndDark_purple+1","PositiveMatter_Antimatter_Universe_purple+1","DarkRealmRedLine_purple","Mirror_Drifter_purple+1","DimensionStaggered_purple+1","RuleDissolution_purple+1","ExistenceContinue_purple","AdvanceAttack_purple","Umbrella_purple+1","Fantasy_PerpetualMotionMachine_purple+1","Realm_recovery_purpleEX+1","SharpContractionReality_purple+1","Mirror_FormAndEmptin_purple+1","DimensionStaggered_purple+1","Parasite","StateErode_purple+1","Mirror_WaveAndshot_purple","Monsters_DoubleDeathButterfly_purple+1"],"relics":["Boundary_crack","Memoryfragments_purpleEX","MagicDraw3","Oddly Smooth Stone","TheEssenceOfRealm","Toy Ornithopter","Astrolabe","MutagenicStrength","MagicDraw2","LastBattle","Pocketwatch","Membership Card","Art of War","Frozen Egg 2","SlaversCollar","Ornamental Fan","HandDrill","War Paint","Lantern","Strawberry","OrangePellets","CrazyTorch:ReiMu"],"acts_visited":["Exordium","TheCity","TheBeyond","TheEnding"],"potions_floor_usage":[55,55],"damage_taken":[{"damage":4.0,"enemies":"2 Louse","floor":1.0,"turns":6.0},{"damage":0.0,"enemies":"Small Slimes","floor":3.0,"turns":3.0},{"damage":1.0,"enemies":"Cultist","floor":4.0,"turns":3.0},{"damage":16.0,"enemies":"Large Slime","floor":5.0,"turns":8.0},{"damage":29.0,"enemies":"Gremlin Nob","floor":7.0,"turns":3.0},{"damage":0.0,"enemies":"Looter","floor":12.0,"turns":3.0},{"damage":0.0,"enemies":"Exordium Wildlife","floor":13.0,"turns":2.0},{"damage":29.0,"enemies":"Lagavulin","floor":14.0,"turns":6.0},{"damage":24.0,"enemies":"The Guardian","floor":16.0,"turns":7.0},{"damage":0.0,"enemies":"3 Byrds","floor":18.0,"turns":3.0},{"damage":0.0,"enemies":"Shell Parasite","floor":19.0,"turns":3.0},{"damage":9.0,"enemies":"Shelled Parasite and Fungi","floor":20.0,"turns":3.0},{"damage":0.0,"enemies":"3 Cultists","floor":21.0,"turns":4.0},{"damage":0.0,"enemies":"Cultist and Chosen","floor":24.0,"turns":4.0},{"damage":44.0,"enemies":"Book of Stabbing","floor":25.0,"turns":5.0},{"damage":3.0,"enemies":"Centurion and Healer","floor":27.0,"turns":4.0},{"damage":12.0,"enemies":"Slavers","floor":28.0,"turns":3.0},{"damage":1.0,"enemies":"Gremlin Leader","floor":31.0,"turns":5.0},{"damage":42.0,"enemies":"Automaton","floor":33.0,"turns":7.0},{"damage":0.0,"enemies":"Orb Walker","floor":35.0,"turns":1.0},{"damage":9.0,"enemies":"3 Shapes","floor":36.0,"turns":1.0},{"damage":2.0,"enemies":"3 Darklings","floor":38.0,"turns":2.0},{"damage":15.0,"enemies":"Nemesis","floor":40.0,"turns":3.0},{"damage":31.0,"enemies":"Maw","floor":42.0,"turns":6.0},{"damage":11.0,"enemies":"Giant Head","floor":44.0,"turns":6.0},{"damage":1.0,"enemies":"Writhing Mass","floor":46.0,"turns":2.0},{"damage":8.0,"enemies":"Transient","floor":48.0,"turns":5.0},{"damage":75.0,"enemies":"Time Eater","floor":50.0,"turns":6.0},{"damage":36.0,"enemies":"Shield and Spear","floor":54.0,"turns":3.0},{"damage":146,"enemies":"The Heart","floor":55,"turns":8}],"seed_played":"7397094168860451926","potions_obtained":[{"floor":4.0,"key":"SpeedPotion"},{"floor":7.0,"key":"SkillPotion"},{"floor":12.0,"key":"DistilledChaos"},{"floor":14.0,"key":"Regen Potion"},{"floor":18.0,"key":"Swift Potion"},{"floor":31.0,"key":"FairyPotion"},{"floor":46.0,"key":"Regen Potion"},{"floor":48.0,"key":"DuplicationPotion"},{"floor":54.0,"key":"Fruit Juice"}],"is_trial":false,"path_per_floor":["M","?","M","M","M","R","E","R","T","?","$","M","M","E","R","B",null,"M","M","M","M","?","R","M","E","T","M","E","R","$","E","R","B",null,"M","M","?","M","$","E","?","M","T","E","R","M","?","M","R","B",null,"R","$","E","B"],"character_chosen":"Youkari","items_purchased":["TheEssenceOfRealm","OmniscientAndOmnipotent_Monster_purple","Membership Card","Art of War","Ornamental Fan","HandDrill","Strawberry","OrangePellets"],"campfire_rested":3,"item_purchase_floors":[11,11,30,30,39,39,53,53],"current_hp_per_floor":[76,76,76,77,66,66,38,38,38,38,38,40,42,16,39,35,77,77,77,68,68,68,68,68,26,26,23,20,43,43,50,50,13,77,77,68,68,70,70,59,59,36,36,25,25,24,24,29,52,6,77,77,84,59,0,0],"gold":89,"neow_bonus":"TEN_PERCENT_HP_BONUS","is_daily":false,"chose_seed":false,"campfire_upgraded":5,"win_rate":0.0,"timestamp":1608987754,"path_taken":["M","?","M","M","M","R","E","R","T","?","$","?","M","E","R","BOSS","M","M","M","M","?","R","M","E","T","M","E","R","$","E","R","BOSS","M","M","?","M","$","E","?","M","T","E","R","?","?","M","R","BOSS","R","$","E","BOSS"],"items_purchased_type":["Relic","Card","Relic","Relic","Relic","Relic","Relic","Relic"],"build_version":"2020-12-22","purchased_purges":0,"victory":false,"max_hp_per_floor":[77,77,77,77,77,77,77,77,77,77,77,77,77,77,77,77,77,77,77,77,77,77,77,77,77,77,77,77,77,77,77,77,77,77,77,77,77,77,77,77,77,77,77,77,77,77,77,77,77,77,77,77,84,89,89,89],"card_choices":[{"not_picked":["Erosivefilter_purple","ExternalForce_HighSpeedFlying_purple"],"picked":"Charmbait_purple","floor":1.0},{"not_picked":["RuleDissolution_purple","Mirror_Drifter_purple"],"picked":"Mirror_FormAndEmptin_purple","floor":3.0},{"not_picked":["SharpContractionReality_purple","SfantasyHide_purple"],"picked":"Boundary_DreamRealityDamnation_purple","floor":4.0},{"not_picked":["Charmbait_purple","Umbrella_purple"],"picked":"Worldmountain_purple","floor":5.0},{"not_picked":["Worldmountain_purple","ExistenceContinue_purple"],"picked":"Bait_Toxicbait_purple","floor":7.0},{"not_picked":["SharpContractionReality_purple","DimensionStaggered_purple"],"picked":"WasteWire_Metro_purple","floor":12.0},{"not_picked":["SfantasyHide_purple","Umbrella_purple"],"picked":"Shallow_ocean_purpleEX","floor":13.0},{"not_picked":["Boundary_DynamicStaticEquilibrium_purple","MonsterNeedle_purple"],"picked":"Boundary_LifeAndDeath_purple","floor":14.0},{"not_picked":["D_absorption_purple","Boundary_LifeAndDeath_purple"],"picked":"Human_Monster_Realm_purple","floor":16.0},{"not_picked":["ButterflyHabitatTemple_purple","Mirror_Drifter_purple"],"picked":"Boundary_LightAndDark_purple+1","floor":18.0},{"not_picked":["Bait_Toxicbait_purple+1","Umbrella_purple"],"picked":"PositiveMatter_Antimatter_Universe_purple+1","floor":19.0},{"not_picked":["SfantasyHide_purple+1","WeekHit_purple"],"picked":"DarkRealmRedLine_purple","floor":20.0},{"not_picked":["Erosivefilter_purple","Bait_Toxicbait_purple"],"picked":"Mirror_Drifter_purple+1","floor":21.0},{"not_picked":["WeekHit_purple","Shallow_ocean_purpleEX","AdvanceAttack_purple"],"picked":"SKIP","floor":24.0},{"not_picked":["AdvanceAttack_purple","WorldDissolvedintheRealm_purple","Realm_recovery_purpleEX"],"picked":"SKIP","floor":25.0},{"not_picked":["Worldmountain_purple","RealityDreamConfluencek_purple+1"],"picked":"DimensionStaggered_purple","floor":27.0},{"not_picked":["SfantasyHide_purple","ContainerChange_purple"],"picked":"RuleDissolution_purple","floor":28.0},{"not_picked":["Shallow_ocean_purpleEX","StateDuplicate_purple+1"],"picked":"ExistenceContinue_purple","floor":31.0},{"not_picked":["BarrageBoundary_PipeDream_purple","Boundary_LifeAndDeath_purple"],"picked":"UniverseChoice_purple+1","floor":33.0},{"not_picked":["Umbrella_purple","SharpContractionReality_purple"],"picked":"AdvanceAttack_purple","floor":35.0},{"not_picked":["SfantasyHide_purple","SharpContractionReality_purple"],"picked":"Umbrella_purple+1","floor":36.0},{"not_picked":[],"picked":"Fantasy_PerpetualMotionMachine_purple","floor":37.0},{"not_picked":["DarkRealmRedLine_purple","Erosivefilter_purple+1"],"picked":"Realm_recovery_purpleEX","floor":38.0},{"not_picked":["SfantasyHide_purple","RealityDreamConfluencek_purple"],"picked":"SharpContractionReality_purple+1","floor":40.0},{"not_picked":["MeetDecomposer_purple","Boundary_DynamicStaticEquilibrium_purple+1"],"picked":"Mirror_FormAndEmptin_purple+1","floor":42.0},{"not_picked":["Worldmountain_purple+1","AdvanceAttack_purple"],"picked":"DimensionStaggered_purple","floor":44.0},{"not_picked":["Umbrella_purple","WingOfChimera_purple+1"],"picked":"StateErode_purple+1","floor":46.0},{"not_picked":["PositiveMatter_Antimatter_Universe_purple","EighthInstrument_OneDividesIntoTwo_purple"],"picked":"Mirror_WaveAndshot_purple","floor":48.0},{"not_picked":["WingOfChimera_purple","Boundary_DreamRealityDamnation_purple"],"picked":"Monsters_DoubleDeathButterfly_purple+1","floor":54.0}],"player_experience":391156,"relics_obtained":[{"floor":7.0,"key":"MagicDraw3"},{"floor":9.0,"key":"Oddly Smooth Stone"},{"floor":14.0,"key":"Toy Ornithopter"},{"floor":25.0,"key":"MagicDraw2"},{"floor":26.0,"key":"LastBattle"},{"floor":28.0,"key":"Pocketwatch"},{"floor":31.0,"key":"Frozen Egg 2"},{"floor":40.0,"key":"War Paint"},{"floor":44.0,"key":"Lantern"},{"floor":54.0,"key":"CrazyTorch:ReiMu"}],"event_choices":[{"damage_healed":0.0,"max_hp_gain":0.0,"max_hp_loss":0.0,"gold_gain":0.0,"event_name":"Golden Wing","player_choice":"Ignored","floor":2.0,"gold_loss":0.0,"damage_taken":0.0},{"damage_healed":0.0,"max_hp_gain":0.0,"max_hp_loss":0.0,"gold_gain":0.0,"event_name":"NoteForYourself","player_choice":"Ignored","floor":10.0,"gold_loss":0.0,"damage_taken":0.0},{"damage_healed":0.0,"max_hp_gain":0.0,"max_hp_loss":0.0,"gold_gain":0.0,"event_name":"Drug Dealer","player_choice":"Inject Mutagens","floor":22.0,"gold_loss":0.0,"damage_taken":0.0,"relics_obtained":["MutagenicStrength"]},{"damage_healed":0.0,"max_hp_gain":0.0,"max_hp_loss":0.0,"gold_gain":0.0,"event_name":"Upgrade Shrine","player_choice":"Upgraded","floor":41.0,"gold_loss":0.0,"damage_taken":0.0,"cards_upgraded":["Realm_recovery_purpleEX"]},{"damage_healed":0.0,"max_hp_gain":0.0,"max_hp_loss":0.0,"gold_gain":0.0,"event_name":"The Woman in Blue","player_choice":"Bought 0 Potions","floor":47.0,"gold_loss":0.0,"damage_taken":0.0}],"is_beta":false,"boss_relics":[{"not_picked":["Calling Bell","Empty Cage"],"picked":"Astrolabe"},{"not_picked":["Cursed Key","Seventeenyearold_girl_Forever"],"picked":"SlaversCollar"}],"items_purged_floors":[],"is_endless":false,"potions_floor_spawned":[4,7,12,14,18,21,31,33,35,36,40,44,46,48,54],"killed_by":"The Heart","ascension_level":0}}