{"host":"aewhn2fld106mlky","time":1608963855,"event":{"mods":["Act Like it!","BaseMod","Downfall","Minty Spire (QoL Compilation)","Quick Restart","StSLib"],"gold_per_floor":[99,159,334,347,362,20,20,20,20,34,53,83,83,107,126,226,226,226,244,260,260,260,260,283,195,195,205,222,222,232,244,263,358,358,358,371,371,504,504,604,604,624,641,658,583,6,32,51,68,68],"floor_reached":51,"playtime":2552,"items_purged":["Doubt"],"score":1006,"play_id":"ffcb266f-9c0b-40d9-8529-a670261c15d4","local_time":"20201226142415","is_ascension_mode":false,"campfire_choices":[{"data":"Slimebound:CorrosiveSpit","floor":1.0,"key":"SMITH"},{"data":"Slimebound:TongueLash","floor":8.0,"key":"SMITH"},{"data":"Slimebound:MassFeed","floor":13.0,"key":"SMITH"},{"data":"Slimebound:Schlurp","floor":18.0,"key":"SMITH"},{"data":"Slimebound:Split","floor":23.0,"key":"SMITH"},{"data":"Slimebound:LeadByExample","floor":29.0,"key":"SMITH"},{"data":"Slimebound:WasteNot","floor":35.0,"key":"SMITH"},{"floor":45,"key":"RECALL"}],"circlet_count":0,"master_deck":["Slimebound:Strike_Slimebound+1","Slimebound:Tackle","Slimebound:Defend_Slimebound","Slimebound:Defend_Slimebound","Slimebound:Defend_Slimebound","Slimebound:Split+1","Slimebound:CorrosiveSpit+1","Slimebound:RollThrough","Slimebound:GrowthPunch","Slimebound:SplitLeeching","Slimebound:SamplingLick","Slimebound:Schlurp+1","Slimebound:TongueLash+1","Slimebound:MassFeed+1","Slimebound:Gluttony","Slimebound:Gluttony","Slimebound:OneTwoCombo","Slimebound:SpikyOuterGoop","Slimebound:AcidTongue+1","Slimebound:LeadByExample+1","Slimebound:LevelUp","Slimebound:SlimeSpikes","Slimebound:SplitMire","Slimebound:Gluttony","Slimebound:WasteNot+1","CurseOfTheBell","Slimebound:SamplingLick+1","expansioncontent:ManipulateTime","Slimebound:MegaLick","Slimebound:Schlurp","expansioncontent:StudyTheSpire","Slimebound:GoopSpray+1","Slimebound:WasteNot","Sadistic Nature","Slimebound:SpikyOuterGoop"],"relics":["Slimebound:AbsorbEndCombat","Happy Flower","Slimebound:AggressiveSlimeRelic","Strange Spoon","White Beast Statue","Mercury Hourglass","Pen Nib","Philosopher\u0027s Stone","Enchiridion","Bag of Marbles","Calling Bell","Lizard Tail","Sundial","Toy Ornithopter","downfall:GremlinWheel","downfall:HeartBlessingBlue","HandDrill","Bronze Scales","Juzu Bracelet"],"acts_visited":["Exordium","TheCity","TheBeyond"],"potions_floor_usage":[38,38,42,44,50,50,50],"damage_taken":[{"damage":27.0,"enemies":"Gremlin Nob","floor":2.0,"turns":4.0},{"damage":11.0,"enemies":"Jaw Worm","floor":4.0,"turns":3.0},{"damage":20.0,"enemies":"2 Louse","floor":5.0,"turns":2.0},{"damage":12.0,"enemies":"downfall:FleeingMerchant","floor":6.0,"turns":4.0},{"damage":4.0,"enemies":"Small Slimes","floor":10.0,"turns":2.0},{"damage":8.0,"enemies":"Red Slaver","floor":11.0,"turns":3.0},{"damage":29.0,"enemies":"Gremlin Nob","floor":12.0,"turns":4.0},{"damage":15.0,"enemies":"Lots of Slimes","floor":15.0,"turns":2.0},{"damage":39.0,"enemies":"downfall:Ironclad","floor":16.0,"turns":6.0},{"damage":11.0,"enemies":"Chosen","floor":19.0,"turns":4.0},{"damage":26.0,"enemies":"Spheric Guardian","floor":20.0,"turns":4.0},{"damage":24.0,"enemies":"downfall:FleeingMerchant","floor":25.0,"turns":4.0},{"damage":33.0,"enemies":"Chosen and Byrds","floor":27.0,"turns":4.0},{"damage":21.0,"enemies":"Shelled Parasite and Fungi","floor":28.0,"turns":2.0},{"damage":10.0,"enemies":"3 Cultists","floor":30.0,"turns":4.0},{"damage":13.0,"enemies":"Cultist and Chosen","floor":31.0,"turns":4.0},{"damage":35.0,"enemies":"Snake Plant","floor":32.0,"turns":3.0},{"damage":52.0,"enemies":"downfall:Watcher","floor":33.0,"turns":6.0},{"damage":16.0,"enemies":"Orb Walker","floor":36.0,"turns":2.0},{"damage":41,"enemies":"downfall:FleeingMerchant","floor":38,"turns":4},{"damage":25,"enemies":"downfall:FleeingMerchant","floor":40,"turns":5},{"damage":59,"enemies":"3 Darklings","floor":42,"turns":5},{"damage":24,"enemies":"Spire Growth","floor":43,"turns":4},{"damage":16,"enemies":"4 Shapes","floor":44,"turns":2},{"damage":23,"enemies":"Nemesis","floor":47,"turns":4},{"damage":65,"enemies":"Writhing Mass","floor":48,"turns":4},{"damage":48,"enemies":"Transient","floor":49,"turns":5},{"damage":94,"enemies":"downfall:Silent","floor":50,"turns":7}],"seed_played":"-2527599474028622518","potions_obtained":[{"floor":10.0,"key":"EssenceOfSteel"},{"floor":11.0,"key":"Block Potion"},{"floor":12.0,"key":"Strength Potion"},{"floor":15.0,"key":"EssenceOfSteel"},{"floor":16.0,"key":"Fire Potion"},{"floor":19.0,"key":"SpeedPotion"},{"floor":20.0,"key":"Energy Potion"},{"floor":27.0,"key":"Fire Potion"},{"floor":28.0,"key":"Energy Potion"},{"floor":30.0,"key":"Dexterity Potion"},{"floor":33.0,"key":"Swift Potion"},{"floor":36.0,"key":"SteroidPotion"},{"floor":38,"key":"ColorlessPotion"},{"floor":40,"key":"SneckoOil"},{"floor":42,"key":"SkillPotion"},{"floor":43,"key":"Fire Potion"},{"floor":44,"key":"Explosive Potion"},{"floor":47,"key":"PowerPotion"},{"floor":48,"key":"hexamod:EctoCoolerPotion"}],"is_trial":false,"path_per_floor":["R","?","?","M","M","$","T","R","?","M","M","E","R","T","M","B",null,"R","M","M","?","?","R","T","$","?","M","M","R","M","M","M","B",null,"R","M","?","$","?","?","T","M","M","M","R","$","E","M","M","B",null],"character_chosen":"SLIMEBOUND","items_purchased":["Strange Spoon","Slimebound:Schlurp","Slimebound:TongueLash","Slimebound:LevelUp","Slimebound:Schlurp","expansioncontent:StudyTheSpire","HandDrill","Bronze Scales","Sadistic Nature","AttackPotion","ColorlessPotion"],"campfire_rested":0,"item_purchase_floors":[6,6,6,25,38,38,46,46,46,46,46],"current_hp_per_floor":[60,41,41,38,26,28,28,28,33,39,42,29,29,29,38,21,88,88,91,75,59,59,59,59,63,55,42,35,35,51,64,39,29,112,112,112,112,113,113,98,98,68,62,71,142,142,140,93,77,8],"gold":68,"neow_bonus":"RANDOM_COMMON_RELIC","is_daily":false,"chose_seed":false,"campfire_upgraded":7,"win_rate":0.0,"timestamp":1608963855,"path_taken":["R","?","?","M","M","$","T","R","?","M","M","E","R","?","M","BOSS","R","M","M","?","?","R","T","$","?","M","M","R","M","?","M","BOSS","R","M","?","$","?","?","T","?","M","M","R","$","E","M","M","BOSS"],"items_purchased_type":["Relic","Card","Card","Card","Card","Card","Relic","Relic","Card","Potion","Potion"],"build_version":"2020-12-22","purchased_purges":1,"victory":true,"max_hp_per_floor":[60,60,60,60,60,60,60,60,65,65,68,68,68,68,88,88,88,88,92,92,92,92,92,92,92,92,92,100,100,108,112,112,112,112,112,112,112,116,116,120,120,124,124,132,142,142,142,142,142,142],"card_choices":[{"not_picked":["Slimebound:LeechingTouch","Slimebound:ComboTackle"],"picked":"Slimebound:RollThrough","floor":2.0},{"not_picked":["Slimebound:ComboTackle","Slimebound:Dissolve"],"picked":"Slimebound:GrowthPunch","floor":4.0},{"not_picked":["Slimebound:GrowthPunch","Slimebound:RollThrough"],"picked":"Slimebound:SplitLeeching","floor":5.0},{"not_picked":["Slimebound:Grow","Slimebound:SplitMire"],"picked":"Slimebound:SamplingLick","floor":6.0},{"not_picked":["Slimebound:GrowthPunch","Slimebound:RollThrough"],"picked":"Slimebound:MassFeed","floor":10.0},{"not_picked":["Slimebound:Replication","Slimebound:SplitAcid"],"picked":"Slimebound:Gluttony","floor":11.0},{"not_picked":["Slimebound:MassFeed","Slimebound:SlimeBrawl","Slimebound:Equalize"],"picked":"SKIP","floor":12.0},{"not_picked":["Slimebound:LeechEnergy","Slimebound:SlimeSpikes"],"picked":"Slimebound:Gluttony","floor":15.0},{"not_picked":["Slimebound:MassFeed","Slimebound:MassRepurpose"],"picked":"Slimebound:OneTwoCombo","floor":16.0},{"not_picked":["Slimebound:LeechEnergy+1","Slimebound:SplitMire+1"],"picked":"Slimebound:SpikyOuterGoop","floor":19.0},{"not_picked":["Slimebound:Nibble","Slimebound:FormOfPuddle+1"],"picked":"Slimebound:AcidTongue+1","floor":20.0},{"not_picked":["Slimebound:SplitAcid","Slimebound:Equalize"],"picked":"Slimebound:LeadByExample","floor":25.0},{"not_picked":["Slimebound:FormOfPuddle","Slimebound:SplitBruiser","Slimebound:GrowthPunch"],"picked":"SKIP","floor":27.0},{"not_picked":["Slimebound:Dissolve","Slimebound:SplitLeeching","Slimebound:SplitBruiser"],"picked":"SKIP","floor":28.0},{"not_picked":["Slimebound:RollThrough","Slimebound:GrowthPunch+1"],"picked":"Slimebound:SlimeSpikes","floor":30.0},{"not_picked":["Slimebound:ComboTackle","Slimebound:SplitAcid"],"picked":"Slimebound:SplitMire","floor":31.0},{"not_picked":["Slimebound:FlameTackle","Slimebound:LivingWall"],"picked":"Slimebound:Gluttony","floor":32.0},{"not_picked":["Slimebound:DouseInSlime","Slimebound:LeechLife"],"picked":"Slimebound:WasteNot","floor":33.0},{"not_picked":["Slimebound:GrowthPunch+1","Slimebound:ProtectTheBoss+1"],"picked":"Slimebound:SamplingLick+1","floor":36.0},{"not_picked":["expansioncontent:Hexaburn","expansioncontent:AwakenDeath"],"picked":"expansioncontent:ManipulateTime","floor":37.0},{"not_picked":["Slimebound:SamplingLick+1","Slimebound:SlimeSpikes+1"],"picked":"Slimebound:MegaLick","floor":38},{"not_picked":["Slimebound:SplitLeeching","Slimebound:SplitBruiser+1"],"picked":"Slimebound:GoopSpray+1","floor":42},{"not_picked":["Slimebound:SplitAcid","Slimebound:LeechingTouch+1","Slimebound:LeadByExample"],"picked":"SKIP","floor":43},{"not_picked":["Slimebound:Dissolve","Slimebound:SplitBruiser"],"picked":"Slimebound:WasteNot","floor":44},{"not_picked":["Slimebound:Repurpose","Slimebound:FinishingTackle+1"],"picked":"Slimebound:SpikyOuterGoop","floor":47},{"not_picked":["Slimebound:LeechingTouch","Slimebound:ItLooksTasty+1","Slimebound:LeechEnergy"],"picked":"SKIP","floor":48},{"not_picked":["Slimebound:Schlurp","Slimebound:BestDefense+1","Slimebound:Grow"],"picked":"SKIP","floor":49}],"player_experience":19019,"relics_obtained":[{"floor":2.0,"key":"Slimebound:AggressiveSlimeRelic"},{"floor":7.0,"key":"White Beast Statue"},{"floor":12.0,"key":"Mercury Hourglass"},{"floor":14.0,"key":"Pen Nib"},{"floor":21.0,"key":"Enchiridion"},{"floor":24.0,"key":"Bag of Marbles"},{"floor":34.0,"key":"Lizard Tail"},{"floor":34.0,"key":"Sundial"},{"floor":34.0,"key":"Toy Ornithopter"},{"floor":40,"key":"downfall:GremlinWheel"},{"floor":47,"key":"Juzu Bracelet"}],"event_choices":[{"damage_healed":0.0,"max_hp_gain":5.0,"max_hp_loss":0.0,"gold_gain":0.0,"event_name":"Big Fish","player_choice":"Donut","floor":9.0,"gold_loss":0.0,"damage_taken":0.0},{"cards_removed":["Slimebound:Strike_Slimebound"],"damage_healed":0,"gold_gain":0,"player_choice":"Removed Attack","damage_taken":0,"max_hp_gain":0,"max_hp_loss":0,"event_name":"Falling","floor":39,"gold_loss":0},{"damage_healed":61,"gold_gain":0,"player_choice":"Full Heal","damage_taken":0,"max_hp_gain":0,"max_hp_loss":0,"event_name":"Wheel of Change","floor":45,"gold_loss":0}],"is_beta":false,"boss_relics":[{"not_picked":["Velvet Choker","Coffee Dripper"],"picked":"Philosopher\u0027s Stone"},{"not_picked":["Fusion Hammer","Runic Dome"],"picked":"Calling Bell"}],"items_purged_floors":[6],"is_endless":false,"potions_floor_spawned":[10,11,12,15,16,19,20,25,27,28,30,31,32,33,36,38,40,42,43,44,47,48,49],"ascension_level":0}}