{"host":"fhwr1fuluf6086fh","time":1608964763,"event":{"mods":["2.2 Compatiblity","Act Like it!","BaseMod","Elementarium","Hermit","Minty Spire (QoL Compilation)","Robot Space Explorer","StSLib","The Blue Laboratory","The Dragon Tamer","The Factory","The Hierophant","TheLocksmith"],"gold_per_floor":[116,135,150,169,144,144,481,481,508,496,496,517,517,554,554,654,654,676,676,724,743,385,419,419,444,444,462,458,458,484,502,502,532,532],"floor_reached":33,"playtime":3737,"items_purged":["hierophant:Strike_Hierophant"],"score":366,"play_id":"a250bdff-740d-4c53-846a-b6668df920a1","local_time":"20201226013923","is_ascension_mode":true,"campfire_choices":[{"data":"hierophant:FieryStrike","floor":6,"key":"SMITH"},{"floor":11,"key":"REST"},{"floor":15,"key":"REST"},{"data":"hierophant:Martyrdom","floor":24,"key":"SMITH"},{"data":"hierophant:Rebuild","floor":29,"key":"SMITH"},{"data":"hierophant:Strike_Hierophant","floor":32,"key":"PURGE"}],"circlet_count":0,"master_deck":["hierophant:Strike_Hierophant","hierophant:Punish","hierophant:Defend_Hierophant","hierophant:Defend_Hierophant","hierophant:Defend_Hierophant","hierophant:Defend_Hierophant","hierophant:ChurchCoffers","hierophant:OrnateBuckler","hierophant:HammerAndAnvil","hierophant:FieryStrike+1","hierophant:Endure","hierophant:MorningPrayer","hierophant:FlamingChariot","hierophant:HammerAndAnvil","hierophant:Rebuild+1","hierophant:Community","hierophant:Martyrdom+1","hierophant:Batter","hierophant:Embezzle+1","hierophant:ThreeLashes","hierophant:Zeal","Good Instincts","hierophant:Shelter","hierophant:SolarFlare","hierophant:Purify","hierophant:FlamingChariot","hierophant:Racketeering","hierophant:Batter+1"],"relics":["hierophant:PropheticMaskRelic","Lizard Tail","Old Coin","Unceasing Top","Tiny Chest","White Beast Statue","Peace Pipe","Philosopher\u0027s Stone","Potion Belt","HandDrill","Strawberry","Bag of Preparation","Letter Opener","Molten Egg 2","Pen Nib"],"acts_visited":["Exordium","TheCity"],"potions_floor_usage":[7,14,16,23,23,28,33,33],"damage_taken":[{"damage":1,"enemies":"Cultist","floor":1,"turns":4},{"damage":2,"enemies":"Jaw Worm","floor":2,"turns":4},{"damage":1,"enemies":"2 Louse","floor":3,"turns":2},{"damage":13,"enemies":"Exordium Thugs","floor":4,"turns":6},{"damage":2,"enemies":"Looter","floor":5,"turns":4},{"damage":57,"enemies":"Gremlin Nob","floor":7,"turns":6},{"damage":15,"enemies":"Lagavulin","floor":10,"turns":11},{"damage":11,"enemies":"Large Slime","floor":12,"turns":5},{"damage":10,"enemies":"3 Sentries","floor":14,"turns":6},{"damage":31,"enemies":"Slime Boss","floor":16,"turns":14},{"damage":2,"enemies":"3 Byrds","floor":18,"turns":2},{"damage":14,"enemies":"Shell Parasite","floor":21,"turns":4},{"damage":0,"enemies":"Slavers","floor":23,"turns":5},{"damage":5,"enemies":"Gremlin Leader","floor":25,"turns":8},{"damage":10,"enemies":"Snake Plant","floor":27,"turns":2},{"damage":11,"enemies":"Slavers","floor":28,"turns":4},{"damage":0,"enemies":"Sentry and Sphere","floor":31,"turns":2},{"damage":47,"enemies":"Champ","floor":33,"turns":6}],"seed_played":"-2915335917666998551","potions_obtained":[{"floor":5,"key":"blueLaboratory:EmptyBottle"},{"floor":10,"key":"blueLaboratory:LouseDecoction"},{"floor":12,"key":"BlessingOfTheForge"},{"floor":14,"key":"AttackPotion"},{"floor":16,"key":"blueLaboratory:PhilterOfMotion"},{"floor":18,"key":"Fire Potion"},{"floor":21,"key":"BlessingOfTheForge"},{"floor":23,"key":"blueLaboratory:BubblePotion"},{"floor":25,"key":"blueLaboratory:FruitPreserves"},{"floor":27,"key":"Strength Potion"},{"floor":31,"key":"blueLaboratory:ForbiddenFruitJuice"}],"is_trial":false,"path_per_floor":["M","M","M","M","M","R","E","T","T","E","R","M","?","E","R","B",null,"M","?","T","M","$","E","R","E","T","M","E","R","T","M","R","B"],"character_chosen":"HIEROPHANT","items_purchased":["HandDrill","Good Instincts","hierophant:Shelter"],"campfire_rested":2,"item_purchase_floors":[22,22,22],"current_hp_per_floor":[74,72,71,58,56,56,37,37,37,22,44,33,33,23,45,14,75,73,73,73,59,59,66,66,61,61,51,40,40,40,40,40,0,0],"gold":532,"neow_bonus":"ONE_RARE_RELIC","is_daily":false,"chose_seed":false,"campfire_upgraded":3,"win_rate":0.0,"timestamp":1608964763,"path_taken":["M","?","M","M","M","R","E","?","T","E","R","M","?","E","R","BOSS","M","?","?","M","$","E","R","E","T","M","E","R","?","M","R","BOSS"],"items_purchased_type":["Relic","Card","Card"],"build_version":"2020-12-22","purchased_purges":1,"victory":false,"max_hp_per_floor":[75,75,75,75,75,75,75,75,75,75,75,75,75,75,75,75,75,75,75,75,75,75,82,82,82,82,82,82,82,82,82,82,82,82],"card_choices":[{"not_picked":["hierophant:Remorse","hierophant:Zeal"],"picked":"hierophant:OrnateBuckler","floor":1},{"not_picked":["hierophant:PassingBell","hierophant:Zeal"],"picked":"hierophant:HammerAndAnvil","floor":2},{"not_picked":["hierophant:CoinFling","hierophant:Doubloon"],"picked":"hierophant:FieryStrike","floor":3},{"not_picked":["hierophant:Doubloon","hierophant:Empathy"],"picked":"hierophant:Endure","floor":4},{"not_picked":["hierophant:Mercenaries","hierophant:Smite"],"picked":"hierophant:MorningPrayer","floor":5},{"not_picked":["hierophant:Endure","hierophant:DivineIntervention"],"picked":"hierophant:FlamingChariot","floor":7},{"not_picked":["hierophant:Doomsaying","hierophant:AuricShield"],"picked":"hierophant:HammerAndAnvil","floor":10},{"not_picked":["hierophant:HammerAndAnvil","hierophant:Remorse"],"picked":"hierophant:Rebuild","floor":12},{"not_picked":["hierophant:Remorse","hierophant:HammerAndAnvil"],"picked":"hierophant:Martyrdom","floor":14},{"not_picked":["hierophant:DivineIntervention","hierophant:DeathKnell"],"picked":"hierophant:Batter","floor":16},{"not_picked":["hierophant:TollTheBells","hierophant:FaithHealing"],"picked":"hierophant:Embezzle+1","floor":18},{"not_picked":["hierophant:FieryStrike","hierophant:Shelter"],"picked":"hierophant:Zeal","floor":21},{"not_picked":["hierophant:FieryStrike","hierophant:OrnateJavelin"],"picked":"hierophant:SolarFlare","floor":23},{"not_picked":["hierophant:OrnateBuckler","hierophant:RepressedViolence"],"picked":"hierophant:Purify","floor":25},{"not_picked":["hierophant:Dazzle","hierophant:SecretStash"],"picked":"hierophant:FlamingChariot","floor":27},{"not_picked":["hierophant:Alms","hierophant:Encroach"],"picked":"hierophant:Racketeering","floor":28},{"not_picked":["hierophant:Encroach","hierophant:SealAway+1"],"picked":"hierophant:Batter+1","floor":31}],"player_experience":820136,"relics_obtained":[{"floor":7,"key":"Old Coin"},{"floor":8,"key":"Unceasing Top"},{"floor":9,"key":"Tiny Chest"},{"floor":10,"key":"White Beast Statue"},{"floor":14,"key":"Peace Pipe"},{"floor":20,"key":"Potion Belt"},{"floor":23,"key":"Strawberry"},{"floor":25,"key":"Bag of Preparation"},{"floor":26,"key":"Letter Opener"},{"floor":28,"key":"Molten Egg 2"},{"floor":30,"key":"Pen Nib"}],"event_choices":[{"damage_healed":0,"gold_gain":0,"cards_transformed":["hierophant:Strike_Hierophant"],"player_choice":"Change","damage_taken":0,"max_hp_gain":0,"max_hp_loss":0,"event_name":"Living Wall","floor":13,"gold_loss":0,"cards_obtained":["hierophant:Community"]},{"damage_healed":0,"gold_gain":0,"player_choice":"Read","damage_taken":0,"max_hp_gain":0,"max_hp_loss":0,"event_name":"The Library","floor":19,"gold_loss":0,"cards_obtained":["hierophant:ThreeLashes"]}],"is_beta":false,"boss_relics":[{"not_picked":["Black Star","Calling Bell"],"picked":"Philosopher\u0027s Stone"}],"items_purged_floors":[22],"is_endless":false,"potions_floor_spawned":[5,10,12,14,16,18,21,23,25,27,31],"killed_by":"Champ","ascension_level":1}}