{"host":"mmvmlqmvbrlj5jge","time":1608978322,"event":{"mods":["ATMod(阿瑾Mod)","Act Like it!","BaseMod","Dota2Spire","Gensokyo","Hallownest","Koishi","Lobotomy","Mari Mod (Legacy)","Mari\u0027s V1 Patch","Minty Spire (QoL Compilation)","MostiFishMod","Pale of the Ancients","Prisma Mod","Quick Restart","Remilia（蕾米莉亚）","RumiaBox-露米娅的神秘盒子","Spicy Shops","StSLib","TestMod","The Bug Knight","Yakumo Yukari mod","【功能Mod】混沌之环修复补丁","【遗物卡牌】REMEMod","残留之物","篝火指南"],"gold_per_floor":[118,43,43,43,54,87,103,129,129,145,156,168,168,21,21,121,121,132,382,382,382,396,426,442,459,459,472,872,882,882,899,899,1000,1000,1018,1018,1038,1062,570,600,600,600,600,600,229,247,276,291,291,291,311,328,328,374,374,386,386,58,58,58],"floor_reached":61,"playtime":2069,"items_purged":["PlaceholderMod:BaseDefend","PlaceholderMod:PoisonWhip","PlaceholderMod:BaseDefend","PlaceholderMod:BaseStrike","PlaceholderMod:BaseDefend"],"score":1765,"play_id":"9ce466de-94f4-4f62-9936-e3abff36cc34","local_time":"20201226182522","is_ascension_mode":false,"campfire_choices":[{"data":"PlaceholderMod:ChainPoly","floor":13,"key":"SMITH"},{"data":"PlaceholderMod:HighConcentration","floor":15,"key":"SMITH"},{"data":"PlaceholderMod:Assimilation","floor":30,"key":"SMITH"},{"data":"PlaceholderMod:Assimilation","floor":32,"key":"SMITH"},{"data":"PlaceholderMod:Activation","floor":42,"key":"SMITH"},{"data":"AT_FocusSwordFire","floor":44,"key":"SMITH"},{"data":"PlaceholderMod:Inner","floor":49,"key":"SMITH"},{"data":"PrismaMod:ChloeCarnivalDefend","floor":55,"key":"SMITH"},{"data":"PlaceholderMod:StressReaction","floor":57,"key":"SMITH"}],"circlet_count":0,"master_deck":["PlaceholderMod:BaseStrike","PlaceholderMod:BaseStrike","PlaceholderMod:BaseDefend","PlaceholderMod:BaseDefend","PlaceholderMod:Crystal","AT_FocusSwordFire+1","PrismaMod:ChloeCarnivalDefend+1","PlaceholderMod:StressReaction+1","PlaceholderMod:HighConcentration+1","PlaceholderMod:Inner+1","PlaceholderMod:ComplexForm+1","PlaceholderMod:ChainPoly+1","PlaceholderMod:DirectingGroup","PlaceholderMod:Assimilation+1","PlaceholderMod:Assimilation+1","PlaceholderMod:SevereHeat+1","PlaceholderMod:Activation+1","PlaceholderMod:SevereHeat+1"],"relics":["REME_ComplimentaryCards","AT_ATBox","FeatherPendant","testmod-PortableAltar","Runic Dome","SynthV:TestCard","AddBug","SecretRecord","SecretRecord","SecretRecord","SecretRecord","SecretRecord","SecretRecord","SecretRecord"],"acts_visited":["Gensokyo:Gensokyo","Gensokyo:Gensokyoer","Gensokyo:Gensokyoest","paleoftheancients:PaleOfTheAncients"],"potions_floor_usage":[25],"damage_taken":[{"damage":3,"enemies":"Gensokyo:3_Fairies","floor":1,"turns":3},{"damage":1,"enemies":"Gensokyo:2_Kodama","floor":5,"turns":2},{"damage":0,"enemies":"Gensokyo:Aya","floor":6,"turns":1},{"damage":0,"enemies":"Gensokyo:Python","floor":7,"turns":1},{"damage":0,"enemies":"Gensokyo:Mamizou","floor":8,"turns":1},{"damage":2,"enemies":"Gensokyo:VengefulSpirit","floor":10,"turns":4},{"damage":0,"enemies":"Gensokyo:Gryphon_and_Rabbit","floor":11,"turns":2},{"damage":0,"enemies":"Gensokyo:Kitsune","floor":12,"turns":2},{"damage":41,"enemies":"Gensokyo:Yukari","floor":16,"turns":4},{"damage":0,"enemies":"Gensokyo:2_Gloops","floor":18,"turns":2},{"damage":0,"enemies":"Gensokyo:AngelMirror","floor":22,"turns":2},{"damage":0,"enemies":"Gensokyo:Reisen","floor":23,"turns":3},{"damage":16,"enemies":"Gensokyo:Wraith","floor":24,"turns":4},{"damage":1,"enemies":"Gensokyo:3_Gloops","floor":25,"turns":4},{"damage":0,"enemies":"Gensokyo:Swordslinger","floor":27,"turns":2},{"damage":0,"enemies":"Gensokyo:Wraith","floor":29,"turns":3},{"damage":18,"enemies":"Gensokyo:Monolith_and_Dog","floor":31,"turns":4},{"damage":0,"enemies":"Gensokyo:Eternal_Rivals","floor":33,"turns":3},{"damage":0,"enemies":"Gensokyo:3_Bats","floor":35,"turns":3},{"damage":0,"enemies":"Gensokyo:AncientGuardian","floor":37,"turns":3},{"damage":0,"enemies":"Gensokyo:Doremy","floor":40,"turns":2},{"damage":0,"enemies":"Gensokyo:Rafflesia","floor":46,"turns":2},{"damage":0,"enemies":"Gensokyo:Kasen","floor":47,"turns":2},{"damage":0,"enemies":"Gensokyo:AtlasGolem","floor":48,"turns":3},{"damage":0,"enemies":"Gensokyo:Shinki","floor":50,"turns":4},{"damage":0,"enemies":"Gensokyo:Shinki","floor":51,"turns":2},{"damage":0,"enemies":"Gensokyo:Shinki","floor":52,"turns":2},{"damage":0,"enemies":"Gensokyo:Shinki","floor":56,"turns":1},{"damage":0,"enemies":"paleoftheancients:N","floor":60,"turns":5}],"seed_played":"-368501538551417359","potions_obtained":[{"floor":8,"key":"Weak Potion"},{"floor":10,"key":"SkillPotion"},{"floor":12,"key":"EssenceOfSteel"},{"floor":22,"key":"Energy Potion"},{"floor":29,"key":"BlessingOfTheForge"}],"is_trial":false,"path_per_floor":["M","$","?","$","M","E","M","E","T","M","M","M","R","$","R","B",null,"M","?","T","?","M","E","M","M","T","M","?","M","R","M","R","B",null,"M","?","M","T","$","E","?","R","T","R","$","M","E","M","R","B","M","M","?","T","R","M","R","$","?","B",null],"character_chosen":"THE_PLACEHOLDER","items_purchased":["PlaceholderMod:DirectingGroup","SSSystem","Toolbox","REME_HandOfSuture","ChiLing","REME_OnlineShoppingPlatform","ScarletDevilRocket"],"campfire_rested":0,"item_purchase_floors":[14,39,39,39,45,45,58],"current_hp_per_floor":[74,74,74,74,72,72,71,70,69,66,66,66,65,64,63,21,61,60,56,55,54,53,52,42,55,55,62,62,69,69,63,63,71,96,108,107,115,114,113,112,111,110,109,108,107,116,115,119,118,122,126,125,124,123,122,134,133,132,131,130],"gold":58,"neow_bonus":"BOSS_RELIC","is_daily":false,"chose_seed":false,"campfire_upgraded":9,"win_rate":0.0,"timestamp":1608978322,"path_taken":["M","?","?","?","M","E","M","E","T","M","M","M","R","$","R","BOSS","M","?","?","?","M","E","M","M","T","?","?","M","R","M","R","BOSS","M","?","?","?","?","E","?","R","T","R","$","M","E","M","R","BOSS","M","M","?","T","R","M","R","$","?","BOSS"],"items_purchased_type":["Card","Relic","Relic","Relic","Relic","Relic","Relic"],"build_version":"2020-12-22","purchased_purges":5,"victory":true,"max_hp_per_floor":[77,76,75,74,73,72,71,70,69,68,67,66,65,64,63,62,61,60,56,55,54,53,52,58,71,70,76,75,81,80,91,90,97,96,108,107,115,114,113,112,111,110,109,108,107,116,115,119,118,122,126,125,124,123,122,134,133,132,131,130],"card_choices":[{"not_picked":["PlaceholderMod:PoisonAbsorb","PlaceholderMod:OHStrongAttack","PlaceholderMod:Colorful"],"picked":"SKIP","floor":1},{"not_picked":["PlaceholderMod:Hard","PlaceholderMod:SeverePoisonStrike","PlaceholderMod:StrongAcid","PlaceholderMod:SpinBlade"],"picked":"PlaceholderMod:StressReaction","floor":3},{"not_picked":["PlaceholderMod:AttackAsDefend","PlaceholderMod:SevereHeat","PlaceholderMod:CorePoison","PlaceholderMod:SubstitutionNucleophilic1"],"picked":"PlaceholderMod:HighConcentration","floor":3},{"not_picked":["PlaceholderMod:HornyBlast","PlaceholderMod:HardStinger","PlaceholderMod:Polyp","PlaceholderMod:AttackAsDefend","PlaceholderMod:ProliferateStrike"],"picked":"SKIP","floor":5},{"not_picked":["PlaceholderMod:ThreeBenzyolStart","PlaceholderMod:HardStinger","PlaceholderMod:NutritionAbsorb","PlaceholderMod:Colorful"],"picked":"PlaceholderMod:Inner","floor":6},{"not_picked":["PlaceholderMod:ProliferateStrike","PlaceholderMod:EnergyAbsorb","PlaceholderMod:DiffusionChemical","PlaceholderMod:HardStrike"],"picked":"PlaceholderMod:ComplexForm","floor":7},{"not_picked":["PlaceholderMod:PoisonAbsorb","PlaceholderMod:SelectReaction","PlaceholderMod:Break","PlaceholderMod:ConsolidateHit"],"picked":"PlaceholderMod:ComplexForm","floor":8},{"not_picked":["PlaceholderMod:Colorful","PlaceholderMod:HealingAttack","PlaceholderMod:PoisonExcitation","PlaceholderMod:HornyBlast"],"picked":"PlaceholderMod:ChainPoly","floor":10},{"not_picked":["PlaceholderMod:OHStrongAttack","PlaceholderMod:ConsolidateHit","PlaceholderMod:RadicalHit","PlaceholderMod:Internalization","PlaceholderMod:Stable"],"picked":"SKIP","floor":11},{"not_picked":["PlaceholderMod:AttackAsDefend","PlaceholderMod:StressReaction","PlaceholderMod:HornyBlast","PlaceholderMod:ParasiteChange","PlaceholderMod:SeverePoisonStrike"],"picked":"SKIP","floor":12},{"not_picked":["PlaceholderMod:AbsorbTouch","PlaceholderMod:BlastSpray","PlaceholderMod:Eat","PlaceholderMod:CorePoison"],"picked":"PlaceholderMod:Assimilation","floor":16},{"not_picked":["PlaceholderMod:Stable","PlaceholderMod:PoisonExcitation","PlaceholderMod:Sweep","PlaceholderMod:DirectingGroup+1","PlaceholderMod:InnerStable"],"picked":"SKIP","floor":18},{"not_picked":["PlaceholderMod:ContinueSpray","PlaceholderMod:Sweep","PlaceholderMod:Colorful","PlaceholderMod:Turn","PlaceholderMod:DirectingGroup+1"],"picked":"SKIP","floor":22},{"not_picked":["PlaceholderMod:AngryAttack","PlaceholderMod:HornyBlast","PlaceholderMod:DirectingGroup","PlaceholderMod:Stable"],"picked":"PlaceholderMod:Assimilation","floor":23},{"not_picked":["PlaceholderMod:FastReaction","PlaceholderMod:SprayAttack","PlaceholderMod:ConsolidateHit","PlaceholderMod:AttackAsDefend+1","PlaceholderMod:DiffusionChemical"],"picked":"SKIP","floor":24},{"not_picked":["PlaceholderMod:RadicalHit+1","PlaceholderMod:HornyBlast","PlaceholderMod:TriggerStrike+1","PlaceholderMod:NutritionAbsorb+1","PlaceholderMod:SprayAttack"],"picked":"SKIP","floor":25},{"not_picked":["PlaceholderMod:HornyBlast","PlaceholderMod:Sweep","PlaceholderMod:ComplexForm+1","PlaceholderMod:HealingAttack","PlaceholderMod:PoisonAbsorb+1"],"picked":"SKIP","floor":27},{"not_picked":["PlaceholderMod:Eat","PlaceholderMod:DirectingGroup","PlaceholderMod:RadicalHit","PlaceholderMod:AngryAttack"],"picked":"PlaceholderMod:SevereHeat+1","floor":29},{"not_picked":["PlaceholderMod:CycleAttack","PlaceholderMod:TriggerStrike","PlaceholderMod:OHStrongAttack","PlaceholderMod:SubstitutionNucleophilic1","PlaceholderMod:StrongAcid"],"picked":"SKIP","floor":31},{"not_picked":["PlaceholderMod:BlastSpray","PlaceholderMod:FinalSpray","PlaceholderMod:GrowthForm","PlaceholderMod:CorePoison"],"picked":"PlaceholderMod:Activation","floor":33},{"not_picked":["PlaceholderMod:HornyBlast+1","PlaceholderMod:Turn","PlaceholderMod:DissolvingSpikes+1","PlaceholderMod:RadicalHit","PlaceholderMod:SprayAttack"],"picked":"SKIP","floor":35},{"not_picked":["PlaceholderMod:Break","PlaceholderMod:ConsolidateHit","PlaceholderMod:SprayAttack+1","PlaceholderMod:StressReaction","PlaceholderMod:NearChange"],"picked":"SKIP","floor":37},{"not_picked":["PlaceholderMod:Colorful+1","PlaceholderMod:Break+1","PlaceholderMod:PoisonAbsorb+1","PlaceholderMod:DiffusionChemical+1","PlaceholderMod:OHStrongAttack"],"picked":"SKIP","floor":40},{"not_picked":["PlaceholderMod:AttackAsDefend+1","PlaceholderMod:StrongAcid","PlaceholderMod:AngryAttack","PlaceholderMod:HardStrike+1","PlaceholderMod:Hyperplasia"],"picked":"SKIP","floor":46},{"not_picked":["PlaceholderMod:GrowthForm","PlaceholderMod:PoisonExcitation","PlaceholderMod:HornyBlast+1","PlaceholderMod:HardStinger"],"picked":"PlaceholderMod:SevereHeat+1","floor":47},{"not_picked":["PlaceholderMod:AngryAttack+1","PlaceholderMod:SubstitutionNucleophilic1","PlaceholderMod:AttackAsDefend","PlaceholderMod:Turn","PlaceholderMod:ConsolidateHit+1"],"picked":"SKIP","floor":48},{"not_picked":["PlaceholderMod:SevereHeat+1","PlaceholderMod:NutritionAbsorb+1","PlaceholderMod:SeverePoisonStrike+1","PlaceholderMod:Break+1","PlaceholderMod:Stratification+1"],"picked":"SKIP","floor":51},{"not_picked":["PlaceholderMod:CorePoison","PlaceholderMod:SelectReaction","PlaceholderMod:AttackAsDefend","PlaceholderMod:HardStrike+1","PlaceholderMod:TriggerStrike"],"picked":"SKIP","floor":52},{"not_picked":["PlaceholderMod:EnergyAbsorb+1","PlaceholderMod:HardStrike","PlaceholderMod:AttackAsDefend+1","PlaceholderMod:PoisonAbsorb","PlaceholderMod:ParasiteChange"],"picked":"SKIP","floor":56}],"player_experience":133871,"relics_obtained":[{"floor":1,"key":"SynthV:TestCard"},{"floor":1,"key":"AddBug"},{"floor":6,"key":"Dota2Spire:MantaStyle"},{"floor":8,"key":"Dota2Spire:Mjollnir"},{"floor":9,"key":"testmod-CasingShield"},{"floor":10,"key":"SecretRecord"},{"floor":20,"key":"Sundial"},{"floor":23,"key":"SecretRecord"},{"floor":23,"key":"Ccalipers"},{"floor":26,"key":"GodSword3"},{"floor":35,"key":"SecretRecord"},{"floor":38,"key":"testmod-TurbochargingSystem"},{"floor":40,"key":"SecretRecord"},{"floor":40,"key":"Molten Egg 2"},{"floor":43,"key":"AT_RabadonDeathcap"},{"floor":47,"key":"OriginationStaff"},{"floor":48,"key":"SecretRecord"},{"floor":51,"key":"paleoftheancients:SoulOfTheGuardian"},{"floor":52,"key":"paleoftheancients:SoulOfTheBard"},{"floor":52,"key":"SecretRecord"},{"floor":54,"key":"Anchor"},{"floor":56,"key":"paleoftheancients:SoulOfTheVixen"}],"event_choices":[{"damage_healed":0,"gold_gain":400,"player_choice":"Sell","damage_taken":0,"max_hp_gain":0,"max_hp_loss":0,"event_name":"恩洛斯的盘子","floor":28,"relics_lost":["DaveBox"],"gold_loss":0},{"damage_healed":0,"gold_gain":0,"player_choice":"Swap Relic","damage_taken":0,"relics_obtained":["testmod-TestBox"],"max_hp_gain":0,"max_hp_loss":0,"event_name":"给自己的盒子","floor":53,"relics_lost":["testmod-TestBox"],"gold_loss":0}],"is_beta":false,"boss_relics":[{"not_picked":["Pandora\u0027s Box","NightmareShop"],"picked":"ExusiaiGun"},{"not_picked":["OneHitWonderSystem","RhineFirstAidKit"],"picked":"testmod-Nine"}],"items_purged_floors":[2,14,39,45,58],"is_endless":false,"potions_floor_spawned":[8,10,12,18,22,29,40,47,51],"ascension_level":0}}