{"host":"rolltorest","time":1608970768,"event":{"mods":["BaseMod","Minty Spire (QoL Compilation)","StSLib"],"gold_per_floor":[112,112,129,139,158,158,171,171,171,6,35,45,70,87,87,164,164,175,175,100,100,115,115,140,140,140,158,1,34,34,65,65,65,65],"floor_reached":33,"playtime":890,"items_purged":["Strike_G","Strike_G"],"score":790,"play_id":"030f1dec-4995-402d-bb23-bc0e80297d78","local_time":"20201226001928","is_ascension_mode":true,"campfire_choices":[{"data":"Blade Dance","floor":6,"key":"SMITH"},{"data":"Bane","floor":8,"key":"SMITH"},{"data":"Dagger Spray","floor":15,"key":"SMITH"},{"floor":23,"key":"REST"},{"data":"Ghostly","floor":30,"key":"SMITH"},{"data":"Ghostly","floor":32,"key":"SMITH"}],"circlet_count":0,"master_deck":["AscendersBane","Strike_G","Strike_G","Defend_G","Defend_G","Defend_G","Defend_G","Defend_G","Survivor","Neutralize","Venomology","Terror","Blade Dance+1","Bane+1","Glass Knife","Poisoned Stab","Dagger Spray+1","PiercingWail","Predator","Corpse Explosion","Deflect+1","Decay","PiercingWail","Ghostly+1","Ghostly+1","Ghostly","PiercingWail","Poisoned Stab","Deadly Poison"],"relics":["Ring of the Snake","NeowsBlessing","Peace Pipe","InkBottle","Du-Vu Doll","SlaversCollar","MutagenicStrength","Ninja Scroll","Ornamental Fan","Juzu Bracelet","Red Mask"],"acts_visited":["Exordium","TheCity"],"potions_floor_usage":[5,11,11,13,14,14,16,16,16,24,24,33,33],"damage_taken":[{"damage":0,"enemies":"2 Louse","floor":1,"turns":1},{"damage":0,"enemies":"Cultist","floor":3,"turns":1},{"damage":0,"enemies":"Jaw Worm","floor":4,"turns":1},{"damage":24,"enemies":"Large Slime","floor":5,"turns":12},{"damage":1,"enemies":"2 Fungi Beasts","floor":7,"turns":4},{"damage":22,"enemies":"3 Sentries","floor":11,"turns":8},{"damage":6,"enemies":"Blue Slaver","floor":12,"turns":3},{"damage":0,"enemies":"Gremlin Nob","floor":13,"turns":1},{"damage":8,"enemies":"3 Louse","floor":14,"turns":3},{"damage":0,"enemies":"Slime Boss","floor":16,"turns":5},{"damage":8,"enemies":"2 Thieves","floor":18,"turns":2},{"damage":21,"enemies":"Shell Parasite","floor":22,"turns":3},{"damage":30,"enemies":"Book of Stabbing","floor":24,"turns":5},{"damage":4,"enemies":"Chosen and Byrds","floor":27,"turns":7},{"damage":0,"enemies":"Slavers","floor":29,"turns":4},{"damage":0,"enemies":"Masked Bandits","floor":31,"turns":4},{"damage":3,"enemies":"Champ","floor":33,"turns":6}],"seed_played":"-4928939826631693793","potions_obtained":[{"floor":7,"key":"Fruit Juice"},{"floor":13,"key":"AttackPotion"},{"floor":14,"key":"FearPotion"},{"floor":16,"key":"LiquidBronze"},{"floor":22,"key":"EssenceOfSteel"}],"is_trial":false,"path_per_floor":["M","?","M","M","M","R","M","R","T","$","E","M","E","M","R","B",null,"M","?","$","?","M","R","E","?","T","M","$","E","R","?","R","B"],"character_chosen":"THE_SILENT","items_purchased":["Glass Knife","Poisoned Stab"],"campfire_rested":1,"item_purchase_floors":[10,28],"current_hp_per_floor":[59,59,59,59,35,35,34,34,34,34,27,21,21,18,18,18,58,50,50,50,50,29,50,20,20,20,16,16,16,16,16,16,13,13],"gold":65,"neow_bonus":"THREE_ENEMY_KILL","is_daily":false,"chose_seed":false,"campfire_upgraded":5,"win_rate":0.0,"timestamp":1608970768,"path_taken":["M","?","?","M","M","R","?","R","T","$","E","M","E","?","R","BOSS","M","?","$","?","M","R","E","?","T","M","?","E","R","?","R","BOSS"],"items_purchased_type":["Card","Card"],"build_version":"2020-12-18","purchased_purges":2,"victory":false,"max_hp_per_floor":[66,66,66,66,66,66,66,66,66,66,66,66,66,71,71,71,71,71,71,71,71,71,71,71,35,35,35,35,35,35,35,35,35,35],"card_choices":[{"not_picked":["Dodge and Roll","Cloak And Dagger","Concentrate"],"picked":"SKIP","floor":1},{"not_picked":["Prepared","Sucker Punch"],"picked":"Terror","floor":3},{"not_picked":["Flying Knee","Outmaneuver"],"picked":"Blade Dance","floor":4},{"not_picked":["Tactician","Terror","Prepared"],"picked":"SKIP","floor":5},{"not_picked":["Distraction","Footwork"],"picked":"Bane","floor":7},{"not_picked":["Dagger Throw","Sucker Punch"],"picked":"Poisoned Stab","floor":11},{"not_picked":["Flying Knee","Cloak And Dagger"],"picked":"Dagger Spray","floor":12},{"not_picked":["Deflect","Dagger Spray"],"picked":"PiercingWail","floor":13},{"not_picked":["Backflip","Blade Dance"],"picked":"Predator","floor":14},{"not_picked":["Night Terror","Tools of the Trade"],"picked":"Corpse Explosion","floor":16},{"not_picked":["Underhanded Strike","Cloak And Dagger"],"picked":"Deflect+1","floor":18},{"not_picked":["Blur","Choke"],"picked":"PiercingWail","floor":22},{"not_picked":["Acrobatics","Blur","Dodge and Roll"],"picked":"SKIP","floor":24},{"not_picked":["Terror","Caltrops"],"picked":"PiercingWail","floor":27},{"not_picked":["Finisher","Storm of Steel"],"picked":"Deadly Poison","floor":29}],"player_experience":1706151,"relics_obtained":[{"floor":9,"key":"Peace Pipe"},{"floor":11,"key":"InkBottle"},{"floor":13,"key":"Du-Vu Doll"},{"floor":24,"key":"Ninja Scroll"},{"floor":26,"key":"Ornamental Fan"},{"floor":29,"key":"Juzu Bracelet"},{"floor":31,"key":"Red Mask"}],"event_choices":[{"damage_healed":0,"gold_gain":0,"cards_transformed":["Strike_G"],"player_choice":"Transformed","damage_taken":0,"max_hp_gain":0,"max_hp_loss":0,"event_name":"Transmorgrifier","floor":2,"gold_loss":0,"cards_obtained":["Venomology"]},{"damage_healed":0,"gold_gain":0,"player_choice":"Inject Mutagens","damage_taken":0,"relics_obtained":["MutagenicStrength"],"max_hp_gain":0,"max_hp_loss":0,"event_name":"Drug Dealer","floor":19,"gold_loss":0},{"damage_healed":0,"gold_gain":0,"player_choice":"Smashed Altar","damage_taken":0,"max_hp_gain":0,"max_hp_loss":0,"event_name":"Forgotten Altar","floor":21,"gold_loss":0,"cards_obtained":["Decay"]},{"damage_healed":0,"gold_gain":0,"player_choice":"Became a Ghost","damage_taken":0,"max_hp_gain":0,"max_hp_loss":36,"event_name":"Ghosts","floor":25,"gold_loss":0,"cards_obtained":["Ghostly","Ghostly","Ghostly"]},{"damage_healed":0,"gold_gain":0,"player_choice":"Fought Bandits","damage_taken":0,"max_hp_gain":0,"max_hp_loss":0,"event_name":"Masked Bandits","floor":31,"gold_loss":0}],"is_beta":true,"boss_relics":[{"not_picked":["Astrolabe","SacredBark"],"picked":"SlaversCollar"}],"items_purged_floors":[20,28],"is_endless":false,"potions_floor_spawned":[7,13,14,16,22,29,31],"killed_by":"Champ","ascension_level":20}}