{"host":"o7j6aatxjwpw1421","time":1608981611,"event":{"mods":["2.2 Compatiblity","AchievementEnabler","BaseMod","Colored Map","DeckTracker","Highlight Path","Keyboard Shortcuts","Minty Spire (QoL Compilation)","Permanent Neow","Quick Restart","StSLib","SuperFastMode","everything is the same but u backflip on backflip"],"gold_per_floor":[113,113,126,51,51,51,51,85,85,105,117,117,131,146,146,146,146],"floor_reached":16,"playtime":504,"items_purged":["Strike_R"],"score":168,"play_id":"9d7a4c08-76a1-4208-9602-ea3787835d2c","local_time":"20201226202011","is_ascension_mode":true,"campfire_choices":[{"data":"Shrug It Off","floor":6.0,"key":"SMITH"},{"data":"Pommel Strike","floor":12.0,"key":"SMITH"},{"floor":15,"key":"REST"}],"circlet_count":0,"master_deck":["AscendersBane","Strike_R","Strike_R","Strike_R","Defend_R","Defend_R","Defend_R","Bash","Shrug It Off+1","Pommel Strike+1","Whirlwind","Dual Wield","Uppercut"],"relics":["Burning Blood","Pen Nib","Frozen Egg 2","Sundial","Kunai"],"acts_visited":["Exordium"],"potions_floor_usage":[14],"damage_taken":[{"damage":3.0,"enemies":"2 Louse","floor":1.0,"turns":3.0},{"damage":0.0,"enemies":"Jaw Worm","floor":3.0,"turns":6.0},{"damage":32.0,"enemies":"Gremlin Nob","floor":8.0,"turns":4.0},{"damage":5.0,"enemies":"Small Slimes","floor":10.0,"turns":4.0},{"damage":7.0,"enemies":"Looter","floor":11.0,"turns":3.0},{"damage":6,"enemies":"Exordium Wildlife","floor":13,"turns":4},{"damage":4,"enemies":"Gremlin Gang","floor":14,"turns":4},{"damage":33,"enemies":"Hexaghost","floor":16,"turns":9}],"seed_played":"-2397906146945768135","potions_obtained":[{"floor":1.0,"key":"CultistPotion"},{"floor":13,"key":"EssenceOfSteel"}],"is_trial":false,"path_per_floor":["M","?","M","$","?","R","?","E","T","M","M","R","M","M","R","B"],"character_chosen":"IRONCLAD","items_purchased":[],"campfire_rested":1,"item_purchase_floors":[],"current_hp_per_floor":[75,68,74,74,49,49,49,23,23,24,23,23,23,25,49,16,16],"gold":146,"neow_bonus":"RANDOM_COMMON_RELIC","is_daily":false,"chose_seed":false,"campfire_upgraded":2,"win_rate":0.0,"timestamp":1608981611,"path_taken":["M","?","M","?","?","R","?","E","T","M","M","R","M","M","R","BOSS"],"items_purchased_type":[],"build_version":"2020-12-22","purchased_purges":1,"victory":false,"max_hp_per_floor":[80,80,80,80,80,80,80,80,80,80,80,80,80,80,80,80,80],"card_choices":[{"not_picked":["Sentinel","Metallicize"],"picked":"Shrug It Off","floor":1.0},{"not_picked":["Dropkick","Headbutt","Iron Wave"],"picked":"SKIP","floor":3.0},{"not_picked":["Sword Boomerang","Body Slam"],"picked":"Pommel Strike","floor":8.0},{"not_picked":["Feel No Pain+1","Headbutt"],"picked":"Whirlwind","floor":10.0},{"not_picked":["Twin Strike","Armaments","Pommel Strike"],"picked":"SKIP","floor":11.0},{"not_picked":["Bloodletting","Anger"],"picked":"Dual Wield","floor":13},{"not_picked":["Headbutt","Thunderclap"],"picked":"Uppercut","floor":14}],"player_experience":364182,"relics_obtained":[{"floor":8.0,"key":"Sundial"},{"floor":9.0,"key":"Kunai"}],"event_choices":[{"cards_removed":["Strike_R"],"damage_healed":0.0,"max_hp_gain":0.0,"max_hp_loss":0.0,"gold_gain":0.0,"event_name":"Golden Wing","player_choice":"Card Removal","floor":2.0,"gold_loss":0.0,"damage_taken":7.0},{"damage_healed":0.0,"max_hp_gain":0.0,"max_hp_loss":0.0,"gold_gain":0.0,"event_name":"Scrap Ooze","player_choice":"Success","floor":5.0,"gold_loss":0.0,"damage_taken":25.0,"relics_obtained":["Frozen Egg 2"]},{"cards_removed":["Defend_R"],"damage_healed":0.0,"max_hp_gain":0.0,"max_hp_loss":0.0,"gold_gain":0.0,"event_name":"Purifier","player_choice":"Purged","floor":7.0,"gold_loss":0.0,"damage_taken":0.0}],"is_beta":false,"boss_relics":[],"items_purged_floors":[4],"is_endless":false,"potions_floor_spawned":[1,13],"killed_by":"Hexaghost","ascension_level":13}}