{"host":"lvhfn8l5bvc4nolx","time":1608969237,"event":{"mods":["AchievementEnabler","BaseMod","Colored Map","Keyboard Shortcuts","Minty Spire (QoL Compilation)","Permanent Neow","Quick Restart","SuperFastMode"],"gold_per_floor":[119,131,143,156,166,191,191,206,258,258,258,28,52,2,2,130,130,146,71,71,71],"floor_reached":20,"playtime":439,"items_purged":["Strike_R"],"score":364,"play_id":"c992a526-77e8-4a3e-a514-b913a9e8b443","local_time":"20201226165357","is_ascension_mode":true,"campfire_choices":[{"floor":7.0,"key":"REST"},{"floor":10.0,"key":"REST"},{"floor":15.0,"key":"REST"}],"circlet_count":0,"master_deck":["Strike_R","Defend_R","Bash","Cleave","Shrug It Off","Warcry","Shrug It Off","Perfected Strike","Intimidate","Seeing Red+1"],"relics":["Burning Blood","Sundial","Dream Catcher","Golden Idol","Vajra","Empty Cage"],"acts_visited":["Exordium","TheCity"],"potions_floor_usage":[],"damage_taken":[{"damage":6.0,"enemies":"Cultist","floor":1.0,"turns":3.0},{"damage":12.0,"enemies":"Jaw Worm","floor":2.0,"turns":3.0},{"damage":0.0,"enemies":"2 Louse","floor":3.0,"turns":2.0},{"damage":21.0,"enemies":"Blue Slaver","floor":4.0,"turns":3.0},{"damage":23.0,"enemies":"Looter","floor":5.0,"turns":4.0},{"damage":12.0,"enemies":"3 Sentries","floor":6.0,"turns":3.0},{"damage":28.0,"enemies":"Exordium Thugs","floor":8.0,"turns":5.0},{"damage":2.0,"enemies":"2 Fungi Beasts","floor":13.0,"turns":4.0},{"damage":0,"enemies":"Slime Boss","floor":16,"turns":1},{"damage":51,"enemies":"Spheric Guardian","floor":18,"turns":7},{"damage":0,"enemies":"Chosen","floor":20,"turns":1}],"seed_played":"-8581113864146146388","potions_obtained":[{"floor":2.0,"key":"Ancient Potion"},{"floor":3.0,"key":"ColorlessPotion"},{"floor":5.0,"key":"Energy Potion"},{"floor":6.0,"key":"SkillPotion"},{"floor":8.0,"key":"Dexterity Potion"},{"floor":18,"key":"Swift Potion"}],"is_trial":false,"path_per_floor":["M","M","M","M","M","E","R","M","T","R","?","$","M","?","R","B",null,"M","?","M"],"character_chosen":"IRONCLAD","items_purchased":["Vajra"],"campfire_rested":3,"item_purchase_floors":[12],"current_hp_per_floor":[51,45,51,36,19,13,37,15,15,39,19,19,23,23,47,53,73,28,28,28,28],"gold":71,"neow_bonus":"REMOVE_TWO","is_daily":false,"chose_seed":false,"campfire_upgraded":0,"win_rate":0.0,"timestamp":1608969237,"path_taken":["M","?","M","M","M","E","R","M","T","R","?","?","M","?","R","BOSS","M","?","M"],"items_purchased_type":["Relic"],"build_version":"2020-12-22","purchased_purges":1,"victory":false,"max_hp_per_floor":[80,80,80,80,80,80,80,80,80,80,80,80,80,80,80,80,80,80,80,80,80],"card_choices":[{"not_picked":["Twin Strike","Perfected Strike"],"picked":"Cleave","floor":1.0},{"not_picked":["Heavy Blade","Searing Blow"],"picked":"Shrug It Off","floor":2.0},{"not_picked":["Evolve","Sword Boomerang"],"picked":"Warcry","floor":3.0},{"not_picked":["Flex","Feel No Pain"],"picked":"Shrug It Off","floor":4.0},{"not_picked":["Havoc","True Grit"],"picked":"Perfected Strike","floor":5.0},{"not_picked":["Bloodletting","Armaments"],"picked":"Sever Soul","floor":6.0},{"not_picked":["Shrug It Off","Feel No Pain"],"picked":"Intimidate","floor":8.0},{"not_picked":["Twin Strike","Berserk","Perfected Strike"],"picked":"SKIP","floor":13.0},{"not_picked":["Combust","Clash"],"picked":"Seeing Red+1","floor":18}],"player_experience":333590,"relics_obtained":[{"floor":6.0,"key":"Sundial"},{"floor":9.0,"key":"Dream Catcher"}],"event_choices":[{"damage_healed":0.0,"max_hp_gain":0.0,"max_hp_loss":0.0,"gold_gain":0.0,"event_name":"Golden Idol","player_choice":"Take Damage","floor":11.0,"gold_loss":0.0,"damage_taken":20.0,"relics_obtained":["Golden Idol"]},{"cards_removed":["Strike_R"],"damage_healed":0.0,"max_hp_gain":0.0,"max_hp_loss":0.0,"gold_gain":0.0,"event_name":"The Cleric","player_choice":"Card Removal","floor":14.0,"gold_loss":50.0,"damage_taken":0.0},{"cards_removed":["Strike_R"],"damage_healed":0,"gold_gain":0,"player_choice":"Gave Gold","damage_taken":0,"max_hp_gain":0,"max_hp_loss":0,"event_name":"Beggar","floor":19,"gold_loss":75}],"is_beta":false,"boss_relics":[{"not_picked":["Black Star","Busted Crown"],"picked":"Empty Cage"}],"items_purged_floors":[12],"is_endless":false,"potions_floor_spawned":[2,3,5,6,8,18],"killed_by":"Chosen","ascension_level":9}}