{"host":"qxeepl7ydvsgmfdb","time":1608997325,"event":{"mods":["AchievementEnabler","BaseMod","Colored Powertips","Minty Spire (QoL Compilation)","Quick Restart","slay the spire mod where everything is the same but ironclad has a cowboy hat"],"gold_per_floor":[115,115,115,40,6,6,35,35,35,67,67,84,84,99,99,195,195,207,50,50,1,1,1,14,14,14,14,14,41,55,55,55],"floor_reached":31,"playtime":710,"items_purged":["Regret"],"score":399,"play_id":"6546529c-44dd-4d50-97c1-816afb7f6a95","local_time":"20201226104205","is_ascension_mode":true,"campfire_choices":[{"data":"Noxious Fumes","floor":6,"key":"SMITH"},{"data":"Deadly Poison","floor":8,"key":"SMITH"},{"data":"Dagger Throw","floor":11,"key":"SMITH"},{"data":"Backstab","floor":13,"key":"SMITH"},{"floor":15,"key":"REST"},{"floor":23,"key":"REST"},{"data":"RitualDagger","floor":25,"key":"SMITH"},{"floor":27,"key":"REST"}],"circlet_count":0,"master_deck":["Strike_G","Strike_G","Strike_G","Strike_G","Strike_G","Defend_G+1","Defend_G","Defend_G","Defend_G","Defend_G","Survivor+1","Neutralize","Poisoned Stab","Noxious Fumes+1","Deadly Poison+1","Dagger Throw+1","Backstab+1","RitualDagger+1","Poisoned Stab","Necronomicurse","Deadly Poison","Quick Slash"],"relics":["Ring of the Snake","NeowsBlessing","Centennial Puzzle","Kunai","Shuriken","Bag of Preparation","WristBlade","Vajra","Necronomicon","InkBottle","Blood Vial"],"acts_visited":["Exordium","TheCity"],"potions_floor_usage":[24,29,29,30,30],"damage_taken":[{"damage":0,"enemies":"Jaw Worm","floor":1,"turns":1},{"damage":0,"enemies":"Gremlin Nob","floor":7,"turns":1},{"damage":0,"enemies":"Lagavulin","floor":10,"turns":1},{"damage":1,"enemies":"2 Louse","floor":12,"turns":2},{"damage":0,"enemies":"Cultist","floor":14,"turns":2},{"damage":37,"enemies":"Hexaghost","floor":16,"turns":6},{"damage":9,"enemies":"Spheric Guardian","floor":18,"turns":4},{"damage":0,"enemies":"Shell Parasite","floor":24,"turns":3},{"damage":67,"enemies":"Slavers","floor":29,"turns":6},{"damage":1,"enemies":"Centurion and Healer","floor":30,"turns":3},{"damage":12,"enemies":"Snecko","floor":31,"turns":2}],"seed_played":"-2969095558018891962","potions_obtained":[{"floor":7,"key":"FearPotion"},{"floor":10,"key":"EssenceOfSteel"},{"floor":16,"key":"PowerPotion"},{"floor":18,"key":"Fire Potion"},{"floor":24,"key":"LiquidMemories"},{"floor":29,"key":"AttackPotion"}],"is_trial":false,"path_per_floor":["M","?","?","$","$","R","E","R","T","E","R","M","R","M","R","B",null,"M","$","?","$","?","R","M","R","T","R","$","E","M","M"],"character_chosen":"THE_SILENT","items_purchased":["Noxious Fumes","Vajra","Poisoned Stab"],"campfire_rested":3,"item_purchase_floors":[5,19,21],"current_hp_per_floor":[63,49,49,49,49,49,49,49,49,49,49,48,48,48,69,32,61,52,52,46,46,30,51,51,51,51,70,70,3,4,0,0],"gold":55,"neow_bonus":"THREE_ENEMY_KILL","is_daily":false,"chose_seed":false,"campfire_upgraded":5,"win_rate":0.0,"timestamp":1608997325,"path_taken":["M","?","?","?","$","R","E","R","T","E","R","M","R","M","R","BOSS","M","$","?","$","?","R","M","R","T","R","?","E","M","?"],"items_purchased_type":["Card","Relic","Card"],"build_version":"2020-12-22","purchased_purges":1,"victory":false,"max_hp_per_floor":[70,70,70,70,70,70,70,70,70,70,70,70,70,70,70,70,70,70,70,70,70,70,70,70,70,70,70,70,70,70,70,70],"card_choices":[{"not_picked":["Sucker Punch","Bane"],"picked":"Poisoned Stab","floor":1},{"not_picked":["Deflect","Predator"],"picked":"Deadly Poison","floor":7},{"not_picked":["Noxious Fumes","Dodge and Roll"],"picked":"Dagger Throw","floor":10},{"not_picked":["Well Laid Plans","PiercingWail"],"picked":"Backstab","floor":12},{"not_picked":["Underhanded Strike","Outmaneuver","Phantasmal Killer"],"picked":"SKIP","floor":14},{"not_picked":["Prepared","Predator","Acrobatics"],"picked":"SKIP","floor":18},{"not_picked":["Masterful Stab","Bane"],"picked":"Deadly Poison","floor":24},{"not_picked":["Heel Hook","Unload","Noxious Fumes+1"],"picked":"SKIP","floor":29},{"not_picked":["Crippling Poison","Escape Plan+1"],"picked":"Quick Slash","floor":30}],"player_experience":388367,"relics_obtained":[{"floor":7,"key":"Kunai"},{"floor":9,"key":"Shuriken"},{"floor":10,"key":"Bag of Preparation"},{"floor":22,"key":"Necronomicon"},{"floor":26,"key":"InkBottle"},{"floor":29,"key":"Blood Vial"}],"event_choices":[{"damage_healed":0,"gold_gain":0,"player_choice":"Entered Light","damage_taken":14,"max_hp_gain":0,"max_hp_loss":0,"event_name":"Shining Light","floor":2,"gold_loss":0,"cards_upgraded":["Defend_G","Survivor"]},{"damage_healed":0,"gold_gain":0,"player_choice":"Box","damage_taken":0,"relics_obtained":["Centennial Puzzle"],"max_hp_gain":0,"max_hp_loss":0,"event_name":"Big Fish","floor":3,"gold_loss":0,"cards_obtained":["Regret"]},{"damage_healed":0,"gold_gain":0,"player_choice":"Joined the Cult","damage_taken":6,"max_hp_gain":0,"max_hp_loss":0,"event_name":"Nest","floor":20,"gold_loss":0,"cards_obtained":["RitualDagger"]},{"damage_healed":0,"gold_gain":0,"player_choice":"Obtained Book","damage_taken":16,"max_hp_gain":0,"max_hp_loss":0,"event_name":"Cursed Tome","floor":22,"gold_loss":0}],"is_beta":false,"boss_relics":[{"not_picked":["Coffee Dripper","SlaversCollar"],"picked":"WristBlade"}],"items_purged_floors":[4],"is_endless":false,"potions_floor_spawned":[7,10,16,18,24,29],"killed_by":"Snecko","ascension_level":6}}