{"host":"8f5cu9y0fpol72qs","time":1608978061,"event":{"mods":["BaseMod","Colored Map","Highlight Path","Minty Spire (QoL Compilation)","StSLib"],"gold_per_floor":[12,31,49,49,65,65,75,94,94,124,199,232,292,292,292,420,420,441,462,462,481,500,500,513,529,582,379,379,103,53,96,96,227,290,306,326,389,258,272,272,311,644,644,644,654,666,542,553,553,553,553],"floor_reached":50,"playtime":6011,"items_purged":["Strike_P","Strike_P","Defend_P","Defend_P","Strike_P+1"],"score":1084,"play_id":"160e930a-5204-4bae-b07d-5d68fb9fbf5f","local_time":"20201226022101","is_ascension_mode":true,"campfire_choices":[{"data":"Vigilance","floor":6.0,"key":"SMITH"},{"floor":15.0,"key":"REST"},{"floor":23,"key":"REST"},{"data":"LikeWater","floor":28,"key":"SMITH"},{"data":"MasterReality","floor":32,"key":"SMITH"},{"floor":40,"key":"REST"},{"floor":49,"key":"RECALL"}],"circlet_count":0,"master_deck":["AscendersBane","Defend_P+1","Eruption+1","Vigilance+1","BowlingBash+1","BattleHymn+1","ThirdEye+1","CutThroughFate+1","InnerPeace+1","LessonLearned+1","ThirdEye+1","MasterReality+1","ReachHeaven+1","EmptyMind+1","EmptyFist+1","LikeWater+1","ClearTheMind+1","Tantrum+1","Vault+1","Perseverance+1","SpiritShield+1","DeceiveReality+1","Tantrum+1","Worship+1","Trip+1","CutThroughFate+1"],"relics":["PureWater","Darkstone Periapt","Anchor","Happy Flower","Toxic Egg 2","Smiling Mask","VioletLotus","Lantern","Vajra","ClockworkSouvenir","Tiny Chest","Tiny House","Turnip","Ornamental Fan"],"acts_visited":["TheCity","TheBeyond"],"potions_floor_usage":[22,33,33,41,50],"damage_taken":[{"damage":0.0,"enemies":"Cultist","floor":1.0,"turns":4.0},{"damage":2.0,"enemies":"2 Louse","floor":2.0,"turns":2.0},{"damage":7.0,"enemies":"Small Slimes","floor":3.0,"turns":4.0},{"damage":0.0,"enemies":"2 Fungi Beasts","floor":5.0,"turns":2.0},{"damage":3.0,"enemies":"3 Louse","floor":7.0,"turns":3.0},{"damage":0.0,"enemies":"Red Slaver","floor":8.0,"turns":3.0},{"damage":8.0,"enemies":"3 Sentries","floor":10.0,"turns":6.0},{"damage":0.0,"enemies":"Lagavulin","floor":12.0,"turns":4.0},{"damage":10.0,"enemies":"3 Sentries","floor":13.0,"turns":5.0},{"damage":9.0,"enemies":"The Guardian","floor":16.0,"turns":11.0},{"damage":7.0,"enemies":"Spheric Guardian","floor":18.0,"turns":5.0},{"damage":5.0,"enemies":"Shell Parasite","floor":19.0,"turns":4.0},{"damage":16,"enemies":"3 Cultists","floor":21,"turns":6},{"damage":5,"enemies":"Sentry and Sphere","floor":22,"turns":3},{"damage":2,"enemies":"Cultist and Chosen","floor":24,"turns":4},{"damage":5,"enemies":"Snecko","floor":25,"turns":5},{"damage":0,"enemies":"Gremlin Leader","floor":31,"turns":4},{"damage":9,"enemies":"Collector","floor":33,"turns":5},{"damage":0,"enemies":"3 Shapes","floor":35,"turns":2},{"damage":2,"enemies":"Orb Walker","floor":36,"turns":3},{"damage":0,"enemies":"Mind Bloom Boss Battle","floor":37,"turns":6},{"damage":10,"enemies":"3 Darklings","floor":39,"turns":3},{"damage":21,"enemies":"Nemesis","floor":41,"turns":8},{"damage":0,"enemies":"Maw","floor":45,"turns":6},{"damage":0,"enemies":"Jaw Worm Horde","floor":46,"turns":3},{"damage":0,"enemies":"4 Shapes","floor":48,"turns":5},{"damage":51,"enemies":"Time Eater","floor":50,"turns":8}],"seed_played":"-6780800650351282096","potions_obtained":[{"floor":3.0,"key":"BottledMiracle"},{"floor":7.0,"key":"SteroidPotion"},{"floor":8.0,"key":"SteroidPotion"},{"floor":10.0,"key":"PowerPotion"},{"floor":13.0,"key":"GamblersBrew"},{"floor":19.0,"key":"LiquidMemories"},{"floor":24,"key":"SkillPotion"},{"floor":25,"key":"SkillPotion"},{"floor":31,"key":"BottledMiracle"},{"floor":34,"key":"SpeedPotion"},{"floor":36,"key":"Weak Potion"},{"floor":39,"key":"GamblersBrew"},{"floor":46,"key":"SmokeBomb"}],"is_trial":false,"path_per_floor":["M","M","M","?","M","R","M","M","T","E","?","E","?","?","R","B",null,"M","M","?","M","M","R","M","M","T","$","R","$","$","E","R","B",null,"M","M","?","$","M","R","E","?","T","?","M","M","$","M","R","B"],"character_chosen":"WATCHER","items_purchased":["Vajra","Vault+1","ClockworkSouvenir","Trip+1","LiquidBronze"],"campfire_rested":3,"item_purchase_floors":[27,29,29,38,47],"current_hp_per_floor":[65,63,56,44,44,44,41,41,41,33,22,22,12,12,32,23,56,49,44,44,28,23,43,41,36,36,36,36,36,36,36,36,27,62,62,60,60,60,50,71,50,50,50,50,50,50,50,50,50,0,0],"gold":553,"neow_bonus":"REMOVE_TWO","is_daily":false,"chose_seed":false,"campfire_upgraded":3,"win_rate":0.0,"timestamp":1608978061,"path_taken":["M","M","?","?","M","R","M","M","T","E","?","E","?","?","R","BOSS","M","M","?","?","?","R","M","M","T","$","R","?","$","E","R","BOSS","M","M","?","$","M","R","E","?","T","?","M","M","$","M","R","BOSS"],"items_purchased_type":["Relic","Card","Relic","Card","Potion"],"build_version":"2020-12-22","purchased_purges":5,"victory":false,"max_hp_per_floor":[72,72,72,72,72,72,72,72,72,72,72,72,72,67,67,67,67,67,67,67,67,67,67,67,67,67,67,67,67,67,67,67,67,72,72,72,72,72,72,72,72,72,72,72,72,72,72,72,72,72,72],"card_choices":[{"not_picked":["Consecrate","Pray"],"picked":"BowlingBash","floor":1.0},{"not_picked":["WindmillStrike","WaveOfTheHand"],"picked":"BattleHymn","floor":2.0},{"not_picked":["Evaluate","ClearTheMind"],"picked":"ThirdEye","floor":3.0},{"not_picked":["Adaptation","Consecrate"],"picked":"CutThroughFate","floor":5.0},{"not_picked":["Fasting2","MentalFortress"],"picked":"InnerPeace","floor":7.0},{"not_picked":["BowlingBash","ForeignInfluence","Evaluate"],"picked":"SKIP","floor":8.0},{"not_picked":["Omniscience","Vengeance"],"picked":"LessonLearned","floor":10.0},{"not_picked":["FollowUp","Consecrate","JustLucky"],"picked":"SKIP","floor":12.0},{"not_picked":["EmptyMind+1","Wireheading"],"picked":"ThirdEye+1","floor":13.0},{"not_picked":["Brilliance","Omniscience+1"],"picked":"MasterReality","floor":16.0},{"not_picked":["Halt+1","Wallop+1"],"picked":"ReachHeaven+1","floor":18.0},{"not_picked":["CarveReality","Study"],"picked":"EmptyMind+1","floor":19.0},{"not_picked":["Halt+1","SashWhip"],"picked":"EmptyFist","floor":21},{"not_picked":["Swivel+1","SashWhip+1"],"picked":"LikeWater","floor":22},{"not_picked":["Evaluate+1","EmptyFist+1"],"picked":"ClearTheMind+1","floor":24},{"not_picked":["Protect+1","Adaptation"],"picked":"Tantrum","floor":25},{"not_picked":["WheelKick","Sanctity+1"],"picked":"Perseverance+1","floor":31},{"not_picked":["Brilliance","Devotion"],"picked":"SpiritShield+1","floor":33},{"not_picked":["FlyingSleeves","CrushJoints"],"picked":"DeceiveReality+1","floor":35},{"not_picked":["EmptyBody+1","CrushJoints+1"],"picked":"Tantrum+1","floor":36},{"not_picked":["Halt+1","Conclude+1"],"picked":"Worship+1","floor":37},{"not_picked":["Swivel+1","Study","SashWhip"],"picked":"SKIP","floor":39},{"not_picked":["Evaluate+1","Collect+1","Weave"],"picked":"SKIP","floor":41},{"not_picked":["Perseverance+1","Prostrate+1"],"picked":"CutThroughFate","floor":45},{"not_picked":["SpiritShield+1","Fasting2","WreathOfFlame+1"],"picked":"SKIP","floor":46},{"not_picked":["Fasting2+1","Halt+1","Swivel+1"],"picked":"SKIP","floor":48}],"player_experience":690052,"relics_obtained":[{"floor":9.0,"key":"Anchor"},{"floor":10.0,"key":"Happy Flower"},{"floor":12.0,"key":"Toxic Egg 2"},{"floor":26,"key":"Lantern"},{"floor":31,"key":"Tiny Chest"},{"floor":37,"key":"Turnip"},{"floor":41,"key":"Ornamental Fan"}],"event_choices":[{"damage_healed":0.0,"max_hp_gain":0.0,"max_hp_loss":0.0,"gold_gain":0.0,"event_name":"Scrap Ooze","player_choice":"Success","floor":4.0,"gold_loss":0.0,"damage_taken":12.0,"relics_obtained":["Darkstone Periapt"]},{"damage_healed":0.0,"max_hp_gain":0.0,"max_hp_loss":0.0,"gold_gain":75.0,"event_name":"World of Goop","player_choice":"Gather Gold","floor":11.0,"gold_loss":0.0,"damage_taken":11.0},{"damage_healed":0.0,"max_hp_gain":0.0,"max_hp_loss":0.0,"gold_gain":30.0,"event_name":"Dead Adventurer","player_choice":"Searched \u00273\u0027 times","floor":13.0,"gold_loss":0.0,"damage_taken":0.0,"relics_obtained":["Smiling Mask"]},{"damage_healed":0.0,"max_hp_gain":0.0,"max_hp_loss":5.0,"gold_gain":0.0,"event_name":"Golden Idol","player_choice":"Lose Max HP","floor":14.0,"gold_loss":0.0,"damage_taken":0.0,"relics_obtained":["Golden Idol"]},{"damage_healed":0.0,"max_hp_gain":0.0,"max_hp_loss":0.0,"gold_gain":0.0,"event_name":"Upgrade Shrine","player_choice":"Upgraded","floor":20.0,"gold_loss":0.0,"damage_taken":0.0,"cards_upgraded":["BattleHymn"]},{"damage_healed":0,"gold_gain":0,"player_choice":"Fight","damage_taken":0,"max_hp_gain":0,"max_hp_loss":0,"event_name":"MindBloom","floor":37,"gold_loss":0},{"damage_healed":0,"gold_gain":333,"player_choice":"Gave Idol","damage_taken":0,"max_hp_gain":0,"max_hp_loss":0,"event_name":"The Moai Head","floor":42,"relics_lost":["Golden Idol"],"gold_loss":0},{"damage_healed":0,"gold_gain":0,"player_choice":"Memory 1","damage_taken":0,"max_hp_gain":0,"max_hp_loss":0,"event_name":"SensoryStone","floor":44,"gold_loss":0}],"is_beta":false,"boss_relics":[{"not_picked":["Ectoplasm","Snecko Eye"],"picked":"VioletLotus"},{"not_picked":["Pandora\u0027s Box","Runic Pyramid"],"picked":"Tiny House"}],"items_purged_floors":[27,29,30,38,47],"is_endless":false,"potions_floor_spawned":[3,7,8,10,13,19,24,25,31,36,39,46,48],"killed_by":"Time Eater","ascension_level":10}}