{"host":"ormi09wwzv7sq47a","time":1608968817,"event":{"mods":["2.2 Compatiblity","AchievementEnabler","Act Like it!","BaseMod","Bestiary","Better Altar","Better Note","Better Sensory Stone","Better Skull","Better Third Choice","Better Vampires","BetterRewards","Block Reminder","Colored Map","Colored Powertips","Curses Come First","DeckTracker","Downfall","Highlight Path","Minty Spire (QoL Compilation)","Permanent Neow","Quick Restart","Rare Cards Sparkle","Relic Stats","Shop Mod","StSLib","The Jungle","The Servant 0.9.4"],"gold_per_floor":[110,123,123,123,48,48,81,31,31,59,74,129,143,156,106,180,180,191,203,203,203,223,173,208,225,225,125,75,75,75,115,65,149,149,178,236,248,248,324,274,304,304,304,254,10,10,20,57,7,7,7,7,7,37,37,37,37],"floor_reached":55,"playtime":2830,"items_purged":["Slimebound:Tackle","Slimebound:Strike_Slimebound"],"score":1217,"play_id":"bf8e6a6b-dcec-4807-bb2a-acb55eb9d333","local_time":"20201226044657","is_ascension_mode":true,"campfire_choices":[{"data":"Slimebound:Split","floor":6,"key":"SMITH"},{"data":"Slimebound:GoopSpray","floor":8,"key":"SMITH"},{"data":"Slimebound:LeechEnergy","floor":15,"key":"SMITH"},{"data":"Slimebound:CorrosiveSpit","floor":23,"key":"SMITH"},{"data":"Slimebound:WasteNot","floor":28,"key":"SMITH"},{"data":"Slimebound:LevelUp","floor":32,"key":"SMITH"},{"data":"Slimebound:TongueLash","floor":40,"key":"SMITH"},{"data":"Slimebound:RainOfGoop","floor":44,"key":"SMITH"},{"floor":46,"key":"RECALL"},{"floor":49,"key":"DIG"},{"floor":52,"key":"DIG"}],"circlet_count":0,"master_deck":["AscendersBane","Slimebound:Strike_Slimebound","Slimebound:Defend_Slimebound","Slimebound:Defend_Slimebound","Slimebound:Defend_Slimebound","Slimebound:Defend_Slimebound","Slimebound:Split+1","Slimebound:CorrosiveSpit+1","Slimebound:SplitMire","Slimebound:RainOfGoop+1","Slimebound:GoopSpray+1","Slimebound:LeechingTouch","Slimebound:LeechEnergy+1","Slimebound:SlimeTap","Slimebound:WasteNot+1","Slimebound:SamplingLick","Slimebound:LevelUp+1","Slimebound:SpikyOuterGoop","Slimebound:ProtectTheBoss","Slimebound:SlimeSpikes","Slimebound:MegaLick","Slimebound:Recycling","Slimebound:TongueLash+1","Slimebound:LivingWall+1","Parasite","Slimebound:GrowthPunch"],"relics":["Slimebound:AbsorbEndCombatUpgraded","Incense Burner","StoneCalendar","Tiny Chest","Slimebound:GreedOozeRelic","Toy Ornithopter","Gremlin Horn","Slimebound:SlimedTailRelic","Slimebound:AggressiveSlimeRelic","Nilry\u0027s Codex","Mummified Hand","Gambling Chip","Shovel","Akabeko","CeramicFish","Sozu","CaptainsWheel","Kunai","Ice Cream","Shuriken","Guardian:PocketSentry","Slimebound:MaxSlimesRelic","StrikeDummy"],"acts_visited":["Exordium","TheCity","TheBeyond","TheEnding"],"potions_floor_usage":[7,10,14,19,33,36,47],"damage_taken":[{"damage":9,"enemies":"Cultist","floor":1,"turns":3},{"damage":5,"enemies":"Small Slimes","floor":2,"turns":4},{"damage":37,"enemies":"Lagavulin","floor":7,"turns":5},{"damage":14,"enemies":"Gremlin Nob","floor":10,"turns":3},{"damage":20,"enemies":"Jaw Worm","floor":11,"turns":3},{"damage":16,"enemies":"Blue Slaver","floor":13,"turns":3},{"damage":16,"enemies":"Lots of Slimes","floor":14,"turns":2},{"damage":13,"enemies":"The Guardian","floor":16,"turns":7},{"damage":18,"enemies":"Shell Parasite","floor":18,"turns":4},{"damage":19,"enemies":"2 Thieves","floor":19,"turns":3},{"damage":28,"enemies":"Snake Plant","floor":22,"turns":3},{"damage":26,"enemies":"Gremlin Leader","floor":24,"turns":6},{"damage":16,"enemies":"Centurion and Healer","floor":25,"turns":4},{"damage":39,"enemies":"Book of Stabbing","floor":31,"turns":6},{"damage":49,"enemies":"Automaton","floor":33,"turns":9},{"damage":7,"enemies":"3 Shapes","floor":35,"turns":3},{"damage":46,"enemies":"2 Orb Walkers","floor":36,"turns":4},{"damage":20,"enemies":"Orb Walker","floor":37,"turns":3},{"damage":32,"enemies":"Nemesis","floor":41,"turns":7},{"damage":25,"enemies":"Jaw Worm Horde","floor":47,"turns":3},{"damage":32,"enemies":"Writhing Mass","floor":48,"turns":6},{"damage":54,"enemies":"Donu and Deca","floor":50,"turns":8},{"damage":39,"enemies":"Shield and Spear","floor":54,"turns":6},{"damage":101,"enemies":"The Heart","floor":55,"turns":6}],"seed_played":"-8376529838150655620","potions_obtained":[{"floor":1,"key":"champ:CounterPotion"},{"floor":7,"key":"DistilledChaos"},{"floor":13,"key":"Swift Potion"},{"floor":18,"key":"Energy Potion"},{"floor":19,"key":"SpeedPotion"},{"floor":31,"key":"SteroidPotion"},{"floor":33,"key":"GamblersBrew"}],"is_trial":false,"path_per_floor":["M","M","?","?","$","R","E","R","T","E","M","T","M","M","R","B",null,"M","M","?","?","M","R","E","M","T","$","R","T","?","E","R","B",null,"M","?","M","?","T","R","E","?","T","R","$","R","M","M","R","B",null,"R","$","E","B"],"character_chosen":"SLIMEBOUND","items_purchased":["Incense Burner","Tiny Chest","Slimebound:SplitMire","Shuriken"],"campfire_rested":0,"item_purchase_floors":[0,0,0,45],"current_hp_per_floor":[47,52,52,57,57,57,38,38,38,39,31,31,35,48,48,58,59,59,59,43,43,35,35,59,59,59,59,59,59,59,44,44,44,55,59,45,57,57,57,57,59,59,59,59,59,59,59,51,51,59,59,59,59,59,0,0,0],"gold":37,"neow_bonus":"","is_daily":false,"chose_seed":false,"campfire_upgraded":8,"win_rate":0.0,"timestamp":1608968817,"path_taken":["M","M","?","?","?","R","E","R","T","E","M","?","?","M","R","BOSS","M","M","?","?","M","R","E","M","T","$","R","?","?","E","R","BOSS","M","?","M","?","?","R","E","?","T","R","$","R","M","?","R","BOSS","R","$","E","BOSS"],"items_purchased_type":["Relic","Relic","Card","Relic"],"build_version":"2020-12-22","purchased_purges":2,"victory":false,"max_hp_per_floor":[54,54,54,59,59,59,59,59,59,59,59,59,59,59,59,59,59,59,59,59,59,59,59,59,59,59,59,59,59,59,59,59,59,59,59,59,59,59,59,59,59,59,59,59,59,59,59,59,59,59,59,59,59,59,59,59,59],"relic_stats":{"Gremlin Horn":[20,20],"counters":[135,622],"CeramicFish":54,"StoneCalendar":[183],"Sozu":4,"Shovel":2,"Mummified Hand":[52],"Shuriken":[6],"Gambling Chip":[25],"Tiny Chest":3,"Kunai":[3],"obtain_stats":[{"Ice Cream":41,"Calipers":0,"Gremlin Horn":9,"Nilry\u0027s Codex":20,"CeramicFish":31,"Spirit Poop":29,"Whetstone":26,"Bottled Tornado":8,"Sling":0,"Boot":54,"Old Coin":48,"Blood Vial":30,"Sozu":34,"HornCleat":0,"Sundial":0,"Philosopher\u0027s Stone":34,"MealTicket":24,"Kunai":39,"Toxic Egg 2":0,"Slimebound:AggressiveSlimeRelic":12,"Pear":29,"Happy Flower":54,"Blue Candle":9,"Oddly Smooth Stone":43,"Eternal Feather":45,"Guardian:PocketSentry":23,"War Paint":37,"Question Card":26,"Akabeko":26,"SlaversCollar":34,"Shuriken":53,"Bronze Scales":41,"Bird Faced Urn":0,"Molten Egg 2":7,"Black Star":17,"StrikeDummy":26,"Slimebound:SlimedTailRelic":47,"StoneCalendar":11,"Bag of Preparation":20,"Incense Burner":0,"Smiling Mask":42,"Empty Cage":17,"Ancient Tea Set":20,"Nunchaku":54,"Slimebound:MaxSlimesRelic":53,"Matryoshka":25,"Shovel":29,"Mummified Hand":53,"Gambling Chip":21,"Tiny Chest":0,"Potion Belt":31,"Golden Idol":4,"PreservedInsect":7,"The Courier":43,"Omamori":21,"Slimebound:PotencyRelic":0,"Mercury Hourglass":30,"Slimebound:GreedOozeRelic":10,"Anchor":24,"CaptainsWheel":36,"Turnip":30,"Slimebound:AbsorbEndCombat":0,"Bag of Marbles":25,"Coffee Dripper":17,"Art of War":29,"Membership Card":37,"Bottled Lightning":47,"hexamod:BolsterEngine":0,"Slimebound:AbsorbEndCombatUpgraded":17,"Toy Ornithopter":40,"TungstenRod":27},{"Ice Cream":130,"Calipers":83,"Gremlin Horn":31,"Nilry\u0027s Codex":121,"CeramicFish":125,"Spirit Poop":13,"Whetstone":38,"Bottled Tornado":59,"Sling":83,"Boot":110,"Old Coin":80,"Blood Vial":100,"Sozu":126,"HornCleat":54,"Sundial":83,"Philosopher\u0027s Stone":16,"MealTicket":37,"Kunai":129,"Toxic Egg 2":54,"Slimebound:AggressiveSlimeRelic":89,"Pear":70,"Happy Flower":26,"Blue Candle":4,"Oddly Smooth Stone":47,"Eternal Feather":24,"Guardian:PocketSentry":67,"War Paint":44,"Question Card":12,"Akabeko":97,"SlaversCollar":73,"Shuriken":109,"Bronze Scales":47,"Bird Faced Urn":54,"Molten Egg 2":3,"Black Star":92,"StrikeDummy":68,"Slimebound:SlimedTailRelic":80,"StoneCalendar":89,"Bag of Preparation":9,"Incense Burner":111,"Smiling Mask":23,"Empty Cage":63,"Ancient Tea Set":65,"Nunchaku":53,"Slimebound:MaxSlimesRelic":52,"Matryoshka":68,"Shovel":124,"Mummified Hand":81,"Gambling Chip":65,"Tiny Chest":111,"Potion Belt":41,"Golden Idol":1,"PreservedInsect":31,"The Courier":77,"Omamori":9,"Slimebound:PotencyRelic":27,"Mercury Hourglass":100,"Slimebound:GreedOozeRelic":4,"Anchor":37,"CaptainsWheel":128,"Turnip":14,"Slimebound:AbsorbEndCombat":0,"Bag of Marbles":12,"Coffee Dripper":35,"Art of War":40,"Membership Card":44,"Bottled Lightning":107,"hexamod:BolsterEngine":27,"Slimebound:AbsorbEndCombatUpgraded":7,"Toy Ornithopter":22,"TungstenRod":98},{"Ice Cream":593,"Calipers":399,"Gremlin Horn":195,"Nilry\u0027s Codex":551,"CeramicFish":569,"Spirit Poop":74,"Whetstone":221,"Bottled Tornado":317,"Sling":399,"Boot":510,"Old Coin":384,"Blood Vial":456,"Sozu":578,"HornCleat":297,"Sundial":399,"Philosopher\u0027s Stone":99,"MealTicket":217,"Kunai":586,"Toxic Egg 2":297,"Slimebound:AggressiveSlimeRelic":416,"Pear":352,"Happy Flower":173,"Blue Candle":22,"Oddly Smooth Stone":261,"Eternal Feather":153,"Guardian:PocketSentry":344,"War Paint":248,"Question Card":71,"Akabeko":446,"SlaversCollar":362,"Shuriken":504,"Bronze Scales":261,"Bird Faced Urn":297,"Molten Egg 2":17,"Black Star":425,"StrikeDummy":346,"Slimebound:SlimedTailRelic":384,"StoneCalendar":416,"Bag of Preparation":51,"Incense Burner":516,"Smiling Mask":145,"Empty Cage":330,"Ancient Tea Set":337,"Nunchaku":295,"Slimebound:MaxSlimesRelic":289,"Matryoshka":346,"Shovel":564,"Mummified Hand":389,"Gambling Chip":337,"Tiny Chest":516,"Potion Belt":232,"Golden Idol":5,"PreservedInsect":195,"The Courier":376,"Omamori":51,"Slimebound:PotencyRelic":184,"Mercury Hourglass":456,"Slimebound:GreedOozeRelic":22,"Anchor":217,"CaptainsWheel":583,"Turnip":81,"Slimebound:AbsorbEndCombat":0,"Bag of Marbles":71,"Coffee Dripper":211,"Art of War":229,"Membership Card":248,"Bottled Lightning":486,"hexamod:BolsterEngine":184,"Slimebound:AbsorbEndCombatUpgraded":39,"Toy Ornithopter":137,"TungstenRod":449}],"Toy Ornithopter":11},"card_choices":[{"not_picked":["Slimebound:Replication","Slimebound:SplitAcid"],"picked":"Slimebound:RainOfGoop","floor":1},{"not_picked":["Slimebound:SlimeBrawl","Slimebound:ViciousTackle"],"picked":"Slimebound:MegaLick","floor":2},{"not_picked":["Slimebound:ViciousTackle","Slimebound:RollThrough"],"picked":"Slimebound:GoopSpray","floor":7},{"not_picked":["Slimebound:SlimeSpikes","Slimebound:GoopTackle"],"picked":"Slimebound:LeechingTouch","floor":10},{"not_picked":["Slimebound:ComboTackle","Slimebound:Schlurp","Slimebound:RollThrough"],"picked":"SKIP","floor":11},{"not_picked":["Slimebound:RollThrough","Slimebound:ComboTackle"],"picked":"Slimebound:LeechEnergy","floor":13},{"not_picked":["Slimebound:GoopSpray","Slimebound:PressTheAttack"],"picked":"Slimebound:SlimeTap","floor":14},{"not_picked":["Slimebound:DouseInSlime","Slimebound:Overexert"],"picked":"Slimebound:WasteNot","floor":16},{"not_picked":["Slimebound:ViciousTackle","Slimebound:SlimeSpikes"],"picked":"Slimebound:SamplingLick","floor":18},{"not_picked":["Slimebound:LeechingTouch","Slimebound:Grow"],"picked":"Slimebound:LevelUp","floor":19},{"not_picked":["Slimebound:RollThrough","Slimebound:SplitAcid"],"picked":"Slimebound:SpikyOuterGoop","floor":22},{"not_picked":["Slimebound:SplitBruiser+1","Slimebound:Grow"],"picked":"Slimebound:ProtectTheBoss","floor":24},{"not_picked":["Slimebound:ComboTackle+1","Slimebound:Grow"],"picked":"Slimebound:SlimeSpikes","floor":25},{"not_picked":["Slimebound:CheckThePlaybook","Slimebound:GoopSpray"],"picked":"Slimebound:MegaLick","floor":31},{"not_picked":["Slimebound:MinionMaster","Slimebound:OozeBath"],"picked":"Slimebound:Recycling","floor":33},{"not_picked":["Slimebound:LevelUp","Slimebound:LeechingTouch"],"picked":"Slimebound:TongueLash","floor":35},{"not_picked":["Slimebound:TongueLash","Slimebound:LeadByExample"],"picked":"Slimebound:LivingWall+1","floor":36},{"not_picked":["Slimebound:PressTheAttack","Slimebound:RollThrough+1","Slimebound:GrowthPunch"],"picked":"SKIP","floor":37},{"not_picked":["Slimebound:Equalize","Slimebound:Schlurp","Slimebound:SlimeBrawl+1"],"picked":"SKIP","floor":41},{"not_picked":["Slimebound:MinionMaster","Slimebound:SamplingLick","Slimebound:ComboTackle"],"picked":"SKIP","floor":47},{"not_picked":["Slimebound:GoopSpray","Slimebound:SplitAcid"],"picked":"Slimebound:GrowthPunch","floor":48},{"not_picked":["Slimebound:DouseInSlime","Slimebound:SplitAcid","Slimebound:PressTheAttack+1"],"picked":"SKIP","floor":54}],"player_experience":779815,"relics_obtained":[{"floor":7,"key":"Toy Ornithopter"},{"floor":9,"key":"Gremlin Horn"},{"floor":10,"key":"Slimebound:SlimedTailRelic"},{"floor":12,"key":"Slimebound:AggressiveSlimeRelic"},{"floor":20,"key":"Nilry\u0027s Codex"},{"floor":24,"key":"Mummified Hand"},{"floor":26,"key":"Gambling Chip"},{"floor":29,"key":"Shovel"},{"floor":31,"key":"CeramicFish"},{"floor":36,"key":"CaptainsWheel"},{"floor":39,"key":"Kunai"},{"floor":41,"key":"Ice Cream"},{"floor":49,"key":"Guardian:PocketSentry"},{"floor":52,"key":"Slimebound:MaxSlimesRelic"},{"floor":54,"key":"StrikeDummy"}],"event_choices":[{"damage_healed":0,"gold_gain":0,"player_choice":"Donut","damage_taken":0,"max_hp_gain":5,"max_hp_loss":0,"event_name":"Big Fish","floor":4,"gold_loss":0},{"damage_healed":0,"gold_gain":0,"player_choice":"Obtained Book","damage_taken":16,"max_hp_gain":0,"max_hp_loss":0,"event_name":"Cursed Tome","floor":20,"gold_loss":0},{"damage_healed":0,"gold_gain":0,"player_choice":"Ignored","damage_taken":0,"max_hp_gain":0,"max_hp_loss":0,"event_name":"Ghosts","floor":21,"gold_loss":0},{"damage_healed":0,"gold_gain":0,"player_choice":"Opened","damage_taken":0,"relics_obtained":["Akabeko"],"max_hp_gain":0,"max_hp_loss":0,"event_name":"The Mausoleum","floor":30,"gold_loss":0},{"damage_healed":0,"gold_gain":0,"player_choice":"Fight","damage_taken":0,"max_hp_gain":0,"max_hp_loss":0,"event_name":"Mysterious Sphere","floor":36,"gold_loss":0},{"cards_removed":["Slimebound:Strike_Slimebound"],"damage_healed":0,"gold_gain":0,"player_choice":"Offered Basic","damage_taken":0,"max_hp_gain":0,"max_hp_loss":0,"event_name":"Bonfire Elementals","floor":38,"gold_loss":0},{"cards_removed":["Slimebound:MegaLick"],"damage_healed":0,"gold_gain":0,"player_choice":"Removed Skill","damage_taken":0,"max_hp_gain":0,"max_hp_loss":0,"event_name":"Falling","floor":42,"gold_loss":0}],"is_beta":false,"boss_relics":[{"not_picked":["Snecko Eye","Tiny House"],"picked":"Slimebound:AbsorbEndCombatUpgraded"},{"not_picked":["Philosopher\u0027s Stone","Fusion Hammer"],"picked":"Sozu"}],"items_purged_floors":[5,27],"is_endless":false,"potions_floor_spawned":[1,7,13,18,19,31,33,35,36,48,54],"killed_by":"The Heart","ascension_level":14}}