{"host":"yvb207ks1sg3cxef","time":1608987237,"event":{"mods":["2.2 Compatiblity","BaseMod","Bestiary","Colored Powertips","Minty Spire (QoL Compilation)","Permanent Neow","Quick Restart","Relic Stats","StSLib"],"gold_per_floor":[111,36,36,46,46,46,76,76,76,111,128,128,0,25,25,96,96,109,109,109,24,58,58,58],"floor_reached":23,"playtime":4725,"items_purged":["Strike_G"],"score":422,"play_id":"b5d230ba-d3f0-4c27-87f5-a30ddde0a92d","local_time":"20201226182357","is_ascension_mode":true,"campfire_choices":[{"data":"Skewer","floor":6,"key":"SMITH"},{"floor":12,"key":"REST"},{"data":"Noxious Fumes","floor":15,"key":"SMITH"}],"circlet_count":0,"master_deck":["AscendersBane","Strike_G","Strike_G+1","Strike_G+1","Defend_G","Defend_G","Defend_G","Defend_G","Defend_G","Survivor","Neutralize","Poisoned Stab","Skewer+1","Backflip","Noxious Fumes+1","Footwork","Crippling Poison","Malaise","PiercingWail","PiercingWail","Deflect+1"],"relics":["Ring of the Serpent","NeowsBlessing","Gambling Chip","White Beast Statue","Letter Opener","Thread and Needle","Ancient Tea Set","Enchiridion","Potion Belt","Red Mask"],"acts_visited":["Exordium","TheCity"],"potions_floor_usage":[12,22,23],"damage_taken":[{"damage":0,"enemies":"2 Louse","floor":1,"turns":1},{"damage":0,"enemies":"Small Slimes","floor":4,"turns":1},{"damage":0,"enemies":"Lagavulin","floor":7,"turns":1},{"damage":18,"enemies":"Gremlin Nob","floor":10,"turns":4},{"damage":0,"enemies":"Jaw Worm","floor":11,"turns":4},{"damage":13,"enemies":"3 Sentries","floor":14,"turns":11},{"damage":2,"enemies":"Hexaghost","floor":16,"turns":9},{"damage":0,"enemies":"Shell Parasite","floor":18,"turns":9},{"damage":21,"enemies":"Masked Bandits","floor":22,"turns":4},{"damage":26,"enemies":"Gremlin Leader","floor":23,"turns":5}],"seed_played":"-5527685929646331341","potions_obtained":[{"floor":10,"key":"LiquidBronze"},{"floor":11,"key":"Fruit Juice"},{"floor":22,"key":"Weak Potion"}],"is_trial":false,"path_per_floor":["M","?","?","M","?","R","E","?","T","E","M","R","$","E","R","B",null,"M","?","?","?","?","E"],"character_chosen":"THE_SILENT","items_purchased":["Poison Potion"],"campfire_rested":1,"item_purchase_floors":[13],"current_hp_per_floor":[59,59,39,39,44,44,44,33,33,15,15,42,42,29,29,27,64,64,64,43,43,22,0,0],"gold":58,"neow_bonus":"THREE_ENEMY_KILL","is_daily":false,"chose_seed":false,"campfire_upgraded":2,"win_rate":0.0,"timestamp":1608987237,"path_taken":["M","?","?","M","?","R","E","?","T","E","M","R","?","E","R","BOSS","M","?","?","?","?","E"],"items_purchased_type":["Potion"],"build_version":"2020-12-22","purchased_purges":1,"victory":false,"max_hp_per_floor":[66,66,66,66,71,71,71,71,71,71,71,76,76,76,76,76,76,76,76,76,76,76,76,76],"relic_stats":{"counters":[10,49],"Gambling Chip":[30],"Letter Opener":[29],"obtain_stats":[{"Potion Belt":21,"NeowsBlessing":0,"Gambling Chip":7,"Enchiridion":20,"Thread and Needle":10,"Red Mask":22,"Letter Opener":9,"Ancient Tea Set":14,"White Beast Statue":8,"Ring of the Serpent":17,"Ring of the Snake":0},{"Potion Belt":8,"NeowsBlessing":0,"Gambling Chip":3,"Enchiridion":8,"Thread and Needle":4,"Red Mask":9,"Letter Opener":3,"Ancient Tea Set":6,"White Beast Statue":3,"Ring of the Serpent":7,"Ring of the Snake":0},{"Potion Belt":40,"NeowsBlessing":0,"Gambling Chip":3,"Enchiridion":40,"Thread and Needle":7,"Red Mask":44,"Letter Opener":3,"Ancient Tea Set":22,"White Beast Statue":3,"Ring of the Serpent":31,"Ring of the Snake":0}]},"card_choices":[{"not_picked":["Slice","Blade Dance"],"picked":"Poisoned Stab","floor":1},{"not_picked":["Bane","Concentrate"],"picked":"Skewer","floor":4},{"not_picked":["Dagger Spray","Endless Agony"],"picked":"Backflip","floor":7},{"not_picked":["Accuracy","Footwork"],"picked":"Noxious Fumes","floor":10},{"not_picked":["Dodge and Roll","Terror"],"picked":"Footwork","floor":11},{"not_picked":["Poisoned Stab","Phantasmal Killer"],"picked":"Crippling Poison","floor":14},{"not_picked":["Phantasmal Killer","Glass Knife"],"picked":"Malaise","floor":16},{"not_picked":["Eviscerate","Prepared"],"picked":"PiercingWail","floor":18},{"not_picked":["Concentrate+1","Infinite Blades"],"picked":"Deflect+1","floor":22}],"player_experience":212048,"relics_obtained":[{"floor":7,"key":"Gambling Chip"},{"floor":9,"key":"Letter Opener"},{"floor":10,"key":"Thread and Needle"},{"floor":14,"key":"Ancient Tea Set"},{"floor":20,"key":"Enchiridion"},{"floor":22,"key":"Red Mask"}],"event_choices":[{"cards_removed":["Strike_G"],"damage_healed":0,"gold_gain":0,"player_choice":"Card Removal","damage_taken":0,"max_hp_gain":0,"max_hp_loss":0,"event_name":"The Cleric","floor":2,"gold_loss":75},{"damage_healed":0,"gold_gain":0,"player_choice":"Entered Light","damage_taken":20,"max_hp_gain":0,"max_hp_loss":0,"event_name":"Shining Light","floor":3,"gold_loss":0,"cards_upgraded":["Strike_G","Strike_G"]},{"damage_healed":0,"gold_gain":0,"player_choice":"Donut","damage_taken":0,"max_hp_gain":5,"max_hp_loss":0,"event_name":"Big Fish","floor":5,"gold_loss":0},{"damage_healed":0,"gold_gain":0,"player_choice":"Success","damage_taken":11,"relics_obtained":["White Beast Statue"],"max_hp_gain":0,"max_hp_loss":0,"event_name":"Scrap Ooze","floor":8,"gold_loss":0},{"damage_healed":0,"gold_gain":0,"player_choice":"Read","damage_taken":0,"max_hp_gain":0,"max_hp_loss":0,"event_name":"The Library","floor":19,"gold_loss":0,"cards_obtained":["PiercingWail"]},{"damage_healed":0,"gold_gain":0,"player_choice":"Obtained Book","damage_taken":21,"max_hp_gain":0,"max_hp_loss":0,"event_name":"Cursed Tome","floor":20,"gold_loss":0},{"damage_healed":0,"gold_gain":0,"player_choice":"Obtained Relic","damage_taken":0,"relics_obtained":["Potion Belt"],"max_hp_gain":0,"max_hp_loss":0,"event_name":"Addict","floor":21,"gold_loss":85},{"damage_healed":0,"gold_gain":0,"player_choice":"Fought Bandits","damage_taken":0,"max_hp_gain":0,"max_hp_loss":0,"event_name":"Masked Bandits","floor":22,"gold_loss":0}],"is_beta":false,"boss_relics":[{"not_picked":["Calling Bell","WristBlade"],"picked":"Ring of the Serpent"}],"items_purged_floors":[13],"is_endless":false,"potions_floor_spawned":[10,11,14,16,18,22],"killed_by":"Gremlin Leader","ascension_level":17}}