{"host":"mj8akmyfd5lo602f","time":1608992096,"event":{"mods":["2.2 Compatiblity","Act Like it!","BaseMod","Bestiary","BshForSts","Colored Map","Colored Powertips","Downfall","Highlight Path","Minty Spire (QoL Compilation)","Permanent Neow","Relic Stats","StSLib","The Servant 0.9.4"],"gold_per_floor":[99,112,22,32,32,45,45,78,78,26,26,26,46,146,164,260,260,260,280,291,308,320,330,357,200,215,250,265,294,144,157,176,176,176,176],"floor_reached":33,"playtime":2215,"items_purged":["champ:Strike"],"score":343,"play_id":"59f6a6a2-61f0-42ea-b53d-d7471a388984","local_time":"20201226141456","is_ascension_mode":false,"campfire_choices":[{"floor":1.0,"key":"RECALL"},{"data":"champ:EnchantSword","floor":9.0,"key":"SMITH"},{"floor":12.0,"key":"REST"},{"data":"champ:PerfectForm","floor":18.0,"key":"SMITH"},{"floor":30,"key":"REST"}],"circlet_count":0,"master_deck":["champ:Strike","champ:Strike","champ:Defend","champ:Defend","champ:Defend","champ:Defend","champ:Execute","champ:Taunt+1","champ:FanOfKnives","champ:PerfectForm+1","champ:ArenaPreparation","champ:ArenaPreparation","champ:TornadoPunch","champ:EnchantSword+1","champ:RisingSlash","champ:TornadoPunch","champ:SteelEdge","champ:EndlessRage+1","champ:SwordSigil","champ:DefensiveStyle+1","champ:CrookedStrike","champ:BringItOn","champ:EnchantCrown"],"relics":["champ:ChampionCrown","Frozen Egg 2","Singing Bowl","FaceOfCleric","Potion Belt","Philosopher\u0027s Stone","Bronze Scales","Letter Opener","champ:DefensiveTrainingManual","downfall:HeartBlessingRed","downfall:HeartBlessingGreen"],"acts_visited":["Exordium","TheCity"],"potions_floor_usage":[29,31,33],"damage_taken":[{"damage":7.0,"enemies":"Small Slimes","floor":2.0,"turns":3.0},{"damage":10.0,"enemies":"downfall:FleeingMerchant","floor":3.0,"turns":4.0},{"damage":36.0,"enemies":"2 Louse","floor":4.0,"turns":3.0},{"damage":25.0,"enemies":"Cultist","floor":6.0,"turns":3.0},{"damage":54.0,"enemies":"Lagavulin","floor":8.0,"turns":6.0},{"damage":47.0,"enemies":"downfall:FleeingMerchant","floor":10.0,"turns":4.0},{"damage":35.0,"enemies":"Lots of Slimes","floor":13.0,"turns":3.0},{"damage":45.0,"enemies":"downfall:LadyInBlue","floor":14.0,"turns":4.0},{"damage":27.0,"enemies":"Gremlin Gang","floor":15.0,"turns":3.0},{"damage":69.0,"enemies":"downfall:Watcher","floor":16.0,"turns":13.0},{"damage":35.0,"enemies":"Spheric Guardian","floor":19.0,"turns":4.0},{"damage":34.0,"enemies":"3 Cultists","floor":20.0,"turns":4.0},{"damage":31.0,"enemies":"Snecko","floor":21.0,"turns":6.0},{"damage":58.0,"enemies":"Shelled Parasite and Fungi","floor":22.0,"turns":4.0},{"damage":34.0,"enemies":"Snake Plant","floor":23.0,"turns":4.0},{"damage":64.0,"enemies":"downfall:FleeingMerchant","floor":25.0,"turns":4.0},{"damage":50.0,"enemies":"Centurion and Healer","floor":26.0,"turns":2.0},{"damage":65.0,"enemies":"Slavers","floor":27.0,"turns":3.0},{"damage":23,"enemies":"Shelled Parasite and Fungi","floor":28,"turns":4},{"damage":40,"enemies":"Gremlin Leader","floor":29,"turns":4},{"damage":10,"enemies":"Snake Plant","floor":31,"turns":2},{"damage":42,"enemies":"3 Cultists","floor":32,"turns":3},{"damage":84,"enemies":"downfall:Ironclad","floor":33,"turns":4}],"seed_played":"3345659589311647949","potions_obtained":[{"floor":6.0,"key":"FairyPotion"},{"floor":14.0,"key":"champ:OpenerPotion"},{"floor":14.0,"key":"Explosive Potion"},{"floor":14.0,"key":"LiquidBronze"},{"floor":15.0,"key":"Dexterity Potion"},{"floor":16.0,"key":"Explosive Potion"},{"floor":21.0,"key":"Block Potion"},{"floor":23.0,"key":"Guardian:BlockOnCardUsePotion"},{"floor":26.0,"key":"champ:OpenerPotion"},{"floor":29,"key":"champ:UltimateStancePotion"},{"floor":32,"key":"Energy Potion"}],"is_trial":false,"path_per_floor":["R","M","$","M","?","M","T","E","R","$","?","R","M","?","M","B",null,"R","M","M","M","M","M","T","$","M","E","M","E","R","M","M","B"],"character_chosen":"THE_CHAMP","items_purchased":["champ:ArenaPreparation","champ:RisingSlash","champ:DefensiveStyle+1"],"campfire_rested":2,"item_purchase_floors":[3,10,25],"current_hp_per_floor":[90,88,88,74,74,74,74,58,58,55,55,82,75,63,51,59,100,100,84,87,74,56,68,68,67,66,39,30,13,49,50,45,0,0,0],"gold":176,"neow_bonus":"UPGRADE_CARD","is_daily":false,"chose_seed":false,"campfire_upgraded":2,"win_rate":0.0,"timestamp":1608992096,"path_taken":["R","M","$","M","?","M","T","E","R","$","?","R","?","?","M","BOSS","R","M","?","M","M","M","T","$","M","E","M","E","R","M","M","BOSS"],"items_purchased_type":["Card","Card","Card"],"build_version":"2020-12-22","purchased_purges":1,"victory":false,"max_hp_per_floor":[90,90,90,90,90,90,90,90,90,92,92,92,95,98,99,100,100,100,103,106,107,108,111,111,114,117,120,121,122,122,123,126,126,126,126],"relic_stats":{"Singing Bowl":20,"FaceOfCleric":16,"counters":[23,94],"Bronze Scales":[63],"Letter Opener":[46],"obtain_stats":[{"Potion Belt":14,"Singing Bowl":8,"FaceOfCleric":11,"downfall:HeartBlessingRed":30,"champ:DefensiveTrainingManual":29,"Bronze Scales":24,"champ:ChampionCrown":0,"Philosopher\u0027s Stone":17,"downfall:HeartBlessingGreen":30,"Letter Opener":27,"Frozen Egg 2":7},{"Potion Belt":8,"Singing Bowl":5,"FaceOfCleric":6,"downfall:HeartBlessingRed":20,"champ:DefensiveTrainingManual":20,"Bronze Scales":15,"champ:ChampionCrown":0,"Philosopher\u0027s Stone":10,"downfall:HeartBlessingGreen":20,"Letter Opener":18,"Frozen Egg 2":4},{"Potion Belt":30,"Singing Bowl":19,"FaceOfCleric":23,"downfall:HeartBlessingRed":85,"champ:DefensiveTrainingManual":85,"Bronze Scales":68,"champ:ChampionCrown":0,"Philosopher\u0027s Stone":46,"downfall:HeartBlessingGreen":85,"Letter Opener":77,"Frozen Egg 2":13}]},"card_choices":[{"not_picked":["champ:Haymaker","champ:RageSigil"],"picked":"champ:FanOfKnives","floor":2.0},{"not_picked":["champ:FaceSlap","champ:RageSigil"],"picked":"champ:PerfectForm","floor":3.0},{"not_picked":["champ:BerserkerStyle","champ:BladeFlurry"],"picked":"champ:ArenaPreparation","floor":4.0},{"not_picked":["champ:FlashCut","champ:GladiatorsShout"],"picked":"champ:TornadoPunch","floor":6.0},{"not_picked":["champ:SwordThrow","champ:RageSigil"],"picked":"champ:EnchantSword","floor":8.0},{"not_picked":["champ:DefensiveStyle+1","champ:Shatter","champ:TornadoPunch"],"picked":"Singing Bowl","floor":10.0},{"not_picked":["champ:RapidStrikes","champ:ViciousMockery","champ:BladeFlurry"],"picked":"Singing Bowl","floor":13.0},{"not_picked":["champ:RageSigil","champ:Backstep","champ:GladiatorsShout"],"picked":"Singing Bowl","floor":14.0},{"not_picked":["champ:PerfectedStrike","champ:BladeFlurry"],"picked":"champ:TornadoPunch","floor":15.0},{"not_picked":["champ:ShieldSlam","champ:HeavySlash"],"picked":"champ:SteelEdge","floor":16.0},{"not_picked":["champ:Duel","champ:GutPunch","champ:Riposte+1"],"picked":"Singing Bowl","floor":19.0},{"not_picked":["champ:Backstep","champ:BringItOn","champ:TornadoPunch"],"picked":"Singing Bowl","floor":20.0},{"not_picked":["champ:GladiatorsShout","champ:BringItOn"],"picked":"champ:EndlessRage+1","floor":21.0},{"not_picked":["champ:TornadoPunch","champ:Control"],"picked":"champ:SwordSigil","floor":22.0},{"not_picked":["champ:DefensiveShout","champ:FlashCut","champ:EnragedBash"],"picked":"Singing Bowl","floor":23.0},{"not_picked":["champ:Control","champ:FaceSlap+1","champ:Duel"],"picked":"Singing Bowl","floor":25.0},{"not_picked":["champ:RageSigil","champ:PerfectedStrike","champ:RapidStrikes"],"picked":"Singing Bowl","floor":26.0},{"not_picked":["champ:BladeFlurry+1","champ:ArenaPreparation","champ:EnchantSword"],"picked":"Singing Bowl","floor":27.0},{"not_picked":["champ:GutPunch+1","champ:StanceDance"],"picked":"champ:CrookedStrike","floor":28},{"not_picked":["champ:GutPunch","champ:CrookedStrike+1"],"picked":"champ:BringItOn","floor":29},{"not_picked":["champ:StanceDance+1","champ:FalseCounter"],"picked":"champ:EnchantCrown","floor":31},{"not_picked":["champ:ShieldSigil","champ:StanceDance","champ:CrookedStrike"],"picked":"Singing Bowl","floor":32}],"player_experience":446759,"relics_obtained":[{"floor":7.0,"key":"Frozen Egg 2"},{"floor":8.0,"key":"Singing Bowl"},{"floor":14.0,"key":"Potion Belt"},{"floor":24.0,"key":"Bronze Scales"},{"floor":27.0,"key":"Letter Opener"},{"floor":29,"key":"champ:DefensiveTrainingManual"}],"event_choices":[{"damage_healed":0.0,"max_hp_gain":0.0,"max_hp_loss":0.0,"gold_gain":0.0,"event_name":"FaceTrader","player_choice":"Trade","floor":11.0,"gold_loss":0.0,"damage_taken":0.0,"relics_obtained":["FaceOfCleric"]}],"is_beta":false,"boss_relics":[{"not_picked":["Snecko Eye","SacredBark"],"picked":"Philosopher\u0027s Stone"}],"items_purged_floors":[25],"is_endless":false,"potions_floor_spawned":[6,15,16,21,23,26,29,32],"killed_by":"downfall:Ironclad","ascension_level":0}}