{"host":"ordt8z0j7vbct84d","time":1608991612,"event":{"mods":["AchievementEnabler","Act Like it!","Bard","BaseMod","Better Altar","Better Note","Better Sensory Stone","Better Skull","Better Vampires","CapriCore","Colored Map","Colored Powertips","Conspire","Downfall","Gensokyo","Hermit","Highlight Path","Hubris","Infinite Spire","Jorbs\u0027s Wanderer Trilogy","KomeijiMod","Lobotomy","LobotomyExtend","Marisa????????","Minty Spire (QoL Compilation)","Rare Cards Sparkle","Reimu??????","Replay The Spire","Robot Space Explorer","StSLib","The Animator","The Gatherer","The Immortal","The Marked","The Runesmith","TheVelvet","Waifu the Spire","WarShipGirlsR/????R mod"],"gold_per_floor":[118,118,88,102,127,127,127,140,140,140,140,140,158,173,173,304,304,304,319,319,340,364,364,378,394,394,394,417,451,466,489,489,612,612,626,640,660,660,681,699,699,726,798,798,291,291,311,332,332,332,332],"floor_reached":52,"playtime":8097,"items_purged":[],"score":672,"play_id":"f0e0c2aa-0425-4b3d-8324-8d7f46fa19ce","local_time":"20201226220652","is_ascension_mode":false,"campfire_choices":[{"data":"Runesmith:HammerThrow","floor":6.0,"key":"SMITH"},{"data":"Runesmith:PoweredAnvil","floor":10.0,"key":"SMITH"},{"data":"Runesmith:Fortify","floor":12.0,"key":"SMITH"},{"floor":15.0,"key":"REST"},{"floor":23.0,"key":"REST"},{"data":"Runesmith:ArcReactor","floor":27.0,"key":"SMITH"},{"floor":32.0,"key":"REST"},{"floor":44,"key":"REST"},{"floor":46,"key":"REST"},{"floor":49,"key":"REST"}],"circlet_count":0,"master_deck":["Runesmith:Strike_RS","Runesmith:Strike_RS","Runesmith:Strike_RS","Runesmith:Defend_RS","Runesmith:Defend_RS","Runesmith:Defend_RS","Runesmith:Defend_RS","Runesmith:CraftFirestone","Runesmith:Fortify+1","Runesmith:HammerThrow+1","Runesmith:PoweredAnvil+1","Runesmith:FieryHammer","Runesmith:Retool","Runesmith:GenerateForcefield","Runesmith:Firestorm","Runesmith:ArcReactor+1","Runesmith:EnergizedChisel+1","Runesmith:MakeshiftArmor","Runesmith:CraftVitae+1","Runesmith:NanitesCloud+1","Runesmith:CreatorForm","Runesmith:ShiftingStrike+1","Runesmith:HeatedChisel+1","Runesmith:EarthShield+1","Runesmith:CraftPrismatica","Runesmith:Repurpose","Runesmith:CraftMagma","Runesmith:Empowerment+1","Runesmith:PerfectChisel+1","Runesmith:Prism+1","Runesmith:LastStand","Runesmith:LastStand","Runesmith:ReplicatingBarrier","Runesmith:ChaoticBlast"],"relics":["Runesmith:BrokenRuby","Anchor","LetterFromLob","Golden Idol","PreservedInsect","infinitespire:Broken Mirror","Painkiller Herb","hubris:CrystalStatue","Meat on the Bone","conspire:SlowCooker","Pet Ghost","Incense Burner","ReplayFunnel","Quantum Egg","Guardian:PocketSentry","Replay:Bottled Snecko"],"acts_visited":["Exordium","TheCity","TheBeyond"],"potions_floor_usage":[35,35,50],"damage_taken":[{"damage":0.0,"enemies":"Small Slimes","floor":1.0,"turns":3.0},{"damage":0.0,"enemies":"Jaw Worm","floor":4.0,"turns":3.0},{"damage":10.0,"enemies":"infinitespire:Voidling","floor":5.0,"turns":5.0},{"damage":0.0,"enemies":"2 Fungi Beasts","floor":8.0,"turns":2.0},{"damage":0.0,"enemies":"Large Slime","floor":13.0,"turns":5.0},{"damage":15.0,"enemies":"Gremlin Gang","floor":14.0,"turns":5.0},{"damage":27.0,"enemies":"The Guardian","floor":16.0,"turns":9.0},{"damage":7.0,"enemies":"Shell Parasite","floor":19.0,"turns":5.0},{"damage":12.0,"enemies":"2 Thieves","floor":21.0,"turns":4.0},{"damage":3.0,"enemies":"Snecko","floor":22.0,"turns":5.0},{"damage":17.0,"enemies":"3 Cultists","floor":24.0,"turns":7.0},{"damage":0.0,"enemies":"conspire:HollyBat","floor":25.0,"turns":9.0},{"damage":12.0,"enemies":"Centurion and Healer","floor":28.0,"turns":8.0},{"damage":0.0,"enemies":"Replay:Snechameleon","floor":29.0,"turns":5.0},{"damage":7.0,"enemies":"3 Cultists","floor":30.0,"turns":6.0},{"damage":9.0,"enemies":"conspire:HollyBat","floor":31.0,"turns":7.0},{"damage":25.0,"enemies":"conspire:MysteriousRune","floor":33.0,"turns":10.0},{"damage":5,"enemies":"3 Darklings","floor":35,"turns":6},{"damage":3,"enemies":"Orb Walker","floor":36,"turns":4},{"damage":31,"enemies":"4 Shapes","floor":37,"turns":7},{"damage":17,"enemies":"Sphere and 2 Shapes","floor":39,"turns":6},{"damage":17,"enemies":"Maw","floor":40,"turns":9},{"damage":6,"enemies":"Transient","floor":47,"turns":5},{"damage":13,"enemies":"4 Shapes","floor":48,"turns":7},{"damage":5,"enemies":"infinitespire:MassOfShapes","floor":50,"turns":11}],"seed_played":"-5224381345935321281","potions_obtained":[{"floor":1.0,"key":"Energy Potion"},{"floor":3.0,"key":"GrandPatriotsElixir:ReiMu"},{"floor":3.0,"key":"LiquidMemories"},{"floor":14.0,"key":"Reflective Coating"},{"floor":16.0,"key":"Ancient Potion"},{"floor":21.0,"key":"FairyPotion"},{"floor":30.0,"key":"LiquidMemories"},{"floor":37,"key":"Dexterity Potion"},{"floor":40,"key":"Elixir"},{"floor":47,"key":"Fire Potion"}],"is_trial":false,"path_per_floor":["M","?","?","M","M","R","?","M","T","R","?","R","M","M","R","B",null,"?","?","?","?","?","T","?","?","T","T","?","E","?","?","T","B",null,"?","?","?","?","?","?","AVR","T","T","T","T","T","?","?","T","B",null,null],"character_chosen":"RUNESMITH_CLASS","items_purchased":["Runesmith:LastStand","Guardian:PocketSentry","Replay:Bottled Snecko"],"campfire_rested":6,"item_purchase_floors":[45,45,45],"current_hp_per_floor":[70,53,53,53,50,50,50,50,50,50,50,50,50,35,56,29,70,70,63,63,51,48,69,52,52,52,52,40,40,45,36,57,44,70,65,62,43,29,24,19,19,19,19,40,40,61,55,42,63,58,58],"gold":332,"neow_bonus":"RANDOM_COMMON_RELIC","is_daily":false,"chose_seed":false,"campfire_upgraded":4,"win_rate":0.0,"timestamp":1608991612,"path_taken":["M","?","?","?","M","R","?","M","T","R","?","R","M","M","R","BOSS","?","?","?","?","?","T","?","?","T","T","?","E","?","?","T","BOSS","?","?","?","?","?","?","AVR","?","T","T","T","T","?","?","T","BOSS"],"items_purchased_type":["Card","Relic","Relic"],"build_version":"2020-12-22","purchased_purges":0,"victory":true,"max_hp_per_floor":[70,70,70,70,70,70,70,70,70,70,70,70,70,70,70,70,70,70,70,70,70,70,70,70,70,70,70,70,70,70,70,70,70,70,70,70,70,70,70,70,70,70,70,70,70,70,70,70,70,70,70],"card_choices":[{"not_picked":["Runesmith:NegativeSpace","Runesmith:CraftIncendium"],"picked":"Runesmith:HammerThrow","floor":1.0},{"not_picked":["Runesmith:EnergizedChisel","Runesmith:Grindstone"],"picked":"Runesmith:PoweredAnvil","floor":4.0},{"not_picked":["Runesmith:CraftVitae","Runesmith:CraftProtectio"],"picked":"Runesmith:FieryHammer","floor":5.0},{"not_picked":["Runesmith:Accelerate","Runesmith:HeatExchange"],"picked":"Runesmith:Retool","floor":8.0},{"not_picked":["Runesmith:CraftIncendium","Runesmith:ShiftingStrike"],"picked":"Runesmith:GenerateForcefield","floor":13.0},{"not_picked":["Runesmith:EarthShield","Runesmith:Grindstone"],"picked":"Runesmith:Firestorm","floor":14.0},{"not_picked":["Runesmith:LastStand","Runesmith:LightningRod"],"picked":"Runesmith:ArcReactor","floor":16.0},{"not_picked":["Runesmith:Grindstone+1","Runesmith:Firewall+1"],"picked":"Runesmith:EnergizedChisel+1","floor":19.0},{"not_picked":["Runesmith:UnstableHammer","Runesmith:FrozenChisel"],"picked":"Runesmith:MakeshiftArmor","floor":21.0},{"not_picked":["Runesmith:StaticCage","Runesmith:ChargedHammer+1"],"picked":"Runesmith:CraftVitae+1","floor":22.0},{"not_picked":["Runesmith:HeatExchange","Runesmith:ShiftingStrike"],"picked":"Runesmith:NanitesCloud+1","floor":24.0},{"not_picked":["Runesmith:ChiselStab","Runesmith:Overpower"],"picked":"Runesmith:CreatorForm","floor":25.0},{"not_picked":["Runesmith:BackupBattery+1","Runesmith:EnergizedChisel","Runesmith:CraftProtectio"],"picked":"SKIP","floor":28.0},{"not_picked":["Runesmith:BackupBattery+1","Runesmith:EnergizedChisel","Runesmith:CraftProtectio"],"picked":"SKIP","floor":28.0},{"not_picked":["Runesmith:BackupBattery","Runesmith:Permafrost"],"picked":"Runesmith:ShiftingStrike+1","floor":29.0},{"not_picked":["Runesmith:CraftObretio+1","Runesmith:Grindstone"],"picked":"Runesmith:HeatedChisel+1","floor":30.0},{"not_picked":["Runesmith:StaticCage","Runesmith:EnergizedChisel"],"picked":"Runesmith:EarthShield+1","floor":31.0},{"not_picked":["Runesmith:LastStand","Runesmith:CraftMedicinae"],"picked":"Runesmith:CraftPrismatica","floor":33.0},{"not_picked":["Runesmith:ShiftingStrike","Runesmith:MakeshiftArmor+1"],"picked":"Runesmith:Repurpose","floor":35},{"not_picked":["Runesmith:ChiselStab+1","Runesmith:Overpower"],"picked":"Runesmith:CraftMagma","floor":36},{"not_picked":["Runesmith:Grindstone+1","Runesmith:Overpower"],"picked":"Runesmith:Empowerment+1","floor":37},{"not_picked":["Runesmith:HeatedChisel+1","Runesmith:Repurpose+1"],"picked":"Runesmith:PerfectChisel+1","floor":39},{"not_picked":["Runesmith:PoweredAnvil+1","Runesmith:FieryHammer+1"],"picked":"Runesmith:Prism+1","floor":40},{"not_picked":["Runesmith:CraftMagma+1","Runesmith:Grindstone"],"picked":"Runesmith:ReplicatingBarrier","floor":47},{"not_picked":["Runesmith:StaticCage","Runesmith:BackupBattery+1"],"picked":"Runesmith:ChaoticBlast","floor":48}],"player_experience":562938,"relics_obtained":[{"floor":1.0,"key":"LetterFromLob"},{"floor":7.0,"key":"PreservedInsect"},{"floor":9.0,"key":"infinitespire:Broken Mirror"},{"floor":26.0,"key":"hubris:CrystalStatue"},{"floor":29.0,"key":"Meat on the Bone"},{"floor":42,"key":"ReplayFunnel"},{"floor":43,"key":"Quantum Egg"}],"event_choices":[{"damage_healed":0.0,"max_hp_gain":0.0,"max_hp_loss":0.0,"gold_gain":0.0,"event_name":"Golden Idol","player_choice":"Take Damage","floor":2.0,"gold_loss":0.0,"damage_taken":17.0,"relics_obtained":["Golden Idol"]},{"damage_healed":0.0,"max_hp_gain":0.0,"max_hp_loss":0.0,"gold_gain":0.0,"event_name":"The Woman in Blue","player_choice":"Bought 2 Potions","floor":3.0,"gold_loss":0.0,"damage_taken":0.0},{"cards_removed":["Runesmith:Strike_RS"],"damage_healed":0.0,"max_hp_gain":0.0,"max_hp_loss":0.0,"gold_gain":0.0,"event_name":"Purifier","player_choice":"Purged","floor":11.0,"gold_loss":0.0,"damage_taken":0.0},{"cards_removed":["Runesmith:Strike_RS"],"damage_healed":0.0,"max_hp_gain":0.0,"max_hp_loss":0.0,"gold_gain":0.0,"event_name":"betterNote:BetterNote","player_choice":"Give","floor":20.0,"gold_loss":0.0,"damage_taken":0.0,"cards_obtained":["None"]},{"damage_healed":0,"gold_gain":0,"player_choice":"RE ","damage_taken":16,"relics_obtained":["Pet Ghost"],"max_hp_gain":0,"max_hp_loss":0,"event_name":"betterSkull:BetterSkull","floor":38,"gold_loss":0,"cards_upgraded":[]}],"is_beta":false,"boss_relics":[{"not_picked":["RedLine:ReiMu","hubris:BlackHole"],"picked":"Painkiller Herb"},{"not_picked":["ReplayTheSpireMod:SealedPack","conspire:RoyalGoblet"],"picked":"conspire:SlowCooker"}],"items_purged_floors":[],"is_endless":false,"potions_floor_spawned":[1,5,14,16,21,24,29,30,37,40,47],"ascension_level":0}}