{"host":"y0bd7w0ygdkuenhq","time":1608977373,"event":{"mods":["BaseMod","BetterRewards","Hermit","Infinite Spire","Marisa????????","Minty Spire (QoL Compilation)","Replay The Spire","StSLib","The Animator","The Cursed","The Servant 0.9.4"],"gold_per_floor":[110,110,110,28,28,56,56,74,74,74,74,74,91,118,118,118,118],"floor_reached":16,"playtime":393,"items_purged":[],"score":131,"play_id":"b5ec5c1f-0070-47e6-bad7-36f6cfd47a7f","local_time":"20201226040933","is_ascension_mode":false,"campfire_choices":[{"data":"KidneyShot","floor":7,"key":"SMITH"},{"floor":15,"key":"REST"}],"circlet_count":0,"master_deck":["Strike_S","Strike_S","Strike_S","Strike_S","Defend_S","Defend_S","Defend_S","Defend_S","KidneyShot+1","Exchange","Snipe","Sabotage+1","Hightail","Rearm","Regret","Pain","Desolation","Rearm"],"relics":["hermit:Momento","NeowsBlessing","Thread and Needle","infinitespire:Cubic Diamond","Quantum Egg","Nunchaku","infinitespire:EmpoweringShard","WarpedTongs","InkBottle"],"acts_visited":["Exordium"],"potions_floor_usage":[14,14],"damage_taken":[{"damage":0,"enemies":"Jaw Worm","floor":1,"turns":1},{"damage":0,"enemies":"Gremlin Nob","floor":6,"turns":1},{"damage":0,"enemies":"Small Slimes","floor":8,"turns":2},{"damage":0,"enemies":"2 Louse","floor":13,"turns":2},{"damage":27,"enemies":"Lagavulin","floor":14,"turns":9},{"damage":3,"enemies":"Fading Forest","floor":16,"turns":4}],"seed_played":"4861855246996572919","potions_obtained":[{"floor":1,"key":"ColorlessPotion"},{"floor":13,"key":"Energy Potion"}],"is_trial":false,"path_per_floor":["M","?","?","$","?","E","R","M","T","?","?","$","M","E","R","B"],"character_chosen":"THE_SERVANT","items_purchased":["Sabotage"],"campfire_rested":1,"item_purchase_floors":[4],"current_hp_per_floor":[65,65,65,65,65,65,65,65,65,65,65,65,65,38,57,54,54],"gold":118,"neow_bonus":"THREE_ENEMY_KILL","is_daily":false,"chose_seed":false,"campfire_upgraded":1,"win_rate":0.0,"timestamp":1608977373,"path_taken":["M","?","?","$","?","E","R","M","T","?","?","$","?","E","R","BOSS"],"items_purchased_type":["Card"],"build_version":"2020-12-22","purchased_purges":0,"victory":false,"max_hp_per_floor":[65,65,65,65,65,65,65,65,65,65,65,65,65,65,65,65,65],"card_choices":[{"not_picked":["Rearm","Unruled"],"picked":"Snipe","floor":1},{"not_picked":["Snipe","Replace"],"picked":"Hightail","floor":6},{"not_picked":["Snipe","MoonPhase"],"picked":"Rearm","floor":8},{"not_picked":["FastForward","DoubleEdge"],"picked":"Desolation","floor":13},{"not_picked":["Initiator","Gouge"],"picked":"Rearm","floor":14}],"player_experience":49317,"relics_obtained":[{"floor":2,"key":"Thread and Needle"},{"floor":6,"key":"Quantum Egg"},{"floor":9,"key":"Nunchaku"},{"floor":14,"key":"InkBottle"}],"event_choices":[{"damage_healed":0,"gold_gain":0,"player_choice":"Grow","damage_taken":0,"max_hp_gain":0,"max_hp_loss":0,"event_name":"Living Wall","floor":5,"gold_loss":0,"cards_upgraded":["Sabotage"]},{"damage_healed":0,"gold_gain":0,"player_choice":"Box","damage_taken":0,"relics_obtained":["infinitespire:EmpoweringShard"],"max_hp_gain":0,"max_hp_loss":0,"event_name":"Big Fish","floor":10,"gold_loss":0,"cards_obtained":["Regret"]},{"damage_healed":0,"gold_gain":0,"player_choice":"Rummage","damage_taken":0,"relics_obtained":["WarpedTongs"],"max_hp_gain":0,"max_hp_loss":0,"event_name":"Accursed Blacksmith","floor":11,"gold_loss":0,"cards_obtained":["Pain"]}],"is_beta":false,"boss_relics":[],"items_purged_floors":[],"is_endless":false,"potions_floor_spawned":[1,13],"killed_by":"Fading Forest","ascension_level":0}}