{"host":"3y2rtlgteqp2nuo3","time":1608996929,"event":{"mods":["2.2 Compatiblity","AchievementEnabler","BaseMod","Colored Map","DeckTracker","Highlight Path","Keyboard Shortcuts","Minty Spire (QoL Compilation)","Permanent Neow","Quick Restart","StSLib","SuperFastMode","everything is the same but u backflip on backflip"],"gold_per_floor":[13,32,32,50,63,63,74,108,108,108,120,150,165,183,183,281,281,294,75,75,85,99,99,112,112,157,157,185,185,198,225,225,327,327,337,356,371,371,47,76,90,90,90,90,109,126,140,15,15,15,15],"floor_reached":50,"playtime":1664,"items_purged":["Strike_B","Strike_B","Strike_B"],"score":694,"play_id":"1cd1fa99-cf0c-4dd7-a299-f7382a25aa2c","local_time":"20201227003529","is_ascension_mode":true,"campfire_choices":[{"data":"Zap","floor":6.0,"key":"SMITH"},{"data":"Defragment","floor":10.0,"key":"SMITH"},{"floor":15.0,"key":"REST"},{"data":"RitualDagger","floor":23.0,"key":"SMITH"},{"data":"Barrage","floor":25.0,"key":"SMITH"},{"data":"Coolheaded","floor":27.0,"key":"SMITH"},{"floor":29.0,"key":"REST"},{"floor":32.0,"key":"REST"},{"floor":42.0,"key":"REST"},{"floor":44.0,"key":"REST"},{"data":"Beam Cell","floor":49.0,"key":"SMITH"}],"circlet_count":0,"master_deck":["Defend_B","Defend_B","Defend_B+1","Zap+1","Dualcast+1","Barrage+1","Streamline","Compile Driver","Chaos","Defragment+1","BootSequence","Beam Cell+1","Chaos","Chill","Coolheaded+1","CurseOfTheBell","Defragment+1","RitualDagger+1","Leap+1","Blizzard","Go for the Eyes+1","Consume","Machine Learning","Beam Cell+1","Turbo+1","Self Repair","Barrage+1","Chill+1"],"relics":["Cracked Core","CultistMask","War Paint","Orichalcum","Lantern","Calling Bell","MealTicket","White Beast Statue","Gambling Chip","PreservedInsect","Strawberry","HornCleat","FossilizedHelix","Cursed Key","Nunchaku","Thread and Needle"],"acts_visited":["Exordium","TheCity","TheBeyond"],"potions_floor_usage":[50],"damage_taken":[{"damage":4.0,"enemies":"Jaw Worm","floor":1.0,"turns":3.0},{"damage":1.0,"enemies":"Cultist","floor":2.0,"turns":3.0},{"damage":7.0,"enemies":"Small Slimes","floor":4.0,"turns":3.0},{"damage":1.0,"enemies":"3 Louse","floor":5.0,"turns":2.0},{"damage":7.0,"enemies":"2 Fungi Beasts","floor":7.0,"turns":3.0},{"damage":34.0,"enemies":"Lagavulin","floor":8.0,"turns":4.0},{"damage":0.0,"enemies":"Large Slime","floor":11.0,"turns":3.0},{"damage":6.0,"enemies":"Gremlin Nob","floor":12.0,"turns":3.0},{"damage":0.0,"enemies":"Looter","floor":13.0,"turns":2.0},{"damage":0.0,"enemies":"2 Fungi Beasts","floor":14.0,"turns":2.0},{"damage":17.0,"enemies":"Hexaghost","floor":16.0,"turns":9.0},{"damage":3.0,"enemies":"Chosen","floor":18.0,"turns":6.0},{"damage":0.0,"enemies":"Spheric Guardian","floor":21.0,"turns":3.0},{"damage":20.0,"enemies":"Shelled Parasite and Fungi","floor":22.0,"turns":6.0},{"damage":0.0,"enemies":"Cultist and Chosen","floor":24.0,"turns":5.0},{"damage":17.0,"enemies":"Gremlin Leader","floor":28.0,"turns":6.0},{"damage":24.0,"enemies":"Snake Plant","floor":30.0,"turns":3.0},{"damage":0.0,"enemies":"Book of Stabbing","floor":31.0,"turns":5.0},{"damage":43.0,"enemies":"Collector","floor":33.0,"turns":10.0},{"damage":0.0,"enemies":"Orb Walker","floor":35.0,"turns":4.0},{"damage":10.0,"enemies":"3 Darklings","floor":36.0,"turns":7.0},{"damage":7.0,"enemies":"Jaw Worm Horde","floor":37.0,"turns":6.0},{"damage":64.0,"enemies":"Reptomancer","floor":40.0,"turns":6.0},{"damage":25.0,"enemies":"Maw","floor":41.0,"turns":10.0},{"damage":22.0,"enemies":"Transient","floor":45.0,"turns":5.0},{"damage":0.0,"enemies":"Jaw Worm Horde","floor":46.0,"turns":5.0},{"damage":0.0,"enemies":"Maw","floor":47.0,"turns":8.0},{"damage":74,"enemies":"Awakened One","floor":50,"turns":14}],"seed_played":"5534222969049407190","potions_obtained":[{"floor":1.0,"key":"Dexterity Potion"},{"floor":7.0,"key":"DistilledChaos"},{"floor":11.0,"key":"PowerPotion"},{"floor":16.0,"key":"Dexterity Potion"},{"floor":18.0,"key":"Ancient Potion"},{"floor":22.0,"key":"CultistPotion"},{"floor":28.0,"key":"PotionOfCapacity"},{"floor":30.0,"key":"PowerPotion"},{"floor":33.0,"key":"Ancient Potion"},{"floor":36.0,"key":"FairyPotion"},{"floor":40.0,"key":"SteroidPotion"},{"floor":41.0,"key":"DuplicationPotion"}],"is_trial":false,"path_per_floor":["M","M","?","M","M","R","M","E","T","R","M","E","M","M","R","B",null,"M","$","?","M","M","R","M","R","T","R","E","R","M","E","R","B",null,"M","M","M","?","$","E","M","R","T","R","M","M","M","$","R","B"],"character_chosen":"DEFECT","items_purchased":["PreservedInsect","Nunchaku","Self Repair"],"campfire_rested":5,"item_purchase_floors":[19,39,39],"current_hp_per_floor":[71,70,70,63,62,62,55,21,21,21,21,15,15,15,37,20,61,58,73,67,67,47,47,47,47,54,54,37,61,37,37,61,18,66,66,56,49,49,64,30,12,35,35,58,43,50,57,72,72,0,0],"gold":15,"neow_bonus":"REMOVE_TWO","is_daily":false,"chose_seed":false,"campfire_upgraded":6,"win_rate":0.0,"timestamp":1608996929,"path_taken":["M","M","?","M","M","R","?","E","T","R","M","E","M","M","R","BOSS","M","$","?","M","M","R","M","R","T","R","E","R","M","E","R","BOSS","M","M","M","?","$","E","M","R","T","R","M","M","M","$","R","BOSS"],"items_purchased_type":["Relic","Relic","Card"],"build_version":"2020-12-22","purchased_purges":3,"victory":false,"max_hp_per_floor":[75,75,75,75,75,75,75,75,75,75,75,75,75,75,75,75,75,75,75,75,75,75,75,75,75,82,82,82,82,82,82,82,82,82,82,82,82,78,78,78,78,78,78,78,78,78,78,78,78,78,78],"card_choices":[{"not_picked":["Undo","Loop"],"picked":"Barrage","floor":1.0},{"not_picked":["Beam Cell","Hologram"],"picked":"Streamline","floor":2.0},{"not_picked":["Melter","Conserve Battery"],"picked":"Compile Driver","floor":4.0},{"not_picked":["Turbo","Compile Driver"],"picked":"Chaos","floor":5.0},{"not_picked":["Redo","Aggregate"],"picked":"Defragment","floor":7.0},{"not_picked":["Go for the Eyes","Creative AI"],"picked":"BootSequence","floor":8.0},{"not_picked":["Self Repair","Barrage"],"picked":"Beam Cell","floor":11.0},{"not_picked":["Rebound","Double Energy"],"picked":"Chaos","floor":12.0},{"not_picked":["Compile Driver","Barrage"],"picked":"Chill","floor":13.0},{"not_picked":["Barrage","Cold Snap"],"picked":"Coolheaded","floor":14.0},{"not_picked":["Fusion","Sunder"],"picked":"Defragment+1","floor":18.0},{"not_picked":["Loop","Lockon"],"picked":"Leap+1","floor":21.0},{"not_picked":["Redo","Compile Driver"],"picked":"Blizzard","floor":22.0},{"not_picked":["Loop+1","Barrage","Hologram"],"picked":"SKIP","floor":24.0},{"not_picked":["Rebound","Stack","Redo"],"picked":"SKIP","floor":28.0},{"not_picked":["Steam+1","Sweeping Beam"],"picked":"Go for the Eyes+1","floor":30.0},{"not_picked":["Capacitor+1","Buffer"],"picked":"Consume","floor":31.0},{"not_picked":["Meteor Strike","Hyperbeam"],"picked":"Machine Learning","floor":33.0},{"not_picked":["Doom and Gloom+1","Stack"],"picked":"Beam Cell+1","floor":35.0},{"not_picked":["Redo+1","Hello World+1"],"picked":"Turbo+1","floor":36.0},{"not_picked":["Doom and Gloom","Lockon","Streamline"],"picked":"SKIP","floor":37.0},{"not_picked":["Force Field+1","Turbo+1"],"picked":"Barrage+1","floor":40.0},{"not_picked":["Leap+1","Reprogram+1"],"picked":"Chill+1","floor":41.0},{"not_picked":["Go for the Eyes","Turbo+1","Hologram"],"picked":"SKIP","floor":45.0},{"not_picked":["Fusion+1","Machine Learning","Conserve Battery+1"],"picked":"SKIP","floor":46.0},{"not_picked":["Storm+1","Steam","Conserve Battery"],"picked":"SKIP","floor":47.0}],"player_experience":652465,"relics_obtained":[{"floor":8.0,"key":"War Paint"},{"floor":9.0,"key":"Orichalcum"},{"floor":12.0,"key":"Lantern"},{"floor":17.0,"key":"MealTicket"},{"floor":17.0,"key":"White Beast Statue"},{"floor":17.0,"key":"Gambling Chip"},{"floor":26.0,"key":"Strawberry"},{"floor":28.0,"key":"HornCleat"},{"floor":31.0,"key":"FossilizedHelix"},{"floor":40.0,"key":"Thread and Needle"}],"event_choices":[{"damage_healed":0.0,"max_hp_gain":0.0,"max_hp_loss":0.0,"gold_gain":0.0,"event_name":"FaceTrader","player_choice":"Trade","floor":3.0,"gold_loss":0.0,"damage_taken":0.0,"relics_obtained":["CultistMask"]},{"damage_healed":0.0,"max_hp_gain":0.0,"max_hp_loss":0.0,"gold_gain":0.0,"event_name":"Nest","player_choice":"Joined the Cult","floor":20.0,"gold_loss":0.0,"damage_taken":6.0,"cards_obtained":["RitualDagger"]},{"damage_healed":0.0,"max_hp_gain":0.0,"max_hp_loss":4.0,"gold_gain":0.0,"event_name":"Winding Halls","player_choice":"Max HP","floor":38.0,"gold_loss":0.0,"damage_taken":0.0}],"is_beta":false,"boss_relics":[{"not_picked":["Tiny House","FrozenCore"],"picked":"Calling Bell"},{"not_picked":["Coffee Dripper","SacredBark"],"picked":"Cursed Key"}],"items_purged_floors":[19,39,48],"is_endless":false,"potions_floor_spawned":[1,7,11,16,18,21,22,24,28,30,31,33,35,36,37,40,41,45,46,47],"killed_by":"Awakened One","ascension_level":5}}