{"host":"y89x8uui45kcjy42","time":1608960116,"event":{"mods":["2.2 Compatiblity","BaseMod","CapriCore","Colored Map","Colored Powertips","Custom Start","Friendly Minions","Highlight Path","Keyboard Shortcuts","Minty Spire (QoL Compilation)","Relic Stats","Slay the Relics Exporter","StSLib","SuperFastMode","The Bug Knight","Waifu the Spire"],"gold_per_floor":[361,373,91,91,104,134,41,41,41,60,74,74,86,105,105,180,180,195,195,206,62,82,82,94,94,144,144,160,190,0,10,10,82,132,144,155,155,0,325,325,354,364,390,390,402,420,430,430,430,430,430,430,181,213,213,213],"floor_reached":55,"playtime":1499,"items_purged":["HollowMod:NailStrikeStart","HollowMod:NailStrikeStart","HollowMod:QuickDashStart","HollowMod:NailStrikeStart","HollowMod:NailStrikeStart"],"score":1281,"play_id":"7e33e4ed-0ee3-4490-bc63-cf77fe726c95","local_time":"20201226142156","is_ascension_mode":true,"campfire_choices":[{"data":"HollowMod:VoidDash","floor":8,"key":"SMITH"},{"data":"HollowMod:Weaversong","floor":15,"key":"SMITH"},{"floor":23,"key":"RECALL"},{"data":"HollowMod:FocusHealStart","floor":27,"key":"SMITH"},{"data":"HollowMod:ShadowDash","floor":32,"key":"SMITH"},{"data":"HollowMod:PogoStrike","floor":40,"key":"SMITH"},{"data":"HollowMod:SiblingsShadow","floor":44,"key":"SMITH"},{"data":"HollowMod:SharpenedShadows","floor":49,"key":"SMITH"},{"data":"HollowMod:ShadowDash","floor":52,"key":"SMITH"}],"circlet_count":0,"master_deck":["AscendersBane","HollowMod:QuickDashStart","HollowMod:FocusHealStart+1","HollowMod:PogoStrike+1","HollowMod:VengefulVoid","HollowMod:CycloneSlash+1","HollowMod:VengefulVoid","HollowMod:VoidDash+1","HollowMod:DescendingDark+1","HollowMod:Weaversong+1","HollowMod:CloakDash","HollowMod:DungDefenderAura","HollowMod:CloakDash","HollowMod:AbyssShriek+1","HollowMod:SiblingsShadow+1","HollowMod:ShadowDash+1","HollowMod:SoulMaster","HollowMod:PerfectDash","HollowMod:ShadowDash+1","HollowMod:VengefulVoid","HollowMod:SharpenedShadows+1","HollowMod:SiblingsSouls+1"],"relics":["HollowMod:VesselMask","Membership Card","Vajra","Oddly Smooth Stone","Coffee Dripper","Mummified Hand","Potion Belt","HornCleat","Sundial","Black Star","OrangePellets","Ancient Tea Set","Shuriken","Kunai","HollowMod:LifeEnderRelic","Tiny House","Red Mask","Omamori","Eternal Feather","Oddly Smooth Stone","Medical Kit","Mercury Hourglass","HollowMod:DelicateFlower"],"acts_visited":["Exordium","TheCity","TheBeyond","TheEnding"],"potions_floor_usage":[55,55,55,55],"damage_taken":[{"damage":0,"enemies":"Small Slimes","floor":1,"turns":3},{"damage":0,"enemies":"2 Louse","floor":2,"turns":2},{"damage":0,"enemies":"Cultist","floor":5,"turns":2},{"damage":33,"enemies":"3 Sentries","floor":6,"turns":6},{"damage":0,"enemies":"3 Louse","floor":10,"turns":2},{"damage":6,"enemies":"Red Slaver","floor":11,"turns":2},{"damage":0,"enemies":"2 Fungi Beasts","floor":13,"turns":2},{"damage":0,"enemies":"Blue Slaver","floor":14,"turns":2},{"damage":11,"enemies":"The Guardian","floor":16,"turns":7},{"damage":0,"enemies":"Chosen","floor":18,"turns":2},{"damage":4,"enemies":"Shell Parasite","floor":20,"turns":3},{"damage":3,"enemies":"Snecko","floor":22,"turns":5},{"damage":0,"enemies":"Snake Plant","floor":24,"turns":2},{"damage":2,"enemies":"Cultist and Chosen","floor":28,"turns":3},{"damage":0,"enemies":"Book of Stabbing","floor":29,"turns":3},{"damage":0,"enemies":"Sentry and Sphere","floor":31,"turns":3},{"damage":10,"enemies":"Collector","floor":33,"turns":6},{"damage":4,"enemies":"3 Darklings","floor":35,"turns":3},{"damage":15,"enemies":"3 Shapes","floor":36,"turns":2},{"damage":70,"enemies":"Nemesis","floor":41,"turns":7},{"damage":4,"enemies":"3 Darklings","floor":42,"turns":2},{"damage":0,"enemies":"Jaw Worm Horde","floor":45,"turns":2},{"damage":11,"enemies":"Spire Growth","floor":46,"turns":4},{"damage":0,"enemies":"3 Darklings","floor":47,"turns":2},{"damage":66,"enemies":"Time Eater","floor":50,"turns":11},{"damage":20,"enemies":"Shield and Spear","floor":54,"turns":4},{"damage":109,"enemies":"The Heart","floor":55,"turns":5}],"seed_played":"-6403669354299696014","potions_obtained":[{"floor":11,"key":"Explosive Potion"},{"floor":14,"key":"FearPotion"},{"floor":16,"key":"LiquidMemories"},{"floor":18,"key":"LiquidMemories"},{"floor":22,"key":"Regen Potion"},{"floor":34,"key":"CultistPotion"}],"is_trial":false,"path_per_floor":["M","M","$","?","M","E","$","R","T","M","M","?","M","M","R","B",null,"M","?","M","$","M","R","M","?","T","R","M","E","?","M","R","B",null,"M","M","?","?","$","R","E","M","T","R","M","M","M","?","R","B",null,"R","$","E","B"],"character_chosen":"THE_BUGKNIGHT","items_purchased":["Mummified Hand","Potion Belt","HollowMod:CycloneSlash","HollowMod:VoidDash","OrangePellets","Oddly Smooth Stone","Medical Kit"],"campfire_rested":0,"item_purchase_floors":[3,3,3,7,21,53,53],"current_hp_per_floor":[60,60,60,53,53,26,26,26,26,26,20,20,26,26,26,15,60,60,60,56,56,53,53,53,32,32,32,36,36,36,42,42,44,76,78,69,69,69,69,69,11,13,13,25,25,20,20,81,81,25,67,79,79,61,0,0],"gold":213,"neow_bonus":"TWO_FIFTY_GOLD","is_daily":false,"chose_seed":false,"campfire_upgraded":8,"win_rate":0.0,"timestamp":1608960116,"path_taken":["M","M","$","?","M","E","$","R","T","M","M","?","?","M","R","BOSS","M","?","?","$","M","R","M","?","T","R","M","E","?","M","R","BOSS","M","M","?","?","?","R","E","M","T","R","?","M","M","?","R","BOSS","R","$","E","BOSS"],"items_purchased_type":["Relic","Relic","Card","Card","Relic","Relic","Relic"],"build_version":"2020-12-22","purchased_purges":5,"victory":false,"max_hp_per_floor":[75,75,75,75,75,75,75,75,75,75,75,75,75,75,75,75,75,75,75,75,75,75,75,75,80,80,80,80,80,80,80,80,80,85,85,85,81,81,81,81,81,81,81,81,81,81,81,81,81,81,81,81,81,81,81,81],"relic_stats":{"OrangePellets":[3],"counters":[27,97],"Mummified Hand":[40],"Sundial":[18],"Shuriken":[19],"Eternal Feather":24,"Black Star":3,"Kunai":[19],"Medical Kit":[1],"obtain_stats":[{"Potion Belt":3,"HollowMod:LifeEnderRelic":30,"Tiny House":34,"Vajra":0,"Oddly Smooth Stone":0,"HollowMod:VesselMask":0,"Eternal Feather":41,"Omamori":41,"Ancient Tea Set":26,"Medical Kit":53,"HollowMod:DelicateFlower":54,"Mercury Hourglass":54,"OrangePellets":21,"HornCleat":6,"Mummified Hand":3,"Sundial":9,"Shuriken":29,"Coffee Dripper":0,"Black Star":17,"Red Mask":38,"Membership Card":0,"Kunai":29},{"Potion Belt":2,"HollowMod:LifeEnderRelic":15,"Tiny House":17,"Vajra":0,"Oddly Smooth Stone":0,"HollowMod:VesselMask":0,"Eternal Feather":20,"Omamori":20,"Ancient Tea Set":13,"Medical Kit":25,"HollowMod:DelicateFlower":26,"Mercury Hourglass":26,"OrangePellets":11,"HornCleat":4,"Mummified Hand":2,"Sundial":4,"Shuriken":15,"Coffee Dripper":0,"Black Star":9,"Red Mask":19,"Membership Card":0,"Kunai":15},{"Potion Belt":5,"HollowMod:LifeEnderRelic":46,"Tiny House":55,"Vajra":0,"Oddly Smooth Stone":0,"HollowMod:VesselMask":0,"Eternal Feather":67,"Omamori":67,"Ancient Tea Set":40,"Medical Kit":88,"HollowMod:DelicateFlower":92,"Mercury Hourglass":92,"OrangePellets":33,"HornCleat":13,"Mummified Hand":5,"Sundial":13,"Shuriken":46,"Coffee Dripper":0,"Black Star":28,"Red Mask":60,"Membership Card":0,"Kunai":46}],"Mercury Hourglass":[15]},"card_choices":[{"not_picked":["HollowMod:SharpenedNail","HollowMod:DoubleDash"],"picked":"HollowMod:VengefulVoid","floor":1},{"not_picked":["HollowMod:SoulStrike","HollowMod:LifebloodCocoon","HollowMod:SoulEater"],"picked":"SKIP","floor":2},{"not_picked":["HollowMod:InfectedAttack","HollowMod:SoulStrike"],"picked":"HollowMod:VengefulVoid","floor":5},{"not_picked":["HollowMod:InfectedCysts","HollowMod:VengefulSpirit","HollowMod:NewJinnsSoul"],"picked":"SKIP","floor":6},{"not_picked":["HollowMod:SoulVessel","HollowMod:ChannelNail"],"picked":"HollowMod:DescendingDark","floor":10},{"not_picked":["HollowMod:LifebloodCocoon","HollowMod:SharpenedNail","HollowMod:MidwifesHunger"],"picked":"SKIP","floor":11},{"not_picked":["HollowMod:GoodIntentions","HollowMod:CrystalDash","HollowMod:NewLittleFool"],"picked":"SKIP","floor":13},{"not_picked":["HollowMod:GoodIntentions","HollowMod:NewLittleFool"],"picked":"HollowMod:Weaversong","floor":14},{"not_picked":["HollowMod:LuriensSpire","HollowMod:DesolateDive"],"picked":"HollowMod:CloakDash","floor":18},{"not_picked":["HollowMod:CycloneSlash","HollowMod:SoulStrike+1"],"picked":"HollowMod:CloakDash","floor":20},{"not_picked":["HollowMod:SiblingsSouls","HollowMod:VengefulSpirit"],"picked":"HollowMod:AbyssShriek+1","floor":22},{"not_picked":["HollowMod:DoubleDash+1","HollowMod:SoulEater"],"picked":"HollowMod:SiblingsShadow","floor":24},{"not_picked":["HollowMod:MonarchWings+1","HollowMod:InfectedCysts"],"picked":"HollowMod:ShadowDash","floor":28},{"not_picked":["HollowMod:TaintedHusks","HollowMod:HeavyBlow"],"picked":"HollowMod:SoulMaster","floor":29},{"not_picked":["HollowMod:SoulEater","HollowMod:InfectedCysts"],"picked":"HollowMod:PerfectDash","floor":31},{"not_picked":["HollowMod:CycloneSlash","HollowMod:MonomonsArchive+1"],"picked":"HollowMod:ShadowDash","floor":35},{"not_picked":["HollowMod:InfectedCysts","HollowMod:SoulSplash"],"picked":"HollowMod:VengefulVoid","floor":36},{"not_picked":["HollowMod:HowlingWraiths","HollowMod:SoulVessel","HollowMod:HeavyBlow+1"],"picked":"SKIP","floor":41},{"not_picked":["HollowMod:ShadowDash","HollowMod:BrokenVessel","HollowMod:CycloneSlash+1"],"picked":"SKIP","floor":42},{"not_picked":["HollowMod:ShapeofUnn","HollowMod:CycloneSlash+1"],"picked":"HollowMod:SharpenedShadows","floor":45},{"not_picked":["HollowMod:GoodIntentions","HollowMod:LifebloodCocoon","HollowMod:NewLittleFool+1"],"picked":"SKIP","floor":46},{"not_picked":["HollowMod:GoodIntentions","HollowMod:LifebloodCocoon","HollowMod:NewLittleFool+1"],"picked":"SKIP","floor":46},{"not_picked":["HollowMod:HowlingWraiths","HollowMod:InfectedAttack","HollowMod:NewLittleFool"],"picked":"SKIP","floor":47},{"not_picked":["HollowMod:AbyssShriek","HollowMod:FastStrike"],"picked":"HollowMod:SiblingsSouls+1","floor":54}],"player_experience":556503,"relics_obtained":[{"floor":6,"key":"HornCleat"},{"floor":9,"key":"Sundial"},{"floor":26,"key":"Ancient Tea Set"},{"floor":29,"key":"Shuriken"},{"floor":29,"key":"Kunai"},{"floor":41,"key":"Omamori"},{"floor":41,"key":"Eternal Feather"},{"floor":54,"key":"Mercury Hourglass"},{"floor":54,"key":"HollowMod:DelicateFlower"}],"event_choices":[{"cards_removed":["HollowMod:QuickDashStart"],"damage_healed":0,"gold_gain":0,"player_choice":"Card Removal","damage_taken":7,"max_hp_gain":0,"max_hp_loss":0,"event_name":"Golden Wing","floor":4,"gold_loss":0},{"damage_healed":0,"gold_gain":0,"player_choice":"Upgraded","damage_taken":0,"max_hp_gain":0,"max_hp_loss":0,"event_name":"Upgrade Shrine","floor":12,"gold_loss":0,"cards_upgraded":["HollowMod:CycloneSlash"]},{"damage_healed":0,"gold_gain":0,"cards_transformed":["HollowMod:QuickDashStart"],"player_choice":"Transformed","damage_taken":0,"max_hp_gain":0,"max_hp_loss":0,"event_name":"Transmorgrifier","floor":19,"gold_loss":0,"cards_obtained":["HollowMod:DungDefenderAura"]},{"damage_healed":0,"gold_gain":0,"player_choice":"Shed Blood","damage_taken":26,"max_hp_gain":5,"max_hp_loss":0,"event_name":"Forgotten Altar","floor":25,"gold_loss":0},{"damage_healed":0,"gold_gain":0,"player_choice":"Max HP","damage_taken":0,"max_hp_gain":0,"max_hp_loss":4,"event_name":"Winding Halls","floor":37,"gold_loss":0},{"damage_healed":0,"gold_gain":0,"player_choice":"Paid","damage_taken":0,"relics_obtained":["Red Mask"],"max_hp_gain":0,"max_hp_loss":0,"event_name":"Tomb of Lord Red Mask","floor":38,"gold_loss":155},{"damage_healed":61,"gold_gain":0,"player_choice":"Heal","damage_taken":0,"max_hp_gain":0,"max_hp_loss":0,"event_name":"MindBloom","floor":48,"gold_loss":0,"cards_obtained":["Doubt"]}],"is_beta":false,"boss_relics":[{"not_picked":["Calling Bell","Pandora\u0027s Box"],"picked":"Black Star"},{"not_picked":["SlaversCollar","Cursed Key"],"picked":"Tiny House"}],"items_purged_floors":[3,7,21,39,53],"is_endless":false,"potions_floor_spawned":[11,14,16,18,22,29,35,46],"killed_by":"The Heart","ascension_level":16}}