{"host":"kw4o7b3ro2ktmmbe","time":1608977924,"event":{"mods":["BaseMod","Evolution","Fireblade Mod","Minty Spire (QoL Compilation)","StSLib","Treasure Hunter"],"gold_per_floor":[118,131,131,147,147,147,164,183,251,266,281,310,328,328,328,424,424,442,442,458,487,502,502,77,77,100,100,113,113,113],"floor_reached":29,"playtime":2403,"items_purged":[],"score":255,"play_id":"80e1d133-6172-46a9-937d-d83b2f59c6b4","local_time":"20201226231844","is_ascension_mode":true,"campfire_choices":[{"data":"FireBladeMod:ThirstForBlood","floor":6.0,"key":"SMITH"},{"data":"FireBladeMod:SoulSword","floor":15.0,"key":"SMITH"},{"data":"FireBladeMod:BattleMage","floor":23,"key":"SMITH"},{"data":"FireBladeMod:ThirstForBlood","floor":25,"key":"SMITH"}],"circlet_count":0,"master_deck":["FireBladeMod:StrikeFireBlade","FireBladeMod:StrikeFireBlade","FireBladeMod:StrikeFireBlade","FireBladeMod:DefendFireBlade","FireBladeMod:DefendFireBlade","FireBladeMod:DefendFireBlade","FireBladeMod:DefendFireBlade","FireBladeMod:FlamingSword","FireBladeMod:FireBarrier","FireBladeMod:ThirstForBlood+1","FireBladeMod:Refreshment","FireBladeMod:SoulSword+1","FireBladeMod:ScorchingCleave","FireBladeMod:SmokeInTheEyes","FireBladeMod:ThirstForBlood+1","TH:CopperCoins","FireBladeMod:ThirdDegree","FireBladeMod:GetPumped","FireBladeMod:Blitzkreig","FireBladeMod:QuickJabs","FireBladeMod:Improvise","TH:TreasureMap","FireBladeMod:BattleMage+1","FireBladeMod:SteadyEndurance+1","FireBladeMod:ScorchingStrike+1","FireBladeMod:Tempo","FireBladeMod:Accelerant+1","FireBladeMod:SteadyEndurance+1","TH:TreasureMap","FireBladeMod:RapidHits"],"relics":["FireBladeMod:DuelistLocket","EVO:Axolotl","HornCleat","Odd Mushroom","Coffee Dripper","FaceOfCleric","Red Mask","Toxic Egg 2","Bag of Marbles","Dream Catcher"],"acts_visited":["Exordium","TheCity"],"potions_floor_usage":[20,21,29],"damage_taken":[{"damage":1.0,"enemies":"Cultist","floor":1.0,"turns":3.0},{"damage":6.0,"enemies":"Jaw Worm","floor":2.0,"turns":4.0},{"damage":1.0,"enemies":"2 Louse","floor":4.0,"turns":3.0},{"damage":0.0,"enemies":"Gremlin Gang","floor":7.0,"turns":1.0},{"damage":8.0,"enemies":"Blue Slaver","floor":8.0,"turns":4.0},{"damage":0.0,"enemies":"2 Fungi Beasts","floor":10.0,"turns":3.0},{"damage":6.0,"enemies":"3 Louse","floor":11.0,"turns":3.0},{"damage":0.0,"enemies":"The Mushroom Lair","floor":12.0,"turns":3.0},{"damage":5.0,"enemies":"Gremlin Gang","floor":13.0,"turns":4.0},{"damage":19.0,"enemies":"Hexaghost","floor":16.0,"turns":9.0},{"damage":31.0,"enemies":"2 Thieves","floor":18.0,"turns":4.0},{"damage":7,"enemies":"3 Byrds","floor":20,"turns":6},{"damage":43,"enemies":"Masked Bandits","floor":21,"turns":5},{"damage":4,"enemies":"Snecko","floor":22,"turns":6},{"damage":2,"enemies":"Centurion and Healer","floor":28,"turns":5},{"damage":7,"enemies":"Snake Plant","floor":29,"turns":1}],"seed_played":"3880441210063907813","potions_obtained":[{"floor":1.0,"key":"AttackPotion"},{"floor":4.0,"key":"Ancient Potion"},{"floor":8.0,"key":"Strength Potion"},{"floor":13.0,"key":"Energy Potion"},{"floor":18,"key":"ColorlessPotion"},{"floor":21,"key":"Weak Potion"}],"is_trial":false,"path_per_floor":["M","M","?","M","?","R","M","M","T","M","M","?","M","?","R","B",null,"M","?","M","?","M","R","$","R","T","$","M","M"],"character_chosen":"THE_FIREBLADE","items_purchased":["Toxic Egg 2","Bag of Marbles","FireBladeMod:SteadyEndurance+1"],"campfire_rested":0,"item_purchase_floors":[24,24,24],"current_hp_per_floor":[76,70,75,74,74,74,74,66,66,66,60,60,55,55,55,36,82,51,51,47,7,4,4,4,4,4,4,3,0,0],"gold":113,"neow_bonus":"TEN_PERCENT_HP_BONUS","is_daily":false,"chose_seed":false,"campfire_upgraded":4,"win_rate":0.0,"timestamp":1608977924,"path_taken":["M","?","?","M","?","R","?","M","T","M","M","?","M","?","R","BOSS","M","?","?","?","M","R","?","R","T","$","M","M"],"items_purchased_type":["Relic","Relic","Card"],"build_version":"2020-12-22","purchased_purges":0,"victory":false,"max_hp_per_floor":[77,77,82,82,82,82,82,82,82,82,82,82,82,82,82,82,82,82,82,83,84,85,85,85,85,85,85,86,86,86],"card_choices":[{"not_picked":["FireBladeMod:SmokySwing","FireBladeMod:SpiritEndurance"],"picked":"FireBladeMod:ThirstForBlood","floor":1.0},{"not_picked":["FireBladeMod:Flames","FireBladeMod:Robust"],"picked":"FireBladeMod:Refreshment","floor":2.0},{"not_picked":["FireBladeMod:SmashingEndurance","FireBladeMod:ScorchingStrike"],"picked":"FireBladeMod:SoulSword","floor":4.0},{"not_picked":["FireBladeMod:Reposition","FireBladeMod:ScorchingStrike"],"picked":"FireBladeMod:SmokeInTheEyes","floor":7.0},{"not_picked":["FireBladeMod:Robust","FireBladeMod:WellPrepared"],"picked":"FireBladeMod:ThirstForBlood","floor":8.0},{"not_picked":["TH:DeckOfManyThings"],"picked":"TH:CopperCoins","floor":9.0},{"not_picked":["FireBladeMod:StunningBlow","FireBladeMod:StingingSlash"],"picked":"FireBladeMod:ThirdDegree","floor":10.0},{"not_picked":["FireBladeMod:Reposition","FireBladeMod:ComboSlashes"],"picked":"FireBladeMod:GetPumped","floor":11.0},{"not_picked":["FireBladeMod:ScorchingStrike","FireBladeMod:Shove"],"picked":"FireBladeMod:Blitzkreig","floor":12.0},{"not_picked":["FireBladeMod:BackhandSwing","FireBladeMod:StingingSlash"],"picked":"FireBladeMod:QuickJabs","floor":13.0},{"not_picked":["TH:ElvenBoots"],"picked":"TH:TreasureMap","floor":16.0},{"not_picked":["FireBladeMod:GlassGreatsword","FireBladeMod:LearnTells"],"picked":"FireBladeMod:BattleMage","floor":16.0},{"not_picked":["FireBladeMod:QuickJabs+1","FireBladeMod:ComplexDefense"],"picked":"FireBladeMod:SteadyEndurance+1","floor":18},{"not_picked":["FireBladeMod:BackhandSwing+1","FireBladeMod:ScorchingCleave"],"picked":"FireBladeMod:ScorchingStrike+1","floor":20},{"not_picked":["FireBladeMod:Robust","FireBladeMod:ArmSmash"],"picked":"FireBladeMod:Tempo","floor":21},{"not_picked":["FireBladeMod:BasicSmash","FireBladeMod:Robust+1"],"picked":"FireBladeMod:Accelerant+1","floor":22},{"not_picked":["TH:Mimic"],"picked":"TH:TreasureMap","floor":26},{"not_picked":["FireBladeMod:IronEndurance+1","FireBladeMod:SpiritEndurance+1"],"picked":"FireBladeMod:RapidHits","floor":28}],"player_experience":1799473,"relics_obtained":[{"floor":9.0,"key":"HornCleat"},{"floor":12.0,"key":"Odd Mushroom"},{"floor":21,"key":"Red Mask"},{"floor":26,"key":"Dream Catcher"}],"event_choices":[{"damage_healed":0.0,"max_hp_gain":5.0,"max_hp_loss":0.0,"gold_gain":0.0,"event_name":"Big Fish","player_choice":"Donut","floor":3.0,"gold_loss":0.0,"damage_taken":0.0},{"damage_healed":0.0,"max_hp_gain":0.0,"max_hp_loss":0.0,"gold_gain":0.0,"event_name":"Match and Keep!","player_choice":"1 cards matched","floor":5.0,"gold_loss":0.0,"damage_taken":0.0,"cards_obtained":["FireBladeMod:ScorchingCleave"]},{"damage_healed":0.0,"max_hp_gain":0.0,"max_hp_loss":0.0,"gold_gain":0.0,"event_name":"Mushrooms","player_choice":"Fought Mushrooms","floor":12.0,"gold_loss":0.0,"damage_taken":0.0},{"damage_healed":0.0,"max_hp_gain":0.0,"max_hp_loss":0.0,"gold_gain":0.0,"cards_transformed":["FireBladeMod:StrikeFireBlade"],"event_name":"Living Wall","player_choice":"Change","floor":14.0,"gold_loss":0.0,"damage_taken":0.0,"cards_obtained":["FireBladeMod:Improvise"]},{"damage_healed":0,"gold_gain":0,"player_choice":"Trade","damage_taken":0,"relics_obtained":["FaceOfCleric"],"max_hp_gain":0,"max_hp_loss":0,"event_name":"FaceTrader","floor":19,"gold_loss":0},{"damage_healed":0,"gold_gain":0,"player_choice":"Fought Bandits","damage_taken":0,"max_hp_gain":0,"max_hp_loss":0,"event_name":"Masked Bandits","floor":21,"gold_loss":0}],"is_beta":false,"boss_relics":[{"not_picked":["Black Star","Ectoplasm"],"picked":"Coffee Dripper"}],"items_purged_floors":[],"is_endless":false,"potions_floor_spawned":[1,4,8,13,18,21],"killed_by":"Snake Plant","ascension_level":1}}