{"host":"ba8fi0vd2808q8ml","time":1608984218,"event":{"mods":["2.2 Compatiblity","AchievementEnabler","BaseMod","Hermit","Lobotomy","LobotomyExtend","Marisa£¨Ùöéë¡¡Øª×âÞÞ£©","Minty Spire (QoL Compilation)","StSLib","SuperFastMode","Td1madao Mod","The Bug Knight","The Cursed","The Servant 0.9.4"],"gold_per_floor":[212,225,8,28,28,28,28,28,108,136,150,169,183,195,195,299,299,319,337,351,364,364,399,324,324,324],"floor_reached":25,"playtime":2693,"items_purged":[],"score":265,"play_id":"8b92569f-9c20-4395-829b-953fa8d6fffe","local_time":"20201226210338","is_ascension_mode":true,"campfire_choices":[],"circlet_count":0,"master_deck":["SpecialBullet","SpecialBullet","SpecialBullet","SpecialBullet","SpecialBullet","SpecialBullet","SpecialBullet","SpecialBullet","ExtractionCode","InformationCode","TrainingCode","Logging+1","RedEyes","LifeForTheDareDevil","GoldRush+1","Hypocrisy","Woodsman","Ecstasy","CrumblingArmor","BearPaw","GrinderMk4","QueenOfHatred","Twilight","GreedKing","Yin","Wingbeat","Diffraction+1","FieryBird","Amita+1"],"relics":["CogitoBucket","RabbitCall","Mercury Hourglass","Whetstone","HellTrain","SlaversCollar","ChangeAnything","Yang_Lob","Toy Ornithopter"],"acts_visited":["Exordium","TheCity"],"potions_floor_usage":[14,18,18,25,25],"damage_taken":[{"damage":6,"enemies":"Cultist","floor":1,"turns":3},{"damage":18,"enemies":"Jaw Worm","floor":2,"turns":3},{"damage":6,"enemies":"Small Slimes","floor":4,"turns":2},{"damage":0,"enemies":"3 Louse","floor":8,"turns":2},{"damage":6,"enemies":"3 Sentries","floor":10,"turns":3},{"damage":39,"enemies":"Lots of Slimes","floor":11,"turns":4},{"damage":0,"enemies":"Exordium Wildlife","floor":12,"turns":1},{"damage":1,"enemies":"Blue Slaver","floor":13,"turns":2},{"damage":0,"enemies":"Lots of Slimes","floor":14,"turns":2},{"damage":64,"enemies":"The Guardian","floor":16,"turns":5},{"damage":30,"enemies":"Shell Parasite","floor":18,"turns":4},{"damage":4,"enemies":"2 Thieves","floor":19,"turns":2},{"damage":2,"enemies":"Centurion and Healer","floor":20,"turns":3},{"damage":1,"enemies":"Chosen and Byrds","floor":21,"turns":3},{"damage":1,"enemies":"HollowMod:Nosk","floor":23,"turns":3},{"damage":106,"enemies":"3 Cultists","floor":25,"turns":3}],"seed_played":"-944292297242321570","potions_obtained":[{"floor":12,"key":"LiquidMemories"},{"floor":13,"key":"Regen Potion"},{"floor":14,"key":"Fruit Juice"},{"floor":16,"key":"SteroidPotion"},{"floor":20,"key":"Energy Potion"},{"floor":21,"key":"AttackPotion"}],"is_trial":false,"path_per_floor":["M","M","$","M","$","R","$","M","T","E","M","M","M","M","R","B",null,"M","M","M","M","?","E","?","M"],"character_chosen":"Angela","items_purchased":["LifeForTheDareDevil","GoldRush"],"campfire_rested":0,"item_purchase_floors":[3,3],"current_hp_per_floor":[64,46,46,40,40,40,40,40,40,52,19,31,36,71,71,20,75,76,83,87,87,87,91,91,0,0],"gold":324,"neow_bonus":"HUNDRED_GOLD","is_daily":false,"chose_seed":false,"campfire_upgraded":0,"win_rate":0.0,"timestamp":1608984218,"path_taken":["M","M","$","?","?","R","$","M","T","E","M","M","M","M","R","BOSS","M","?","M","M","?","E","?","M"],"items_purchased_type":["Card","Card"],"build_version":"2020-12-22","purchased_purges":0,"victory":false,"max_hp_per_floor":[70,70,70,70,70,70,70,70,70,70,70,70,70,75,75,75,75,79,83,87,87,87,91,91,91,91],"card_choices":[{"not_picked":["Regret_ego"],"picked":"Logging","floor":1},{"not_picked":["Beak"],"picked":"RedEyes","floor":1},{"not_picked":["Lantern","FourthMatchFlame"],"picked":"SKIP","floor":2},{"not_picked":["Regret_ego","TodaysExpression"],"picked":"SKIP","floor":2},{"not_picked":["FeatherOfHonor"],"picked":"Hypocrisy","floor":4},{"not_picked":["LifeForTheDareDevil","Soda"],"picked":"SKIP","floor":4},{"not_picked":["MHz","LittleHelper","Wellcheers"],"picked":"Singing Bowl","floor":8},{"not_picked":["CherryBlossoms","SnowQueen"],"picked":"Woodsman","floor":8},{"not_picked":["Horn","Penitence"],"picked":"Ecstasy","floor":8},{"not_picked":["Scorched","LongBird"],"picked":"CrumblingArmor","floor":10},{"not_picked":["RapturousDream","Pleasure"],"picked":"BearPaw","floor":10},{"not_picked":["Beak","Logging"],"picked":"GrinderMk4","floor":11},{"not_picked":["Wellcheers","BlackSwan","SingingMachine"],"picked":"Singing Bowl","floor":12},{"not_picked":["FairyFestival","Bloodbath"],"picked":"QueenOfHatred","floor":12},{"not_picked":["Soda","Wingbeat","Lamp"],"picked":"SKIP","floor":12},{"not_picked":["Harmony","CrimsonScar","Moonlight"],"picked":"SKIP","floor":13},{"not_picked":["Regret_ego","FrostShard","Wingbeat"],"picked":"SKIP","floor":14},{"not_picked":["SoundOfStar","GoldRush"],"picked":"Twilight","floor":16},{"not_picked":["BeautyBeast","SpiderBud"],"picked":"GreedKing","floor":18},{"not_picked":["Lantern+1","SomewhereSpear","Wingbeat+1"],"picked":"SKIP","floor":18},{"not_picked":["WallGazer","PunishingBird","BlackSwan"],"picked":"Singing Bowl","floor":19},{"not_picked":["HeroicMonk","BigBadWolf"],"picked":"NakedNest","floor":19},{"not_picked":["BlackSwan_ego","Tough","Laetitia_ego"],"picked":"SKIP","floor":19},{"not_picked":["BlackSwan_ego","Tough","Laetitia_ego"],"picked":"SKIP","floor":19},{"not_picked":["GalaxyChild","Murderer","Scorched"],"picked":"Singing Bowl","floor":20},{"not_picked":["PunishingBird","UniverseFragment"],"picked":"Yin","floor":20},{"not_picked":["Reverberation","CherryBlossom"],"picked":"Wingbeat","floor":20},{"not_picked":["Lantern","Pleasure"],"picked":"Diffraction+1","floor":21},{"not_picked":["LongBird","OldLady"],"picked":"FieryBird","floor":23},{"not_picked":["Horn","Wingbeat"],"picked":"Amita+1","floor":23}],"player_experience":51244,"relics_obtained":[{"floor":9,"key":"Mercury Hourglass"},{"floor":10,"key":"Whetstone"},{"floor":23,"key":"Toy Ornithopter"}],"event_choices":[{"damage_healed":0,"gold_gain":0,"player_choice":"Ignored","damage_taken":0,"max_hp_gain":0,"max_hp_loss":0,"event_name":"Vampires","floor":22,"gold_loss":0},{"cards_removed":["NakedNest"],"damage_healed":0,"gold_gain":0,"player_choice":"Gave Gold","damage_taken":0,"max_hp_gain":0,"max_hp_loss":0,"event_name":"Beggar","floor":24,"gold_loss":75}],"is_beta":false,"boss_relics":[{"not_picked":["Astrolabe","Fusion Hammer"],"picked":"SlaversCollar"}],"items_purged_floors":[],"is_endless":false,"potions_floor_spawned":[12,13,14,16,20,21],"killed_by":"3 Cultists","ascension_level":1}}