{"host":"0mywbdtsrkvoq3rn","time":1608980363,"event":{"mods":["BaseMod","Minty Spire (QoL Compilation)","Relic Stats","Replay The Spire","Shop Mod","Spicy Shops","StSLib","¡¾ÒÅÎï¿¨ÅÆ¡¿REMEMod"],"gold_per_floor":[116,134,134,11,31,57,72,99,149,161,200,231,243,255,267,381,393,424,42,55,75,75,75],"floor_reached":22,"playtime":1053,"items_purged":["Pain","Hallucinations"],"score":242,"play_id":"910254c3-adf8-4650-af9b-fa7745626d77","local_time":"20201226185923","is_ascension_mode":true,"campfire_choices":[{"floor":15,"key":"DIG"}],"circlet_count":0,"master_deck":["Strike_B","Strike_B","Strike_B","Strike_B","Defend_B","Defend_B","Defend_B","Defend_B","Zap","Dualcast","Electrodynamics","CurseOfTheBell","White Noise","Swift Strike","Gash","ReplayTheSpireMod:Calculation Training","Heatsinks","Echo Form","Zap","FIFO Queue","Buffer","Writhe","Specialist","CommonCold","Lockon"],"relics":["REME_ComplimentaryCards","CaptainsWheel","Anchor","Snack Pack","ReplayTheSpireMod:Ring of Exchange","ReplayTheSpireMod:Ring of Collecting","Pantograph","Ornamental Fan","Ring of Greed","The Courier","MealTicket","Nunchaku","Spirit Poop","FossilizedHelix","Busted Crown","Fusion Hammer","Inserter","Black Star","ReplayTheSpireMod:TigerMarble","MerchantsRug","Cables"],"acts_visited":["Exordium","TheCity"],"potions_floor_usage":[22],"damage_taken":[{"damage":7.0,"enemies":"Small Slimes","floor":1.0,"turns":3.0},{"damage":1.0,"enemies":"2 Louse","floor":2.0,"turns":2.0},{"damage":1.0,"enemies":"Cultist","floor":5.0,"turns":4.0},{"damage":0.0,"enemies":"Replay:BlueRogue","floor":6.0,"turns":5.0},{"damage":2.0,"enemies":"Blue Slaver","floor":7.0,"turns":3.0},{"damage":13.0,"enemies":"Gremlin Nob","floor":8.0,"turns":4.0},{"damage":18,"enemies":"3 Sentries","floor":11,"turns":3},{"damage":4,"enemies":"3 Louse","floor":12,"turns":2},{"damage":3,"enemies":"Fading Forest","floor":16,"turns":11},{"damage":46,"enemies":"3 Byrds","floor":18,"turns":5},{"damage":20,"enemies":"Shell Parasite","floor":20,"turns":7},{"damage":12,"enemies":"3 Cultists","floor":21,"turns":3},{"damage":14,"enemies":"Snake Plant","floor":22,"turns":2}],"seed_played":"8315527606067947671","potions_obtained":[{"floor":8.0,"key":"Block Potion"},{"floor":11,"key":"AttackPotion"},{"floor":16,"key":"Energy Potion"},{"floor":20,"key":"Explosive Potion"}],"is_trial":false,"path_per_floor":["M","M","?","$","M","E","M","E","T","?","E","M","?","?","R","B",null,"M","$","M","M","M"],"character_chosen":"DEFECT","items_purchased":["Swift Strike","ReplayTheSpireMod:TigerMarble","Specialist","MerchantsRug","Cables"],"campfire_rested":0,"item_purchase_floors":[4,19,19,19,19],"current_hp_per_floor":[68,67,67,67,66,68,66,55,55,55,37,33,26,26,26,74,75,29,44,24,12,0,0],"gold":75,"neow_bonus":"BOSS_RELIC","is_daily":false,"chose_seed":false,"campfire_upgraded":0,"win_rate":0.0,"timestamp":1608980363,"path_taken":["M","M","?","$","M","E","M","E","T","?","E","?","?","?","R","BOSS","M","$","M","M","?"],"items_purchased_type":["Card","Relic","Card","Relic","Relic"],"build_version":"2020-12-22","purchased_purges":2,"victory":false,"max_hp_per_floor":[75,75,75,75,75,75,75,75,75,75,75,75,75,75,75,75,75,75,75,75,75,75,75],"relic_stats":{"Nunchaku":[4],"Busted Crown":6,"Inserter":[8],"counters":[13,54],"Ornamental Fan":[20],"Pantograph":25,"MealTicket":15,"Black Star":0,"obtain_stats":[{"ReplayTheSpireMod:Ring of Exchange":3,"Spirit Poop":14,"Nunchaku":11,"Pantograph":6,"MealTicket":9,"Fusion Hammer":17,"Cracked Core":0,"MerchantsRug":19,"Inserter":17,"Replay:Grab Bag":17,"The Courier":9,"Ring of Greed":9,"MawBank":9,"Cables":19,"Calling Bell":0,"CaptainsWheel":0,"Anchor":0,"Busted Crown":17,"Ornamental Fan":8,"ReplayTheSpireMod:Ring of Collecting":3,"Snack Pack":0,"Black Star":17,"ReplayTheSpireMod:TigerMarble":19,"FossilizedHelix":15,"REME_ComplimentaryCards":0},{"ReplayTheSpireMod:Ring of Exchange":2,"Spirit Poop":8,"Nunchaku":7,"Pantograph":4,"MealTicket":6,"Fusion Hammer":9,"Cracked Core":0,"MerchantsRug":10,"Inserter":9,"Replay:Grab Bag":9,"The Courier":6,"Ring of Greed":6,"MawBank":6,"Cables":10,"Calling Bell":0,"CaptainsWheel":0,"Anchor":0,"Busted Crown":9,"Ornamental Fan":6,"ReplayTheSpireMod:Ring of Collecting":2,"Snack Pack":0,"Black Star":9,"ReplayTheSpireMod:TigerMarble":10,"FossilizedHelix":8,"REME_ComplimentaryCards":0},{"ReplayTheSpireMod:Ring of Exchange":5,"Spirit Poop":26,"Nunchaku":24,"Pantograph":14,"MealTicket":21,"Fusion Hammer":37,"Cracked Core":0,"MerchantsRug":42,"Inserter":37,"Replay:Grab Bag":37,"The Courier":21,"Ring of Greed":21,"MawBank":21,"Cables":42,"Calling Bell":0,"CaptainsWheel":0,"Anchor":0,"Busted Crown":37,"Ornamental Fan":21,"ReplayTheSpireMod:Ring of Collecting":5,"Snack Pack":0,"Black Star":37,"ReplayTheSpireMod:TigerMarble":42,"FossilizedHelix":26,"REME_ComplimentaryCards":0}],"Cables":[6,5,0,1,0]},"card_choices":[{"not_picked":["BasicCrystalCard","Turbo","Stack"],"picked":"SKIP","floor":1.0},{"not_picked":["Coolheaded","Cold Snap"],"picked":"White Noise","floor":2.0},{"not_picked":["ReplayTheSpireMod:Omega Cannon","Cold Snap","BasicCrystalCard"],"picked":"Gash","floor":5.0},{"not_picked":["Cold Snap","Barrage"],"picked":"ReplayTheSpireMod:Calculation Training","floor":6.0},{"not_picked":["BootSequence","Recycle","Ball Lightning"],"picked":"SKIP","floor":7.0},{"not_picked":["Chill","Cold Snap"],"picked":"Heatsinks","floor":8.0},{"not_picked":["Stack","Go for the Eyes"],"picked":"FIFO Queue","floor":11},{"not_picked":["Conserve Battery","Turbo","Steam"],"picked":"SKIP","floor":12},{"not_picked":["ReplayTheSpireMod:Omega Cannon","ReplayRNGCard"],"picked":"Buffer","floor":16},{"not_picked":["Redo"],"picked":"SKIP","floor":18},{"not_picked":["Sunder"],"picked":"SKIP","floor":20},{"not_picked":[],"picked":"Lockon","floor":21}],"player_experience":102978,"relics_obtained":[{"floor":0.0,"key":"CaptainsWheel"},{"floor":0.0,"key":"Anchor"},{"floor":0.0,"key":"Snack Pack"},{"floor":3.0,"key":"ReplayTheSpireMod:Ring of Exchange"},{"floor":3.0,"key":"ReplayTheSpireMod:Ring of Collecting"},{"floor":6.0,"key":"Pantograph"},{"floor":8.0,"key":"Ornamental Fan"},{"floor":9.0,"key":"Ring of Greed"},{"floor":9.0,"key":"The Courier"},{"floor":9.0,"key":"MealTicket"},{"floor":9.0,"key":"MawBank"},{"floor":11,"key":"Nunchaku"},{"floor":15,"key":"FossilizedHelix"}],"event_choices":[{"damage_healed":0,"gold_gain":0,"player_choice":"2 cards matched","damage_taken":0,"max_hp_gain":0,"max_hp_loss":0,"event_name":"Match and Keep!","floor":10,"gold_loss":0,"cards_obtained":["Echo Form","Zap"]},{"cards_removed":["Voices"],"damage_healed":0,"gold_gain":0,"player_choice":"Card Removal","damage_taken":7,"max_hp_gain":0,"max_hp_loss":0,"event_name":"Golden Wing","floor":13,"gold_loss":0},{"cards_removed":["Voices"],"damage_healed":0,"gold_gain":0,"player_choice":"Offered Curse","damage_taken":0,"relics_obtained":["Spirit Poop"],"max_hp_gain":0,"max_hp_loss":0,"event_name":"Bonfire Elementals","floor":14,"gold_loss":0}],"is_beta":false,"boss_relics":[{"not_picked":["PrismaticShard","Replay:Bronze Core"],"picked":"Replay:Grab Bag"},{"not_picked":["ChewingGum","Philosopher\u0027s Stone"],"picked":"Busted Crown"},{"not_picked":["Coffee Dripper","Velvet Choker"],"picked":"Fusion Hammer"},{"not_picked":["REME_DemonsWealth","REME_DuelDisc"],"picked":"Inserter"},{"not_picked":["REME_LowDesire","Empty Cage"],"picked":"Black Star"}],"items_purged_floors":[19,19],"is_endless":false,"potions_floor_spawned":[8,11,16,20],"killed_by":"Snake Plant","ascension_level":1}}