{"host":"uwh382mre4waz4ff","time":1608958488,"event":{"mods":["AchievementEnabler","BaseMod","Better Note","Better Third Choice","BetterRewards","HololiveMod","Minty Spire (QoL Compilation)","Quick Restart","Shop Mod","StSLib"],"gold_per_floor":[83,83,109,134,159,209,238,252,279,279,69,69,6,53,53,246,246,280,280,280,280,113,113,195,161,161,161,161,55,117,172,172,465,465,500,577,426,344,344,398,500,322,347,446,446,446,472,512,512,570,570,570,292,344,353],"floor_reached":56,"playtime":2249,"items_purged":["Hololive_Strike","Hololive_Defend","Hololive_Defend","Hololive_Strike+1","Parasite"],"score":1904,"play_id":"c7655696-bccb-4cc6-8e64-01ecf2cdb3c1","local_time":"20201226125448","is_ascension_mode":false,"campfire_choices":[{"data":"Hololive_CallShiroganeNoel","floor":10,"key":"SMITH"},{"data":"Hololive_CallUsadaPekora","floor":12,"key":"SMITH"},{"data":"Hololive_CallDoris","floor":15,"key":"SMITH"},{"floor":23,"key":"RECALL"},{"data":"Hololive_DDD","floor":32,"key":"SMITH"},{"data":"Hololive_CallUruhaRushia","floor":46,"key":"SMITH"},{"data":"Hololive_CallSpadeEcho","floor":49,"key":"SMITH"},{"data":"Hololive_CallHoushouMarine","floor":52,"key":"SMITH"}],"circlet_count":0,"master_deck":["Hololive_CallHoushouMarine+1","Hololive_CallShiroganeNoel+1","Hololive_CallUruhaRushia+1","Hololive_CallShiranuiFlare","Hololive_CallUsadaPekora+1","Hololive_StrengthChampion+1","Hololive_CallYozoraMel","Hololive_CallNatsuiroMatsuri","Hololive_CallAZKi","Hololive_BringToTrial","Hololive_CallSpadeEcho+1","Hololive_CallMinatoAqua","Hololive_StrengthChampion","Hololive_CallDoris+1","Hololive_CallSakuraMiko+1","Hololive_DDD+1","Hololive_CallAmaneKanata+1","Hololive_CallShirakamiFubuki+1","Hololive_CallInugamiKorone+1","Hololive_CallSakuraMiko+1","Hololive_CallMoonaHoshinova+1","Hololive_CallRoboco+1","Hololive_CallYukihanaLamy+1","Hololive_MaximGun+1","Hololive_CallMoonaHoshinova+1","Hololive_CallMoonaHoshinova+1","Hololive_CallNekomataOkayu+1","Hololive_Spy","Hololive_CallAkiRosenthal+1","Hololive_CallShishiroBotan+1","Hololive_CallOmaruPolka+1","Hololive_CallHoshimachiSuisei+1","Hololive_CallAmaneKanata+1","Hololive_CallInugamiKorone+1","Hololive_StrengthChampion+1","Hololive_ScarfAndHalo+1"],"relics":["Hololive_TheStar","Membership Card","Orichalcum","Thread and Needle","Tiny Chest","Golden Idol","Whetstone","Letter Opener","Happy Flower","MerchantsRug","HornCleat","Frozen Egg 2","SlaversCollar","WingedGreaves","Molten Egg 2","Gambling Chip","Ornamental Fan","Question Card","Hololive_LightStick","Boot","Hololive_FriedShrimpLion","PreservedInsect","Bag of Preparation","Regal Pillow","Oddly Smooth Stone","Medical Kit","Turnip","Anchor"],"acts_visited":["Exordium","TheCity","TheBeyond","TheEnding"],"potions_floor_usage":[14],"damage_taken":[{"damage":0,"enemies":"2 Louse","floor":1,"turns":2},{"damage":0,"enemies":"Jaw Worm","floor":4,"turns":2},{"damage":0,"enemies":"Small Slimes","floor":5,"turns":3},{"damage":0,"enemies":"3 Sentries","floor":6,"turns":4},{"damage":0,"enemies":"3 Louse","floor":7,"turns":3},{"damage":0,"enemies":"Exordium Thugs","floor":8,"turns":3},{"damage":0,"enemies":"Lagavulin","floor":14,"turns":3},{"damage":0,"enemies":"Slime Boss","floor":16,"turns":9},{"damage":0,"enemies":"2 Thieves","floor":18,"turns":3},{"damage":0,"enemies":"Book of Stabbing","floor":24,"turns":3},{"damage":0,"enemies":"Chosen","floor":30,"turns":3},{"damage":0,"enemies":"Snake Plant","floor":31,"turns":3},{"damage":0,"enemies":"Collector","floor":33,"turns":9},{"damage":0,"enemies":"Orb Walker","floor":35,"turns":2},{"damage":0,"enemies":"3 Darklings","floor":36,"turns":4},{"damage":0,"enemies":"Giant Head","floor":40,"turns":6},{"damage":0,"enemies":"Writhing Mass","floor":41,"turns":5},{"damage":0,"enemies":"Nemesis","floor":44,"turns":3},{"damage":0,"enemies":"Sphere and 2 Shapes","floor":48,"turns":4},{"damage":0,"enemies":"Donu and Deca","floor":50,"turns":9},{"damage":0,"enemies":"Shield and Spear","floor":54,"turns":2},{"damage":0,"enemies":"The Heart","floor":55,"turns":8}],"seed_played":"-1513846283765486657","potions_obtained":[{"floor":4,"key":"FearPotion"},{"floor":5,"key":"ColorlessPotion"},{"floor":6,"key":"DistilledChaos"},{"floor":14,"key":"Fruit Juice"},{"floor":30,"key":"SteroidPotion"},{"floor":33,"key":"LiquidMemories"},{"floor":36,"key":"Regen Potion"},{"floor":54,"key":"Explosive Potion"}],"is_trial":false,"path_per_floor":["M","?","T","M","M","E","M","M","T","R","$","R","$","E","R","B",null,"M","T","?","T","$","R","E","$","T","T","$","$","M","M","R","B",null,"M","M","$","$","?","E","M","$","T","E","?","R","T","M","R","B",null,"R","$","E","B",null],"character_chosen":"Hololive_HololiveCharacter","items_purchased":["Membership Card","Orichalcum","Hololive_CallYozoraMel","Thread and Needle","Tiny Chest","Hololive_CallNatsuiroMatsuri","MerchantsRug","HornCleat","Hololive_CallDoris","Molten Egg 2","Hololive_CallShirakamiFubuki+1","Hololive_CallSakuraMiko+1","Hololive_CallMoonaHoshinova+1","Hololive_LightStick","Boot","Hololive_CallNekomataOkayu+1","Hololive_Spy","PreservedInsect","Hololive_CallOmaruPolka+1","Medical Kit","Turnip","Hololive_CallInugamiKorone+1","Hololive_StrengthChampion+1"],"campfire_rested":0,"item_purchase_floors":[0,0,0,0,0,0,11,11,11,22,22,25,29,29,37,38,38,42,42,53,53,53,53],"current_hp_per_floor":[11,3,3,3,3,3,3,3,3,3,3,3,3,8,8,8,40,40,40,40,40,40,40,40,40,40,40,40,40,40,40,40,40,40,40,40,40,40,36,36,36,36,36,36,36,36,36,36,36,36,37,37,37,37,37],"gold":353,"neow_bonus":"","is_daily":false,"chose_seed":false,"campfire_upgraded":7,"win_rate":0.0,"timestamp":1608958488,"path_taken":["M","?","?","M","M","E","M","M","T","R","$","R","?","E","R","BOSS","M","?","?","?","$","R","E","?","T","?","$","$","M","M","R","BOSS","M","M","$","$","?","E","M","?","T","E","?","R","?","M","R","BOSS","R","$","E","BOSS"],"items_purchased_type":["Relic","Relic","Card","Relic","Relic","Card","Relic","Relic","Card","Relic","Card","Card","Card","Relic","Relic","Card","Card","Relic","Card","Relic","Relic","Card","Card"],"build_version":"2020-12-22","purchased_purges":5,"victory":true,"max_hp_per_floor":[35,35,35,35,35,35,35,35,35,35,35,35,35,40,40,40,40,40,40,40,40,40,40,40,40,40,40,40,40,40,40,40,40,40,40,40,40,40,40,40,40,37,37,37,37,37,37,37,37,37,37,37,37,37,37],"card_choices":[{"not_picked":["Hololive_Trident","Hololive_DevilCharm","Hololive_Sequa"],"picked":"Hololive_CallAZKi","floor":1},{"not_picked":["Hololive_Breathe","Hololive_Drill","Hololive_HuntDinosaur"],"picked":"Hololive_BringToTrial","floor":4},{"not_picked":["Hololive_CallTokoyamiTowa","Hololive_Sequa","Hololive_CallCivia"],"picked":"Hololive_CallSpadeEcho","floor":5},{"not_picked":["Hololive_CallManoAloe","Hololive_RevenueBasedLive","Hololive_CallTsunomakiWatame"],"picked":"Hololive_CallMinatoAqua","floor":6},{"not_picked":["Hololive_CallMinatoAqua","Hololive_RevenueBasedLive","Hololive_OvertimeWork"],"picked":"Hololive_StrengthChampion","floor":7},{"not_picked":["Hololive_HuntDinosaur","Hololive_SummonFox","Hololive_LuckPotion","Hololive_Breathe"],"picked":"SKIP","floor":8},{"not_picked":["Hololive_Drill","Hololive_Rebirth","Hololive_FlyingPonyTail"],"picked":"Hololive_CallSakuraMiko+1","floor":14},{"not_picked":["Hololive_WolfAndLamb","Hololive_OpenUp","Hololive_IdolExercise"],"picked":"Hololive_DDD","floor":16},{"not_picked":["Hololive_CallOmaruPolka+1","Hololive_HuntDinosaur+1","Hololive_CallShiroganeNoel+1"],"picked":"Hololive_CallAmaneKanata+1","floor":18},{"not_picked":["Hololive_Sequa+1","Hololive_Drill+1","Hololive_FlyingPonyTail"],"picked":"Hololive_CallInugamiKorone+1","floor":24},{"not_picked":["Hololive_Psychosis+1","Hololive_CallMoonaHoshinova+1","Hololive_Drill+1","Hololive_Yoholoon+1"],"picked":"Hololive_CallRoboco+1","floor":30},{"not_picked":["Hololive_OvertimeWork+1","Hololive_Yoholoon+1","Hololive_CallInugamiKorone+1","Hololive_Drill+1"],"picked":"Hololive_CallYukihanaLamy+1","floor":31},{"not_picked":["Hololive_WolfAndLamb","Hololive_ScarfAndHalo+1","Hololive_OpenUp+1","Hololive_DurableLive"],"picked":"Hololive_MaximGun+1","floor":33},{"not_picked":["Hololive_Drill+1","Hololive_Rebound+1","Hololive_CallMinatoAqua+1","Hololive_FlyingPonyTail"],"picked":"Hololive_CallMoonaHoshinova+1","floor":35},{"not_picked":["Hololive_RevenueBasedLive","Hololive_Trident+1","Hololive_CocoNews+1","Hololive_HuntDinosaur+1"],"picked":"Hololive_CallMoonaHoshinova+1","floor":36},{"not_picked":["Hololive_FlyingPonyTail+1","Hololive_Psychosis+1","Hololive_HuntDinosaur","Hololive_Spy+1"],"picked":"Hololive_CallAkiRosenthal+1","floor":40},{"not_picked":["Hololive_Drill+1","Hololive_StrengthChampion+1","Hololive_ILoveYou+1","Hololive_OvertimeWork+1"],"picked":"Hololive_CallShishiroBotan+1","floor":41},{"not_picked":["Hololive_CallUsadaPekora+1","Hololive_CallNakiriAyame+1","Hololive_StrengthChampion+1","Hololive_Teleport"],"picked":"Hololive_CallHoshimachiSuisei+1","floor":44},{"not_picked":["Hololive_Trident+1","Hololive_FlyingPonyTail","Hololive_CocoNews+1","Hololive_Breathe+1"],"picked":"Hololive_CallAmaneKanata+1","floor":48},{"not_picked":["Hololive_CallUruhaRushia+1","Hololive_StrengthChampion+1","Hololive_CallYogiri+1","Hololive_CallRoboco+1"],"picked":"Hololive_ScarfAndHalo+1","floor":54}],"player_experience":222106,"relics_obtained":[{"floor":3,"key":"Whetstone"},{"floor":6,"key":"Letter Opener"},{"floor":9,"key":"Happy Flower"},{"floor":14,"key":"Frozen Egg 2"},{"floor":19,"key":"WingedGreaves"},{"floor":24,"key":"Gambling Chip"},{"floor":26,"key":"Ornamental Fan"},{"floor":27,"key":"Question Card"},{"floor":40,"key":"Hololive_FriedShrimpLion"},{"floor":43,"key":"Bag of Preparation"},{"floor":44,"key":"Regal Pillow"},{"floor":47,"key":"Oddly Smooth Stone"},{"floor":54,"key":"Anchor"}],"event_choices":[{"damage_healed":0,"gold_gain":0,"player_choice":"Take Damage","damage_taken":8,"relics_obtained":["Golden Idol"],"max_hp_gain":0,"max_hp_loss":0,"event_name":"Golden Idol","floor":2,"gold_loss":0},{"cards_removed":["Hololive_Strike"],"damage_healed":0,"gold_gain":0,"player_choice":"Give","damage_taken":0,"max_hp_gain":0,"max_hp_loss":0,"event_name":"betterNote:BetterNote","floor":20,"gold_loss":0,"cards_obtained":["Defend_R"]},{"damage_healed":0,"gold_gain":0,"player_choice":"Damaged","damage_taken":4,"max_hp_gain":0,"max_hp_loss":0,"event_name":"Wheel of Change","floor":39,"gold_loss":0},{"damage_healed":0,"gold_gain":0,"player_choice":"Ignored","damage_taken":0,"max_hp_gain":0,"max_hp_loss":0,"event_name":"Tomb of Lord Red Mask","floor":45,"gold_loss":0}],"is_beta":false,"boss_relics":[{"not_picked":["Cursed Key","Ectoplasm"],"picked":"SlaversCollar"},{"not_picked":["Snecko Eye","Hololive_ChaosS","Busted Crown"]}],"items_purged_floors":[0,11,13,37,42],"is_endless":false,"potions_floor_spawned":[4,5,6,14,30,33,36,40,54],"ascension_level":0}}