{"host":"mjau5a91be6b66g4","time":1608961657,"event":{"mods":["BaseMod","Minty Spire (QoL Compilation)","StSLib","The Bug Knight","The Jungle"],"gold_per_floor":[113,127,127,143,159,174,174,245,245,30,47,72,72,88,88,192,192,207,64,64,64,64,64],"floor_reached":22,"playtime":984,"items_purged":["HollowMod:NailStrikeStart"],"score":176,"play_id":"3eb99454-f8ca-4ffd-a976-67717b973b18","local_time":"20201226134737","is_ascension_mode":false,"campfire_choices":[{"data":"HollowMod:DashSlash","floor":7,"key":"SMITH"},{"data":"Apotheosis","floor":13,"key":"SMITH"},{"floor":15,"key":"REST"}],"circlet_count":0,"master_deck":["HollowMod:NailStrikeStart","HollowMod:NailStrikeStart","HollowMod:QuickDashStart","HollowMod:QuickDashStart","HollowMod:QuickDashStart","HollowMod:FocusHealStart+1","HollowMod:PogoStrike","HollowMod:NewGlowingWomb","HollowMod:CycloneSlash","HollowMod:DashSlash+1","HollowMod:HeavyBlow","HollowMod:InfectedCysts","HollowMod:NewJinnsSoul","Apotheosis+1","HollowMod:SiblingsSouls","HollowMod:CornifersMapStart","HollowMod:SiblingsShadow+1","HollowMod:BaldurShell+1","HollowMod:SoulShaman+1","HollowMod:InfectedCysts","HollowMod:InfectedCysts","HollowMod:PerfectDash"],"relics":["HollowMod:VesselMask","PreservedInsect","The Courier","HollowMod:KingsBrand","Astrolabe"],"acts_visited":["Exordium","TheCity"],"potions_floor_usage":[16,16,18],"damage_taken":[{"damage":1,"enemies":"Cultist","floor":1,"turns":4},{"damage":0,"enemies":"2 Louse","floor":2,"turns":3},{"damage":1,"enemies":"Jaw Worm","floor":4,"turns":3},{"damage":21,"enemies":"Blue Slaver","floor":5,"turns":4},{"damage":11,"enemies":"Looter","floor":6,"turns":3},{"damage":6,"enemies":"3 Louse","floor":11,"turns":2},{"damage":0,"enemies":"Large Slime","floor":14,"turns":5},{"damage":65,"enemies":"The Guardian","floor":16,"turns":15},{"damage":31,"enemies":"3 Byrds","floor":18,"turns":7},{"damage":19,"enemies":"Chosen","floor":22,"turns":7}],"seed_played":"2750444303938805433","potions_obtained":[{"floor":6,"key":"ColorlessPotion"},{"floor":11,"key":"Weak Potion"},{"floor":16,"key":"ColorlessPotion"},{"floor":18,"key":"PowerPotion"}],"is_trial":false,"path_per_floor":["M","M","?","M","M","M","R","?","T","$","M","T","R","M","R","B",null,"M","$","?","?","M"],"character_chosen":"THE_BUGKNIGHT","items_purchased":["HollowMod:InfectedCysts","HollowMod:NewJinnsSoul","Apotheosis","HollowMod:InfectedCysts","HollowMod:PerfectDash"],"campfire_rested":1,"item_purchase_floors":[10,10,10,19,19],"current_hp_per_floor":[74,74,74,75,64,59,59,59,59,59,59,59,59,59,75,22,75,50,50,50,50,41,41],"gold":64,"neow_bonus":"RANDOM_COMMON_RELIC","is_daily":false,"chose_seed":false,"campfire_upgraded":2,"win_rate":0.0,"timestamp":1608961657,"path_taken":["M","?","?","M","M","M","R","?","T","?","M","?","R","M","R","BOSS","M","$","?","?","M"],"items_purchased_type":["Card","Card","Card","Card","Card"],"build_version":"2020-12-22","purchased_purges":1,"victory":false,"max_hp_per_floor":[75,75,75,75,75,75,75,75,75,75,75,75,75,75,75,75,75,75,75,75,75,75,75],"card_choices":[{"not_picked":["HollowMod:NewLittleFool","HollowMod:SoulSplash"],"picked":"HollowMod:VengefulVoid","floor":1},{"not_picked":["HollowMod:HeavyBlow","HollowMod:CrystalDash"],"picked":"HollowMod:NewGlowingWomb","floor":2},{"not_picked":["HollowMod:ChannelNail","HollowMod:Grubsong"],"picked":"HollowMod:CycloneSlash","floor":4},{"not_picked":["HollowMod:SiblingsShadow","HollowMod:CloakDash"],"picked":"HollowMod:DashSlash","floor":5},{"not_picked":["HollowMod:SoulVessel","HollowMod:SharpenedNail"],"picked":"HollowMod:HeavyBlow","floor":6},{"not_picked":["HollowMod:LifebloodCocoon","HollowMod:SoulEater"],"picked":"HollowMod:SiblingsSouls","floor":11},{"not_picked":["HollowMod:PureVessel","HollowMod:GreatSlash"],"picked":"HollowMod:CornifersMapStart","floor":14},{"not_picked":["HollowMod:HornetsHelp","HollowMod:ZotesMagnificence"],"picked":"HollowMod:NewInfectedGuardian","floor":16},{"not_picked":["HollowMod:CornifersMapStart","HollowMod:MawleksShell"],"picked":"HollowMod:InfectedCysts","floor":18}],"player_experience":231349,"relics_obtained":[{"floor":9,"key":"The Courier"},{"floor":12,"key":"HollowMod:KingsBrand"}],"event_choices":[{"damage_healed":0,"gold_gain":0,"player_choice":"Grow","damage_taken":0,"max_hp_gain":0,"max_hp_loss":0,"event_name":"Living Wall","floor":3,"gold_loss":0,"cards_upgraded":["HollowMod:FocusHealStart"]},{"damage_healed":0,"gold_gain":71,"player_choice":"Gained Gold","damage_taken":0,"max_hp_gain":0,"max_hp_loss":0,"event_name":"Golden Wing","floor":8,"gold_loss":0}],"is_beta":false,"boss_relics":[{"not_picked":["Sozu","Runic Dome"],"picked":"Astrolabe"}],"items_purged_floors":[19],"is_endless":false,"potions_floor_spawned":[6,11,16,18],"killed_by":"Chosen","ascension_level":0}}