{"host":"BK","time":1608956108,"event":{"mods":["BaseMod","Highlight Path","Minty Spire (QoL Compilation)","StSLib"],"gold_per_floor":[109,109,128,142,142,142,169,169,169,187,187,213,213,243,243,243,243],"floor_reached":16,"playtime":590,"items_purged":[],"score":236,"play_id":"955f7042-ebf5-4292-bb88-70c31f4f1bbc","local_time":"20201225211508","is_ascension_mode":true,"campfire_choices":[{"floor":6,"key":"REST"},{"data":"Cold Snap","floor":8,"key":"SMITH"},{"floor":11,"key":"REST"},{"data":"Ball Lightning","floor":15,"key":"SMITH"}],"circlet_count":0,"master_deck":["AscendersBane","Strike_B","Strike_B","Strike_B+1","Strike_B","Defend_B","Defend_B","Defend_B+1","Defend_B","Zap","Dualcast","Coolheaded","Cold Snap+1","Ball Lightning+1","Genetic Algorithm"],"relics":["Cracked Core","WingedGreaves","StrikeDummy","Mercury Hourglass","Orichalcum"],"acts_visited":["Exordium"],"potions_floor_usage":[7,12,16],"damage_taken":[{"damage":8,"enemies":"Small Slimes","floor":1,"turns":4},{"damage":0,"enemies":"2 Louse","floor":3,"turns":3},{"damage":0,"enemies":"Cultist","floor":4,"turns":3},{"damage":32,"enemies":"3 Sentries","floor":7,"turns":12},{"damage":3,"enemies":"Blue Slaver","floor":10,"turns":4},{"damage":4,"enemies":"Lagavulin","floor":12,"turns":6},{"damage":3,"enemies":"3 Sentries","floor":14,"turns":5},{"damage":34,"enemies":"Hexaghost","floor":16,"turns":9}],"seed_played":"-1408935918709798321","potions_obtained":[{"floor":0,"key":"LiquidMemories"},{"floor":0,"key":"FearPotion"},{"floor":7,"key":"FocusPotion"}],"is_trial":false,"path_per_floor":["M","?","M","M","?","R","E","R","T","M","R","E","?","E","R","B"],"character_chosen":"DEFECT","items_purchased":[],"campfire_rested":2,"item_purchase_floors":[],"current_hp_per_floor":[56,35,35,35,35,56,24,24,24,21,42,38,33,30,30,0,0],"gold":243,"neow_bonus":"THREE_SMALL_POTIONS","is_daily":false,"chose_seed":false,"campfire_upgraded":2,"win_rate":0.0,"timestamp":1608956108,"path_taken":["M","?","M","M","?","R","E","R","T","M","R","E","?","E","R","BOSS"],"items_purchased_type":[],"build_version":"2020-12-18","purchased_purges":0,"victory":false,"max_hp_per_floor":[71,71,71,71,71,71,71,71,71,71,71,71,71,71,71,71,71],"card_choices":[{"not_picked":["Hologram","Gash"],"picked":"Coolheaded","floor":1},{"not_picked":["Reprogram","Hologram","Go for the Eyes"],"picked":"SKIP","floor":3},{"not_picked":["Consume","Hologram","Recycle"],"picked":"SKIP","floor":4},{"not_picked":["Echo Form","Coolheaded"],"picked":"Cold Snap","floor":7},{"not_picked":["Chill","Barrage"],"picked":"Ball Lightning","floor":10},{"not_picked":["Beam Cell","Hologram","Machine Learning"],"picked":"SKIP","floor":12},{"not_picked":["Cold Snap","Compile Driver"],"picked":"Genetic Algorithm","floor":14}],"player_experience":2435474,"relics_obtained":[{"floor":7,"key":"WingedGreaves"},{"floor":12,"key":"StrikeDummy"},{"floor":14,"key":"Orichalcum"}],"event_choices":[{"damage_healed":0,"gold_gain":0,"player_choice":"Entered Light","damage_taken":21,"max_hp_gain":0,"max_hp_loss":0,"event_name":"Shining Light","floor":2,"gold_loss":0,"cards_upgraded":["Defend_B","Strike_B"]},{"damage_healed":0,"gold_gain":0,"player_choice":"Ignored","damage_taken":0,"max_hp_gain":0,"max_hp_loss":0,"event_name":"Golden Wing","floor":5,"gold_loss":0},{"damage_healed":0,"gold_gain":0,"player_choice":"Success","damage_taken":5,"relics_obtained":["Mercury Hourglass"],"max_hp_gain":0,"max_hp_loss":0,"event_name":"Scrap Ooze","floor":13,"gold_loss":0}],"is_beta":true,"boss_relics":[],"items_purged_floors":[],"is_endless":false,"potions_floor_spawned":[3,4,7,10],"killed_by":"Hexaghost","ascension_level":20}}