{"host":"ilrepnd391jk07a9","time":1608981850,"event":{"mods":["Aspiration","BaseMod","Better Altar","Better Note","Better Skull","Better Third Choice","BetterRewards","Colored Powertips","DeckTracker","Defuse TimeMaze Blight","Downfall","GifTheSpireLib","Gremlin Skip","Halation","Highlight Path","Hubris","Minty Spire (QoL Compilation)","Quick Restart","Relic Stats","Replay The Spire","StSLib","Stuff the Spire","everything is the same but u backflip on backflip","vexMod"],"gold_per_floor":[0,13,13,27,38,38,63,63,85,118,43,36,36,29,47,148,148,73,91,91,91,91,91,165,200,222,243,5,25,60,60,60,159,159,159,180,180,204,204,220,246,161,204,231,273,292,217,254,268,272],"floor_reached":51,"playtime":4630,"items_purged":["Pain","Slimebound:Strike_Slimebound"],"score":864,"play_id":"ab864f4a-714f-4ba9-a122-63ef73b2d894","local_time":"20201227002410","is_ascension_mode":true,"campfire_choices":[{"data":"Slimebound:Grow","floor":8,"key":"SMITH"},{"floor":11,"key":"REST"},{"floor":13,"key":"RECALL"},{"data":"Slimebound:Tackle","floor":18,"key":"SMITH"},{"floor":23,"key":"REST"},{"data":"Slimebound:OozeBath","floor":35,"key":"SMITH"},{"data":"Pot Of Greed","floor":47,"key":"SMITH"}],"circlet_count":0,"master_deck":["Slimebound:Strike_Slimebound","Slimebound:Strike_Slimebound","Slimebound:Tackle+1","Slimebound:Defend_Slimebound","Slimebound:Defend_Slimebound","Slimebound:Defend_Slimebound","Slimebound:Defend_Slimebound","Slimebound:Split+1","Slimebound:CorrosiveSpit+1","Slimebound:MassFeed+1","Slimebound:SlimeSpikes+1","Slimebound:Grow+1","Slimebound:RainOfGoop+1","Slimebound:LeechLife+1","Slimebound:LeechingTouch","Slimebound:GrowthPunch+1","Slimebound:Gluttony","Slimebound:RejuvenatingLick+1","Slimebound:Gluttony","Slimebound:OozeBath+1","Slimebound:SlimeSpikes+1","expansioncontent:LastStand","Slimebound:Replication","Slimebound:GoopSpray+1","Slimebound:Grow+1","Pot Of Greed+1","Pot Of Greed","Pot Of Greed"],"relics":["Slimebound:AbsorbEndCombat","WarpedTongs","Replay:Bandana","Nunchaku","downfall:HeartBlessingGreen","vexMod:ImprovementManual","downfall:HeartBlessingRed","Bloody Idol","The Courier","vexMod:InvisibilityCloak","halation:Jellyphish","downfall:HeartsMalice","PreservedInsect","Coffee Dripper","hubris:ToyBattleship","Grinning Jar","downfall:HeartBlessingBlue","Replay:Wax Seal"],"acts_visited":["Exordium","TheCity","TheBeyond"],"potions_floor_usage":[44,50],"damage_taken":[{"damage":7,"enemies":"Cultist","floor":2,"turns":3},{"damage":20,"enemies":"Small Slimes","floor":4,"turns":3},{"damage":11,"enemies":"Jaw Worm","floor":5,"turns":4},{"damage":26,"enemies":"Large Slime","floor":9,"turns":8},{"damage":72,"enemies":"3 Sentries","floor":10,"turns":13},{"damage":21,"enemies":"downfall:FleeingMerchant","floor":12,"turns":4},{"damage":12,"enemies":"downfall:FleeingMerchant","floor":14,"turns":4},{"damage":10,"enemies":"2 Fungi Beasts","floor":15,"turns":4},{"damage":59,"enemies":"downfall:Ironclad","floor":16,"turns":11},{"damage":25,"enemies":"Spheric Guardian","floor":19,"turns":6},{"damage":23,"enemies":"Replay:Snechameleon","floor":25,"turns":6},{"damage":39,"enemies":"Shelled Parasite and Fungi","floor":26,"turns":7},{"damage":27,"enemies":"Centurion and Healer","floor":27,"turns":14},{"damage":8,"enemies":"downfall:FleeingMerchant","floor":28,"turns":4},{"damage":6,"enemies":"Snake Plant","floor":29,"turns":4},{"damage":0,"enemies":"Book of Stabbing","floor":30,"turns":1},{"damage":0,"enemies":"3 Cultists","floor":31,"turns":1},{"damage":0,"enemies":"Sentry and Sphere","floor":32,"turns":1},{"damage":64,"enemies":"downfall:Defect","floor":33,"turns":14},{"damage":23,"enemies":"3 Shapes","floor":36,"turns":7},{"damage":43,"enemies":"Orb Walker","floor":38,"turns":8},{"damage":31,"enemies":"4 Shapes","floor":40,"turns":6},{"damage":8,"enemies":"downfall:FleeingMerchant","floor":42,"turns":4},{"damage":70,"enemies":"Reptomancer","floor":43,"turns":10},{"damage":34,"enemies":"Jaw Worm Horde","floor":44,"turns":3},{"damage":12,"enemies":"R_Hoarder","floor":45,"turns":8},{"damage":30,"enemies":"Sphere and 2 Shapes","floor":46,"turns":7},{"damage":42,"enemies":"Giant Head","floor":48,"turns":10},{"damage":20,"enemies":"Writhing Mass","floor":49,"turns":8},{"damage":145,"enemies":"downfall:Silent","floor":50,"turns":16}],"seed_played":"-5489546885266116295","potions_obtained":[{"floor":5,"key":"champ:CounterPotion"},{"floor":6,"key":"downfall:CursedFountainPotion"},{"floor":15,"key":"Milkshake"},{"floor":16,"key":"Weak Potion"},{"floor":22,"key":"CultistPotion"},{"floor":30,"key":"PowerPotion"},{"floor":44,"key":"Fire Potion"},{"floor":48,"key":"PowerPotion"}],"is_trial":false,"path_per_floor":["R","M","?","M","M","?","T","R","M","E","R","$","R","$","M","B",null,"R","M","?","?","?","R","T","E","M","M","$","M","E","M","M","B",null,"R","M","?","M","?","M","T","$","E","M","E","M","R","E","M","B",null],"character_chosen":"SLIMEBOUND","items_purchased":["halation:Jellyphish","Slimebound:Gluttony"],"campfire_rested":2,"item_purchase_floors":[28,28],"current_hp_per_floor":[60,64,64,64,72,72,72,72,71,29,55,46,46,46,54,23,100,100,92,92,40,40,71,76,98,100,116,116,120,120,120,120,88,130,130,134,134,106,106,130,135,153,153,156,165,168,178,183,190,87],"gold":272,"neow_bonus":"THREE_RARE_CARDS","is_daily":false,"chose_seed":false,"campfire_upgraded":4,"win_rate":0.0,"timestamp":1608981850,"path_taken":["R","M","?","?","M","?","T","R","?","E","R","?","R","$","M","BOSS","R","M","?","?","?","R","T","E","M","M","$","M","E","M","M","BOSS","R","M","?","M","?","?","T","$","E","M","E","M","R","E","M","BOSS"],"items_purchased_type":["Relic","Card"],"build_version":"2020-12-22","purchased_purges":2,"victory":true,"max_hp_per_floor":[60,64,64,68,72,72,72,72,80,88,88,88,88,88,96,100,100,100,104,104,104,104,104,104,104,108,116,116,120,120,120,120,130,130,130,134,134,138,138,146,146,153,153,161,165,173,183,187,191,191],"relic_stats":{"Nunchaku":[14],"counters":[30,196],"Bloody Idol":65,"PreservedInsect":259,"obtain_stats":[{"StuffTheSpire:ModemDavis":50,"vexMod:PlasmaPancake":33,"Golden Egg":36,"downfall:HeartBlessingGreen":11,"StuffTheSpire:EmeraldSignet":44,"Juzu Bracelet":46,"Blood Vial":43,"StuffTheSpire:SapphireSignet":49,"vexMod:InvisibilityCloak":25,"Replay:Bandana":7,"Nunchaku":10,"Centennial Puzzle":40,"downfall:HeartBlessingBlue":47,"MealTicket":45,"halation:Toothbrush":32,"Replay:Wax Seal":48,"downfall:HeartBlessingRed":18,"halation:QuantumPhysicsTextbook":29,"Replay:Towering Pillar of Hats":48,"downfall:HeartsMalice":30,"Thread and Needle":38,"The Courier":24,"PreservedInsect":30,"aspiration:SeaSaltIceCream":30,"WarpedTongs":3,"Mercury Hourglass":31,"Bloody Idol":21,"halation:Jellyphish":28,"StuffTheSpire:CocoNut":42,"Slimebound:AbsorbEndCombat":0,"Coffee Dripper":34,"hubris:ToyBattleship":43,"Grinning Jar":45,"vexMod:ImprovementManual":17},{"StuffTheSpire:ModemDavis":29,"vexMod:PlasmaPancake":18,"Golden Egg":19,"downfall:HeartBlessingGreen":5,"StuffTheSpire:EmeraldSignet":24,"Juzu Bracelet":26,"Blood Vial":23,"StuffTheSpire:SapphireSignet":28,"vexMod:InvisibilityCloak":11,"Replay:Bandana":3,"Nunchaku":5,"Centennial Puzzle":21,"downfall:HeartBlessingBlue":27,"MealTicket":25,"halation:Toothbrush":17,"Replay:Wax Seal":28,"downfall:HeartBlessingRed":9,"halation:QuantumPhysicsTextbook":14,"Replay:Towering Pillar of Hats":27,"downfall:HeartsMalice":15,"Thread and Needle":20,"The Courier":10,"PreservedInsect":16,"aspiration:SeaSaltIceCream":15,"WarpedTongs":1,"Mercury Hourglass":16,"Bloody Idol":10,"halation:Jellyphish":14,"StuffTheSpire:CocoNut":22,"Slimebound:AbsorbEndCombat":0,"Coffee Dripper":19,"hubris:ToyBattleship":24,"Grinning Jar":26,"vexMod:ImprovementManual":9},{"StuffTheSpire:ModemDavis":180,"vexMod:PlasmaPancake":95,"Golden Egg":109,"downfall:HeartBlessingGreen":31,"StuffTheSpire:EmeraldSignet":144,"Juzu Bracelet":155,"Blood Vial":134,"StuffTheSpire:SapphireSignet":172,"vexMod:InvisibilityCloak":66,"Replay:Bandana":10,"Nunchaku":31,"Centennial Puzzle":124,"downfall:HeartBlessingBlue":162,"MealTicket":147,"halation:Toothbrush":95,"Replay:Wax Seal":172,"downfall:HeartBlessingRed":54,"halation:QuantumPhysicsTextbook":91,"Replay:Towering Pillar of Hats":162,"downfall:HeartsMalice":95,"Thread and Needle":116,"The Courier":60,"PreservedInsect":95,"aspiration:SeaSaltIceCream":95,"WarpedTongs":3,"Mercury Hourglass":95,"Bloody Idol":60,"halation:Jellyphish":91,"StuffTheSpire:CocoNut":130,"Slimebound:AbsorbEndCombat":0,"Coffee Dripper":109,"hubris:ToyBattleship":144,"Grinning Jar":155,"vexMod:ImprovementManual":54}],"WarpedTongs":[166]},"card_choices":[{"not_picked":["Slimebound:PrepareCrush","Slimebound:DouseInSlime"],"picked":"Slimebound:MassFeed","floor":0},{"not_picked":["Slimebound:SplitLeeching","Slimebound:SamplingLick"],"picked":"Slimebound:SlimeSpikes","floor":2},{"not_picked":["Slimebound:AcidTongue","Slimebound:TongueLash","Slimebound:FinishingTackle"],"picked":"SKIP","floor":4},{"not_picked":["Slimebound:GrowthPunch","Slimebound:CheckThePlaybook"],"picked":"Slimebound:Grow","floor":5},{"not_picked":["Slimebound:SplitBruiser","Slimebound:GoopSpray","Slimebound:LeechEnergy"],"picked":"SKIP","floor":9},{"not_picked":["Slimebound:SplitMire","Slimebound:DisruptingSlam"],"picked":"Slimebound:RainOfGoop","floor":10},{"not_picked":["Slimebound:GoopTackle","Slimebound:FinishingTackle","Slimebound:Schlurp"],"picked":"SKIP","floor":12},{"not_picked":["Slimebound:SplitBruiser","Slimebound:FinishingTackle","Slimebound:LeadByExample"],"picked":"SKIP","floor":14},{"not_picked":["Slimebound:MassFeed","Slimebound:SplitAcid","Slimebound:LeechEnergy"],"picked":"SKIP","floor":15},{"not_picked":["Slimebound:WasteNot","Slimebound:Overexert"],"picked":"Slimebound:LeechLife","floor":16},{"not_picked":["Slimebound:GrowthPunch","Slimebound:RollThrough+1"],"picked":"Slimebound:LeechingTouch","floor":19},{"not_picked":["Slimebound:HauntingLick","Slimebound:Dissolve+1","Slimebound:PressTheAttack"],"picked":"SKIP","floor":25},{"not_picked":["Slimebound:LeadByExample","Slimebound:MegaLick"],"picked":"Slimebound:GrowthPunch+1","floor":26},{"not_picked":["Slimebound:RainOfGoop","Slimebound:LeechEnergy"],"picked":"Slimebound:Gluttony","floor":27},{"not_picked":["Slimebound:Nibble","Slimebound:SlimeTap"],"picked":"Slimebound:RejuvenatingLick+1","floor":28},{"not_picked":["Slimebound:LeadByExample+1","Slimebound:SplitMire","Slimebound:RollThrough+1"],"picked":"SKIP","floor":29},{"not_picked":["Slimebound:FormOfPuddle","Slimebound:LeechEnergy+1","Slimebound:HauntingLick"],"picked":"SKIP","floor":30},{"not_picked":["Slimebound:ForwardTackle+1","Slimebound:LeadByExample","Slimebound:SplitAcid"],"picked":"SKIP","floor":31},{"not_picked":["Slimebound:LevelUp+1","Slimebound:GrowthPunch","Slimebound:DouseInSlime"],"picked":"SKIP","floor":32},{"not_picked":["Slimebound:OneTwoCombo","Slimebound:LeechLife"],"picked":"Slimebound:OozeBath","floor":33},{"not_picked":["Slimebound:FinishingTackle","Slimebound:Chomp"],"picked":"Slimebound:SlimeSpikes+1","floor":36},{"not_picked":["expansioncontent:PolyBeam","Replay:SS_fish_3"],"picked":"expansioncontent:LastStand","floor":37},{"not_picked":["Slimebound:RollThrough+1","Slimebound:RainOfGoop","Slimebound:SplitAcid+1"],"picked":"SKIP","floor":38},{"not_picked":["Slimebound:FlameTackle","Slimebound:Repurpose+1"],"picked":"Slimebound:Replication","floor":40},{"not_picked":["Slimebound:DisruptingSlam","Slimebound:Replication+1"],"picked":"Slimebound:GoopSpray+1","floor":42},{"not_picked":["Slimebound:Gluttony+1","Slimebound:LeechEnergy"],"picked":"Slimebound:Grow+1","floor":43},{"not_picked":["Slimebound:LeadByExample","Slimebound:Nibble","Slimebound:SplitLeeching+1"],"picked":"SKIP","floor":44},{"not_picked":["Slimebound:FlameTackle+1","Slimebound:RainOfGoop","Slimebound:LeechingTouch+1"],"picked":"SKIP","floor":45},{"not_picked":["Slimebound:ComboTackle+1","Slimebound:SplitBruiser+1","Slimebound:Dissolve"],"picked":"SKIP","floor":46},{"not_picked":["Slimebound:SplitLeeching","Slimebound:Chomp","Slimebound:LeechLife"],"picked":"SKIP","floor":48},{"not_picked":["Slimebound:SamplingLick","Slimebound:SplitBruiser","Slimebound:LivingWall"],"picked":"SKIP","floor":49}],"player_experience":822612,"relics_obtained":[{"floor":7,"key":"Replay:Bandana"},{"floor":10,"key":"Nunchaku"},{"floor":24,"key":"The Courier"},{"floor":25,"key":"vexMod:InvisibilityCloak"},{"floor":30,"key":"PreservedInsect"},{"floor":43,"key":"hubris:ToyBattleship"},{"floor":45,"key":"Grinning Jar"},{"floor":48,"key":"Replay:Wax Seal"}],"event_choices":[{"damage_healed":0,"gold_gain":0,"player_choice":"Rummage","damage_taken":0,"relics_obtained":["WarpedTongs"],"max_hp_gain":0,"max_hp_loss":0,"event_name":"Accursed Blacksmith","floor":3,"gold_loss":0,"cards_obtained":["Pain"]},{"damage_healed":0,"gold_gain":0,"player_choice":" Idol ","damage_taken":52,"relics_obtained":["Bloody Idol"],"max_hp_gain":92,"max_hp_loss":40,"event_name":"betterAltar:BetterAltar","floor":21,"potions_obtained":[],"relics_lost":[],"gold_loss":0},{"damage_healed":0,"gold_gain":0,"player_choice":"Got Potions","damage_taken":0,"max_hp_gain":0,"max_hp_loss":0,"event_name":"Lab","floor":39,"gold_loss":0}],"is_beta":false,"boss_relics":[{"not_picked":["halation:ForbiddenBikini","halation:Risk"],"picked":"vexMod:ImprovementManual"},{"not_picked":["vexMod:EndlessSickness","aspiration:WatcherSkillbook"],"picked":"Coffee Dripper"}],"items_purged_floors":[28,42],"is_endless":false,"potions_floor_spawned":[5,15,16,25,30,33,38,44,45,46,48],"ascension_level":1}}