{"host":"8u40nq559zpgb6zp","time":1608946538,"event":{"mods":["Aspiration","Bard","BaseMod","Beaked The Cultist","Better Altar","Better Match","Better Note","Better Sensory Stone","Better Skull","Better Third Choice","BetterRewards","CCEM","Clawfect","Conspire","Duelist Mod","Googly Eyes","Halation","Hermit","Highlight Path","Infinite Spire","Jedi Mod","Jorbs\u0027s Wanderer Trilogy","Mad Scientist","Marisa（霧雨　魔理沙）","Minty Spire (QoL Compilation)","Permanent Neow","Replay The Spire","Shade Mod","Shop Mod","Spicy Shops","StSLib","The Bladedancer","The Construct","The Cursed","The Disciple","The Druid","The Gatherer","The Hierophant","The IronCluck","The Jungle","The Mystic","The Necromancer","The Runesmith","The Senshi","The Servant 0.9.4","The Spell Scribe","The Witch","slay the spire mod where everything is the same but ironclad has a cowboy hat"],"gold_per_floor":[115,125,141,141,154,183,183,216,243,259,16,16,33,51,51,148,148,167,167,186,199,212,240,240,273,354,367,367,367],"floor_reached":28,"playtime":2423,"items_purged":[],"score":349,"play_id":"6816ac3e-9368-49ff-a52f-d4ef5fff441f","local_time":"20201225203538","is_ascension_mode":false,"campfire_choices":[{"data":"Clawfect:ClawCell","floor":7,"key":"SMITH"},{"floor":12,"key":"REST"},{"data":"Mirror Shield","floor":15,"key":"SMITH"},{"data":"Echo Form","floor":24,"key":"SMITH"}],"circlet_count":0,"master_deck":["Gash","Gash","Gash","Gash","Gash","Defend_B","Defend_B","Defend_B","Defend_B","Clawfect:ClawCell+1","Clawfect:Clawrage","FTL","Clawfect:ClawingBeam","Conserve Battery","Clawfect:ClawLightning","Clawfect:ClawSnap","Coolheaded","Storm","Mirror Shield+1","Clawfect:Clawrage","Echo Form+1","Clawfect:ClawSnap+1","Coolheaded","Core Surge","Fusion+1","Pot Of Greed","Pot Of Greed","Pot Of Greed","Static Discharge","jedi:overflow+1","Clawfect:ClawingBeam+1","Clawfect:ClawAndTear+1"],"relics":["Clawfect:DRClaw","aspiration:Nostalgia","PureWater","jedi:superconductor","CCEMRelics:Francisca","Regal Pillow","halation:Sosunser","Inserter","Grinning Jar","Prayer Wheel","CaptainsWheel","halation:Toothbrush"],"acts_visited":["Exordium","TheCity"],"potions_floor_usage":[5,10,25,25,25,28,28],"damage_taken":[{"damage":2,"enemies":"Small Slimes","floor":1,"turns":5},{"damage":0,"enemies":"Cultist","floor":2,"turns":4},{"damage":6,"enemies":"Jaw Worm","floor":3,"turns":4},{"damage":20,"enemies":"Gremlin Gang","floor":5,"turns":4},{"damage":20,"enemies":"3 Sentries","floor":6,"turns":6},{"damage":12,"enemies":"Replay:BlueRogue","floor":8,"turns":6},{"damage":4,"enemies":"Lots of Slimes","floor":10,"turns":3},{"damage":4,"enemies":"Large Slime","floor":13,"turns":4},{"damage":1,"enemies":"Looter","floor":14,"turns":3},{"damage":6,"enemies":"Fading Forest","floor":16,"turns":11},{"damage":12,"enemies":"2 Thieves","floor":18,"turns":3},{"damage":3,"enemies":"Chosen","floor":20,"turns":4},{"damage":13,"enemies":"Snecko","floor":21,"turns":4},{"damage":6,"enemies":"Centurion and Healer","floor":22,"turns":4},{"damage":14,"enemies":"Nightmare","floor":23,"turns":5},{"damage":6,"enemies":"Replay:Snechameleon","floor":25,"turns":4},{"damage":1,"enemies":"Sentry and Sphere","floor":27,"turns":4},{"damage":23,"enemies":"Snake Plant","floor":28,"turns":2}],"seed_played":"-3418830048489959451","potions_obtained":[{"floor":2,"key":"ColorlessPotion"},{"floor":6,"key":"SpeedPotion"},{"floor":10,"key":"Languid Potion"},{"floor":13,"key":"ColorlessPotion"},{"floor":14,"key":"SkillPotion"},{"floor":25,"key":"AttackPotion"},{"floor":27,"key":"jedi:StrikingPotion"}],"is_trial":false,"path_per_floor":["M","M","M","?","M","E","R","E","T","M","$","R","M","M","R","B",null,"M","?","M","M","M","NM","R","E","T","M","M"],"character_chosen":"DEFECT","items_purchased":["halation:Sosunser","Coolheaded","Storm"],"campfire_rested":1,"item_purchase_floors":[11,11,11],"current_hp_per_floor":[73,73,67,67,47,27,27,15,15,11,11,48,44,43,43,37,75,63,63,60,47,41,27,27,21,21,20,0,0],"gold":367,"neow_bonus":"NOSTALGIA","is_daily":false,"chose_seed":false,"campfire_upgraded":3,"win_rate":0.0,"timestamp":1608946538,"path_taken":["M","M","M","?","?","E","R","E","T","M","$","R","M","M","R","BOSS","M","?","?","M","M","NM","R","E","T","M","M"],"items_purchased_type":["Relic","Card","Card"],"build_version":"2020-12-22","purchased_purges":0,"victory":false,"max_hp_per_floor":[75,75,75,75,75,75,75,75,75,75,75,75,75,75,75,75,75,75,75,75,75,75,75,75,75,75,75,75,75],"card_choices":[{"not_picked":["BasicCrystalCard","Clawfect:Clawrage"],"picked":"Clawfect:ClawCell","floor":1},{"not_picked":["Clawfect:ScrapingClaw","jedi:markofdeath"],"picked":"Clawfect:Clawrage","floor":2},{"not_picked":["Conserve Battery","Skim"],"picked":"FTL","floor":3},{"not_picked":["BasicCrystalCard","ReplayTheSpireMod:Reroute Power"],"picked":"Clawfect:ClawingBeam","floor":5},{"not_picked":["Fission","Rebound"],"picked":"Conserve Battery","floor":6},{"not_picked":["Rebound","Clawfect:Clawter"],"picked":"Clawfect:ClawLightning","floor":8},{"not_picked":["FTL","Darkness"],"picked":"Clawfect:ClawSnap","floor":10},{"not_picked":["jedi:BurstFrost","Clawfect:Clawrage"],"picked":"Mirror Shield","floor":13},{"not_picked":["Clawfect:ScrapingClaw","jedi:spotbugs"],"picked":"Clawfect:Clawrage","floor":14},{"not_picked":["ReplayTheSpireMod:Omega Cannon","Fission"],"picked":"Echo Form","floor":16},{"not_picked":["ReplayTheSpireMod:GoodbyeWorld+1","Coolheaded"],"picked":"Clawfect:ClawSnap+1","floor":18},{"not_picked":["Panic Button","ReplaySort+1"],"picked":"Coolheaded","floor":20},{"not_picked":["ReplaySort","Undo"],"picked":"Core Surge","floor":21},{"not_picked":["Leap","jedi:blockon+1"],"picked":"Fusion+1","floor":22},{"not_picked":["Leap","jedi:BurstFrost"],"picked":"Static Discharge","floor":23},{"not_picked":["BasicCrystalCard","Double Energy+1"],"picked":"jedi:overflow+1","floor":25},{"not_picked":["Hologram","Stack"],"picked":"Clawfect:ClawingBeam+1","floor":27},{"not_picked":["jedi:blockon","ReplayTheSpireMod:System Scan"],"picked":"Clawfect:ClawAndTear+1","floor":27}],"player_experience":977213,"relics_obtained":[{"floor":6,"key":"jedi:superconductor"},{"floor":8,"key":"CCEMRelics:Francisca"},{"floor":9,"key":"Regal Pillow"},{"floor":23,"key":"Grinning Jar"},{"floor":25,"key":"CaptainsWheel"},{"floor":26,"key":"halation:Toothbrush"}],"event_choices":[{"cards_removed":["Defend_B"],"damage_healed":0,"gold_gain":0,"player_choice":"Card Removal","damage_taken":0,"max_hp_gain":0,"max_hp_loss":0,"event_name":"Wheel of Change","floor":4,"gold_loss":0},{"cards_removed":["Defend_B"],"damage_healed":0,"gold_gain":0,"player_choice":"Give","damage_taken":0,"max_hp_gain":0,"max_hp_loss":0,"event_name":"betterNote:BetterNote","floor":19,"gold_loss":0,"cards_obtained":["Defend_B"]}],"is_beta":false,"boss_relics":[{"not_picked":["Astrolabe","halation:ForbiddenBikini"],"picked":"Inserter"}],"items_purged_floors":[],"is_endless":true,"potions_floor_spawned":[2,6,10,13,14,18,20,22,25,27],"killed_by":"Snake Plant","ascension_level":0}}