{"host":"0m7uut7ws4kj19nt","time":1608955015,"event":{"mods":["AchievementEnabler","BaseMod","Minty Spire (QoL Compilation)","Replay The Spire","StSLib","The Cursed","The Necromancer"],"gold_per_floor":[110,128,128,128,141,175,175,175,175,200,200,239,258,273,273,398,398,416,147,147,190,90,90,124,147,147,167,200,214,52,90,90,211,211,234,84,84,98,26,67,67,81,108,108,141,141,91,106,106,106,106,106,5,39,39],"floor_reached":56,"playtime":4055,"items_purged":["Defend_G","Strike_G","Regret","Hallucinations"],"score":1427,"play_id":"36212077-5876-4d35-bc23-4d8eeea93e86","local_time":"20201226105655","is_ascension_mode":true,"campfire_choices":[{"data":"Accuracy","floor":7.0,"key":"SMITH"},{"data":"Bouncing Flask","floor":11.0,"key":"SMITH"},{"floor":15.0,"key":"REST"},{"data":"Pot Of Greed","floor":23.0,"key":"SMITH"},{"data":"ReplayTheSpireMod:Scrap Shanks","floor":32.0,"key":"SMITH"},{"data":"ReplayTheSpireMod:Faulty Equipment","floor":41.0,"key":"SMITH"},{"floor":49.0,"key":"RECALL"},{"data":"Leg Sweep","floor":52.0,"key":"SMITH"}],"circlet_count":0,"master_deck":["Defend_G+1","Defend_G+1","Survivor+1","Neutralize+1","Bouncing Flask+1","Accuracy+1","Tools of the Trade+1","Heel Hook+1","Pot Of Greed+1","Dagger Spray+1","Underhanded Strike+1","After Image+1","Unload+1","Acrobatics+1","Storm of Steel+1","Backstab+1","Hidden Blade+1","Decay","ReplayTheSpireMod:Scrap Shanks+1","Accuracy+1","A Thousand Cuts+1","Corpse Explosion+1","Deflect+1","Accuracy+1","Tools of the Trade+1","Well Laid Plans+1","Languid","Pot Of Greed+1","Leg Sweep+1","Infinite Blades"],"relics":["Ring of the Snake","Golden Idol","Pondfish Scales","Molten Egg 2","Incense Burner","Grinning Jar","Cursed Key","ReplayTheSpireMod:Lightbulb","MealTicket","Potion Belt","Strawberry","Snake Skull","Eternal Feather","Kintsugi","ReplayFunnel","Mark of the Bloom","War Paint","Pen Nib"],"acts_visited":["Exordium","TheCity","TheBeyond","TheEnding"],"potions_floor_usage":[55,55,55,55],"damage_taken":[{"damage":2.0,"enemies":"2 Louse","floor":1.0,"turns":4.0},{"damage":7.0,"enemies":"Small Slimes","floor":2.0,"turns":3.0},{"damage":10.0,"enemies":"Jaw Worm","floor":5.0,"turns":5.0},{"damage":16.0,"enemies":"Lagavulin","floor":6.0,"turns":6.0},{"damage":2.0,"enemies":"Looter","floor":10.0,"turns":4.0},{"damage":17.0,"enemies":"Gremlin Nob","floor":12.0,"turns":4.0},{"damage":3.0,"enemies":"Large Slime","floor":13.0,"turns":5.0},{"damage":3.0,"enemies":"Exordium Wildlife","floor":14.0,"turns":3.0},{"damage":0.0,"enemies":"Hexaghost","floor":16.0,"turns":9.0},{"damage":11.0,"enemies":"Spheric Guardian","floor":18.0,"turns":4.0},{"damage":0.0,"enemies":"Book of Stabbing","floor":24.0,"turns":3.0},{"damage":7.0,"enemies":"Shell Parasite","floor":27.0,"turns":4.0},{"damage":0.0,"enemies":"Gremlin Leader","floor":28.0,"turns":5.0},{"damage":4.0,"enemies":"Centurion and Healer","floor":29.0,"turns":3.0},{"damage":4.0,"enemies":"Book of Stabbing","floor":31.0,"turns":2.0},{"damage":20.0,"enemies":"Automaton","floor":33.0,"turns":5.0},{"damage":6.0,"enemies":"Orb Walker","floor":35.0,"turns":2.0},{"damage":7.0,"enemies":"3 Shapes","floor":38.0,"turns":4.0},{"damage":0.0,"enemies":"Nemesis","floor":40.0,"turns":7.0},{"damage":7.0,"enemies":"Transient","floor":42.0,"turns":5.0},{"damage":0.0,"enemies":"Reptomancer","floor":45.0,"turns":5.0},{"damage":0.0,"enemies":"Jaw Worm Horde","floor":48.0,"turns":3.0},{"damage":6.0,"enemies":"Awakened One","floor":50.0,"turns":8.0},{"damage":32.0,"enemies":"Shield and Spear","floor":54.0,"turns":4.0},{"damage":35,"enemies":"The Heart","floor":55,"turns":9}],"seed_played":"350612520831533701","potions_obtained":[{"floor":5.0,"key":"Dexterity Potion"},{"floor":6.0,"key":"Elixir"},{"floor":13.0,"key":"Ancient Potion"},{"floor":14.0,"key":"Elixir"},{"floor":18.0,"key":"Fire Potion"},{"floor":21.0,"key":"Fruit Juice"},{"floor":21.0,"key":"Venom Potion"},{"floor":24.0,"key":"Swift Potion"},{"floor":28.0,"key":"CunningPotion"},{"floor":31.0,"key":"FearPotion"},{"floor":40.0,"key":"Adrenaline Potion"},{"floor":42.0,"key":"Doom Potion"}],"is_trial":false,"path_per_floor":["M","M","?","?","M","E","R","?","T","M","R","E","M","M","R","B",null,"M","$","?","?","$","R","E","T","T","M","E","M","$","E","R","B",null,"M","$","?","M","$","E","R","M","T","?","E","?","$","M","R","B",null,"R","$","E","B",null],"character_chosen":"THE_SILENT","items_purchased":["ReplayTheSpireMod:Lightbulb","Accuracy","Accuracy","FearPotion","Strength Potion","Weak Potion"],"campfire_rested":1,"item_purchase_floors":[19,30,39,47,53,53],"current_hp_per_floor":[75,68,68,61,51,35,35,35,35,33,33,16,13,10,31,31,71,60,60,60,65,65,65,65,65,72,65,65,61,76,72,83,63,83,77,83,83,76,83,83,83,76,76,76,76,76,76,76,76,70,70,70,70,38,3],"gold":39,"neow_bonus":"TEN_PERCENT_HP_BONUS","is_daily":false,"chose_seed":false,"campfire_upgraded":6,"win_rate":0.0,"timestamp":1608955015,"path_taken":["M","M","?","?","M","E","R","?","T","M","R","E","?","M","R","BOSS","M","$","?","?","?","R","E","?","T","M","E","M","$","E","R","BOSS","M","$","?","M","?","E","R","M","T","?","E","?","$","?","R","BOSS","R","$","E","BOSS"],"items_purchased_type":["Relic","Card","Card","Potion","Potion","Potion"],"build_version":"2020-12-22","purchased_purges":4,"victory":true,"max_hp_per_floor":[77,77,71,71,71,71,71,71,71,71,71,71,71,71,71,71,71,71,71,71,76,76,76,76,76,83,83,83,83,83,83,83,83,83,83,83,83,83,83,83,83,83,83,83,83,83,83,83,83,83,83,83,83,83,83],"card_choices":[{"not_picked":["Outmaneuver","Cloak And Dagger"],"picked":"Bouncing Flask","floor":1.0},{"not_picked":["ReplayTheSpireMod:Exploit Weakness","Eviscerate","Sneak Up"],"picked":"SKIP","floor":2.0},{"not_picked":["Deadly Poison","Crippling Poison"],"picked":"Accuracy","floor":5.0},{"not_picked":["Outmaneuver","Blade Dance"],"picked":"Tools of the Trade","floor":6.0},{"not_picked":["Deadly Poison","Replay:Poison Smokescreen"],"picked":"Heel Hook+1","floor":10.0},{"not_picked":["Slice+1","Quick Slash+1"],"picked":"Dagger Spray+1","floor":12.0},{"not_picked":["Outmaneuver","Flechettes+1"],"picked":"Underhanded Strike+1","floor":13.0},{"not_picked":["Dagger Throw+1","Deflect"],"picked":"After Image","floor":14.0},{"not_picked":["Bullet Time","Tools of the Trade"],"picked":"Unload+1","floor":16.0},{"not_picked":["Outmaneuver","All Out Attack+1"],"picked":"Acrobatics+1","floor":18.0},{"not_picked":["Expertise","Deadly Poison+1"],"picked":"Hidden Blade+1","floor":21.0},{"not_picked":["Catalyst+1","Quick Slash+1","Skewer+1"],"picked":"SKIP","floor":24.0},{"not_picked":["Catalyst+1","Quick Slash+1","Skewer+1"],"picked":"SKIP","floor":24.0},{"not_picked":["Underhanded Strike+1","Endless Agony+1","Draining Mist+1"],"picked":"SKIP","floor":27.0},{"not_picked":["Outmaneuver+1","Dagger Spray+1"],"picked":"ReplayTheSpireMod:Scrap Shanks","floor":28.0},{"not_picked":["Underhanded Strike+1","Flying Knee+1","Quick Slash+1"],"picked":"SKIP","floor":29.0},{"not_picked":["Flechettes+1","ReplayTheSpireMod:Tripwire"],"picked":"A Thousand Cuts","floor":31.0},{"not_picked":["Glass Knife+1","Poison Darts"],"picked":"Corpse Explosion","floor":33.0},{"not_picked":["Skewer+1","Outmaneuver+1","Dagger Throw+1"],"picked":"SKIP","floor":35.0},{"not_picked":["Backflip","Escape Plan"],"picked":"Deflect+1","floor":38.0},{"not_picked":["Dodge and Roll+1","Acrobatics"],"picked":"Tools of the Trade","floor":40.0},{"not_picked":["Blade Dance","Endless Agony+1"],"picked":"Well Laid Plans+1","floor":42.0},{"not_picked":["Endless Agony+1","Corpse Explosion"],"picked":"Leg Sweep","floor":45.0},{"not_picked":["All Out Attack+1","Poisoned Stab+1","Prepared"],"picked":"SKIP","floor":48.0},{"not_picked":["Flying Knee+1","Acrobatics"],"picked":"Infinite Blades","floor":54.0}],"player_experience":106499,"relics_obtained":[{"floor":6.0,"key":"Pondfish Scales"},{"floor":9.0,"key":"Incense Burner"},{"floor":12.0,"key":"Grinning Jar"},{"floor":24.0,"key":"MealTicket"},{"floor":25.0,"key":"Potion Belt"},{"floor":26.0,"key":"Strawberry"},{"floor":28.0,"key":"Snake Skull"},{"floor":31.0,"key":"Eternal Feather"},{"floor":40.0,"key":"ReplayFunnel"},{"floor":45.0,"key":"War Paint"},{"floor":54.0,"key":"Pen Nib"}],"event_choices":[{"damage_healed":0.0,"max_hp_gain":0.0,"max_hp_loss":6.0,"gold_gain":0.0,"event_name":"Golden Idol","player_choice":"Lose Max HP","floor":3.0,"gold_loss":0.0,"damage_taken":0.0,"relics_obtained":["Golden Idol"]},{"cards_removed":["Defend_G"],"damage_healed":0.0,"max_hp_gain":0.0,"max_hp_loss":0.0,"gold_gain":0.0,"event_name":"Golden Wing","player_choice":"Card Removal","floor":4.0,"gold_loss":0.0,"damage_taken":7.0},{"damage_healed":0.0,"max_hp_gain":0.0,"max_hp_loss":0.0,"gold_gain":0.0,"event_name":"Dead Adventurer","player_choice":"Searched \u00271\u0027 times","floor":8.0,"gold_loss":0.0,"damage_taken":0.0,"relics_obtained":["Molten Egg 2"]},{"damage_healed":0.0,"max_hp_gain":0.0,"max_hp_loss":0.0,"gold_gain":0.0,"cards_transformed":["Defend_G","Strike_G"],"event_name":"Drug Dealer","player_choice":"Became Test Subject","floor":20.0,"gold_loss":0.0,"damage_taken":0.0,"cards_obtained":["Storm of Steel","Backstab"]},{"damage_healed":0.0,"max_hp_gain":0.0,"max_hp_loss":0.0,"gold_gain":0.0,"event_name":"Accursed Blacksmith","player_choice":"Forge","floor":37.0,"gold_loss":0.0,"damage_taken":0.0,"cards_upgraded":["After Image"]},{"damage_healed":0.0,"max_hp_gain":0.0,"max_hp_loss":0.0,"gold_gain":0.0,"event_name":"MindBloom","player_choice":"Upgrade","floor":44.0,"gold_loss":0.0,"damage_taken":0.0,"cards_upgraded":["Defend_G","Defend_G","Survivor","Neutralize","Tools of the Trade","Storm of Steel","Accuracy","A Thousand Cuts","Corpse Explosion","Accuracy","Tools of the Trade","Pot Of Greed"],"relics_obtained":["Mark of the Bloom"]}],"is_beta":false,"boss_relics":[{"not_picked":["SacredBark","Snecko Scales"],"picked":"Cursed Key"},{"not_picked":["Velvet Choker","Philosopher\u0027s Stone"],"picked":"Kintsugi"}],"items_purged_floors":[19,22,30,36],"is_endless":false,"potions_floor_spawned":[5,6,13,14,18,24,28,31,40,42],"ascension_level":1}}