{"host":"9d83omykrosjn1d3","time":1608977391,"event":{"mods":["AchievementEnabler","BaseMod","BetterRewards","Card Forge","Downfall","Hubris","Minty Spire (QoL Compilation)","Permanent Neow","Shop Mod","StSLib","SuperFastMode","The Construct"],"gold_per_floor":[113,113,113,288,165,199,231,256,256,286,319,319,319],"floor_reached":12,"playtime":1009,"items_purged":[],"score":162,"play_id":"2fdff292-969d-46d5-870e-f96355178ed2","local_time":"20201226190951","daily_mods":["Heirloom","Flight","downfall:Lament","DeadlyEvents","Elite Swarm"],"is_ascension_mode":false,"campfire_choices":[],"circlet_count":0,"master_deck":["Strike_B","Strike_B","Defend_B","Zap","Dualcast","construct:Hazardproof+1","Fusion+1","Seek+1","Machine Learning+1","Creative AI+1","Machine Learning+1"],"relics":["Cracked Core","Hammer of Thor","Seething Fire","Anvil of the Gods","NeowsBlessing","Lizard Tail","Molten Egg 2","Toxic Egg 2","Frozen Egg 2","construct:ClockworkPhoenix","Gremlin Horn","MerchantsRug","Cables","InkBottle","Darkstone Periapt","hubris:Reverence","Bag of Marbles","hubris:SphereOfDissonance"],"acts_visited":["Exordium"],"potions_floor_usage":[],"damage_taken":[{"damage":5,"enemies":"Small Slimes","floor":1,"turns":2},{"damage":0,"enemies":"3 Sentries","floor":6,"turns":1},{"damage":0,"enemies":"Gremlin Nob","floor":7,"turns":1},{"damage":42,"enemies":"3 Sentries","floor":8,"turns":7},{"damage":39,"enemies":"Lagavulin","floor":10,"turns":6},{"damage":34,"enemies":"3 Sentries","floor":11,"turns":15},{"damage":11,"enemies":"Gremlin Nob","floor":12,"turns":2}],"seed_played":"8532281933962292929","potions_obtained":[{"floor":1,"key":"Guardian:BlockOnCardUsePotion"},{"floor":7,"key":"DistilledChaos"},{"floor":8,"key":"EssenceOfSteel"}],"is_trial":true,"path_per_floor":["M","?","?","?","$","E","E","E","T","E","E","E"],"character_chosen":"DEFECT","items_purchased":["MerchantsRug"],"campfire_rested":0,"item_purchase_floors":[5],"current_hp_per_floor":[70,70,70,70,70,70,70,28,28,37,3,0,0],"gold":319,"neow_bonus":"","is_daily":false,"chose_seed":false,"campfire_upgraded":0,"win_rate":0.0,"timestamp":1608977391,"path_taken":["M","?","?","?","?","E","E","E","T","E","E","E"],"items_purchased_type":["Relic"],"build_version":"2020-12-22","purchased_purges":0,"victory":false,"max_hp_per_floor":[75,75,75,75,75,75,75,75,75,75,75,75,75],"card_choices":[{"not_picked":["Storm+1","Go for the Eyes+1"],"picked":"Fusion+1","floor":1},{"not_picked":["Electrodynamics+1","Thunder Strike+1"],"picked":"Seek+1","floor":6},{"not_picked":["Electrodynamics+1","Rainbow+1","Thunder Strike+1"],"picked":"SKIP","floor":7},{"not_picked":["Seek+1","Fission+1"],"picked":"Machine Learning+1","floor":8},{"not_picked":["Thunder Strike+1","Core Surge+1"],"picked":"Creative AI+1","floor":10},{"not_picked":["Hyperbeam+1","Creative AI+1"],"picked":"Machine Learning+1","floor":11}],"player_experience":668491,"relics_obtained":[{"floor":6,"key":"Cables"},{"floor":7,"key":"InkBottle"},{"floor":8,"key":"Darkstone Periapt"},{"floor":9,"key":"hubris:Reverence"},{"floor":10,"key":"Bag of Marbles"},{"floor":11,"key":"hubris:SphereOfDissonance"}],"event_choices":[{"damage_healed":0,"gold_gain":0,"player_choice":"Leave","damage_taken":0,"max_hp_gain":0,"max_hp_loss":0,"event_name":"The Cleric","floor":2,"gold_loss":0},{"damage_healed":0,"gold_gain":0,"player_choice":"Box","damage_taken":0,"relics_obtained":["Gremlin Horn"],"max_hp_gain":0,"max_hp_loss":0,"event_name":"Big Fish","floor":3,"gold_loss":0,"cards_obtained":["Regret"]},{"damage_healed":0,"gold_gain":175,"player_choice":"AGREE","damage_taken":0,"max_hp_gain":0,"max_hp_loss":0,"event_name":"Liars Game","floor":4,"gold_loss":0,"cards_obtained":["Doubt"]}],"is_beta":false,"boss_relics":[],"items_purged_floors":[],"is_endless":false,"potions_floor_spawned":[1,7,8],"killed_by":"Gremlin Nob","ascension_level":0}}