{"host":"gkh5j5k5w4qf7k7n","time":1608946693,"event":{"mods":["2.2 Compatiblity","AchievementEnabler","Arknights The Spire","BaseMod","Colored Map","Colored Powertips","GifTheSpireLib","Keyboard Shortcuts","Minty Spire (QoL Compilation)","Quick Restart","StSLib","SuperFastMode","The Construct","The Dragon Tamer","The Marked","TheBandit","¡¼?Úª?ø«¡½REMEMod"],"gold_per_floor":[113,125,50,50,3,32,32,43,89,89,189,199,199,230,230,332,332,344,357,369,87,87,150,162,195,249,281,281,292,321,334,334,432,432,442,442,442,317,317,348,348,375,375,410,424,444,462,480,480,480,480,480,41,84,84],"floor_reached":56,"playtime":3709,"items_purged":["ats:Strike V","ats:Strike S+1","LessonLearned+1"],"score":1455,"play_id":"8d48d7ed-de5f-48e1-8a6e-5250edd9ba06","local_time":"20201226103813","is_ascension_mode":true,"campfire_choices":[{"floor":10,"key":"REST"},{"data":"ats:Emotion Absorption","floor":15,"key":"SMITH"},{"floor":28,"key":"REST"},{"floor":32,"key":"RECALL"},{"data":"Impatience","floor":41,"key":"SMITH"},{"data":"ats:Part Time Job","floor":49,"key":"SMITH"},{"data":"Madness","floor":52,"key":"SMITH"}],"circlet_count":0,"master_deck":["ats:Armor Crushing Shot+1","ats:Defend+1","ats:Defend+1","ats:Defend+1","ats:Emotion Absorption+1","ats:Roar Of Ursus+1","ats:Powerful Strike+1","ats:Defend Order+1","ats:Shadow Assault+1","ats:Counter Healing Mode+1","ats:Wolf Pack+1","ats:Healing Strengthening+1","ats:Rapid Magazine+1","ats:Song Of Battle+1","ats:Shell Defense+1","ats:Defend Order+1","ats:Wolf Pack+1","ats:Assault Order+1","Impatience+1","Flash of Steel+1","ats:Support Order+1","ats:Part Time Job+1","ats:Thorns+1","ats:Assault Order+1","Madness","Madness+1","Purity","ats:Healing Strengthening","ats:Curse Doll","ats:Revitalization+1"],"relics":["ats:Sanity Plus","REME_ComplimentaryCards","Molten Egg 2","ats:Originium","Kunai","ats:Spiritual Recovery","ats:Originium","construct:FoamFinger","Empty Cage","REME_CardOfGreed","ats:Originium","Potion Belt","construct:BoolHorns","Bottled Lightning","Happy Flower","Darkstone Periapt","Blood Vial","CeramicFish","ats:Lavender","Letter Opener"],"acts_visited":["Exordium","TheCity","TheBeyond","TheEnding"],"potions_floor_usage":[16,23,25,29,30,46,54,55,55,55,55,55],"damage_taken":[{"damage":1,"enemies":"Cultist","floor":1,"turns":4},{"damage":12,"enemies":"2 Louse","floor":2,"turns":4},{"damage":29,"enemies":"3 Sentries","floor":6,"turns":9},{"damage":0,"enemies":"Small Slimes","floor":8,"turns":2},{"damage":20,"enemies":"Gremlin Gang","floor":12,"turns":4},{"damage":0,"enemies":"Lagavulin","floor":14,"turns":8},{"damage":2,"enemies":"Hexaghost","floor":16,"turns":13},{"damage":8,"enemies":"Spheric Guardian","floor":18,"turns":6},{"damage":10,"enemies":"3 Byrds","floor":19,"turns":5},{"damage":10,"enemies":"Cultist and Chosen","floor":20,"turns":6},{"damage":10,"enemies":"Slavers","floor":23,"turns":6},{"damage":10,"enemies":"Shelled Parasite and Fungi","floor":24,"turns":6},{"damage":21,"enemies":"Book of Stabbing","floor":25,"turns":6},{"damage":8,"enemies":"Gremlin Leader","floor":27,"turns":6},{"damage":12,"enemies":"Snecko","floor":29,"turns":7},{"damage":25,"enemies":"Slavers","floor":30,"turns":8},{"damage":0,"enemies":"Chosen and Byrds","floor":31,"turns":11},{"damage":25,"enemies":"Automaton","floor":33,"turns":13},{"damage":0,"enemies":"3 Darklings","floor":35,"turns":5},{"damage":0,"enemies":"Nemesis","floor":40,"turns":10},{"damage":0,"enemies":"Giant Head","floor":42,"turns":6},{"damage":0,"enemies":"Nemesis","floor":44,"turns":5},{"damage":16,"enemies":"3 Shapes","floor":45,"turns":4},{"damage":0,"enemies":"Writhing Mass","floor":46,"turns":5},{"damage":0,"enemies":"Maw","floor":48,"turns":7},{"damage":38,"enemies":"Donu and Deca","floor":50,"turns":8},{"damage":17,"enemies":"Shield and Spear","floor":54,"turns":6},{"damage":0,"enemies":"The Heart","floor":55,"turns":9}],"seed_played":"-3854664239085374427","potions_obtained":[{"floor":6,"key":"Ancient Potion"},{"floor":12,"key":"REME_GoldPotion"},{"floor":14,"key":"Strength Potion"},{"floor":19,"key":"LiquidBronze"},{"floor":20,"key":"FairyPotion"},{"floor":24,"key":"Explosive Potion"},{"floor":25,"key":"SkillPotion"},{"floor":31,"key":"Weak Potion"},{"floor":35,"key":"Swift Potion"},{"floor":40,"key":"SneckoOil"},{"floor":44,"key":"SpeedPotion"},{"floor":45,"key":"Swift Potion"},{"floor":48,"key":"AttackPotion"},{"floor":54,"key":"DuplicationPotion"}],"is_trial":false,"path_per_floor":["M","M","$","T","$","E","?","M","T","R","?","M","?","E","R","B",null,"M","M","M","$","?","E","M","E","T","E","R","M","E","M","R","B",null,"M","?","?","$","?","E","R","E","T","E","M","M","?","M","R","B",null,"R","$","E","B",null],"character_chosen":"DOCTOR_CLASS","items_purchased":["ats:Powerful Strike+1","ats:Rapid Magazine","REME_CardOfGreed","ats:Lavender","Purity","ats:Healing Strengthening","ats:Curse Doll"],"campfire_rested":2,"item_purchase_floors":[5,21,21,53,53,53,53],"current_hp_per_floor":[71,59,59,59,59,30,16,16,16,37,37,17,17,17,17,15,72,64,54,44,44,44,34,24,3,3,21,42,34,23,59,59,72,72,72,72,72,72,62,72,72,72,72,72,69,72,63,72,72,72,72,72,72,72,72],"gold":84,"neow_bonus":"ONE_RANDOM_RARE_CARD","is_daily":false,"chose_seed":false,"campfire_upgraded":4,"win_rate":0.0,"timestamp":1608946693,"path_taken":["M","M","$","?","?","E","?","M","T","R","?","?","?","E","R","BOSS","M","M","?","$","?","E","M","E","T","E","R","?","E","M","R","BOSS","M","?","?","$","?","E","R","E","T","E","M","M","?","M","R","BOSS","R","$","E","BOSS"],"items_purchased_type":["Card","Card","Relic","Relic","Card","Card","Card"],"build_version":"2020-12-22","purchased_purges":3,"victory":true,"max_hp_per_floor":[72,72,72,72,72,72,72,72,72,72,72,72,72,72,72,72,72,72,72,72,72,72,72,72,72,72,72,72,72,72,72,72,72,72,72,72,72,72,72,72,72,72,72,72,72,72,72,72,72,72,72,72,72,72,72],"card_choices":[{"not_picked":["ats:Ignite","ats:Flexible Camouflage","ats:Powerful Strike"],"picked":"SKIP","floor":1},{"not_picked":["ats:Poison Spread","ats:Rapid Magazine","ats:Steam Pump"],"picked":"SKIP","floor":2},{"not_picked":["ats:Collapsing Strike+1","ats:Directed Diagnosis"],"picked":"ats:Explosion Area Strengthen+1","floor":6},{"not_picked":["ats:Apocalypse","ats:Ignite+1","ats:Powerful Strike+1"],"picked":"SKIP","floor":8},{"not_picked":["ats:Curse Doll","ats:Overload+1"],"picked":"ats:Defend Order","floor":12},{"not_picked":["ats:Sunburst+1","ats:Poison Spread+1"],"picked":"ats:Counter Healing Mode","floor":14},{"not_picked":["ats:Rat Pack","ats:Fractured Body"],"picked":"ats:Wolf Pack+1","floor":16},{"not_picked":["ats:Powerful Strike+1","ats:Closed Bolt Burst Fire+1"],"picked":"ats:Healing Strengthening","floor":18},{"not_picked":["ats:Childhood Dance","ats:Explosion Area Strengthen+1","ats:Soul Absorption"],"picked":"SKIP","floor":19},{"not_picked":["ats:Explosion Area Strengthen+1","ats:Steam Pump+1","ats:Cat Scratch+1"],"picked":"SKIP","floor":20},{"not_picked":["ats:Durian","ats:Cat Scratch+1","ats:LN2 Cannon+1"],"picked":"SKIP","floor":23},{"not_picked":["ats:Durian","ats:Cat Scratch+1","ats:LN2 Cannon+1"],"picked":"SKIP","floor":23},{"not_picked":["ats:Flexible Camouflage+1","ats:Overload+1","ats:Steam Pump+1"],"picked":"SKIP","floor":24},{"not_picked":["ats:Consecutive Shot Auto+1","ats:Flexible Camouflage"],"picked":"ats:Song Of Battle","floor":25},{"not_picked":["ats:Healing Strengthening","ats:Hammer On+1"],"picked":"ats:Assault Order","floor":27},{"not_picked":["ats:Encircling Forest","ats:Explosion Area Strengthen+1"],"picked":"ats:Shell Defense+1","floor":29},{"not_picked":["ats:Spore Proliferation+1","ats:Ignite+1","ats:Powerful Strike+1"],"picked":"SKIP","floor":30},{"not_picked":["ats:Hammer On+1","ats:Collapsing Strike+1"],"picked":"ats:Defend Order","floor":31},{"not_picked":["ats:Fractured Body","ats:True Silver Slash+1"],"picked":"ats:Wolf Pack+1","floor":33},{"not_picked":["ats:Automatic Cover","ats:Shell Defense+1"],"picked":"ats:Assault Order+1","floor":35},{"not_picked":["REME_BodyOfCthun","Dark Shackles"],"picked":"Impatience","floor":39},{"not_picked":["Sadistic Nature","REME_BodyOfCthun"],"picked":"Flash of Steel+1","floor":39},{"not_picked":["ats:Directed Diagnosis","ats:Guardian Obelisk+1"],"picked":"ats:Support Order+1","floor":40},{"not_picked":["ats:Explosion Area Strengthen+1","ats:Poison Spread+1"],"picked":"ats:Part Time Job","floor":42},{"not_picked":["ats:Very Hot Blade+1","ats:Assault Order+1"],"picked":"ats:Thorns+1","floor":44},{"not_picked":["ats:Explosion Area Strengthen+1","ats:Curse Doll","ats:Sunburst+1"],"picked":"SKIP","floor":45},{"not_picked":["ats:Childhood Dance+1","ats:Flexible Camouflage"],"picked":"ats:Assault Order+1","floor":46},{"not_picked":["ats:Dogmatic Field","ats:Sword Rain+1","ats:Explosion Area Strengthen+1"],"picked":"SKIP","floor":48},{"not_picked":["ats:Cat Scratch+1","ats:Leaping Hammer+1"],"picked":"ats:Revitalization+1","floor":54}],"player_experience":939038,"relics_obtained":[{"floor":4,"key":"Molten Egg 2"},{"floor":6,"key":"ats:Originium"},{"floor":6,"key":"Kunai"},{"floor":9,"key":"ats:Spiritual Recovery"},{"floor":14,"key":"ats:Originium"},{"floor":14,"key":"construct:FoamFinger"},{"floor":23,"key":"ats:Originium"},{"floor":25,"key":"Potion Belt"},{"floor":27,"key":"construct:BoolHorns"},{"floor":30,"key":"Bottled Lightning"},{"floor":40,"key":"Happy Flower"},{"floor":42,"key":"Darkstone Periapt"},{"floor":43,"key":"Blood Vial"},{"floor":44,"key":"CeramicFish"},{"floor":54,"key":"Letter Opener"}],"event_choices":[{"damage_healed":0,"gold_gain":0,"player_choice":"Entered Light","damage_taken":14,"max_hp_gain":0,"max_hp_loss":0,"event_name":"Shining Light","floor":7,"gold_loss":0,"cards_upgraded":["LessonLearned","ats:Strike S"]},{"damage_healed":0,"gold_gain":100,"player_choice":"Pray","damage_taken":0,"max_hp_gain":0,"max_hp_loss":0,"event_name":"Golden Shrine","floor":11,"gold_loss":0},{"damage_healed":0,"gold_gain":0,"cards_transformed":["ats:Strike G"],"player_choice":"Transformed","damage_taken":0,"max_hp_gain":0,"max_hp_loss":0,"event_name":"Transmorgrifier","floor":13,"gold_loss":0,"cards_obtained":["ats:Shadow Assault"]},{"cards_removed":["ats:Explosion Area Strengthen"],"damage_healed":0,"gold_gain":0,"player_choice":"Card Removal","damage_taken":0,"max_hp_gain":0,"max_hp_loss":0,"event_name":"Wheel of Change","floor":22,"gold_loss":0},{"cards_removed":["ats:Assault Order"],"damage_healed":0,"gold_gain":0,"player_choice":"Removed Skill","damage_taken":0,"max_hp_gain":0,"max_hp_loss":0,"event_name":"Falling","floor":36,"gold_loss":0},{"damage_healed":0,"gold_gain":0,"player_choice":"Ignored","damage_taken":0,"max_hp_gain":0,"max_hp_loss":0,"event_name":"Tomb of Lord Red Mask","floor":37,"gold_loss":0},{"damage_healed":0,"gold_gain":0,"player_choice":"Memory 3","damage_taken":10,"max_hp_gain":0,"max_hp_loss":0,"event_name":"SensoryStone","floor":39,"gold_loss":0},{"damage_healed":0,"gold_gain":0,"player_choice":"Embrace Madness","damage_taken":9,"max_hp_gain":0,"max_hp_loss":0,"event_name":"Winding Halls","floor":47,"gold_loss":0,"cards_obtained":["Madness","Madness"]}],"is_beta":false,"boss_relics":[{"not_picked":["SlaversCollar","Tiny House"],"picked":"Empty Cage"},{"not_picked":["construct:ClawGrip","Runic Dome"],"picked":"ats:Sanity Plus"}],"items_purged_floors":[3,21,38],"is_endless":false,"potions_floor_spawned":[6,12,14,19,20,24,25,31,35,40,44,45,48,54],"ascension_level":1}}