{"host":"n4fty02wqqi95laq","time":1608973438,"event":{"mods":["BaseMod","Highlight Path","Minty Spire (QoL Compilation)","Quick Restart","Rare Cards Sparkle","StSLib"],"gold_per_floor":[116,127,127,146,146,146,165,165,165,179,189,189,217,231,231,308,308,323,123,139,139,139,165,80,95,95,108,108,125,157,25,25,101,101,118,137,137,153,167,167,167,167],"floor_reached":41,"playtime":1253,"items_purged":["Strike_G","Writhe"],"score":974,"play_id":"b00c9218-bd59-468f-952e-3d12c8435c46","local_time":"20201226170358","is_ascension_mode":true,"campfire_choices":[{"data":"Riddle With Holes","floor":6.0,"key":"SMITH"},{"data":"Crippling Poison","floor":8.0,"key":"SMITH"},{"data":"Deadly Poison","floor":15.0,"key":"SMITH"},{"data":"Catalyst","floor":28.0,"key":"SMITH"},{"data":"Burst","floor":32.0,"key":"SMITH"},{"data":"Acrobatics","floor":40.0,"key":"SMITH"}],"circlet_count":0,"master_deck":["AscendersBane","Strike_G","Strike_G","Defend_G","Defend_G","Defend_G","Defend_G","Defend_G","Survivor","Neutralize","Burst+1","Riddle With Holes+1","Crippling Poison+1","Deadly Poison+1","Corpse Explosion","Adrenaline","Catalyst+1","Tactician","Footwork+1","Night Terror","Venomology","Concentrate","Acrobatics+1"],"relics":["Ring of the Snake","Tough Bandages","Singing Bowl","HoveringKite","Membership Card","Meat on the Bone","Blood Vial","Pen Nib","Pantograph","TungstenRod","Turnip","Art of War","SacredBark"],"acts_visited":["Exordium","TheCity","TheBeyond"],"potions_floor_usage":[41,41],"damage_taken":[{"damage":12.0,"enemies":"Small Slimes","floor":1.0,"turns":6.0},{"damage":6.0,"enemies":"Jaw Worm","floor":2.0,"turns":7.0},{"damage":0.0,"enemies":"2 Louse","floor":4.0,"turns":3.0},{"damage":0.0,"enemies":"Exordium Wildlife","floor":7.0,"turns":3.0},{"damage":6.0,"enemies":"3 Louse","floor":10.0,"turns":4.0},{"damage":5.0,"enemies":"Exordium Thugs","floor":11.0,"turns":3.0},{"damage":0.0,"enemies":"Lagavulin","floor":13.0,"turns":5.0},{"damage":0.0,"enemies":"2 Fungi Beasts","floor":14.0,"turns":3.0},{"damage":14.0,"enemies":"Hexaghost","floor":16.0,"turns":8.0},{"damage":0.0,"enemies":"3 Byrds","floor":18.0,"turns":3.0},{"damage":0.0,"enemies":"Chosen","floor":20.0,"turns":2.0},{"damage":7.0,"enemies":"Slavers","floor":23.0,"turns":4.0},{"damage":10.0,"enemies":"Sentry and Sphere","floor":25.0,"turns":4.0},{"damage":0.0,"enemies":"Chosen and Byrds","floor":27.0,"turns":5.0},{"damage":0.0,"enemies":"Shelled Parasite and Fungi","floor":29.0,"turns":2.0},{"damage":29.0,"enemies":"Book of Stabbing","floor":30.0,"turns":6.0},{"damage":33.0,"enemies":"Collector","floor":33.0,"turns":4.0},{"damage":0.0,"enemies":"3 Shapes","floor":35.0,"turns":3.0},{"damage":20.0,"enemies":"3 Darklings","floor":36.0,"turns":3.0},{"damage":0.0,"enemies":"Writhing Mass","floor":38.0,"turns":6.0},{"damage":2.0,"enemies":"Sphere and 2 Shapes","floor":39.0,"turns":8.0},{"damage":74,"enemies":"Reptomancer","floor":41,"turns":5}],"seed_played":"-7011549583139079880","potions_obtained":[{"floor":1.0,"key":"Swift Potion"},{"floor":10.0,"key":"PowerPotion"},{"floor":16.0,"key":"GamblersBrew"},{"floor":20.0,"key":"PowerPotion"},{"floor":23.0,"key":"BlessingOfTheForge"},{"floor":27.0,"key":"Poison Potion"},{"floor":33.0,"key":"Block Potion"},{"floor":36.0,"key":"PowerPotion"}],"is_trial":false,"path_per_floor":["M","M","?","M","?","R","M","R","T","M","M","T","E","M","R","B",null,"M","$","M","?","T","E","?","M","T","M","R","M","E","$","R","B",null,"M","M","?","M","M","R","E"],"character_chosen":"THE_SILENT","items_purchased":["Membership Card","Art of War"],"campfire_rested":0,"item_purchase_floors":[19,31],"current_hp_per_floor":[47,41,41,41,41,41,41,41,41,35,30,30,30,32,32,18,56,56,56,56,56,56,53,53,45,45,49,49,53,38,38,38,44,67,71,53,53,55,57,57,19,19],"gold":167,"neow_bonus":"TRANSFORM_CARD","is_daily":false,"chose_seed":false,"campfire_upgraded":6,"win_rate":0.0,"timestamp":1608973438,"path_taken":["M","M","?","M","?","R","M","R","T","M","M","?","E","M","R","BOSS","M","$","M","?","?","E","?","?","T","M","R","M","E","$","R","BOSS","M","M","?","M","?","R","E"],"items_purchased_type":["Relic","Relic"],"build_version":"2020-12-22","purchased_purges":2,"victory":false,"max_hp_per_floor":[66,66,66,66,66,66,66,66,66,66,66,66,66,68,68,68,68,68,68,68,68,68,70,70,70,70,72,72,74,74,74,74,74,74,76,76,76,76,78,78,78,78],"card_choices":[{"not_picked":["Sucker Punch","Flying Knee","Bane"],"picked":"SKIP","floor":1.0},{"not_picked":["Dodge and Roll","Choke","Blur"],"picked":"SKIP","floor":2.0},{"not_picked":["Quick Slash","Underhanded Strike","Poisoned Stab"],"picked":"SKIP","floor":4.0},{"not_picked":["Leg Sweep","Eviscerate"],"picked":"Crippling Poison","floor":7.0},{"not_picked":["Masterful Stab","Prepared"],"picked":"Deadly Poison","floor":10.0},{"not_picked":["Dagger Spray","Deadly Poison","Terror"],"picked":"SKIP","floor":11.0},{"not_picked":["Flechettes","Bouncing Flask"],"picked":"Corpse Explosion","floor":13.0},{"not_picked":["Prepared","Deadly Poison","Quick Slash"],"picked":"Singing Bowl","floor":14.0},{"not_picked":["Corpse Explosion","Tools of the Trade"],"picked":"Adrenaline","floor":16.0},{"not_picked":["PiercingWail","Quick Slash"],"picked":"Catalyst","floor":18.0},{"not_picked":["Crippling Poison","Sucker Punch"],"picked":"Tactician","floor":20.0},{"not_picked":["Deflect","Dagger Spray","Quick Slash"],"picked":"Singing Bowl","floor":23.0},{"not_picked":["Bane","Prepared"],"picked":"Footwork+1","floor":25.0},{"not_picked":["Cloak And Dagger","Dagger Spray","Dash"],"picked":"Singing Bowl","floor":27.0},{"not_picked":["Choke","Flying Knee+1","Poisoned Stab"],"picked":"Singing Bowl","floor":29.0},{"not_picked":["Deflect","Dodge and Roll"],"picked":"Night Terror","floor":30.0},{"not_picked":["Phantasmal Killer","Storm of Steel"],"picked":"Venomology","floor":33.0},{"not_picked":["Terror","Footwork","Deadly Poison+1"],"picked":"Singing Bowl","floor":35.0},{"not_picked":["Blade Dance","Bane"],"picked":"Concentrate","floor":36.0},{"not_picked":["Footwork","Sucker Punch"],"picked":"Acrobatics","floor":38.0},{"not_picked":["Slice","Masterful Stab+1","Dagger Spray"],"picked":"Singing Bowl","floor":39.0}],"player_experience":638558,"relics_obtained":[{"floor":12.0,"key":"Tough Bandages"},{"floor":13.0,"key":"Singing Bowl"},{"floor":22.0,"key":"Blood Vial"},{"floor":23.0,"key":"Pen Nib"},{"floor":26.0,"key":"TungstenRod"},{"floor":30.0,"key":"Turnip"}],"event_choices":[{"damage_healed":0.0,"max_hp_gain":0.0,"max_hp_loss":0.0,"gold_gain":0.0,"cards_transformed":["Strike_G"],"event_name":"Living Wall","player_choice":"Change","floor":3.0,"gold_loss":0.0,"damage_taken":0.0,"cards_obtained":["Riddle With Holes"]},{"damage_healed":0.0,"max_hp_gain":0.0,"max_hp_loss":0.0,"gold_gain":0.0,"event_name":"Liars Game","player_choice":"Ignored","floor":5.0,"gold_loss":0.0,"damage_taken":0.0},{"damage_healed":0.0,"max_hp_gain":0.0,"max_hp_loss":0.0,"gold_gain":0.0,"event_name":"The Mausoleum","player_choice":"Opened","floor":21.0,"gold_loss":0.0,"damage_taken":0.0,"relics_obtained":["Meat on the Bone"],"cards_obtained":["Writhe"]},{"damage_healed":0.0,"max_hp_gain":0.0,"max_hp_loss":0.0,"gold_gain":0.0,"event_name":"Addict","player_choice":"Obtained Relic","floor":24.0,"gold_loss":85.0,"damage_taken":0.0,"relics_obtained":["Pantograph"]},{"damage_healed":0.0,"max_hp_gain":0.0,"max_hp_loss":0.0,"gold_gain":0.0,"event_name":"SecretPortal","player_choice":"Ignored","floor":37.0,"gold_loss":0.0,"damage_taken":0.0}],"is_beta":false,"boss_relics":[{"not_picked":["Velvet Choker","Philosopher\u0027s Stone"],"picked":"HoveringKite"},{"not_picked":["Runic Dome","WristBlade"],"picked":"SacredBark"}],"items_purged_floors":[19,31],"is_endless":false,"potions_floor_spawned":[1,10,11,16,20,23,27,33,36],"killed_by":"Reptomancer","ascension_level":20}}