{"host":"uy3vg6glkp8m6iit","time":1608993048,"event":{"mods":["AchievementEnabler","BaseMod","Colored Map","DeckTracker","Highlight Path","Keyboard Shortcuts","Minty Spire (QoL Compilation)","Quick Restart","Random Character Button","Rare Cards Sparkle","Relic Stats","StSLib","everything is the same but u backflip on backflip"],"gold_per_floor":[20,33,33,51,71,71,90,126,126,126,201,227,63,90,90,197,197,224,224,252,164,190,190,201,237,317,317,65,65,86,110,110,206,206,219,236,111,129,129,129,129,164,164,164,14,43,43,43,43,43,43],"floor_reached":50,"playtime":1807,"items_purged":["Strike_G","Strike_G","Strike_G","Strike_G"],"score":667,"play_id":"ca039049-1514-4371-9300-4fe1c093149c","local_time":"20201226233048","is_ascension_mode":true,"campfire_choices":[{"data":"Poisoned Stab","floor":6,"key":"SMITH"},{"data":"Neutralize","floor":10,"key":"SMITH"},{"data":"Cloak And Dagger","floor":15,"key":"SMITH"},{"floor":23,"key":"REST"},{"data":"Calculated Gamble","floor":27,"key":"SMITH"},{"floor":29,"key":"REST"},{"data":"Infinite Blades","floor":32,"key":"SMITH"},{"data":"Wraith Form v2","floor":40,"key":"SMITH"},{"floor":44,"key":"REST"},{"floor":49,"key":"RECALL"}],"circlet_count":0,"master_deck":["Defend_G","Defend_G","Defend_G","Defend_G","Defend_G","Survivor","Neutralize+1","A Thousand Cuts+1","Poisoned Stab+1","Backflip","Dash","After Image","Caltrops","Slice","PiercingWail","Cloak And Dagger+1","Corpse Explosion","Cloak And Dagger+1","Acrobatics","Calculated Gamble+1","Calculated Gamble+1","Wraith Form v2+1","Blade Dance+1","Infinite Blades+1","Tactician+1","Phantasmal Killer"],"relics":["Ring of the Snake","CeramicFish","Question Card","WristBlade","Kunai","Omamori","Cursed Key","InkBottle","White Beast Statue"],"acts_visited":["Exordium","TheCity","TheBeyond"],"potions_floor_usage":[8,16,24,38,42,50],"damage_taken":[{"damage":0,"enemies":"Small Slimes","floor":1,"turns":4},{"damage":0,"enemies":"2 Louse","floor":2,"turns":5},{"damage":1,"enemies":"Cultist","floor":4,"turns":5},{"damage":3,"enemies":"3 Louse","floor":5,"turns":5},{"damage":6,"enemies":"Lots of Slimes","floor":7,"turns":6},{"damage":3,"enemies":"Gremlin Nob","floor":8,"turns":4},{"damage":1,"enemies":"Large Slime","floor":12,"turns":8},{"damage":3,"enemies":"3 Louse","floor":14,"turns":4},{"damage":27,"enemies":"Slime Boss","floor":16,"turns":9},{"damage":17,"enemies":"3 Byrds","floor":18,"turns":3},{"damage":7,"enemies":"2 Thieves","floor":20,"turns":4},{"damage":8,"enemies":"3 Cultists","floor":22,"turns":3},{"damage":1,"enemies":"Cultist and Chosen","floor":24,"turns":4},{"damage":7,"enemies":"Book of Stabbing","floor":25,"turns":7},{"damage":9,"enemies":"Centurion and Healer","floor":30,"turns":10},{"damage":6,"enemies":"Shelled Parasite and Fungi","floor":31,"turns":7},{"damage":24,"enemies":"Collector","floor":33,"turns":14},{"damage":0,"enemies":"Orb Walker","floor":35,"turns":3},{"damage":5,"enemies":"3 Darklings","floor":36,"turns":3},{"damage":0,"enemies":"Spire Growth","floor":38,"turns":5},{"damage":14,"enemies":"Reptomancer","floor":42,"turns":8},{"damage":4,"enemies":"Jaw Worm Horde","floor":46,"turns":2},{"damage":56,"enemies":"Time Eater","floor":50,"turns":4}],"seed_played":"-1340891062266079642","potions_obtained":[{"floor":4,"key":"Ancient Potion"},{"floor":5,"key":"Fire Potion"},{"floor":7,"key":"Swift Potion"},{"floor":18,"key":"GamblersBrew"},{"floor":25,"key":"Dexterity Potion"},{"floor":35,"key":"SkillPotion"},{"floor":38,"key":"Swift Potion"},{"floor":46,"key":"SkillPotion"}],"is_trial":false,"path_per_floor":["M","M","?","M","M","R","M","E","T","R","?","M","$","M","R","B",null,"M","?","M","?","M","R","M","E","T","R","$","R","M","M","R","B",null,"M","M","$","M","?","R","?","E","T","R","$","M","$","?","R","B"],"character_chosen":"THE_SILENT","items_purchased":["Slice","PiercingWail","Wraith Form v2"],"campfire_rested":3,"item_purchase_floors":[13,13,28],"current_hp_per_floor":[63,63,63,62,59,59,53,50,50,50,43,42,42,39,39,12,56,39,39,32,32,24,45,44,37,37,37,37,58,49,43,43,19,57,57,52,52,52,52,52,52,38,38,59,59,55,55,55,55,0,0],"gold":43,"neow_bonus":"THREE_RARE_CARDS","is_daily":false,"chose_seed":false,"campfire_upgraded":6,"win_rate":0.0,"timestamp":1608993048,"path_taken":["M","M","?","M","M","R","M","E","T","R","?","M","$","M","R","BOSS","M","?","M","?","M","R","?","E","T","R","$","R","M","M","R","BOSS","M","M","$","M","?","R","?","E","T","R","$","M","$","?","R","BOSS"],"items_purchased_type":["Card","Card","Card"],"build_version":"2020-12-22","purchased_purges":4,"victory":false,"max_hp_per_floor":[70,70,70,70,70,70,70,70,70,70,70,70,70,70,70,70,70,70,70,70,70,70,70,70,70,70,70,70,70,70,70,70,70,70,70,70,70,70,70,70,70,70,70,70,70,70,70,66,66,66,66],"relic_stats":{"counters":[23,127],"CeramicFish":135,"Kunai":[49],"Question Card":17,"Cursed Key":1,"obtain_stats":[{"WristBlade":17,"CeramicFish":8,"Omamori":25,"Kunai":21,"Question Card":9,"Cursed Key":34,"InkBottle":42,"White Beast Statue":43,"Ring of the Snake":0},{"WristBlade":9,"CeramicFish":6,"Omamori":14,"Kunai":11,"Question Card":6,"Cursed Key":17,"InkBottle":21,"White Beast Statue":21,"Ring of the Snake":0},{"WristBlade":50,"CeramicFish":29,"Omamori":71,"Kunai":57,"Question Card":29,"Cursed Key":102,"InkBottle":121,"White Beast Statue":121,"Ring of the Snake":0}],"InkBottle":[4],"Ring of the Snake":[46]},"card_choices":[{"not_picked":["Adrenaline","Malaise"],"picked":"A Thousand Cuts","floor":0},{"not_picked":["Backflip","Eviscerate"],"picked":"Poisoned Stab","floor":1},{"not_picked":["Setup","Flying Knee"],"picked":"Backflip","floor":2},{"not_picked":["Bane","Setup","Backflip"],"picked":"SKIP","floor":4},{"not_picked":["Backflip","Dodge and Roll"],"picked":"Dash","floor":5},{"not_picked":["Dodge and Roll","Flechettes","Underhanded Strike"],"picked":"SKIP","floor":7},{"not_picked":["PiercingWail","Expertise"],"picked":"After Image","floor":8},{"not_picked":["PiercingWail","Cloak And Dagger","Skewer"],"picked":"Caltrops","floor":12},{"not_picked":["Deflect","Bouncing Flask","Flying Knee"],"picked":"Cloak And Dagger","floor":14},{"not_picked":["Unload","Doppelganger","Phantasmal Killer"],"picked":"Corpse Explosion","floor":16},{"not_picked":["Slice","Underhanded Strike+1","Bane"],"picked":"Cloak And Dagger+1","floor":18},{"not_picked":["Dagger Spray","Dagger Throw","All Out Attack"],"picked":"Acrobatics","floor":20},{"not_picked":["Dodge and Roll","Dash","Noxious Fumes+1"],"picked":"Calculated Gamble","floor":22},{"not_picked":["Leg Sweep","Dodge and Roll","Choke","Flechettes+1"],"picked":"SKIP","floor":24},{"not_picked":["Underhanded Strike","PiercingWail+1","Outmaneuver"],"picked":"Calculated Gamble+1","floor":25},{"not_picked":["Prepared","Flechettes","Heel Hook"],"picked":"Blade Dance+1","floor":30},{"not_picked":["Deadly Poison+1","Envenom","Escape Plan+1"],"picked":"Infinite Blades","floor":31},{"not_picked":["Bane+1","Poisoned Stab","Noxious Fumes+1","Finisher+1"],"picked":"SKIP","floor":35},{"not_picked":["Distraction","Expertise+1","Outmaneuver+1","Poisoned Stab"],"picked":"SKIP","floor":36},{"not_picked":["Bane+1","Slice+1","Quick Slash+1","Sucker Punch"],"picked":"SKIP","floor":38},{"not_picked":["Flying Knee+1","Quick Slash+1","Skewer"],"picked":"Tactician+1","floor":42},{"not_picked":["Cloak And Dagger","Outmaneuver","Dagger Throw+1"],"picked":"Phantasmal Killer","floor":46}],"player_experience":1442166,"relics_obtained":[{"floor":8,"key":"CeramicFish"},{"floor":9,"key":"Question Card"},{"floor":25,"key":"Omamori"},{"floor":42,"key":"InkBottle"},{"floor":43,"key":"White Beast Statue"}],"event_choices":[{"damage_healed":0,"gold_gain":0,"player_choice":"Grow","damage_taken":0,"max_hp_gain":0,"max_hp_loss":0,"event_name":"Living Wall","floor":3,"gold_loss":0,"cards_upgraded":["A Thousand Cuts"]},{"damage_healed":0,"gold_gain":75,"player_choice":"Touch","damage_taken":7,"max_hp_gain":0,"max_hp_loss":0,"event_name":"FaceTrader","floor":11,"gold_loss":0},{"damage_healed":0,"gold_gain":0,"player_choice":"Ignored","damage_taken":0,"max_hp_gain":0,"max_hp_loss":0,"event_name":"Vampires","floor":19,"gold_loss":0},{"damage_healed":0,"gold_gain":0,"player_choice":"Paid Gold","damage_taken":0,"relics_obtained":["Kunai"],"max_hp_gain":0,"max_hp_loss":0,"event_name":"WeMeetAgain","floor":21,"gold_loss":88},{"damage_healed":0,"gold_gain":0,"player_choice":"Memory 1","damage_taken":0,"max_hp_gain":0,"max_hp_loss":0,"event_name":"SensoryStone","floor":39,"gold_loss":0},{"cards_removed":["Strike_G"],"damage_healed":0,"gold_gain":0,"player_choice":"Removed Attack","damage_taken":0,"max_hp_gain":0,"max_hp_loss":0,"event_name":"Falling","floor":41,"gold_loss":0},{"damage_healed":0,"gold_gain":0,"player_choice":"Max HP","damage_taken":0,"max_hp_gain":0,"max_hp_loss":4,"event_name":"Winding Halls","floor":48,"gold_loss":0}],"is_beta":false,"boss_relics":[{"not_picked":["Coffee Dripper","Snecko Eye"],"picked":"WristBlade"},{"not_picked":["Philosopher\u0027s Stone","SlaversCollar"],"picked":"Cursed Key"}],"items_purged_floors":[13,28,37,45],"is_endless":false,"potions_floor_spawned":[4,5,7,18,25,35,38,46],"killed_by":"Time Eater","ascension_level":7}}