{"host":"za9ilm1uiwmpmin1","time":1608943249,"event":{"mods":["AchievementEnabler","Act Like it!","BaseMod","Dota2Spire","Downfall","Friendly Minions","Gensokyo","KomeijiMod","Lobotomy","LobotomyExtend","Marisa£¨ìFÓê¡¡Ä§ÀíÉ³£©","Minty Spire (QoL Compilation)","MostiFishMod","Reorder Act Four","RumiaBox-Â¶Ã×æ«µÄÉñÃØºÐ×Ó","StSLib","TestMod","The Alterego","Waifu the Spire","[IsaacMod]ÒÔÈö¼âËþ","¡¾¹¦ÄÜMod¡¿»ìãçÖ®»·ÐÞ¸´²¹¶¡"],"gold_per_floor":[112,37,87,98,117,152,172,199,199,199,212,226,90,125,125,198,198,209,228,228,228,240,275,287,300,300,331,351,366,391,57,57,134,134,147,165,177,77,87,113,113,125,148,148,174,174,189,216,216,216,216,216,216,91,91,123,123],"floor_reached":58,"playtime":4813,"items_purged":["Strike_G","Strike_G","MostiFishMod:FrostNova","Strike_G","Strike_G"],"score":3686,"play_id":"cfc6fff0-4cf2-44cb-b744-3a7a3a19b593","local_time":"20201226084049","is_ascension_mode":true,"campfire_choices":[{"data":"christmas-Famine","floor":15.0,"key":"SMITH"},{"data":"MostiFishMod:Dislodge","floor":32.0,"key":"SMITH"},{"data":"Accuracy","floor":41.0,"key":"SMITH"},{"floor":49.0,"key":"RECALL"},{"data":"After Image","floor":55,"key":"SMITH"}],"circlet_count":0,"master_deck":["Strike_G","Defend_G","Defend_G","Defend_G","Defend_G","Survivor","Acrobatics","Blade Dance","Venomology","christmas-Famine+1","Accuracy+1","After Image+1","MostiFishMod:Dislodge+1","MostiFishMod:LethalBlade","Backflip","MostiFishMod:WinterMarkForm","Terror+1"],"relics":["DaveBox","HushsDoor","testmod-TestBox","testmod-GiftOfSatan","BookOfRevelations","ChiXiaoBlade","Coffee Dripper","LetterFromLob","DeathBook","Potion Belt","BookofShadows","Dota2Spire:EtherealBlade","Gensokyo:NagashiBinaDoll","Medical Kit","Dream Catcher","FeatherPendant","Gensokyo:SongOfSouls","Dota2Spire:UrnOfShadows","MagicDraw3","Dota2Spire:ArcaneBoots","HornCleat","BionicSphere","FrostBlade","Shuriken","GuppysPaw","HoshigumaDish","D4","Dota2Spire:MantaStyle"],"acts_visited":["Exordium","Gensokyo:Gensokyo","Gensokyo:Gensokyoer","TheEnding"],"potions_floor_usage":[57,57,57,57,57,57,57,57],"damage_taken":[{"damage":5.0,"enemies":"Gensokyo:Python","floor":1.0,"turns":4.0},{"damage":4.0,"enemies":"Hiden Room Battle","floor":3.0,"turns":2.0},{"damage":0.0,"enemies":"Gensokyo:2_Kodama","floor":4.0,"turns":4.0},{"damage":3.0,"enemies":"Gensokyo:Gryphon","floor":5.0,"turns":5.0},{"damage":0.0,"enemies":"Gensokyo:Mamizou","floor":6.0,"turns":15.0},{"damage":0.0,"enemies":"Gensokyo:CorruptedTreant","floor":7.0,"turns":1.0},{"damage":0.0,"enemies":"Gensokyo:Cirno","floor":8.0,"turns":4.0},{"damage":11.0,"enemies":"Gensokyo:3_Kodama","floor":11.0,"turns":4.0},{"damage":5.0,"enemies":"Gensokyo:Gryphon_and_Rabbit","floor":12.0,"turns":3.0},{"damage":54.0,"enemies":"Gensokyo:Mamizou","floor":14.0,"turns":9.0},{"damage":0.0,"enemies":"Gensokyo:Reimu","floor":16.0,"turns":6.0},{"damage":0.0,"enemies":"Gensokyo:AngelMirror","floor":18.0,"turns":1.0},{"damage":0.0,"enemies":"Gensokyo:Chomper","floor":19.0,"turns":1.0},{"damage":0.0,"enemies":"Gensokyo:Wraith","floor":22.0,"turns":6.0},{"damage":0.0,"enemies":"Gensokyo:Koishi","floor":23.0,"turns":4.0},{"damage":0.0,"enemies":"Gensokyo:3_Gloops","floor":24.0,"turns":6.0},{"damage":0.0,"enemies":"Gensokyo:Slime_Group","floor":25.0,"turns":4.0},{"damage":0.0,"enemies":"Gensokyo:Reisen","floor":27.0,"turns":3.0},{"damage":0.0,"enemies":"Gensokyo:Wraith","floor":28.0,"turns":6.0},{"damage":0.0,"enemies":"Gensokyo:3_Gloops","floor":29.0,"turns":6.0},{"damage":0.0,"enemies":"Gensokyo:Koishi","floor":30.0,"turns":2.0},{"damage":0.0,"enemies":"Gensokyo:Eternal_Rivals","floor":33.0,"turns":2.0},{"damage":0.0,"enemies":"Gensokyo:3_Boulders","floor":35.0,"turns":5.0},{"damage":0.0,"enemies":"Gensokyo:3_Bats","floor":36.0,"turns":5.0},{"damage":0.0,"enemies":"Gensokyo:3_Boulders","floor":37.0,"turns":3.0},{"damage":0.0,"enemies":"Gensokyo:Rafflesia","floor":39.0,"turns":3.0},{"damage":0.0,"enemies":"Gensokyo:Kasen","floor":40.0,"turns":4.0},{"damage":0.0,"enemies":"Gensokyo:Dusk_and_Dawn","floor":42.0,"turns":2.0},{"damage":0.0,"enemies":"Gensokyo:Doremy","floor":45.0,"turns":4.0},{"damage":0.0,"enemies":"Gensokyo:3_Boulders","floor":47.0,"turns":3.0},{"damage":0.0,"enemies":"Gensokyo:Kasen","floor":48.0,"turns":2.0},{"damage":0,"enemies":"Gensokyo:Scarlet_Devils","floor":50,"turns":11},{"damage":0,"enemies":"Gensokyo:Yuyuko","floor":51,"turns":3},{"damage":0,"enemies":"Shield and Spear","floor":56,"turns":2},{"damage":0,"enemies":"The Heart","floor":57,"turns":4}],"seed_played":"-5150332119418043115","potions_obtained":[{"floor":4.0,"key":"testmod-TestPotion"},{"floor":28.0,"key":"hexamod:EctoCoolerPotion"},{"floor":29.0,"key":"Dexterity Potion"}],"is_trial":false,"path_per_floor":["M","$","?","M","M","E","M","E","T","?","M","M","COS","E","R","B",null,"M","M","?","?","M","E","M","M","T","E","M","M","E","$","R","B",null,"M","M","M","$","M","E","R","M","T","?","E","?","M","E","R","B","B",null,null,"$","R","E","B",null],"character_chosen":"THE_SILENT","items_purchased":["After Image","MostiFishMod:Dislodge","BionicSphere"],"campfire_rested":0,"item_purchase_floors":[17,17,31],"current_hp_per_floor":[69,69,50,70,79,86,86,93,93,93,105,118,118,71,71,101,113,124,124,124,124,131,131,152,159,159,166,173,194,201,201,201,215,208,222,241,262,262,267,274,274,288,288,288,295,295,316,323,323,330,337,337,337,337,337,351,351],"gold":123,"neow_bonus":"BOSS_RELIC","is_daily":false,"chose_seed":false,"campfire_upgraded":4,"win_rate":0.0,"timestamp":1608943249,"path_taken":["M","?","?","M","M","E","?","E","T","?","M","M","COS","E","R","BOSS","M","M","?","?","M","E","M","M","T","E","M","?","E","?","R","BOSS","M","M","M","$","M","E","R","M","T","?","E","?","M","E","R","BOSS","BOSS","$","R","E","BOSS"],"items_purchased_type":["Card","Card","Relic"],"build_version":"2020-12-22","purchased_purges":5,"victory":true,"max_hp_per_floor":[71,71,71,81,86,93,93,93,93,93,108,118,118,125,125,130,117,124,124,124,124,131,131,152,159,159,166,173,194,201,201,201,215,208,222,241,262,262,267,274,274,288,288,288,295,295,316,323,323,330,337,337,337,337,337,351,351],"card_choices":[{"not_picked":[],"picked":"Bomb","floor":0.0},{"not_picked":["Deadly Poison","MostiFishMod:FrostNova","Riddle With Holes"],"picked":"SKIP","floor":1.0},{"not_picked":["Deadly Poison","Outmaneuver"],"picked":"Acrobatics","floor":3.0},{"not_picked":["Prepared","Outmaneuver","Wraith Form v2"],"picked":"SKIP","floor":4.0},{"not_picked":["christmas-Plague","christmas-Death","christmas-War"],"picked":"SKIP","floor":4.0},{"not_picked":["Outmaneuver","Accuracy","Underhanded Strike"],"picked":"SKIP","floor":5.0},{"not_picked":["MostiFishMod:InvigoratingSolution","PiercingWail"],"picked":"Blade Dance","floor":6.0},{"not_picked":["Deflect","All Out Attack"],"picked":"Venomology","floor":7.0},{"not_picked":["Dagger Spray","MostiFishMod:PerfectParry","Setup"],"picked":"SKIP","floor":8.0},{"not_picked":["christmas-War","christmas-Death"],"picked":"christmas-Famine","floor":11.0},{"not_picked":["Sucker Punch","Quick Slash","Deflect"],"picked":"SKIP","floor":11.0},{"not_picked":["Slice","Dagger Throw","Bane"],"picked":"SKIP","floor":12.0},{"not_picked":["Deflect","Flying Knee","Accuracy"],"picked":"SKIP","floor":14.0},{"not_picked":["Deflect","Flying Knee"],"picked":"Accuracy","floor":14.0},{"not_picked":["Blade Dance","Prepared+1","Quick Slash"],"picked":"SKIP","floor":18.0},{"not_picked":["Poisoned Stab","Dagger Spray","Tactician"],"picked":"SKIP","floor":19.0},{"not_picked":["christmas-War","christmas-Death","christmas-Famine"],"picked":"SKIP","floor":19.0},{"not_picked":["Setup","Infinite Blades","Choke"],"picked":"SKIP","floor":22.0},{"not_picked":["MostiFishMod:VineMother","Caltrops","Catalyst"],"picked":"SKIP","floor":23.0},{"not_picked":["Acrobatics","Deflect"],"picked":"Backflip","floor":24.0},{"not_picked":["Prepared","Cloak And Dagger","Slice"],"picked":"SKIP","floor":25.0},{"not_picked":["Setup","A Thousand Cuts","Poisoned Stab"],"picked":"SKIP","floor":27.0},{"not_picked":["Blade Dance+1","Endless Agony","Quick Slash"],"picked":"SKIP","floor":28.0},{"not_picked":["Underhanded Strike","Crippling Poison+1","Noxious Fumes"],"picked":"SKIP","floor":29.0},{"not_picked":["Acrobatics","Riddle With Holes","Outmaneuver"],"picked":"SKIP","floor":30.0},{"not_picked":["Quick Slash","Catalyst","Bane"],"picked":"SKIP","floor":35.0},{"not_picked":["Quick Slash","Catalyst","Bane"],"picked":"SKIP","floor":35.0},{"not_picked":["Slice","Footwork","Blade Dance"],"picked":"SKIP","floor":36.0},{"not_picked":["PiercingWail+1","Dash","Blade Dance+1"],"picked":"SKIP","floor":37.0},{"not_picked":["Tactician","Bane+1","Blur"],"picked":"SKIP","floor":39.0},{"not_picked":["Sucker Punch+1","Reflex","MostiFishMod:PreservedThorns"],"picked":"SKIP","floor":40.0},{"not_picked":["christmas-Plague","christmas-Death","christmas-War+1"],"picked":"SKIP","floor":40.0},{"not_picked":["Footwork","Cloak And Dagger","Riddle With Holes"],"picked":"SKIP","floor":42.0},{"not_picked":["Flying Knee","PiercingWail+1","Underhanded Strike"],"picked":"SKIP","floor":45.0},{"not_picked":["Dagger Throw","Backflip"],"picked":"Terror+1","floor":47.0},{"not_picked":["Deadly Poison+1","Tools of the Trade","Prepared"],"picked":"SKIP","floor":48.0},{"not_picked":["Deflect","MostiFishMod:LethalBlade","Deadly Poison+1"],"picked":"SKIP","floor":56}],"player_experience":1201069,"relics_obtained":[{"floor":1.0,"key":"LetterFromLob"},{"floor":3.0,"key":"DeathBook"},{"floor":3.0,"key":"Potion Belt"},{"floor":6.0,"key":"BookofShadows"},{"floor":8.0,"key":"Dota2Spire:EtherealBlade"},{"floor":14.0,"key":"Dream Catcher"},{"floor":23.0,"key":"Dota2Spire:UrnOfShadows"},{"floor":26.0,"key":"MagicDraw3"},{"floor":27.0,"key":"Dota2Spire:ArcaneBoots"},{"floor":30.0,"key":"HornCleat"},{"floor":40.0,"key":"Shuriken"},{"floor":43.0,"key":"GuppysPaw"},{"floor":45.0,"key":"HoshigumaDish"},{"floor":48.0,"key":"D4"},{"floor":56,"key":"Dota2Spire:MantaStyle"}],"event_choices":[{"damage_healed":0.0,"max_hp_gain":0.0,"max_hp_loss":0.0,"gold_gain":0.0,"event_name":"HidenRoomEvent","player_choice":"Fight","floor":3.0,"gold_loss":0.0,"damage_taken":0.0}],"is_beta":false,"boss_relics":[{"not_picked":["Cursed Key","NightmareShop"],"picked":"FeatherPendant"},{"not_picked":[]},{"not_picked":["testmod-DeterminationOfClimber","DiscerningMonocle"],"picked":"FrostBlade"},{"not_picked":[]}],"items_purged_floors":[2,17,34,38,54],"is_endless":false,"potions_floor_spawned":[4,12,14,18,19,22,28,29,33,36,37,45],"ascension_level":20}}