{"host":"dl7h25vjpuplx29g","time":1608993269,"event":{"mods":["BaseMod","Colored Map","Minty Spire (QoL Compilation)"],"gold_per_floor":[115,130,130,149,167,167,10,10,10,37,55,90,109,128,128,205,205,218,234,234,251,151,151,182,182,182,182,182,196,296,307,307,381,381,399,414,414,414,427,453,453,481,481,498,448,448,245,245,245,245,245,245,3,32,32,32],"floor_reached":55,"playtime":23613,"items_purged":["Strike_B","Defend_B","Shame","Go for the Eyes"],"score":1340,"play_id":"7b9276b6-8b73-467f-8daa-d8dd923db707","local_time":"20201226233429","is_ascension_mode":true,"campfire_choices":[{"data":"Hyperbeam","floor":6.0,"key":"SMITH"},{"data":"Reprogram","floor":8.0,"key":"SMITH"},{"data":"Hologram","floor":15.0,"key":"SMITH"},{"data":"Self Repair","floor":23.0,"key":"SMITH"},{"data":"Hologram","floor":25.0,"key":"SMITH"},{"floor":28.0,"key":"RECALL"},{"floor":32,"key":"REST"},{"data":"Reprogram","floor":41,"key":"SMITH"},{"data":"Fusion","floor":46,"key":"SMITH"},{"floor":49,"key":"REST"},{"data":"Madness","floor":52,"key":"SMITH"}],"circlet_count":0,"master_deck":["AscendersBane","Defend_B","Defend_B","Defend_B","Hyperbeam+1","Hologram+1","Reprogram+1","Stack","Steam","Conserve Battery","Self Repair+1","Melter","Hologram+1","Conserve Battery","All For One","Chaos+1","Force Field+1","Leap+1","Sweeping Beam","Gash","Reprogram+1","All For One","Go for the Eyes+1","Turbo","Madness+1","Madness","Beam Cell","Fusion+1","Good Instincts","Gash+1"],"relics":["Cracked Core","Strawberry","Singing Bowl","Pocketwatch","Astrolabe","Question Card","Smiling Mask","Mango","Mercury Hourglass","Cursed Key","Anchor","StoneCalendar","OrangePellets","Lee\u0027s Waffle","Happy Flower"],"acts_visited":["Exordium","TheCity","TheBeyond","TheEnding"],"potions_floor_usage":[50,54,55,55],"damage_taken":[{"damage":0.0,"enemies":"Small Slimes","floor":1.0,"turns":3.0},{"damage":0.0,"enemies":"Cultist","floor":2.0,"turns":2.0},{"damage":0.0,"enemies":"2 Louse","floor":4.0,"turns":1.0},{"damage":8.0,"enemies":"2 Fungi Beasts","floor":5.0,"turns":2.0},{"damage":25.0,"enemies":"Gremlin Nob","floor":10.0,"turns":4.0},{"damage":0.0,"enemies":"3 Louse","floor":11.0,"turns":4.0},{"damage":0.0,"enemies":"3 Sentries","floor":12.0,"turns":2.0},{"damage":0.0,"enemies":"Large Slime","floor":13.0,"turns":3.0},{"damage":0.0,"enemies":"2 Fungi Beasts","floor":14.0,"turns":3.0},{"damage":40.0,"enemies":"Hexaghost","floor":16.0,"turns":12.0},{"damage":28.0,"enemies":"3 Byrds","floor":18.0,"turns":3.0},{"damage":19.0,"enemies":"Shell Parasite","floor":19.0,"turns":6.0},{"damage":10.0,"enemies":"Shelled Parasite and Fungi","floor":21.0,"turns":5.0},{"damage":0.0,"enemies":"Slavers","floor":24.0,"turns":1.0},{"damage":16.0,"enemies":"Chosen and Byrds","floor":29.0,"turns":5.0},{"damage":27,"enemies":"Colosseum Slavers","floor":30,"turns":2},{"damage":14,"enemies":"Colosseum Nobs","floor":30,"turns":3},{"damage":17,"enemies":"Snake Plant","floor":31,"turns":5},{"damage":37,"enemies":"Champ","floor":33,"turns":12},{"damage":11,"enemies":"3 Darklings","floor":35,"turns":3},{"damage":0,"enemies":"3 Shapes","floor":36,"turns":3},{"damage":24,"enemies":"Writhing Mass","floor":39,"turns":9},{"damage":26,"enemies":"Reptomancer","floor":40,"turns":8},{"damage":5,"enemies":"Nemesis","floor":42,"turns":9},{"damage":20,"enemies":"Maw","floor":44,"turns":8},{"damage":80,"enemies":"Donu and Deca","floor":50,"turns":8},{"damage":80,"enemies":"Shield and Spear","floor":54,"turns":5},{"damage":72,"enemies":"The Heart","floor":55,"turns":3}],"seed_played":"2436689197756800427","potions_obtained":[{"floor":1.0,"key":"Strength Potion"},{"floor":2.0,"key":"CultistPotion"},{"floor":11.0,"key":"LiquidMemories"},{"floor":19.0,"key":"Ancient Potion"},{"floor":29.0,"key":"Dexterity Potion"},{"floor":31,"key":"DuplicationPotion"},{"floor":40,"key":"EntropicBrew"},{"floor":54,"key":"SneckoOil"}],"is_trial":false,"path_per_floor":["M","M","?","M","M","R","$","R","T","E","M","E","M","M","R","B",null,"M","M","?","M","$","R","E","R","T","?","R","M","?","M","R","B",null,"M","M","?","?","M","E","R","E","T","M","$","R","$","?","R","B",null,"R","$","E","B"],"character_chosen":"DEFECT","items_purchased":["Self Repair","OrangePellets","Lee\u0027s Waffle","Good Instincts"],"campfire_rested":2,"item_purchase_floors":[7,47,53,53],"current_hp_per_floor":[68,68,68,68,60,60,60,60,67,49,58,58,67,74,74,41,75,47,37,66,63,63,63,63,63,63,63,63,57,40,33,63,38,88,87,97,84,84,70,56,56,63,63,53,53,53,53,53,85,15,85,85,115,45,0,0],"gold":32,"neow_bonus":"ONE_RANDOM_RARE_CARD","is_daily":false,"chose_seed":false,"campfire_upgraded":8,"win_rate":0.0,"timestamp":1608993269,"path_taken":["M","M","?","M","M","R","$","R","T","E","M","E","?","M","R","BOSS","M","M","?","M","$","R","E","R","T","?","R","M","?","M","R","BOSS","M","M","?","?","M","E","R","E","T","M","$","R","$","?","R","BOSS","R","$","E","BOSS"],"items_purchased_type":["Card","Relic","Relic","Card"],"build_version":"2020-12-22","purchased_purges":4,"victory":false,"max_hp_per_floor":[75,75,75,75,75,75,75,75,82,82,84,84,86,86,86,86,86,86,88,88,88,88,88,88,88,88,88,88,88,102,102,102,104,104,104,104,104,104,104,106,106,108,108,108,108,108,108,108,108,108,108,108,115,115,115,115],"card_choices":[{"not_picked":["Blizzard","Loop"],"picked":"Hologram","floor":1.0},{"not_picked":["Beam Cell","Capacitor"],"picked":"Reprogram","floor":2.0},{"not_picked":["Barrage","Rebound"],"picked":"Steam","floor":4.0},{"not_picked":["Aggregate","Ball Lightning"],"picked":"Conserve Battery","floor":5.0},{"not_picked":["Turbo","Buffer"],"picked":"Melter","floor":10.0},{"not_picked":["Compile Driver","Leap","Streamline"],"picked":"Singing Bowl","floor":11.0},{"not_picked":["Heatsinks","Glacier"],"picked":"Hologram","floor":12.0},{"not_picked":["Hologram","Capacitor","Chill"],"picked":"Singing Bowl","floor":13.0},{"not_picked":["Stack","Leap"],"picked":"Conserve Battery","floor":14.0},{"not_picked":["Rainbow","Buffer"],"picked":"All For One","floor":16.0},{"not_picked":["Conserve Battery","Self Repair"],"picked":"Sweeping Beam","floor":18.0},{"not_picked":["Leap","Tempest","Rainbow"],"picked":"Singing Bowl","floor":19.0},{"not_picked":["Redo","Stack"],"picked":"Gash","floor":21.0},{"not_picked":["Stack","Genetic Algorithm"],"picked":"Gash","floor":24.0},{"not_picked":["Coolheaded+1","Beam Cell","Streamline"],"picked":"Go for the Eyes","floor":29.0},{"not_picked":["Steam","White Noise","Capacitor"],"picked":"Reprogram","floor":30},{"not_picked":["White Noise","Go for the Eyes+1","Turbo"],"picked":"All For One","floor":31},{"not_picked":["Electrodynamics","Multi-Cast","Amplify","Buffer"],"picked":"Singing Bowl","floor":33},{"not_picked":["Stack","Leap","Coolheaded+1"],"picked":"Go for the Eyes+1","floor":35},{"not_picked":["Gash","Go for the Eyes","Streamline+1"],"picked":"Turbo","floor":36},{"not_picked":["Barrage+1","Compile Driver","Undo"],"picked":"Beam Cell","floor":39},{"not_picked":["Streamline","Compile Driver","White Noise","Reinforced Body"],"picked":"Singing Bowl","floor":40},{"not_picked":["Genetic Algorithm","Go for the Eyes","Electrodynamics","Stack"],"picked":"Singing Bowl","floor":42},{"not_picked":["FTL","Heatsinks+1","Go for the Eyes"],"picked":"Fusion","floor":44},{"not_picked":["Barrage","Ball Lightning","Auto Shields"],"picked":"Gash+1","floor":54}],"player_experience":1208802,"relics_obtained":[{"floor":9.0,"key":"Strawberry"},{"floor":10.0,"key":"Singing Bowl"},{"floor":12.0,"key":"Pocketwatch"},{"floor":24.0,"key":"Question Card"},{"floor":26.0,"key":"Smiling Mask"},{"floor":30,"key":"Mango"},{"floor":30,"key":"Mercury Hourglass"},{"floor":40,"key":"Anchor"},{"floor":42,"key":"StoneCalendar"},{"floor":54,"key":"Happy Flower"}],"event_choices":[{"damage_healed":0.0,"max_hp_gain":0.0,"max_hp_loss":0.0,"gold_gain":0.0,"cards_transformed":["Strike_B"],"event_name":"Transmorgrifier","player_choice":"Transformed","floor":3.0,"gold_loss":0.0,"damage_taken":0.0,"cards_obtained":["Stack"]},{"damage_healed":29.0,"max_hp_gain":0.0,"max_hp_loss":0.0,"gold_gain":0.0,"event_name":"The Library","player_choice":"Heal","floor":20.0,"gold_loss":0.0,"damage_taken":0.0},{"cards_removed":["Strike_B"],"damage_healed":0.0,"max_hp_gain":0.0,"max_hp_loss":0.0,"gold_gain":0.0,"event_name":"Back to Basics","player_choice":"Elegance","floor":27.0,"gold_loss":0.0,"damage_taken":0.0},{"damage_healed":0,"gold_gain":0,"player_choice":"Fight","damage_taken":0,"max_hp_gain":0,"max_hp_loss":0,"event_name":"Colosseum","floor":30,"gold_loss":0},{"damage_healed":0,"gold_gain":0,"player_choice":"Fought Nobs","damage_taken":0,"max_hp_gain":0,"max_hp_loss":0,"event_name":"Colosseum","floor":30,"gold_loss":0},{"damage_healed":0,"gold_gain":0,"player_choice":"Embrace Madness","damage_taken":13,"max_hp_gain":0,"max_hp_loss":0,"event_name":"Winding Halls","floor":37,"gold_loss":0,"cards_obtained":["Madness","Madness"]},{"cards_removed":["Gash"],"damage_healed":0,"gold_gain":0,"player_choice":"Removed Attack","damage_taken":0,"max_hp_gain":0,"max_hp_loss":0,"event_name":"Falling","floor":38,"gold_loss":0},{"damage_healed":0,"gold_gain":0,"player_choice":"Ignored","damage_taken":0,"max_hp_gain":0,"max_hp_loss":0,"event_name":"Mysterious Sphere","floor":48,"gold_loss":0}],"is_beta":false,"boss_relics":[{"not_picked":["Ectoplasm","SlaversCollar"],"picked":"Astrolabe"},{"not_picked":["Calling Bell","Runic Dome"],"picked":"Cursed Key"}],"items_purged_floors":[7,22,45,47],"is_endless":false,"potions_floor_spawned":[1,2,11,14,16,19,21,29,30,31,40,54],"killed_by":"The Heart","ascension_level":13}}