{"host":"0jm2u9rma46qko29","time":1608965196,"event":{"mods":["Act Like it!","BaseMod","Better Altar","Better Note","Better Skull","Better Third Choice","CapriCore","Friendly Minions","Hermit","JesterMod","Marisa????????","Minty Spire (QoL Compilation)","Relic Stats","Robot Space Explorer","Shade Mod","Shop Mod","StSLib","The Marked","UnlockEverythingMod","Waifu the Spire"],"gold_per_floor":[112,37,37,37,52,52,82,82,82,82,98,98,122,135,135,237,237,252,252,263,277,277,277,20,46,46,61,80,5,5,5,5,105,105,117,117,117,117],"floor_reached":37,"playtime":4728,"items_purged":["theMarked:Strike"],"score":410,"play_id":"f8f2d204-5a4b-4993-8ac1-3728dcd15ce9","local_time":"20201226004636","is_ascension_mode":false,"campfire_choices":[{"data":"theMarked:Reabsorb","floor":6,"key":"SMITH"},{"data":"theMarked:EternalStudent","floor":10,"key":"SMITH"},{"data":"theMarked:SoldierOfQuellstein","floor":12,"key":"SMITH"},{"data":"theMarked:SoldierOfQuellstein","floor":15,"key":"SMITH"},{"data":"theMarked:Electrocute","floor":23,"key":"SMITH"},{"floor":30,"key":"REST"},{"data":"theMarked:StartUp","floor":32,"key":"SMITH"}],"circlet_count":0,"master_deck":["theMarked:Strike","theMarked:Defend","theMarked:Defend","theMarked:Defend","theMarked:Defend","theMarked:SoldierOfQuellstein+1","theMarked:Reabsorb+1","theMarked:MagicAdept","theMarked:EnhancedHearing+1","theMarked:EternalStudent+1","theMarked:SoldierOfQuellstein+1","theMarked:RogueSparks+1","theMarked:ParalyzingBlade","theMarked:ChainLightning","theMarked:HeightenedSenses","theMarked:MuscleMemory","theMarked:SwordAndMagic+1","Pain","theMarked:Indomitable","theMarked:Electrocute+1","theMarked:ComboAttacks+1","theMarked:StartUp+1","theMarked:Static","theMarked:StartUp+1","theMarked:TwofoldDefense","theMarked:BindingBlade","theMarked:Static+1","theMarked:MaelstromOfLightning+1","theMarked:EternalStudent+1"],"relics":["theMarked:ArtifactOfAir","NeowsBlessing","Frozen Egg 2","Peace Pipe","Ornamental Fan","Odd Mushroom","theMarked:SpiritSword","WarpedTongs","Strange Spoon","WingedGreaves","theMarked:NailFile","Astrolabe"],"acts_visited":["Exordium","TheCity","TheBeyond"],"potions_floor_usage":[14,16,25,28,28,33,33],"damage_taken":[{"damage":0,"enemies":"Cultist","floor":1,"turns":1},{"damage":0,"enemies":"Small Slimes","floor":5,"turns":1},{"damage":0,"enemies":"Lagavulin","floor":7,"turns":3},{"damage":0,"enemies":"2 Louse","floor":11,"turns":2},{"damage":6,"enemies":"The Mushroom Lair","floor":13,"turns":4},{"damage":4,"enemies":"Blue Slaver","floor":14,"turns":3},{"damage":47,"enemies":"Slime Boss","floor":16,"turns":13},{"damage":2,"enemies":"3 Byrds","floor":18,"turns":6},{"damage":5,"enemies":"Spheric Guardian","floor":20,"turns":3},{"damage":13,"enemies":"Snake Plant","floor":21,"turns":3},{"damage":16,"enemies":"Book of Stabbing","floor":25,"turns":5},{"damage":15,"enemies":"Snecko","floor":27,"turns":4},{"damage":9,"enemies":"Centurion and Healer","floor":28,"turns":4},{"damage":28,"enemies":"Collector","floor":33,"turns":10},{"damage":26,"enemies":"Orb Walker","floor":35,"turns":3},{"damage":50,"enemies":"3 Darklings","floor":37,"turns":5}],"seed_played":"-7340227500600930658","potions_obtained":[{"floor":1,"key":"Regen Potion"},{"floor":5,"key":"AttackPotion"},{"floor":14,"key":"Energy Potion"},{"floor":16,"key":"SkillPotion"},{"floor":21,"key":"Dexterity Potion"},{"floor":27,"key":"Block Potion"},{"floor":28,"key":"Fruit Juice"}],"is_trial":false,"path_per_floor":["M","$","?","?","M","R","E","?","T","R","M","R","?","M","R","B",null,"M","?","M","M","?","R","$","E","T","M","M","$","R","$","R","B",null,"M","?","M"],"character_chosen":"THE_DEFAULT","items_purchased":["theMarked:MagicAdept","theMarked:ComboAttacks+1","theMarked:StartUp","Strange Spoon"],"campfire_rested":1,"item_purchase_floors":[2,24,24,24],"current_hp_per_floor":[70,70,70,67,67,67,67,67,67,67,67,67,61,57,57,10,70,68,68,63,50,50,50,50,34,34,19,15,15,37,37,37,24,75,49,49,0,0],"gold":117,"neow_bonus":"THREE_ENEMY_KILL","is_daily":false,"chose_seed":false,"campfire_upgraded":6,"win_rate":0.0,"timestamp":1608965196,"path_taken":["M","$","?","?","M","R","E","?","T","R","?","R","?","M","R","BOSS","M","?","M","M","?","R","$","E","T","?","M","$","R","?","R","BOSS","M","?","M"],"items_purchased_type":["Card","Card","Card","Relic"],"build_version":"2020-12-22","purchased_purges":1,"victory":false,"max_hp_per_floor":[70,70,70,70,70,70,70,70,70,70,70,70,70,70,70,70,70,70,70,70,70,70,70,70,70,70,70,75,75,75,75,75,75,75,75,75,75,75],"relic_stats":{"Peace Pipe":0,"Strange Spoon":[14],"counters":[16,70],"Ornamental Fan":[56],"Astrolabe":["theMarked:Static","theMarked:MaelstromOfLightning","theMarked:EternalStudent"],"obtain_stats":[{"Peace Pipe":7,"theMarked:ArtifactOfAir":0,"Strange Spoon":24,"theMarked:NailFile":26,"NeowsBlessing":0,"Ornamental Fan":9,"Astrolabe":34,"theMarked:SpiritSword":17,"WingedGreaves":25,"Frozen Egg 2":4,"Odd Mushroom":13,"WarpedTongs":19},{"Peace Pipe":3,"theMarked:ArtifactOfAir":0,"Strange Spoon":10,"theMarked:NailFile":11,"NeowsBlessing":0,"Ornamental Fan":3,"Astrolabe":14,"theMarked:SpiritSword":7,"WingedGreaves":11,"Frozen Egg 2":1,"Odd Mushroom":5,"WarpedTongs":8},{"Peace Pipe":5,"theMarked:ArtifactOfAir":0,"Strange Spoon":39,"theMarked:NailFile":44,"NeowsBlessing":0,"Ornamental Fan":5,"Astrolabe":62,"theMarked:SpiritSword":27,"WingedGreaves":44,"Frozen Egg 2":1,"Odd Mushroom":11,"WarpedTongs":33}],"WarpedTongs":[37]},"card_choices":[{"not_picked":["theMarked:Improvise","theMarked:SwordAndMagic"],"picked":"theMarked:Reabsorb","floor":1},{"not_picked":["theMarked:Electrocute","theMarked:Static"],"picked":"theMarked:EnhancedHearing+1","floor":5},{"not_picked":["theMarked:Improvise","theMarked:MysticalArsenal+1"],"picked":"theMarked:EternalStudent","floor":7},{"not_picked":["theMarked:WastefulAttack","theMarked:EmpowerWeapon"],"picked":"theMarked:ParalyzingBlade","floor":11},{"not_picked":["theMarked:Seal","theMarked:ParalyzingBlade"],"picked":"theMarked:ChainLightning","floor":13},{"not_picked":["theMarked:EmpowerWeapon","theMarked:Parkour"],"picked":"theMarked:HeightenedSenses","floor":14},{"not_picked":["theMarked:Levitate","theMarked:DispelDoubt"],"picked":"theMarked:MuscleMemory","floor":16},{"not_picked":["theMarked:TunnelVision+1","theMarked:Frustration"],"picked":"theMarked:SwordAndMagic+1","floor":18},{"not_picked":["theMarked:BanishingStrike","theMarked:ElectricStrings+1"],"picked":"theMarked:Indomitable","floor":20},{"not_picked":["theMarked:Static","theMarked:TakeCover"],"picked":"theMarked:Electrocute","floor":21},{"not_picked":["theMarked:Electrocute","theMarked:BanishingWave"],"picked":"theMarked:Static","floor":25},{"not_picked":["theMarked:Reabsorb+1","theMarked:EmpowerWeapon"],"picked":"theMarked:StartUp+1","floor":27},{"not_picked":["theMarked:PowerFlow","theMarked:Improvise"],"picked":"theMarked:TwofoldDefense","floor":28},{"not_picked":["theMarked:Challenge","theMarked:EternalStudent"],"picked":"theMarked:BindingBlade","floor":33},{"not_picked":["theMarked:RogueSparks+1","theMarked:Parkour+1","theMarked:SwordAndMagic+1"],"picked":"SKIP","floor":35}],"player_experience":166660,"relics_obtained":[{"floor":7,"key":"Peace Pipe"},{"floor":9,"key":"Ornamental Fan"},{"floor":13,"key":"Odd Mushroom"},{"floor":25,"key":"WingedGreaves"},{"floor":26,"key":"theMarked:NailFile"}],"event_choices":[{"damage_healed":0,"gold_gain":0,"player_choice":"Leave","damage_taken":0,"max_hp_gain":0,"max_hp_loss":0,"event_name":"The Cleric","floor":3,"gold_loss":0},{"damage_healed":0,"gold_gain":0,"player_choice":"Relic ","damage_taken":3,"max_hp_gain":0,"max_hp_loss":0,"event_name":"betterThird:BetterScrap","floor":4,"gold_loss":0,"cards_obtained":["Reprogram"]},{"damage_healed":0,"gold_gain":0,"player_choice":"2 cards matched","damage_taken":0,"max_hp_gain":0,"max_hp_loss":0,"event_name":"Match and Keep!","floor":8,"gold_loss":0,"cards_obtained":["theMarked:SoldierOfQuellstein","theMarked:RogueSparks"]},{"damage_healed":0,"gold_gain":0,"player_choice":"Fought Mushrooms","damage_taken":0,"max_hp_gain":0,"max_hp_loss":0,"event_name":"Mushrooms","floor":13,"gold_loss":0},{"damage_healed":0,"gold_gain":0,"player_choice":"Rummage","damage_taken":0,"relics_obtained":["WarpedTongs"],"max_hp_gain":0,"max_hp_loss":0,"event_name":"Accursed Blacksmith","floor":19,"gold_loss":0,"cards_obtained":["Pain"]},{"damage_healed":0,"gold_gain":0,"player_choice":"Ignored","damage_taken":0,"max_hp_gain":0,"max_hp_loss":0,"event_name":"betterNote:BetterNote","floor":22,"gold_loss":0,"cards_obtained":["Creative AI"]},{"damage_healed":0,"gold_gain":0,"player_choice":"Ignored","damage_taken":0,"max_hp_gain":0,"max_hp_loss":0,"event_name":"Mysterious Sphere","floor":36,"gold_loss":0}],"is_beta":false,"boss_relics":[{"not_picked":["Runic Pyramid","Tiny House"],"picked":"theMarked:SpiritSword"},{"not_picked":["SacredBark","Runic Dome"],"picked":"Astrolabe"}],"items_purged_floors":[29],"is_endless":false,"potions_floor_spawned":[1,5,14,16,21,27,28],"killed_by":"3 Darklings","ascension_level":0}}