{"host":"nptej036rrbiurf5","time":1608994233,"event":{"mods":["BaseMod","Colored Map","Colored Powertips","DeckTracker","Minty Spire (QoL Compilation)","StSLib","SuperFastMode"],"gold_per_floor":[114,126,126,126,142,142,156,176,222,222,222,43,8,8,8,85,135,147,159,159,159,159],"floor_reached":21,"playtime":375,"items_purged":[],"score":338,"play_id":"075c05ce-63ff-48d6-a69f-7af72e31f09e","local_time":"20201226235033","is_ascension_mode":true,"campfire_choices":[{"data":"Eruption","floor":6.0,"key":"SMITH"},{"data":"InnerPeace","floor":10.0,"key":"SMITH"},{"floor":15.0,"key":"RECALL"}],"circlet_count":0,"master_deck":["AscendersBane","Strike_P","Strike_P","Strike_P","Strike_P+1","Defend_P","Defend_P","Defend_P","Eruption+1","Vigilance","SandsOfTime+1","EmptyBody+1","InnerPeace+1","Vault+1","MentalFortress","MentalFortress+1"],"relics":["PureWater","NeowsBlessing","Eternal Feather","Omamori","Tiny House"],"acts_visited":["Exordium","TheCity"],"potions_floor_usage":[16,16],"damage_taken":[{"damage":0.0,"enemies":"Cultist","floor":1.0,"turns":1.0},{"damage":0.0,"enemies":"Jaw Worm","floor":2.0,"turns":1.0},{"damage":0.0,"enemies":"Small Slimes","floor":5.0,"turns":2.0},{"damage":6.0,"enemies":"Looter","floor":7.0,"turns":4.0},{"damage":4.0,"enemies":"3 Louse","floor":8.0,"turns":4.0},{"damage":34,"enemies":"Hexaghost","floor":16,"turns":7},{"damage":23,"enemies":"Shell Parasite","floor":18,"turns":5},{"damage":17,"enemies":"Chosen","floor":19,"turns":6},{"damage":11,"enemies":"Shelled Parasite and Fungi","floor":21,"turns":2}],"seed_played":"-2550328384485431688","potions_obtained":[{"floor":5.0,"key":"LiquidBronze"},{"floor":8.0,"key":"AttackPotion"},{"floor":16,"key":"Dexterity Potion"},{"floor":17,"key":"Dexterity Potion"},{"floor":18,"key":"Strength Potion"}],"is_trial":false,"path_per_floor":["M","M","?","?","M","R","M","M","T","R","?","$","?","?","R","B",null,"M","M","?","M"],"character_chosen":"WATCHER","items_purchased":["Vault"],"campfire_rested":0,"item_purchase_floors":[12],"current_hp_per_floor":[61,61,41,36,36,42,36,32,32,38,31,31,48,48,54,20,61,38,21,21,10,10],"gold":159,"neow_bonus":"THREE_ENEMY_KILL","is_daily":false,"chose_seed":false,"campfire_upgraded":2,"win_rate":0.0,"timestamp":1608994233,"path_taken":["M","?","?","?","M","R","M","M","T","R","?","$","?","?","R","BOSS","M","M","?","M"],"items_purchased_type":["Card"],"build_version":"2020-12-22","purchased_purges":0,"victory":false,"max_hp_per_floor":[68,68,68,68,68,68,68,68,68,68,68,68,68,68,68,68,73,73,73,73,73,73],"card_choices":[{"not_picked":["ClearTheMind","BattleHymn","Consecrate"],"picked":"SKIP","floor":1.0},{"not_picked":["FlurryOfBlows","EmptyMind"],"picked":"SandsOfTime","floor":2.0},{"not_picked":["WindmillStrike","PathToVictory"],"picked":"EmptyBody","floor":5.0},{"not_picked":["JustLucky","ThirdEye"],"picked":"InnerPeace","floor":7.0},{"not_picked":["Crescendo","WindmillStrike","Vengeance"],"picked":"SKIP","floor":8.0},{"not_picked":["CutThroughFate","InnerPeace"],"picked":"MentalFortress","floor":18},{"not_picked":["EmptyBody","SashWhip"],"picked":"MentalFortress+1","floor":19}],"player_experience":849786,"relics_obtained":[{"floor":9.0,"key":"Omamori"}],"event_choices":[{"damage_healed":0.0,"max_hp_gain":0.0,"max_hp_loss":0.0,"gold_gain":0.0,"event_name":"Shining Light","player_choice":"Entered Light","floor":3.0,"gold_loss":0.0,"damage_taken":20.0,"cards_upgraded":["Strike_P","SandsOfTime"]},{"damage_healed":0.0,"max_hp_gain":0.0,"max_hp_loss":0.0,"gold_gain":0.0,"event_name":"Scrap Ooze","player_choice":"Success","floor":4.0,"gold_loss":0.0,"damage_taken":5.0,"relics_obtained":["Eternal Feather"]},{"cards_removed":["Defend_P"],"damage_healed":0.0,"max_hp_gain":0.0,"max_hp_loss":0.0,"gold_gain":0.0,"event_name":"Golden Wing","player_choice":"Card Removal","floor":11.0,"gold_loss":0.0,"damage_taken":7.0},{"damage_healed":17.0,"max_hp_gain":0.0,"max_hp_loss":0.0,"gold_gain":0.0,"event_name":"The Cleric","player_choice":"Healed","floor":13.0,"gold_loss":35.0,"damage_taken":0.0},{"damage_healed":0.0,"max_hp_gain":0.0,"max_hp_loss":0.0,"gold_gain":0.0,"event_name":"Living Wall","player_choice":"Grow","floor":14.0,"gold_loss":0.0,"damage_taken":0.0,"cards_upgraded":["Vault"]},{"damage_healed":0,"gold_gain":0,"player_choice":"Ignored","damage_taken":0,"max_hp_gain":0,"max_hp_loss":0,"event_name":"N\u0027loth","floor":20,"gold_loss":0}],"is_beta":false,"boss_relics":[{"not_picked":["Runic Dome","Black Star"],"picked":"Tiny House"}],"items_purged_floors":[],"is_endless":false,"potions_floor_spawned":[5,8,16,18],"killed_by":"Shelled Parasite and Fungi","ascension_level":20}}