{"host":"dwyzfvnzfcqffr30","time":1608999736,"event":{"mods":["2.2 Compatiblity","Act Like it!","BaseMod","Beaked The Cultist","Better Altar","Better Match","Better Note","Better Sensory Stone","Better Skull","Better Third Choice","Clockwork Mod","Colored Map","Colored Powertips","Conspire","Downfall","Elementarium","GifTheSpireLib","Halation","Hermit","Hubris","Infinite Spire","Ironclad Rager","Jedi Mod","Menagerie","Mimic Mod","Minty Spire (QoL Compilation)","Permanent Neow","Random Character Button","Replay The Spire","Spicy Shops","StSLib","Stuff the Spire","The Construct","The Disciple","The Druid","The Marked","TheFirefly","Trackpad","vexMod"],"gold_per_floor":[437,437,437,476,476,540,22,22,46,46,66,95,111,145,145,145,145],"floor_reached":16,"playtime":888,"items_purged":["thefirefly:PhotonBlast+1"],"score":205,"play_id":"0ae21b74-8b33-4e53-8100-7b629e5c481d","local_time":"20201226082216","is_ascension_mode":true,"campfire_choices":[{"floor":8,"key":"RECALL"},{"floor":15,"key":"REST"}],"circlet_count":0,"master_deck":["AscendersBane","thefirefly:Strike+1","thefirefly:Strike+1","thefirefly:Strike+1","thefirefly:Strike+1","thefirefly:Defend+1","thefirefly:Defend+1","thefirefly:Defend+1","thefirefly:Defend+1","thefirefly:StealthMode+1","MasterReality+1","thefirefly:Quine+1","Menagerie:LoxodonWarhammer+1","Menagerie:SagesJudgement+1","thefirefly:Rend+1","thefirefly:SteadyAim+1","thefirefly:ArtillleryBeam+1","thefirefly:SteadyAim+1","thefirefly:ChargedLaser+1","thefirefly:EMP+1","thefirefly:InterceptingShot+1"],"relics":["thefirefly:StealthSystem","NeowsBlessing","hubris:EvacipatedBox","Juzu Bracelet","Molten Egg 2","Toxic Egg 2","Frozen Egg 2","Quantum Egg","infinitespire:EvilPickle","Bottled Tornado","Bottled Flame","infinitespire:Golems Mask","Potion Belt","vexMod:MemoryStick","Whetstone","jedi:heavyjacket"],"acts_visited":["Menagerie:Menagerie"],"potions_floor_usage":[12],"damage_taken":[{"damage":0,"enemies":"Menagerie:2_RABBITS","floor":1,"turns":1},{"damage":0,"enemies":"Menagerie:MonstrousExperiment","floor":4,"turns":1},{"damage":0,"enemies":"Menagerie:Hydra","floor":6,"turns":1},{"damage":2,"enemies":"Menagerie:StygianBoar","floor":11,"turns":2},{"damage":15,"enemies":"Menagerie:VoidReaper","floor":12,"turns":7},{"damage":0,"enemies":"Menagerie:3_RABBITS","floor":13,"turns":4},{"damage":19,"enemies":"Menagerie:Hydra","floor":14,"turns":5},{"damage":34,"enemies":"Menagerie:Suneater","floor":16,"turns":4}],"seed_played":"-2742547245978452442","potions_obtained":[{"floor":6,"key":"Weak Potion"},{"floor":13,"key":"Milkshake"}],"is_trial":false,"path_per_floor":["M","?","?","M","?","E","$","R","T","?","M","E","M","E","R","B"],"character_chosen":"THE_FIREFLY","items_purchased":["thefirefly:SteadyAim+1","thefirefly:ChargedLaser+1","infinitespire:Golems Mask"],"campfire_rested":1,"item_purchase_floors":[7,7,7],"current_hp_per_floor":[50,50,45,45,45,45,45,45,45,32,34,21,22,8,24,0,0],"gold":145,"neow_bonus":"THREE_ENEMY_KILL","is_daily":false,"chose_seed":false,"campfire_upgraded":0,"win_rate":0.0,"timestamp":1608999736,"path_taken":["M","?","?","M","?","E","$","R","T","?","M","E","M","E","R","BOSS"],"items_purchased_type":["Card","Card","Relic"],"build_version":"2020-12-22","purchased_purges":1,"victory":false,"max_hp_per_floor":[55,55,55,55,55,55,55,55,55,55,55,55,55,55,55,55,55],"card_choices":[{"not_picked":["thefirefly:Flight+1","thefirefly:FlakCannon+1"],"picked":"thefirefly:Quine+1","floor":1},{"not_picked":["Menagerie:Languish+1","Menagerie:RelicOfProgenitus+1"],"picked":"Menagerie:LoxodonWarhammer+1","floor":2},{"not_picked":["thefirefly:StarCinder+1","thefirefly:RollBack+1"],"picked":"thefirefly:Rend+1","floor":4},{"not_picked":["thefirefly:ShieldArray+1","thefirefly:QuantumTunneling+1"],"picked":"thefirefly:SteadyAim+1","floor":5},{"not_picked":["thefirefly:CoveringFire+1","thefirefly:Flight+1"],"picked":"thefirefly:ArtillleryBeam+1","floor":5},{"not_picked":["thefirefly:ArtillleryBeam+1","thefirefly:Ruminate+1","thefirefly:Pacify+1"],"picked":"SKIP","floor":6},{"not_picked":["thefirefly:SteadyAim+1","thefirefly:HyperFocus+1","thefirefly:QuantumTunneling+1"],"picked":"SKIP","floor":11},{"not_picked":["thefirefly:PhantomStrike+1","thefirefly:Nova+1"],"picked":"thefirefly:EMP+1","floor":12},{"not_picked":["thefirefly:Quine+1","thefirefly:FlareScreen+1","thefirefly:FlakCannon+1"],"picked":"SKIP","floor":13},{"not_picked":["thefirefly:RollBack+1","thefirefly:ParadoxEngine+1"],"picked":"thefirefly:InterceptingShot+1","floor":14}],"player_experience":2449008,"relics_obtained":[{"floor":6,"key":"Bottled Flame"},{"floor":9,"key":"Potion Belt"},{"floor":12,"key":"Whetstone"},{"floor":14,"key":"jedi:heavyjacket"}],"event_choices":[{"damage_healed":0,"gold_gain":0,"player_choice":"Simplicity","damage_taken":0,"max_hp_gain":0,"max_hp_loss":8,"event_name":"betterThird:BetterWriting","floor":0,"gold_loss":0},{"damage_healed":0,"gold_gain":0,"player_choice":"Peek","damage_taken":0,"max_hp_gain":0,"max_hp_loss":0,"event_name":"Menagerie:OvergrownLibrary","floor":2,"gold_loss":0},{"damage_healed":0,"gold_gain":0,"player_choice":"Help the mage","damage_taken":5,"max_hp_gain":0,"max_hp_loss":0,"event_name":"Menagerie:MageAndMonster","floor":3,"gold_loss":0,"cards_obtained":["Menagerie:SagesJudgement"]},{"damage_healed":0,"gold_gain":0,"player_choice":"3","damage_taken":0,"max_hp_gain":0,"max_hp_loss":0,"event_name":"betterMatch:BetterMatch","floor":5,"gold_loss":0,"cards_obtained":["betterMatch:CommonCard"]},{"damage_healed":0,"gold_gain":0,"player_choice":"RE ","damage_taken":15,"relics_obtained":["vexMod:MemoryStick"],"max_hp_gain":0,"max_hp_loss":0,"event_name":"betterSkull:BetterSkull","floor":10,"gold_loss":0,"cards_upgraded":[]}],"is_beta":false,"boss_relics":[],"items_purged_floors":[7],"is_endless":false,"potions_floor_spawned":[1,6,13],"killed_by":"Menagerie:Suneater","ascension_level":11}}