{"host":"aewhn2fld106mlky","time":1608945905,"event":{"mods":["Act Like it!","BaseMod","Downfall","Minty Spire (QoL Compilation)","Quick Restart","Reimu£®≤©¿ˆ¡È√Œ£©","StSLib","The Mystic"],"gold_per_floor":[99,99,99,59,59,76,76,76,76,90,110,110,110,110,123,222,222,222,222,238,238,248,260,287,387,387,401,413,413,413,413],"floor_reached":29,"playtime":1204,"items_purged":[],"score":213,"play_id":"baa66e1a-904b-40b3-ab23-086405fb17a4","local_time":"20201226092505","is_ascension_mode":false,"campfire_choices":[{"data":"Slimebound:Split","floor":1,"key":"SMITH"},{"data":"Slimebound:ForwardTackle","floor":9,"key":"SMITH"},{"data":"Slimebound:GrowthPunch","floor":13,"key":"SMITH"},{"data":"Slimebound:OneTwoCombo","floor":18,"key":"SMITH"}],"circlet_count":0,"master_deck":["Slimebound:Strike_Slimebound+1","Slimebound:Strike_Slimebound+1","Slimebound:Tackle+1","Slimebound:Defend_Slimebound","Slimebound:Defend_Slimebound","Slimebound:Defend_Slimebound","Slimebound:Split+1","Slimebound:CorrosiveSpit","Slimebound:ComboTackle","Slimebound:SamplingLick","Slimebound:MegaLick","Slimebound:ForwardTackle+1","Slimebound:GoopSpray","Slimebound:GrowthPunch+1","Regret","Slimebound:OneTwoCombo+1","Slimebound:Teamwork","Slimebound:SplitMire","Slimebound:SplitLeeching","Slimebound:SamplingLick","Slimebound:SplitLeeching","Slimebound:Schlurp","Slimebound:DouseInSlime","J.A.X.","Slimebound:LivingWall","Slimebound:Equalize","Slimebound:MegaLick"],"relics":["Slimebound:AbsorbEndCombat","downfall:HeartsMalice","PaintedHorse:ReiMu","PreservedInsect","CaptainsWheel","Black Star","Bag of Marbles","MutagenicStrength"],"acts_visited":["Exordium","TheCity"],"potions_floor_usage":[16,16,23],"damage_taken":[{"damage":0,"enemies":"Jaw Worm","floor":2,"turns":1},{"damage":0,"enemies":"Small Slimes","floor":3,"turns":1},{"damage":0,"enemies":"2 Louse","floor":5,"turns":1},{"damage":17,"enemies":"2 Fungi Beasts","floor":6,"turns":3},{"damage":17,"enemies":"3 Louse","floor":10,"turns":2},{"damage":15,"enemies":"Exordium Wildlife","floor":11,"turns":2},{"damage":15,"enemies":"Exordium Thugs","floor":15,"turns":4},{"damage":35,"enemies":"downfall:Watcher","floor":16,"turns":6},{"damage":0,"enemies":"Chosen","floor":19,"turns":1},{"damage":54,"enemies":"Shelled Parasite and Fungi","floor":20,"turns":7},{"damage":33,"enemies":"Centurion and Healer","floor":22,"turns":5},{"damage":19,"enemies":"Sentry and Sphere","floor":23,"turns":4},{"damage":22,"enemies":"downfall:Augmenter","floor":25,"turns":5},{"damage":23,"enemies":"Snake Plant","floor":27,"turns":4},{"damage":17,"enemies":"Snecko","floor":28,"turns":5},{"damage":6,"enemies":"Centurion and Healer","floor":29,"turns":1}],"seed_played":"-872672089114209935","potions_obtained":[{"floor":10,"key":"LiquidBronze"},{"floor":11,"key":"GrandPatriotsElixir:ReiMu"},{"floor":15,"key":"Block Potion"},{"floor":22,"key":"Regen Potion"},{"floor":23,"key":"SteroidPotion"},{"floor":27,"key":"Ancient Potion"}],"is_trial":false,"path_per_floor":["R","M","M","?","M","M","T","?","R","M","M","T","R","?","M","B",null,"R","M","M","?","M","M","T","?","?","M","M","M"],"character_chosen":"SLIMEBOUND","items_purchased":[],"campfire_rested":0,"item_purchase_floors":[],"current_hp_per_floor":[60,60,60,60,60,51,51,51,51,48,43,43,43,43,40,17,60,60,60,28,28,17,34,34,26,26,11,4,0,0,0],"gold":413,"neow_bonus":"THREE_ENEMY_KILL","is_daily":false,"chose_seed":false,"campfire_upgraded":4,"win_rate":0.0,"timestamp":1608945905,"path_taken":["R","M","M","?","M","M","T","?","R","M","M","?","R","?","M","BOSS","R","M","M","?","M","M","T","?","?","M","M","M"],"items_purchased_type":[],"build_version":"2020-12-22","purchased_purges":0,"victory":false,"max_hp_per_floor":[60,60,60,60,60,60,60,60,60,60,60,60,60,60,60,60,60,60,60,60,60,60,60,60,60,60,60,60,60,60,60],"card_choices":[{"not_picked":["Slimebound:FinishingTackle","Slimebound:SlimeSpikes"],"picked":"Slimebound:ComboTackle","floor":2},{"not_picked":["Slimebound:RejuvenatingLick","Slimebound:Nibble"],"picked":"Slimebound:SamplingLick","floor":3},{"not_picked":["Slimebound:LeechingTouch","Slimebound:FinishingTackle"],"picked":"Slimebound:MegaLick","floor":5},{"not_picked":["Slimebound:ViciousTackle","Slimebound:LeadByExample"],"picked":"Slimebound:ForwardTackle","floor":6},{"not_picked":["Slimebound:HauntingLick","Slimebound:LeechEnergy"],"picked":"Slimebound:GoopSpray","floor":10},{"not_picked":["Slimebound:SlimeSpikes","Slimebound:Grow"],"picked":"Slimebound:GrowthPunch","floor":11},{"not_picked":["Slimebound:SamplingLick","Slimebound:SplitBruiser"],"picked":"Slimebound:OneTwoCombo","floor":15},{"not_picked":["Slimebound:DuplicatedForm","Slimebound:LeechLife"],"picked":"Slimebound:Teamwork","floor":16},{"not_picked":["Slimebound:Prepare+1","Slimebound:GrowthPunch"],"picked":"Slimebound:SplitMire","floor":19},{"not_picked":["Slimebound:PressTheAttack","Slimebound:ComboTackle"],"picked":"Slimebound:SplitLeeching","floor":20},{"not_picked":["Slimebound:FormOfPuddle","Slimebound:LeechingTouch"],"picked":"Slimebound:SamplingLick","floor":22},{"not_picked":["Slimebound:LeechEnergy+1","Slimebound:ComboTackle"],"picked":"Slimebound:SplitLeeching","floor":23},{"not_picked":[],"picked":"J.A.X.","floor":25},{"not_picked":["Slimebound:SplitMire","Slimebound:ComboTackle+1"],"picked":"Slimebound:LivingWall","floor":25},{"not_picked":["Slimebound:SamplingLick+1","Slimebound:WasteNot"],"picked":"Slimebound:Equalize","floor":27},{"not_picked":["Slimebound:Prepare","Slimebound:Equalize"],"picked":"Slimebound:MegaLick","floor":28}],"player_experience":22761,"relics_obtained":[{"floor":7,"key":"PreservedInsect"},{"floor":12,"key":"CaptainsWheel"},{"floor":24,"key":"Bag of Marbles"},{"floor":25,"key":"MutagenicStrength"}],"event_choices":[{"damage_healed":0,"gold_gain":0,"player_choice":"»˚«Æ","damage_taken":0,"relics_obtained":["PaintedHorse:ReiMu"],"max_hp_gain":0,"max_hp_loss":0,"event_name":"yidonshenshe","floor":4,"gold_loss":40},{"damage_healed":0,"gold_gain":0,"player_choice":"Ignored","damage_taken":0,"max_hp_gain":0,"max_hp_loss":0,"event_name":"Vampires","floor":21,"gold_loss":0},{"damage_healed":0,"gold_gain":0,"player_choice":"Ignored","damage_taken":0,"max_hp_gain":0,"max_hp_loss":0,"event_name":"Ghosts","floor":26,"gold_loss":0}],"is_beta":false,"boss_relics":[{"not_picked":["RedLine:ReiMu","SlaversCollar"],"picked":"Black Star"}],"items_purged_floors":[],"is_endless":false,"potions_floor_spawned":[10,11,15,22,23,27],"killed_by":"Centurion and Healer","ascension_level":0}}