{"host":"7l2t4psy44vpcd9q","time":1608988112,"event":{"mods":["AchievementEnabler","BaseMod","DeckTracker","Minty Spire (QoL Compilation)","SuperFastMode"],"gold_per_floor":[111,126,126,142,157,190,190,204,204,204,218,228,228,228,228,228,228],"floor_reached":16,"playtime":489,"items_purged":[],"score":208,"play_id":"0dd5970d-d05d-4510-bbca-a0bb820350ba","local_time":"20201226220832","is_ascension_mode":true,"campfire_choices":[{"floor":7,"key":"REST"},{"floor":15,"key":"REST"}],"circlet_count":0,"master_deck":["AscendersBane","Strike_G","Strike_G","Strike_G","Strike_G","Defend_G+1","Defend_G+1","Defend_G","Defend_G","Survivor","Neutralize","Deadly Poison","Noxious Fumes","Dagger Spray","Tactician","Acrobatics","Bane","Parasite","Underhanded Strike","Bane"],"relics":["Empty Cage","Tough Bandages","Kunai","Calipers"],"acts_visited":["Exordium"],"potions_floor_usage":[6,8,12,16],"damage_taken":[{"damage":3,"enemies":"Cultist","floor":1,"turns":5},{"damage":0,"enemies":"2 Louse","floor":2,"turns":3},{"damage":2,"enemies":"Jaw Worm","floor":4,"turns":4},{"damage":1,"enemies":"2 Fungi Beasts","floor":5,"turns":4},{"damage":32,"enemies":"3 Sentries","floor":6,"turns":8},{"damage":13,"enemies":"Exordium Wildlife","floor":8,"turns":6},{"damage":0,"enemies":"Looter","floor":11,"turns":4},{"damage":3,"enemies":"3 Louse","floor":12,"turns":3},{"damage":50,"enemies":"Slime Boss","floor":16,"turns":5}],"seed_played":"-1096609783070106640","potions_obtained":[{"floor":2,"key":"LiquidBronze"},{"floor":6,"key":"GamblersBrew"},{"floor":8,"key":"LiquidBronze"},{"floor":12,"key":"BlessingOfTheForge"}],"is_trial":false,"path_per_floor":["M","M","?","M","M","E","R","M","T","?","M","M","T","?","R","B"],"character_chosen":"THE_SILENT","items_purchased":[],"campfire_rested":2,"item_purchase_floors":[],"current_hp_per_floor":[56,56,36,34,33,1,20,7,7,23,23,20,20,20,39,0,0],"gold":228,"neow_bonus":"BOSS_RELIC","is_daily":false,"chose_seed":false,"campfire_upgraded":0,"win_rate":0.0,"timestamp":1608988112,"path_taken":["M","M","?","M","M","E","R","M","T","?","M","M","?","?","R","BOSS"],"items_purchased_type":[],"build_version":"2020-12-22","purchased_purges":0,"victory":false,"max_hp_per_floor":[66,66,66,66,66,66,66,66,66,66,66,66,66,66,66,66,66],"card_choices":[{"not_picked":["PiercingWail","Poisoned Stab"],"picked":"Deadly Poison","floor":1},{"not_picked":["Deadly Poison","Masterful Stab"],"picked":"Noxious Fumes","floor":2},{"not_picked":["Envenom","Slice"],"picked":"Dagger Spray","floor":4},{"not_picked":["Sucker Punch","Endless Agony"],"picked":"Tactician","floor":5},{"not_picked":["Blade Dance","Quick Slash"],"picked":"Acrobatics","floor":6},{"not_picked":["Sucker Punch","Terror"],"picked":"Bane","floor":8},{"not_picked":["Backflip","Outmaneuver"],"picked":"Underhanded Strike","floor":11},{"not_picked":["Concentrate","Dodge and Roll"],"picked":"Bane","floor":12}],"player_experience":1145639,"relics_obtained":[{"floor":6,"key":"Tough Bandages"},{"floor":9,"key":"Kunai"},{"floor":13,"key":"Calipers"}],"event_choices":[{"damage_healed":0,"gold_gain":0,"player_choice":"Entered Light","damage_taken":20,"max_hp_gain":0,"max_hp_loss":0,"event_name":"Shining Light","floor":3,"gold_loss":0,"cards_upgraded":["Defend_G","Defend_G"]},{"damage_healed":16,"gold_gain":0,"player_choice":"Healed and dodged fight","damage_taken":0,"max_hp_gain":0,"max_hp_loss":0,"event_name":"Mushrooms","floor":10,"gold_loss":0,"cards_obtained":["Parasite"]},{"damage_healed":0,"gold_gain":0,"player_choice":"Ignored","damage_taken":0,"max_hp_gain":0,"max_hp_loss":0,"event_name":"Golden Idol","floor":14,"gold_loss":0}],"is_beta":false,"boss_relics":[],"items_purged_floors":[],"is_endless":false,"potions_floor_spawned":[2,6,8,12],"killed_by":"Slime Boss","ascension_level":20}}