{"host":"l017gercouzhorma","time":1608957177,"event":{"mods":["AchievementEnabler","Aspiration","BaseMod","Challenge The Spire","Conspire","Downfall","Halation","Hermit","Hubris","Infinite Spire","Jorbs\u0027s Wanderer Trilogy","Mad Scientist","Marisa????????","Mimic Mod","Minty Spire (QoL Compilation)","Random Character Button","Rare Cards Sparkle","Relic Stats","Replay The Spire","Shade Mod","StSLib","The Cursed","The Disciple","The Hierophant","The Jungle","The Runesmith","The Servant 0.9.4"],"gold_per_floor":[112,126,138,152,165,192,192,192,192],"floor_reached":8,"playtime":1260,"items_purged":[],"score":60,"play_id":"58de5de1-9859-4f22-ae10-444bf0b17a4b","local_time":"20201225213257","is_ascension_mode":false,"campfire_choices":[],"circlet_count":0,"master_deck":["Shade:Strike_Shade","Shade:Strike_Shade","Shade:Strike_Shade","Shade:Strike_Shade","Shade:Defend_Shade","Shade:Defend_Shade","Shade:Defend_Shade","Shade:Defend_Shade","Shade:AnimateDead","Shade:CarefulCut","Shade:GraveStillness","Shade:CommandSoldier","Shade:AblativeArmor","Shade:FreshBones","Shade:OfferingToTheBeyond","Shade:SpectralStrikes","Regret"],"relics":["Shade:YorickSkull","NeowsBlessing","Singing Bowl","hubris:Teleporter"],"acts_visited":["Exordium"],"potions_floor_usage":[4],"damage_taken":[{"damage":0,"enemies":"2 Louse","floor":1,"turns":1},{"damage":0,"enemies":"conspire:RoseBush","floor":2,"turns":1},{"damage":0,"enemies":"Jaw Worm","floor":3,"turns":1},{"damage":7,"enemies":"conspire:2 RoseBushes","floor":4,"turns":3},{"damage":0,"enemies":"Large Slime","floor":5,"turns":4},{"damage":32,"enemies":"3 Sentries","floor":6,"turns":9},{"damage":34,"enemies":"Lagavulin","floor":8,"turns":6}],"seed_played":"-8966469523802731801","potions_obtained":[{"floor":2,"key":"PowerPotion"}],"is_trial":false,"path_per_floor":["M","M","M","M","M","E","?","E"],"character_chosen":"SHADE","items_purchased":[],"campfire_rested":0,"item_purchase_floors":[],"current_hp_per_floor":[65,65,65,58,58,26,26,0,0],"gold":192,"neow_bonus":"THREE_ENEMY_KILL","is_daily":false,"chose_seed":false,"campfire_upgraded":0,"win_rate":0.0,"timestamp":1608957177,"path_taken":["M","M","M","M","M","E","?","E"],"items_purchased_type":[],"build_version":"2020-12-22","purchased_purges":0,"victory":false,"max_hp_per_floor":[65,65,65,65,65,65,65,65,65],"relic_stats":{"Singing Bowl":0,"counters":[7,25],"obtain_stats":[{"hubris:Teleporter":7,"NeowsBlessing":0,"Singing Bowl":6,"Shade:YorickSkull":0},{"hubris:Teleporter":6,"NeowsBlessing":0,"Singing Bowl":6,"Shade:YorickSkull":0},{"hubris:Teleporter":19,"NeowsBlessing":0,"Singing Bowl":19,"Shade:YorickSkull":0}]},"card_choices":[{"not_picked":["Shade:SpontaneousRitual","Shade:ClawBack"],"picked":"Shade:GraveStillness","floor":1},{"not_picked":["Shade:Bonestorm","Shade:ExtraLimbs"],"picked":"Shade:CommandSoldier","floor":2},{"not_picked":["Shade:AncientSpear","Shade:Frenzy"],"picked":"Shade:AblativeArmor","floor":3},{"not_picked":["Shade:PoundOfFlesh","Shade:Frenzy"],"picked":"Shade:FreshBones","floor":4},{"not_picked":["Shade:ExtraLimbs","Shade:CommandSoldier"],"picked":"Shade:OfferingToTheBeyond","floor":5},{"not_picked":["Shade:Frenzy","Shade:AncientSpear"],"picked":"Shade:SpectralStrikes","floor":6}],"player_experience":755524,"relics_obtained":[{"floor":6,"key":"Singing Bowl"}],"event_choices":[{"damage_healed":0,"gold_gain":0,"player_choice":"Box","damage_taken":0,"relics_obtained":["hubris:Teleporter"],"max_hp_gain":0,"max_hp_loss":0,"event_name":"Big Fish","floor":7,"gold_loss":0,"cards_obtained":["Regret"]}],"is_beta":false,"boss_relics":[],"items_purged_floors":[],"is_endless":false,"potions_floor_spawned":[2],"killed_by":"Lagavulin","ascension_level":0}}