{"host":"l4kjxw6jzszvq5p8","time":1608995579,"event":{"mods":["AchievementEnabler","BaseMod","Bestiary","Colored Map","Colored Powertips","Minty Spire (QoL Compilation)","Rare Cards Sparkle","StSLib"],"gold_per_floor":[114,130,4,14,14,14,34,64,119,151,169,169,189,222,222,326,326,337,366,366,54,72,107,32,32,32,32,52,77,176,192,192,291,291,307,357,377,377,396,421,421,433,433,447,480,497,497,517,517,517,517],"floor_reached":50,"playtime":3948,"items_purged":["Defend_B"],"score":825,"play_id":"c5b8d965-fd8d-4eb0-b145-4d1fa8612df1","local_time":"20201226161259","is_ascension_mode":true,"campfire_choices":[{"data":"Auto Shields","floor":6.0,"key":"SMITH"},{"data":"Cold Snap","floor":12.0,"key":"SMITH"},{"data":"Hologram","floor":15.0,"key":"SMITH"},{"floor":27.0,"key":"REST"},{"data":"Fission","floor":32.0,"key":"SMITH"},{"floor":41.0,"key":"REST"},{"floor":47,"key":"REST"},{"floor":49,"key":"RECALL"}],"circlet_count":0,"master_deck":["Strike_B","Strike_B","Defend_B","Defend_B","Zap","Dualcast+1","FTL","Compile Driver","Auto Shields+1","Darkness+1","Conserve Battery","Capacitor","Ball Lightning","Cold Snap+1","Hologram+1","Machine Learning","Steam Power+1","BootSequence","Fission+1","Creative AI","CurseOfTheBell","Darkness+1","Redo+1","Echo Form","Turbo","Hologram+1","Turbo+1","Recycle+1","Defragment+1","Defragment","Biased Cognition"],"relics":["Cracked Core","Meat on the Bone","Blood Vial","War Paint","Dream Catcher","Runic Pyramid","Red Mask","Ice Cream","Mummified Hand","Bottled Lightning","Turnip","Bag of Preparation","Calling Bell","Orichalcum","Question Card","Prayer Wheel","StoneCalendar","Gambling Chip","CaptainsWheel"],"acts_visited":["Exordium","TheCity","TheBeyond"],"potions_floor_usage":[45,45,50],"damage_taken":[{"damage":0.0,"enemies":"Cultist","floor":1.0,"turns":3.0},{"damage":0.0,"enemies":"2 Louse","floor":2.0,"turns":2.0},{"damage":9.0,"enemies":"Jaw Worm","floor":4.0,"turns":3.0},{"damage":0.0,"enemies":"3 Louse","floor":7.0,"turns":3.0},{"damage":20.0,"enemies":"3 Sentries","floor":8.0,"turns":6.0},{"damage":0.0,"enemies":"Lagavulin","floor":10.0,"turns":7.0},{"damage":8.0,"enemies":"Blue Slaver","floor":11.0,"turns":2.0},{"damage":1.0,"enemies":"2 Fungi Beasts","floor":13.0,"turns":3.0},{"damage":18.0,"enemies":"3 Sentries","floor":14.0,"turns":6.0},{"damage":17.0,"enemies":"The Guardian","floor":16.0,"turns":7.0},{"damage":17.0,"enemies":"2 Thieves","floor":18.0,"turns":4.0},{"damage":38.0,"enemies":"Masked Bandits","floor":19.0,"turns":6.0},{"damage":19.0,"enemies":"Shell Parasite","floor":22.0,"turns":6.0},{"damage":18.0,"enemies":"Slavers","floor":23.0,"turns":7.0},{"damage":13.0,"enemies":"Snake Plant","floor":28.0,"turns":3.0},{"damage":25.0,"enemies":"Book of Stabbing","floor":29.0,"turns":5.0},{"damage":1.0,"enemies":"Sentry and Sphere","floor":31.0,"turns":5.0},{"damage":21.0,"enemies":"Champ","floor":33.0,"turns":10.0},{"damage":1.0,"enemies":"Orb Walker","floor":35.0,"turns":3.0},{"damage":0.0,"enemies":"Mind Bloom Boss Battle","floor":36.0,"turns":3.0},{"damage":2.0,"enemies":"3 Shapes","floor":37.0,"turns":4.0},{"damage":39.0,"enemies":"Transient","floor":39.0,"turns":5.0},{"damage":29.0,"enemies":"Nemesis","floor":40.0,"turns":5.0},{"damage":7.0,"enemies":"Maw","floor":42.0,"turns":7.0},{"damage":8,"enemies":"Spire Growth","floor":44,"turns":4},{"damage":35,"enemies":"Giant Head","floor":45,"turns":7},{"damage":6,"enemies":"4 Shapes","floor":46,"turns":7},{"damage":0,"enemies":"3 Darklings","floor":48,"turns":6},{"damage":54,"enemies":"Awakened One","floor":50,"turns":5}],"seed_played":"-5113766500037645303","potions_obtained":[{"floor":2.0,"key":"SteroidPotion"},{"floor":4.0,"key":"SpeedPotion"},{"floor":14.0,"key":"Energy Potion"},{"floor":16.0,"key":"Ancient Potion"},{"floor":29.0,"key":"PowerPotion"},{"floor":31.0,"key":"Explosive Potion"},{"floor":33.0,"key":"DuplicationPotion"},{"floor":39.0,"key":"ColorlessPotion"},{"floor":48,"key":"ColorlessPotion"}],"is_trial":false,"path_per_floor":["M","M","$","M","$","R","M","E","T","E","M","R","M","E","R","B",null,"M","?","T","$","M","E","?","$","T","R","M","E","?","M","R","B",null,"M","?","M","?","M","E","R","M","T","M","E","M","R","M","R","B"],"character_chosen":"DEFECT","items_purchased":["Block Potion","Mummified Hand","Regen Potion"],"campfire_rested":3,"item_purchase_floors":[3,21,21],"current_hp_per_floor":[68,68,68,59,59,59,59,39,39,41,47,47,48,44,44,41,67,52,28,28,28,23,34,34,34,34,56,45,34,34,47,47,40,66,67,69,69,69,44,29,51,46,46,40,19,27,49,51,51,0,0],"gold":517,"neow_bonus":"TRANSFORM_CARD","is_daily":false,"chose_seed":false,"campfire_upgraded":4,"win_rate":0.0,"timestamp":1608995579,"path_taken":["M","?","$","M","?","R","M","E","T","E","M","R","M","E","R","BOSS","M","?","?","$","M","E","?","?","T","R","M","E","?","M","R","BOSS","M","?","M","?","?","E","R","M","T","M","E","M","R","M","R","BOSS"],"items_purchased_type":["Potion","Relic","Potion"],"build_version":"2020-12-22","purchased_purges":1,"victory":false,"max_hp_per_floor":[75,75,75,75,75,75,75,75,75,75,75,75,75,75,75,75,75,75,75,75,75,75,75,75,75,75,75,75,75,75,75,75,75,75,75,75,75,75,75,75,75,75,75,75,75,75,75,75,75,75,75],"card_choices":[{"not_picked":["Conserve Battery","Sweeping Beam"],"picked":"Compile Driver","floor":1.0},{"not_picked":["Streamline","Compile Driver"],"picked":"Auto Shields","floor":2.0},{"not_picked":["Chill","Streamline"],"picked":"Darkness","floor":4.0},{"not_picked":["Leap","Scrape"],"picked":"Conserve Battery","floor":7.0},{"not_picked":["Conserve Battery","Consume"],"picked":"Capacitor","floor":8.0},{"not_picked":["Rebound","Machine Learning"],"picked":"Ball Lightning","floor":10.0},{"not_picked":["Leap","Stack"],"picked":"Cold Snap","floor":11.0},{"not_picked":["Sweeping Beam","Ball Lightning","Storm"],"picked":"SKIP","floor":13.0},{"not_picked":["Stack","Coolheaded"],"picked":"Hologram","floor":14.0},{"not_picked":["Meteor Strike","Thunder Strike"],"picked":"Machine Learning","floor":16.0},{"not_picked":["Gash","Redo"],"picked":"Steam Power+1","floor":18.0},{"not_picked":["Rebound","Streamline","Leap"],"picked":"SKIP","floor":22.0},{"not_picked":["Chill","Turbo+1","Compile Driver"],"picked":"SKIP","floor":23.0},{"not_picked":["FTL","Streamline"],"picked":"BootSequence","floor":28.0},{"not_picked":["Compile Driver","Beam Cell","Scrape"],"picked":"SKIP","floor":29.0},{"not_picked":["Reprogram","Cold Snap"],"picked":"Fission","floor":31.0},{"not_picked":["Machine Learning","Hyperbeam"],"picked":"Creative AI","floor":33.0},{"not_picked":["Redo","Barrage+1","Ball Lightning+1"],"picked":"Darkness+1","floor":35.0},{"not_picked":["Coolheaded+1","Rebound+1","Sweeping Beam"],"picked":"Redo+1","floor":35.0},{"not_picked":["Sweeping Beam+1","Capacitor+1","Coolheaded+1"],"picked":"Echo Form","floor":37.0},{"not_picked":["Go for the Eyes","Conserve Battery+1","Static Discharge","Beam Cell+1"],"picked":"SKIP","floor":37.0},{"not_picked":["Blizzard+1","Leap","Cold Snap","Hello World"],"picked":"SKIP","floor":39.0},{"not_picked":["Streamline+1","Redo","Compile Driver+1","Leap"],"picked":"SKIP","floor":39.0},{"not_picked":["Hello World+1","Rebound+1","Doom and Gloom"],"picked":"Turbo","floor":40.0},{"not_picked":["Stack","Redo","Recycle+1"],"picked":"Hologram+1","floor":42.0},{"not_picked":["Static Discharge","Creative AI","Ball Lightning+1","Steam"],"picked":"SKIP","floor":42.0},{"not_picked":["Ball Lightning+1","Compile Driver","Tempest"],"picked":"Turbo+1","floor":44},{"not_picked":["Go for the Eyes+1","Loop","Cold Snap+1"],"picked":"Recycle+1","floor":44},{"not_picked":["Rip and Tear","Darkness","Self Repair","Lockon"],"picked":"SKIP","floor":45},{"not_picked":["Darkness","Rebound+1","Cold Snap"],"picked":"Defragment+1","floor":46},{"not_picked":["Undo","Hologram","Creative AI"],"picked":"Defragment","floor":46},{"not_picked":["Conserve Battery","Go for the Eyes+1","Sweeping Beam+1"],"picked":"Biased Cognition","floor":48},{"not_picked":["Conserve Battery+1","Coolheaded+1","Redo+1","Rebound"],"picked":"SKIP","floor":48}],"player_experience":418932,"relics_obtained":[{"floor":8.0,"key":"Meat on the Bone"},{"floor":9.0,"key":"Blood Vial"},{"floor":10.0,"key":"War Paint"},{"floor":14.0,"key":"Dream Catcher"},{"floor":19.0,"key":"Red Mask"},{"floor":20.0,"key":"Ice Cream"},{"floor":23.0,"key":"Bottled Lightning"},{"floor":26.0,"key":"Turnip"},{"floor":29.0,"key":"Bag of Preparation"},{"floor":34.0,"key":"Orichalcum"},{"floor":34.0,"key":"Question Card"},{"floor":34.0,"key":"Prayer Wheel"},{"floor":36.0,"key":"StoneCalendar"},{"floor":40.0,"key":"Gambling Chip"},{"floor":45,"key":"CaptainsWheel"}],"event_choices":[{"damage_healed":0.0,"max_hp_gain":0.0,"max_hp_loss":0.0,"gold_gain":0.0,"event_name":"Masked Bandits","player_choice":"Fought Bandits","floor":19.0,"gold_loss":0.0,"damage_taken":0.0},{"cards_removed":["Defend_B"],"damage_healed":0.0,"max_hp_gain":0.0,"max_hp_loss":0.0,"gold_gain":0.0,"event_name":"Beggar","player_choice":"Gave Gold","floor":24.0,"gold_loss":75.0,"damage_taken":0.0},{"damage_healed":0.0,"max_hp_gain":0.0,"max_hp_loss":0.0,"gold_gain":99.0,"event_name":"Nest","player_choice":"Stole From Cult","floor":30.0,"gold_loss":0.0,"damage_taken":0.0},{"damage_healed":0.0,"max_hp_gain":0.0,"max_hp_loss":0.0,"gold_gain":0.0,"event_name":"MindBloom","player_choice":"Fight","floor":36.0,"gold_loss":0.0,"damage_taken":0.0},{"cards_removed":["Strike_B"],"damage_healed":0.0,"max_hp_gain":0.0,"max_hp_loss":0.0,"gold_gain":0.0,"event_name":"Purifier","player_choice":"Purged","floor":38.0,"gold_loss":0.0,"damage_taken":0.0}],"is_beta":false,"boss_relics":[{"not_picked":["SlaversCollar","SacredBark"],"picked":"Runic Pyramid"},{"not_picked":["Black Star","Velvet Choker"],"picked":"Calling Bell"}],"items_purged_floors":[3],"is_endless":false,"potions_floor_spawned":[2,4,8,14,16,18,29,31,33,35,39,40,48],"killed_by":"Awakened One","ascension_level":8}}