{"host":"21h5e52imz35vo8g","time":1608962657,"event":{"mods":["AchievementEnabler","BaseMod","Colored Map","Colored Powertips","Googly Eyes","Minty Spire (QoL Compilation)","Quick Restart","Rare Cards Sparkle","Replay The Spire","StSLib"],"gold_per_floor":[116,116,116,291,316,352,352,387,387,407,407,427,427,188,188,188,188],"floor_reached":16,"playtime":492,"items_purged":["Doubt"],"score":187,"play_id":"f0d6df54-d222-4be0-b0d6-cbd7e6c2c7fa","local_time":"20201226140417","is_ascension_mode":true,"campfire_choices":[{"data":"Neutralize","floor":7,"key":"SMITH"},{"floor":11,"key":"REST"},{"floor":13,"key":"REST"},{"floor":15,"key":"RECALL"}],"circlet_count":0,"master_deck":["Strike_G","Strike_G","Strike_G","Strike_G","Strike_G","Defend_G","Defend_G","Defend_G","Defend_G","Defend_G","Survivor","Neutralize+1","Cloak And Dagger+1","Hidden Blade+1","Master of Strategy+1"],"relics":["Ring of the Snake","NeowsBlessing","Pondfish Scales","Golden Idol","Replay:Rubber Ducky","Toxic Egg 2","Basket Of Snakes","Calipers","ReplayTheSpireMod:ShopPack"],"acts_visited":["Exordium"],"potions_floor_usage":[],"damage_taken":[{"damage":0,"enemies":"Small Slimes","floor":1,"turns":1},{"damage":0,"enemies":"Lagavulin","floor":6,"turns":1},{"damage":0,"enemies":"Gremlin Nob","floor":8,"turns":1},{"damage":3,"enemies":"Jaw Worm","floor":10,"turns":5},{"damage":0,"enemies":"2 Louse","floor":12,"turns":3},{"damage":87,"enemies":"Fading Forest","floor":16,"turns":9}],"seed_played":"2308509253874322688","potions_obtained":[{"floor":6,"key":"PowerPotion"}],"is_trial":false,"path_per_floor":["M","?","?","?","T","E","R","E","T","M","R","M","R","$","R","B"],"character_chosen":"THE_SILENT","items_purchased":["Hidden Blade+1","ReplayTheSpireMod:ShopPack"],"campfire_rested":2,"item_purchase_floors":[14,14],"current_hp_per_floor":[70,58,41,41,41,41,41,41,41,38,59,59,70,70,70,0,0],"gold":188,"neow_bonus":"THREE_ENEMY_KILL","is_daily":false,"chose_seed":false,"campfire_upgraded":1,"win_rate":0.0,"timestamp":1608962657,"path_taken":["M","?","?","?","?","E","R","E","T","?","R","M","R","$","R","BOSS"],"items_purchased_type":["Card","Relic"],"build_version":"2020-12-22","purchased_purges":1,"victory":false,"max_hp_per_floor":[70,70,70,70,70,70,70,70,70,70,70,70,70,70,70,70,70],"card_choices":[{"not_picked":["Acrobatics","PiercingWail","Blur"],"picked":"SKIP","floor":1},{"not_picked":["Bane","Slice","Noxious Fumes"],"picked":"SKIP","floor":6},{"not_picked":["Sucker Punch","Quick Slash"],"picked":"Cloak And Dagger+1","floor":8},{"not_picked":["Calculated Gamble+1","Dodge and Roll+1","Bane"],"picked":"SKIP","floor":10},{"not_picked":["Slice","ReplayTheSpireMod:Speed Training+1","Quick Slash"],"picked":"SKIP","floor":12},{"not_picked":["Secret Weapon","Violence"],"picked":"Master of Strategy","floor":14}],"player_experience":318540,"relics_obtained":[{"floor":5,"key":"Replay:Rubber Ducky"},{"floor":6,"key":"Toxic Egg 2"},{"floor":8,"key":"Basket Of Snakes"},{"floor":9,"key":"Calipers"}],"event_choices":[{"damage_healed":0,"gold_gain":0,"player_choice":"Success","damage_taken":12,"relics_obtained":["Pondfish Scales"],"max_hp_gain":0,"max_hp_loss":0,"event_name":"Scrap Ooze","floor":2,"gold_loss":0},{"damage_healed":0,"gold_gain":0,"player_choice":"Take Damage","damage_taken":17,"relics_obtained":["Golden Idol"],"max_hp_gain":0,"max_hp_loss":0,"event_name":"Golden Idol","floor":3,"gold_loss":0},{"damage_healed":0,"gold_gain":175,"player_choice":"AGREE","damage_taken":0,"max_hp_gain":0,"max_hp_loss":0,"event_name":"Liars Game","floor":4,"gold_loss":0,"cards_obtained":["Doubt"]}],"is_beta":false,"boss_relics":[],"items_purged_floors":[14],"is_endless":false,"potions_floor_spawned":[6],"killed_by":"Fading Forest","ascension_level":4}}