{"host":"7k2a2omxz3voj5ax","time":1608969828,"event":{"mods":["BaseMod","Marisa£¨ìFÓê¡¡Ä§ÀíÉ³£©","Minty Spire (QoL Compilation)","Quick Restart","Spicy Shops","StSLib","Starting Relic: Pandora\u0027s Box","óô»ðÖ¸ÄÏ"],"gold_per_floor":[112,112,130,150,150,185,185,25,25,25,68,89,89,130,130,221,221,237,162,77,93,108,108,108,123,146,146,185,185,235,279,279,372,372,393,318,651,661,661,695,695,695,695,727,738,772,772,193,193,193,193,193,193,143,173,173],"floor_reached":57,"playtime":1755,"items_purged":["Acrobatics+1","Noxious Fumes","Finisher+1"],"score":3709,"play_id":"1aee1138-da7f-4f36-8af2-e311c749b988","local_time":"20201226170348","is_ascension_mode":true,"campfire_choices":[{"data":"Acrobatics","floor":7.0,"key":"SMITH"},{"data":"Eviscerate","floor":10.0,"key":"SMITH"},{"data":"Reflex","floor":13.0,"key":"SMITH"},{"data":"Acrobatics","floor":15.0,"key":"SMITH"},{"data":"Underhanded Strike","floor":24.0,"key":"SMITH"},{"data":"Survivor","floor":27.0,"key":"SMITH"},{"data":"Finisher","floor":32.0,"key":"SMITH"},{"data":"Neutralize","floor":41.0,"key":"PURGE"},{"data":"Underhanded Strike+1","floor":47.0,"key":"PURGE"},{"floor":49.0,"key":"RECALL"},{"data":"Dagger Throw","floor":53.0,"key":"SMITH"}],"circlet_count":0,"master_deck":["AscendersBane","Survivor+1","Acrobatics+1","Eviscerate+1","Tactician+1","Dagger Throw+1","Reflex+1","Adrenaline+1"],"relics":["Pandora\u0027s Box","NeowsBlessing","Gremlin Horn","Omamori","PreservedInsect","Oddly Smooth Stone","Juzu Bracelet","Calling Bell","Centennial Puzzle","Blue Candle","Peace Pipe","Matryoshka","Anchor","Toy Ornithopter","Runic Dome","Nunchaku","Boot","InkBottle","Shuriken","Smiling Mask","Question Card","Lantern","War Paint","ClockworkSouvenir","Bag of Preparation"],"acts_visited":["Exordium","TheCity","TheBeyond","TheEnding"],"potions_floor_usage":[56,56],"damage_taken":[{"damage":0.0,"enemies":"Small Slimes","floor":1.0,"turns":1.0},{"damage":0.0,"enemies":"2 Louse","floor":3.0,"turns":1.0},{"damage":0.0,"enemies":"Cultist","floor":4.0,"turns":1.0},{"damage":3.0,"enemies":"Lagavulin","floor":6.0,"turns":3.0},{"damage":0.0,"enemies":"Gremlin Nob","floor":11.0,"turns":2.0},{"damage":0.0,"enemies":"Blue Slaver","floor":12.0,"turns":1.0},{"damage":1.0,"enemies":"3 Sentries","floor":14.0,"turns":2.0},{"damage":0.0,"enemies":"Slime Boss","floor":16.0,"turns":2.0},{"damage":0.0,"enemies":"Shell Parasite","floor":18.0,"turns":1.0},{"damage":0.0,"enemies":"Chosen","floor":21.0,"turns":1.0},{"damage":0.0,"enemies":"Centurion and Healer","floor":22.0,"turns":1.0},{"damage":0.0,"enemies":"Snake Plant","floor":25.0,"turns":1.0},{"damage":0.0,"enemies":"Book of Stabbing","floor":28.0,"turns":1.0},{"damage":0.0,"enemies":"Gremlin Leader","floor":31.0,"turns":1.0},{"damage":1.0,"enemies":"Collector","floor":33.0,"turns":1.0},{"damage":0.0,"enemies":"Orb Walker","floor":35.0,"turns":1.0},{"damage":9.0,"enemies":"3 Darklings","floor":38.0,"turns":2.0},{"damage":0.0,"enemies":"Reptomancer","floor":40.0,"turns":1.0},{"damage":0.0,"enemies":"Nemesis","floor":44.0,"turns":1.0},{"damage":0.0,"enemies":"Sphere and 2 Shapes","floor":45.0,"turns":1.0},{"damage":0.0,"enemies":"Reptomancer","floor":46.0,"turns":1.0},{"damage":0.0,"enemies":"Donu and Deca","floor":50.0,"turns":1.0},{"damage":0.0,"enemies":"Awakened One","floor":51.0,"turns":2.0},{"damage":0.0,"enemies":"Shield and Spear","floor":55.0,"turns":1.0},{"damage":4,"enemies":"The Heart","floor":56,"turns":4}],"seed_played":"7507101738357702958","potions_obtained":[{"floor":3.0,"key":"Energy Potion"},{"floor":6.0,"key":"Strength Potion"},{"floor":14.0,"key":"Fruit Juice"},{"floor":16.0,"key":"Fire Potion"},{"floor":31.0,"key":"Fruit Juice"},{"floor":38.0,"key":"SkillPotion"}],"is_trial":false,"path_per_floor":["M","?","M","M","?","E","R","$","T","R","E","M","R","E","R","B",null,"M","?","?","M","M","$","R","M","T","R","E","?","?","E","R","B",null,"M","?","?","M","?","E","R","T","T","E","M","E","R","$","R","B","B",null,"R","$","E","B",null],"character_chosen":"THE_SILENT","items_purchased":["Omamori","Lantern","War Paint","ClockworkSouvenir"],"campfire_rested":0,"item_purchase_floors":[8,48,48,48],"current_hp_per_floor":[59,59,59,59,59,56,56,56,56,56,56,56,56,60,60,60,64,64,64,64,64,64,64,64,64,64,64,64,60,60,70,70,69,70,70,70,70,61,61,61,61,61,61,61,61,61,61,61,61,61,61,65,65,65,65,66],"gold":173,"neow_bonus":"THREE_ENEMY_KILL","is_daily":false,"chose_seed":false,"campfire_upgraded":8,"win_rate":0.0,"timestamp":1608969828,"path_taken":["M","?","M","M","?","E","R","$","T","R","E","M","R","E","R","BOSS","M","?","?","M","M","$","R","M","T","R","E","?","?","E","R","BOSS","M","?","?","M","?","E","R","?","T","E","M","E","R","$","R","BOSS","BOSS","R","$","E","BOSS"],"items_purchased_type":["Relic","Relic","Relic","Relic"],"build_version":"2020-12-22","purchased_purges":3,"victory":true,"max_hp_per_floor":[66,60,60,60,60,60,60,60,60,60,60,60,60,65,65,65,65,65,65,65,65,65,65,65,65,65,65,65,65,65,70,70,70,70,70,70,70,70,66,66,66,66,66,66,66,66,66,66,66,66,66,66,66,66,66,66],"card_choices":[{"not_picked":["Cloak And Dagger","Masterful Stab","Infinite Blades"],"picked":"SKIP","floor":1.0},{"not_picked":["Dagger Spray","Quick Slash","Well Laid Plans"],"picked":"SKIP","floor":3.0},{"not_picked":["Slice","Distraction","Flechettes"],"picked":"SKIP","floor":4.0},{"not_picked":["Bane","Noxious Fumes","Cloak And Dagger"],"picked":"SKIP","floor":6.0},{"not_picked":["PiercingWail","Well Laid Plans","Blade Dance"],"picked":"SKIP","floor":11.0},{"not_picked":["Slice","Wraith Form v2"],"picked":"Reflex","floor":12.0},{"not_picked":["Bane","Reflex","Crippling Poison"],"picked":"SKIP","floor":14.0},{"not_picked":["Storm of Steel","Die Die Die"],"picked":"Adrenaline","floor":16.0},{"not_picked":["Bane+1","Acrobatics","Bullet Time"],"picked":"SKIP","floor":18.0},{"not_picked":["Flechettes","Quick Slash","Masterful Stab"],"picked":"SKIP","floor":21.0},{"not_picked":["Slice","Cloak And Dagger","Quick Slash+1"],"picked":"SKIP","floor":22.0},{"not_picked":["Choke","Riddle With Holes","Dagger Throw"],"picked":"SKIP","floor":25.0},{"not_picked":["All Out Attack","Masterful Stab","Flying Knee"],"picked":"SKIP","floor":28.0},{"not_picked":["Dagger Spray","Dagger Throw","Bane"],"picked":"SKIP","floor":31.0},{"not_picked":["Quick Slash","Distraction","Underhanded Strike"],"picked":"SKIP","floor":35.0},{"not_picked":["Reflex","Outmaneuver","Crippling Poison"],"picked":"SKIP","floor":38.0},{"not_picked":["Sucker Punch","Doppelganger","Endless Agony+1"],"picked":"SKIP","floor":40.0},{"not_picked":["Envenom","Reflex","Tactician"],"picked":"SKIP","floor":44.0},{"not_picked":["Blade Dance","Finisher+1","Predator"],"picked":"SKIP","floor":45.0},{"not_picked":["Quick Slash","Leg Sweep","Setup"],"picked":"SKIP","floor":46.0},{"not_picked":["Dagger Spray","Escape Plan","Bane","PiercingWail"],"picked":"SKIP","floor":55.0}],"player_experience":348185,"relics_obtained":[{"floor":6.0,"key":"Gremlin Horn"},{"floor":9.0,"key":"PreservedInsect"},{"floor":11.0,"key":"Oddly Smooth Stone"},{"floor":14.0,"key":"Juzu Bracelet"},{"floor":17.0,"key":"Centennial Puzzle"},{"floor":17.0,"key":"Blue Candle"},{"floor":17.0,"key":"Peace Pipe"},{"floor":26.0,"key":"Anchor"},{"floor":31.0,"key":"Toy Ornithopter"},{"floor":40.0,"key":"Nunchaku"},{"floor":42.0,"key":"Boot"},{"floor":42.0,"key":"InkBottle"},{"floor":43.0,"key":"Shuriken"},{"floor":44.0,"key":"Smiling Mask"},{"floor":46.0,"key":"Question Card"},{"floor":55.0,"key":"Bag of Preparation"}],"event_choices":[{"damage_healed":0.0,"max_hp_gain":0.0,"max_hp_loss":6.0,"gold_gain":0.0,"event_name":"Golden Idol","player_choice":"Lose Max HP","floor":2.0,"gold_loss":0.0,"damage_taken":0.0,"relics_obtained":["Golden Idol"]},{"damage_healed":0.0,"max_hp_gain":0.0,"max_hp_loss":0.0,"gold_gain":0.0,"event_name":"Upgrade Shrine","player_choice":"Upgraded","floor":5.0,"gold_loss":0.0,"damage_taken":0.0,"cards_upgraded":["Tactician"]},{"cards_removed":["Sucker Punch"],"damage_healed":0.0,"max_hp_gain":0.0,"max_hp_loss":0.0,"gold_gain":0.0,"event_name":"Beggar","player_choice":"Gave Gold","floor":19.0,"gold_loss":75.0,"damage_taken":0.0},{"damage_healed":0.0,"max_hp_gain":0.0,"max_hp_loss":0.0,"gold_gain":0.0,"event_name":"Addict","player_choice":"Obtained Relic","floor":20.0,"gold_loss":85.0,"damage_taken":0.0,"relics_obtained":["Matryoshka"]},{"damage_healed":0.0,"max_hp_gain":0.0,"max_hp_loss":0.0,"gold_gain":0.0,"event_name":"The Woman in Blue","player_choice":"Bought 0 Potions","floor":29.0,"gold_loss":0.0,"damage_taken":0.0},{"damage_healed":0.0,"max_hp_gain":0.0,"max_hp_loss":0.0,"gold_gain":50.0,"event_name":"Nest","player_choice":"Stole From Cult","floor":30.0,"gold_loss":0.0,"damage_taken":0.0},{"cards_removed":["Distraction"],"damage_healed":0.0,"max_hp_gain":0.0,"max_hp_loss":0.0,"gold_gain":0.0,"event_name":"Designer","player_choice":"Single Remove","floor":36.0,"gold_loss":75.0,"damage_taken":0.0},{"damage_healed":0.0,"max_hp_gain":0.0,"max_hp_loss":0.0,"gold_gain":333.0,"event_name":"The Moai Head","player_choice":"Gave Idol","floor":37.0,"relics_lost":["Golden Idol"],"gold_loss":0.0,"damage_taken":0.0},{"damage_healed":0.0,"max_hp_gain":0.0,"max_hp_loss":4.0,"gold_gain":0.0,"event_name":"Winding Halls","player_choice":"Max HP","floor":39.0,"gold_loss":0.0,"damage_taken":0.0}],"is_beta":false,"boss_relics":[{"not_picked":["SacredBark","WristBlade"],"picked":"Calling Bell"},{"not_picked":["Busted Crown","Sozu"],"picked":"Runic Dome"}],"items_purged_floors":[48,48,54],"is_endless":false,"potions_floor_spawned":[3,6,11,14,16,18,21,22,31,38,40,44,55],"ascension_level":20}}