{"host":"627up2rvtmm0cf0r","time":1608983040,"event":{"mods":["ATMod(阿瑾Mod)","Act Like it!","BaseMod","Better Vampires","CapriCore","Card Filter","Card Forge","Colored Powertips","DeckTracker","Dota2Spire","Friendly Minions","Highlight Path","Infinite Spire","Marked Mod","Mimic Mod","Minty Spire (QoL Compilation)","MostiFishMod","Permanent Neow","Practice Mode","Quick Restart","Relic Stats","Shop Mod","Spicy Shops","StSLib","SuperFastMode","TestMod","【遗物卡牌】REMEMod","残留之物","篝火指南"],"gold_per_floor":[409,409,409,409,409,409,429,452,527,548,948,971,178,297,297,450,450,519,618,686,686,686,788,788,847,871,962,997,1097,1198,1266,1266,1392,1392,1486,1486,1630,1680,1680],"floor_reached":38,"playtime":999,"items_purged":["Doubt"],"score":934,"play_id":"73e89a00-45f0-43aa-b4cd-032732815afe","local_time":"20201226194400","is_ascension_mode":true,"campfire_choices":[{"data":"REME_Repentance","floor":6,"key":"SMITH"},{"data":"MostiFishMod:Kaleido","floor":15,"key":"SMITH"},{"data":"AT_MachinaRedman","floor":32,"key":"SMITH"}],"circlet_count":0,"master_deck":["AscendersBane","Strike_P","Strike_P","Strike_P","Strike_P","Defend_P","Defend_P","Defend_P","Defend_P","Eruption","Vigilance","AT_BreakingExtremeWeapon","MostiFishMod:Unraveling","REME_Repentance+1","AT_MachinaRedman+1","MostiFishMod:Kaleido+1","MostiFishMod:DustFall","MostiFishMod:PathToVictory","Discovery"],"relics":["Cracked Core","Hammer of Thor","Seething Fire","Anvil of the Gods","DaveBox","testmod-TestBox","AT_ATBox","testmod-CrystalShield","Old Coin","Bird Faced Urn","SynthV:TestCard","Dota2Spire:LotusOrb","Bloody Idol","Dota2Spire:MonkeyKingBar","AT_MibuBalloonWealth","Vajra","Regal Pillow","infinitespire:FocusingShard","Dota2Spire:LinkenSphere","Transparent","testmod-AssaultLearning","Nloth\u0027s Gift","infinitespire:Satchel","Dota2Spire:PowerTreads","Dota2Spire:UrnOfShadows","AT_TrinityForce"],"acts_visited":["Exordium","TheCity","TheBeyond"],"potions_floor_usage":[28,29],"damage_taken":[{"damage":0,"enemies":"Small Slimes","floor":1,"turns":4},{"damage":2,"enemies":"Jaw Worm","floor":7,"turns":3},{"damage":4,"enemies":"Cultist","floor":8,"turns":4},{"damage":11,"enemies":"Blue Slaver","floor":10,"turns":3},{"damage":7,"enemies":"3 Louse","floor":12,"turns":2},{"damage":8,"enemies":"3 Sentries","floor":14,"turns":4},{"damage":2,"enemies":"Hexaghost","floor":16,"turns":4},{"damage":7,"enemies":"2 Thieves","floor":18,"turns":1},{"damage":14,"enemies":"3 Byrds","floor":19,"turns":2},{"damage":14,"enemies":"Centurion and Healer","floor":20,"turns":2},{"damage":7,"enemies":"Slavers","floor":23,"turns":1},{"damage":7,"enemies":"Book of Stabbing","floor":25,"turns":1},{"damage":14,"enemies":"3 Cultists","floor":27,"turns":2},{"damage":14,"enemies":"Snake Plant","floor":28,"turns":2},{"damage":32,"enemies":"Centurion and Healer","floor":29,"turns":2},{"damage":14,"enemies":"Gremlin Leader","floor":30,"turns":2},{"damage":14,"enemies":"Shelled Parasite and Fungi","floor":31,"turns":2},{"damage":27,"enemies":"Champ","floor":33,"turns":2},{"damage":22,"enemies":"3 Shapes","floor":35,"turns":2},{"damage":14,"enemies":"3 Darklings","floor":37,"turns":2},{"damage":100013,"enemies":"4 Shapes","floor":38,"turns":2}],"seed_played":"-846962715204836194","potions_obtained":[{"floor":1,"key":"EntropicBrew"},{"floor":8,"key":"StancePotion"},{"floor":10,"key":"PowerPotion"},{"floor":28,"key":"REME_GoldPotion"},{"floor":30,"key":"Fire Potion"}],"is_trial":false,"path_per_floor":["M","?","?","?","?","R","M","M","T","M","?","M","$","E","R","B",null,"M","M","M","?","?","E","?","E","T","M","M","M","E","M","R","B",null,"M","?","M","M"],"character_chosen":"WATCHER","items_purchased":["AT_MibuBalloonWealth","Vajra","Regal Pillow","MostiFishMod:Kaleido","infinitespire:FocusingShard"],"campfire_rested":0,"item_purchase_floors":[13,13,13,13,13],"current_hp_per_floor":[65,65,70,63,46,46,46,44,44,35,35,30,30,26,26,28,60,70,70,70,70,70,70,70,70,70,70,70,70,70,70,70,70,70,70,60,70,0,0],"gold":1680,"neow_bonus":"ONE_RARE_RELIC","is_daily":false,"chose_seed":false,"campfire_upgraded":3,"win_rate":0.0,"timestamp":1608983040,"path_taken":["M","?","?","?","?","R","M","?","T","M","?","M","?","E","R","BOSS","M","M","M","?","?","E","?","E","T","?","M","M","E","M","R","BOSS","M","?","M","M"],"items_purchased_type":["Relic","Relic","Relic","Card","Relic"],"build_version":"2020-12-22","purchased_purges":1,"victory":false,"max_hp_per_floor":[65,65,70,70,70,70,70,70,70,70,70,70,70,70,70,70,70,70,70,70,70,70,70,70,70,70,70,70,70,70,70,70,70,70,70,70,70,70,70],"relic_stats":{"Regal Pillow":0,"counters":[21,48],"Bird Faced Urn":[95],"Bloody Idol":72,"Nloth\u0027s Gift":4,"obtain_stats":[{"Regal Pillow":13,"Dota2Spire:PowerTreads":26,"AT_ATBox":0,"DaveBox":0,"AT_MibuBalloonWealth":13,"Vajra":13,"Hammer of Thor":0,"infinitespire:Cubic Diamond":2,"Dota2Spire:LotusOrb":4,"Old Coin":0,"testmod-CrystalShield":0,"AT_TrinityForce":34,"Cracked Core":2,"testmod-TestBox":0,"Dota2Spire:UrnOfShadows":30,"Golden Idol":5,"infinitespire:FocusingShard":13,"Seething Fire":0,"SynthV:TestCard":1,"Transparent":17,"Anvil of the Gods":0,"Bird Faced Urn":0,"Bloody Idol":22,"testmod-AssaultLearning":23,"infinitespire:Satchel":25,"Dota2Spire:LinkenSphere":14,"Nloth\u0027s Gift":24,"PureWater":0,"Dota2Spire:MonkeyKingBar":9,"REME_ComplimentaryCards":0},{"Regal Pillow":5,"Dota2Spire:PowerTreads":12,"AT_ATBox":0,"DaveBox":0,"AT_MibuBalloonWealth":5,"Vajra":5,"Hammer of Thor":0,"infinitespire:Cubic Diamond":1,"Dota2Spire:LotusOrb":1,"Old Coin":0,"testmod-CrystalShield":0,"AT_TrinityForce":18,"Cracked Core":1,"testmod-TestBox":0,"Dota2Spire:UrnOfShadows":16,"Golden Idol":1,"infinitespire:FocusingShard":5,"Seething Fire":0,"SynthV:TestCard":1,"Transparent":7,"Anvil of the Gods":0,"Bird Faced Urn":0,"Bloody Idol":10,"testmod-AssaultLearning":11,"infinitespire:Satchel":12,"Dota2Spire:LinkenSphere":6,"Nloth\u0027s Gift":11,"PureWater":0,"Dota2Spire:MonkeyKingBar":3,"REME_ComplimentaryCards":0},{"Regal Pillow":16,"Dota2Spire:PowerTreads":31,"AT_ATBox":0,"DaveBox":0,"AT_MibuBalloonWealth":16,"Vajra":16,"Hammer of Thor":0,"infinitespire:Cubic Diamond":4,"Dota2Spire:LotusOrb":4,"Old Coin":0,"testmod-CrystalShield":0,"AT_TrinityForce":43,"Cracked Core":4,"testmod-TestBox":0,"Dota2Spire:UrnOfShadows":39,"Golden Idol":4,"infinitespire:FocusingShard":16,"Seething Fire":0,"SynthV:TestCard":4,"Transparent":24,"Anvil of the Gods":0,"Bird Faced Urn":0,"Bloody Idol":29,"testmod-AssaultLearning":30,"infinitespire:Satchel":31,"Dota2Spire:LinkenSphere":20,"Nloth\u0027s Gift":30,"PureWater":0,"Dota2Spire:MonkeyKingBar":11,"REME_ComplimentaryCards":0}]},"card_choices":[{"not_picked":["Crescendo","EmptyFist"],"picked":"REME_Repentance","floor":1},{"not_picked":["MostiFishMod:Nomercy","Wallop","Protect","Fasting2","Evaluate"],"picked":"SKIP","floor":7},{"not_picked":["BowlingBash","ReachHeaven","FearNoEvil","Prostrate"],"picked":"AT_MachinaRedman","floor":8},{"not_picked":["SashWhip","EmptyFist","WindmillStrike","Consecrate","AT_DivineConfetti"],"picked":"SKIP","floor":10},{"not_picked":["SashWhip","EmptyFist","WindmillStrike","Consecrate","AT_DivineConfetti"],"picked":"SKIP","floor":10},{"not_picked":["JustLucky","CarveReality","FollowUp","Protect","REME_MusicOfDeath"],"picked":"SKIP","floor":12},{"not_picked":["MarkedMod:FirstStrike","LessonLearned","Scrawl","MarkedMod:Acupuncture","MostiFishMod:Speedup"],"picked":"SKIP","floor":14},{"not_picked":["MostiFishMod:StarLaLaLa","MostiFishMod:Adaptation","Wish","MostiFishMod:KamiSmash"],"picked":"MostiFishMod:DustFall","floor":16},{"not_picked":["AT_OneInchPunch","Study+1","Sanctity","SandsOfTime+1","MarkedMod:FirstStrike"],"picked":"SKIP","floor":18},{"not_picked":["AT_ChampionStep","Fasting2+1","BattleHymn+1","WheelKick","Consecrate"],"picked":"SKIP","floor":19},{"not_picked":["JustLucky","Weave","CutThroughFate","REME_Repentance","AT_IrregularMenstruation"],"picked":"SKIP","floor":20},{"not_picked":["MarkedMod:Acupuncture+1","EmptyBody","DeusExMachina","EmptyFist","Protect"],"picked":"SKIP","floor":23},{"not_picked":["Consecrate","Collect","AT_ChampionStep+1","REME_Repentance","Conclude"],"picked":"SKIP","floor":25},{"not_picked":["Halt","EmptyBody+1","MostiFishMod:Speedup","Prostrate","AT_RealFormLess+1"],"picked":"SKIP","floor":27},{"not_picked":["WaveOfTheHand","Protect","Prostrate","MostiFishMod:PathToVictory","EmptyMind"],"picked":"SKIP","floor":28},{"not_picked":["FlyingSleeves","WheelKick","AT_ChampionStep","MostiFishMod:Clarity","WreathOfFlame+1"],"picked":"SKIP","floor":29},{"not_picked":["AT_SoftenMuscles+1","EmptyFist","MostiFishMod:FlowState","SignatureMove","MostiFishMod:StarHerder"],"picked":"SKIP","floor":30},{"not_picked":["MostiFishMod:Clarity","Wireheading+1","PathToVictory","WaveOfTheHand","WheelKick"],"picked":"SKIP","floor":31},{"not_picked":["MostiFishMod:PathToVictory","Weave","MarkedMod:FirstStrike+1","ThirdEye+1","FlurryOfBlows"],"picked":"SKIP","floor":35},{"not_picked":["REME_Flogging","Transmutation","REME_TheoryOfElimination","testmod-LifeRuler"],"picked":"Discovery","floor":36},{"not_picked":["FollowUp+1","PathToVictory+1","ClearTheMind","InnerPeace+1","SashWhip+1"],"picked":"SKIP","floor":37}],"player_experience":48028,"relics_obtained":[{"floor":1,"key":"SynthV:TestCard"},{"floor":9,"key":"Dota2Spire:MonkeyKingBar"},{"floor":14,"key":"Dota2Spire:LinkenSphere"},{"floor":23,"key":"testmod-AssaultLearning"},{"floor":25,"key":"infinitespire:Satchel"},{"floor":26,"key":"Dota2Spire:PowerTreads"},{"floor":30,"key":"Dota2Spire:UrnOfShadows"}],"event_choices":[{"damage_healed":0,"gold_gain":0,"player_choice":"Donut","damage_taken":0,"max_hp_gain":5,"max_hp_loss":0,"event_name":"Big Fish","floor":3,"gold_loss":0},{"damage_healed":0,"gold_gain":0,"player_choice":"Success","damage_taken":7,"relics_obtained":["Dota2Spire:LotusOrb"],"max_hp_gain":0,"max_hp_loss":0,"event_name":"Scrap Ooze","floor":4,"gold_loss":0},{"damage_healed":0,"gold_gain":0,"player_choice":"Take Damage","damage_taken":17,"relics_obtained":["Golden Idol"],"max_hp_gain":0,"max_hp_loss":0,"event_name":"Golden Idol","floor":5,"gold_loss":0},{"damage_healed":0,"gold_gain":400,"player_choice":"Sell","damage_taken":0,"max_hp_gain":0,"max_hp_loss":0,"event_name":"恩洛斯的盘子","floor":11,"relics_lost":["REME_ComplimentaryCards"],"gold_loss":0},{"damage_healed":0,"gold_gain":0,"player_choice":"Read","damage_taken":0,"max_hp_gain":0,"max_hp_loss":0,"event_name":"The Library","floor":21,"gold_loss":0,"cards_obtained":["MostiFishMod:PathToVictory"]},{"damage_healed":0,"gold_gain":0,"player_choice":"Gave Idol","damage_taken":0,"relics_obtained":["Bloody Idol"],"max_hp_gain":0,"max_hp_loss":0,"event_name":"Forgotten Altar","floor":22,"relics_lost":["Golden Idol"],"gold_loss":0},{"damage_healed":0,"gold_gain":0,"player_choice":"Traded Relic","damage_taken":0,"relics_obtained":["Nloth\u0027s Gift"],"max_hp_gain":0,"max_hp_loss":0,"event_name":"N\u0027loth","floor":24,"relics_lost":["infinitespire:Cubic Diamond"],"gold_loss":0},{"damage_healed":0,"gold_gain":0,"player_choice":"Memory 3","damage_taken":10,"max_hp_gain":0,"max_hp_loss":0,"event_name":"SensoryStone","floor":36,"gold_loss":0}],"is_beta":false,"boss_relics":[{"not_picked":["HereWithMe","VioletLotus"],"picked":"Transparent"},{"not_picked":["REME_DuelDisc","ChiXiaoBlade"],"picked":"AT_TrinityForce"}],"items_purged_floors":[13],"is_endless":false,"potions_floor_spawned":[1,8,10,16,19,27,28,30,31,35],"killed_by":"4 Shapes","ascension_level":11}}