{"host":"4so6zk3ni2nu7g2c","time":1608989829,"event":{"mods":["ATMod(°¢èªMod)","Act Like it!","BaseMod","Gensokyo","Minty Spire (QoL Compilation)","Prisma Mod","Quick Restart","Replay The Spire","Shop Mod","StSLib","¡¾ÒÅÎï¿¨ÅÆ¡¿REMEMod"],"gold_per_floor":[117,117,117,131,131,161,181,181,181,206,224,249,266,293,293,398,398,409,429,136,149,0,0,57,76,76,76,101,101,41,71,71,172,172,183,228,246,13,13,62,62,108,108,140,140,169,89,29,29,29,29,29,29,58,58],"floor_reached":56,"playtime":3631,"items_purged":["PrismaMod:IllyaUncommonDefend","PrismaMod:IllyaCommonDefend"],"score":1795,"play_id":"c822dba3-c37c-45ba-b26b-0982b0c93ffc","local_time":"20201226213709","is_ascension_mode":true,"campfire_choices":[{"data":"PrismaMod:IllyaUncommonDefend","floor":8.0,"key":"SMITH"},{"data":"PrismaMod:ChloeAnyAttackTrace","floor":15.0,"key":"SMITH"},{"data":"PrismaMod:IllyaZwei","floor":23.0,"key":"SMITH"},{"floor":27.0,"key":"DIG"},{"floor":29.0,"key":"DIG"},{"floor":32.0,"key":"DIG"},{"floor":41,"key":"DIG"},{"floor":49,"key":"RECALL"},{"floor":52,"key":"DIG"}],"circlet_count":0,"master_deck":["PrismaMod:IllyaCommonAttack+1","PrismaMod:IllyaCommonDefend","PrismaMod:IllyaCommonAttack","PrismaMod:IllyaCommonDefend","PrismaMod:IllyaCommonAttack+1","PrismaMod:IllyaCommonDefend+1","PrismaMod:IllyaCommonAttack+1","PrismaMod:IllyaCommonDefend","PrismaMod:IllyaUncommonAttack","PrismaMod:IllyaUncommonDefend+1","PrismaMod:IllyaBerserCAR","PrismaMod:IllyaBoysLove","PrismaMod:IllyaAOECommonAttack+1","PrismaMod:ChloeAnyAttackTrace+1","PrismaMod:IllyaZwei+1","PrismaMod:IllyaCommandSeal","Finesse+1","PrismaMod:IllyaInstallArcher","CurseOfTheBell","AT_Homeward","PrismaMod:IllyaGrail","Deep Breath+1","PrismaMod:IllyaAlice+1","Gensokyo:CustomPotion","REME_ProfessionalPlagiarism"],"relics":["PrismaMod:PrismaRuby","AT_ATBox","REME_ComplimentaryCards","ReplayTheSpireMod:TigerMarble","ReplayTheSpireMod:Ninjato","Bird Faced Urn","Eternal Feather","AT_ImmortalShieldbow","REME_LowDesire","Anchor","Replay:Mystery Machine","REME_CardOfGreed","Centennial Puzzle","Shovel","The Courier","Art of War","Gremlin Food","Snack Pack","Torii","Chameleon Ring","REME_HourglassOfDeath","Replay:Grab Bag","Coffee Dripper","Philosopher\u0027s Stone","Calling Bell","Black Star","Nunchaku","Lizard Tail","Replay:Bottled Flurry","Frozen Eye","Bag of Marbles","AT_EbonyIvory","AT_BellDemon","Akabeko","Bottled Tornado","AT_ArcaneBoots","AT_TimeSand","AT_DeathDance","Divine Protection","Letter Opener","Boot","Gensokyo:EmptyGrave","Prayer Wheel","Dream Catcher","Replay:Multitool","Meat on the Bone","Bottled Lightning","Whetstone","StrikeDummy","Simple Rune"],"acts_visited":["Gensokyo:Gensokyo","Gensokyo:Gensokyoer","Gensokyo:Gensokyoest","TheEnding"],"potions_floor_usage":[54,54,55],"damage_taken":[{"damage":0.0,"enemies":"Gensokyo:3_Fairies","floor":1.0,"turns":4.0},{"damage":0.0,"enemies":"Gensokyo:Python","floor":4.0,"turns":4.0},{"damage":0.0,"enemies":"Gensokyo:Mamizou","floor":6.0,"turns":9.0},{"damage":0.0,"enemies":"Gensokyo:2_Kodama","floor":7.0,"turns":4.0},{"damage":6.0,"enemies":"Gensokyo:Cirno","floor":10.0,"turns":6.0},{"damage":0.0,"enemies":"Gensokyo:2_Rabbits","floor":11.0,"turns":5.0},{"damage":0.0,"enemies":"Gensokyo:Mamizou","floor":12.0,"turns":7.0},{"damage":8.0,"enemies":"Gensokyo:3_Kodama","floor":13.0,"turns":4.0},{"damage":0.0,"enemies":"Gensokyo:Yukari","floor":16.0,"turns":2.0},{"damage":6.0,"enemies":"Gensokyo:Chomper","floor":18.0,"turns":3.0},{"damage":0.0,"enemies":"Gensokyo:3_Dogs","floor":19.0,"turns":2.0},{"damage":35.0,"enemies":"Gensokyo:Wraith","floor":21.0,"turns":5.0},{"damage":0.0,"enemies":"Gensokyo:Reisen","floor":24.0,"turns":2.0},{"damage":0.0,"enemies":"Gensokyo:Monolith_and_Dog","floor":25.0,"turns":1.0},{"damage":22.0,"enemies":"Gensokyo:Tenshi","floor":28.0,"turns":2.0},{"damage":0.0,"enemies":"Gensokyo:Koishi","floor":31.0,"turns":2.0},{"damage":40.0,"enemies":"Gensokyo:Kaguya","floor":33.0,"turns":8.0},{"damage":11.0,"enemies":"Gensokyo:3_Boulders","floor":35.0,"turns":4.0},{"damage":7.0,"enemies":"Gensokyo:AncientGuardian","floor":37.0,"turns":3.0},{"damage":8,"enemies":"Gensokyo:Doremy","floor":40,"turns":4},{"damage":0,"enemies":"Gensokyo:Marisa","floor":42,"turns":2},{"damage":0,"enemies":"Gensokyo:Kasen","floor":44,"turns":2},{"damage":0,"enemies":"Gensokyo:Marisa","floor":46,"turns":3},{"damage":0,"enemies":"Gensokyo:Shinki","floor":50,"turns":4},{"damage":23,"enemies":"Shield and Spear","floor":54,"turns":6},{"damage":9,"enemies":"The Heart","floor":55,"turns":3}],"seed_played":"-1077491393909957252","potions_obtained":[{"floor":1.0,"key":"Adrenaline Potion"},{"floor":11.0,"key":"PowerPotion"},{"floor":12.0,"key":"REME_GoldPotion"},{"floor":13.0,"key":"Fire Potion"},{"floor":16.0,"key":"Block Potion"},{"floor":19.0,"key":"SteroidPotion"},{"floor":31.0,"key":"Death Potion"},{"floor":35.0,"key":"Flashbang"},{"floor":36.0,"key":"CultistPotion"}],"is_trial":false,"path_per_floor":["M","$","?","M","$","E","M","R","T","E","M","E","M","T","R","B",null,"M","M","COS","M","?","R","E","M","T","R","E","R","$","E","R","B",null,"M","?","M","COS","?","E","R","E","T","E","?","E","$","?","R","B",null,"R","$","E","B",null],"character_chosen":"ILLYA","items_purchased":[],"campfire_rested":0,"item_purchase_floors":[],"current_hp_per_floor":[75,75,82,82,82,82,82,82,82,76,79,82,77,77,85,85,85,79,84,84,49,49,61,66,66,66,78,64,76,76,80,89,58,90,82,46,52,52,52,48,60,67,67,73,73,82,82,83,83,83,83,83,83,83,84],"gold":58,"neow_bonus":"RANDOM_COMMON_RELIC","is_daily":false,"chose_seed":false,"campfire_upgraded":3,"win_rate":0.0,"timestamp":1608989829,"path_taken":["M","?","?","?","$","E","M","R","T","E","?","E","M","?","R","BOSS","M","M","COS","?","?","R","E","M","T","R","E","R","$","E","R","BOSS","M","?","?","COS","?","E","R","E","T","E","?","E","$","?","R","BOSS","R","$","E","BOSS"],"items_purchased_type":[],"build_version":"2020-12-22","purchased_purges":2,"victory":true,"max_hp_per_floor":[75,75,82,82,82,82,82,82,82,82,82,82,85,85,85,85,85,85,85,85,85,85,85,85,85,85,85,90,90,90,90,90,90,90,90,90,90,90,90,90,90,90,90,90,83,83,83,83,83,83,83,83,83,83,86],"card_choices":[{"not_picked":["PrismaMod:IllyaGrailKun","PrismaMod:IllyaFeed"],"picked":"PrismaMod:IllyaUncommonDefend","floor":1.0},{"not_picked":["PrismaMod:IllyaCheapChannelAttack","PrismaMod:IllyaRussianRoulette"],"picked":"PrismaMod:IllyaBerserCAR","floor":4.0},{"not_picked":["PrismaMod:IllyaBerserCAR","PrismaMod:IllyaRussianRoulette"],"picked":"PrismaMod:IllyaBoysLove","floor":6.0},{"not_picked":["PrismaMod:IllyaDualEvoke","PrismaMod:IllyaMinorReinForce","PrismaMod:IllyaStunPoison"],"picked":"SKIP","floor":7.0},{"not_picked":["PrismaMod:IllyaInstallCaster","PrismaMod:IllyaHassanGift"],"picked":"PrismaMod:IllyaAOECommonAttack","floor":10.0},{"not_picked":["PrismaMod:IllyaPoisonBlock","PrismaMod:IllyaSaphire","PrismaMod:IllyaCheapChannelPoison"],"picked":"SKIP","floor":11.0},{"not_picked":["PrismaMod:IllyaGrailKun","PrismaMod:IllyaGun","PrismaMod:IllyaPoisonTippedWeapons"],"picked":"SKIP","floor":12.0},{"not_picked":["PrismaMod:IllyaCheapChannelDefend","PrismaMod:IllyaAOECommonAttack","PrismaMod:IllyaMinorRapidFire"],"picked":"SKIP","floor":13.0},{"not_picked":["PrismaMod:IllyaInstallMoonCancer","PrismaMod:IllyaCarnivalOrbs"],"picked":"PrismaMod:IllyaZwei","floor":16.0},{"not_picked":["PrismaMod:IllyaGun+1","PrismaMod:IllyaFriendMaker+1","PrismaMod:IllyaSaphire","Mind Blast+1"],"picked":"SKIP","floor":18.0},{"not_picked":["PrismaMod:IllyaGun+1","PrismaMod:IllyaFriendMaker+1","PrismaMod:IllyaSaphire","Mind Blast+1"],"picked":"SKIP","floor":18.0},{"not_picked":["PrismaMod:IllyaGrailKun+1","PrismaMod:IllyaInstallRider","PrismaMod:IllyaRubysPotion+1","HandOfGreed"],"picked":"SKIP","floor":19.0},{"not_picked":["PrismaMod:IllyaRapidFire","PrismaMod:IllyaUncommonAOEAttack","Impatience"],"picked":"PrismaMod:IllyaCommandSeal","floor":21.0},{"not_picked":["PrismaMod:IllyaStunPoison","PrismaMod:IllyaDevil+1","PrismaMod:IllyaBerserCAR+1","REME_TwoStrings"],"picked":"SKIP","floor":24.0},{"not_picked":["PrismaMod:IllyaCheapChannelPoison","PrismaMod:IllyaPoisonBlock","PrismaMod:IllyaPoisonTippedWeapons+1","Discovery"],"picked":"SKIP","floor":25.0},{"not_picked":["PrismaMod:IllyaCommonEvoke+1","PrismaMod:IllyaPartialInstallAssassin","PrismaMod:IllyaUberChannel","Replay:Parry"],"picked":"SKIP","floor":28.0},{"not_picked":["PrismaMod:IllyaCommonEvoke","PrismaMod:IllyaUncommonAOEAttack","PrismaMod:IllyaHassanGift"],"picked":"Finesse+1","floor":31.0},{"not_picked":["PrismaMod:IllyaUberAttackChannel","PrismaMod:IllyaInstallAvenger","REME_ShortnessOfBreath+1"],"picked":"PrismaMod:IllyaInstallArcher","floor":33.0},{"not_picked":["PrismaMod:IllyaBlindPoisonToss","PrismaMod:IllyaCheapChannelDefend","PrismaMod:IllyaCommonEvoke","Midas Touch"],"picked":"SKIP","floor":35.0},{"not_picked":["PrismaMod:IllyaEvokeAll+1","PrismaMod:IllyaFriendMaker","PrismaMod:IllyaCheapChannelDefend"],"picked":"AT_Homeward","floor":36.0},{"not_picked":["PrismaMod:IllyaInstallSaber","PrismaMod:IllyaHassanGift+1","PrismaMod:IllyaCheapChannelAttack+1","Trip+1"],"picked":"SKIP","floor":37.0},{"not_picked":["PrismaMod:IllyaUncommonDefend","PrismaMod:IllyaSaphire","Thinking Ahead"],"picked":"PrismaMod:IllyaGrail","floor":40},{"not_picked":["PrismaMod:IllyaGrailKun+1","PrismaMod:IllyaPoisonBomb+1","PrismaMod:IllyaMaid+1","Forethought+1"],"picked":"SKIP","floor":42},{"not_picked":["PrismaMod:IllyaPartialInstallAssassin","PrismaMod:IllyaRubysPotion+1","PrismaMod:IllyaCommonEvoke+1"],"picked":"Deep Breath+1","floor":44},{"not_picked":["PrismaMod:IllyaTestament","PrismaMod:IllyaSaphire","Panache"],"picked":"PrismaMod:IllyaAlice+1","floor":46},{"not_picked":["PrismaMod:IllyaInstallRuler","PrismaMod:IllyaDevil","PrismaMod:IllyaPoisonBlock+1"],"picked":"REME_ProfessionalPlagiarism","floor":54}],"player_experience":389413,"relics_obtained":[{"floor":6.0,"key":"ReplayTheSpireMod:Ninjato"},{"floor":9.0,"key":"Bird Faced Urn"},{"floor":10.0,"key":"Eternal Feather"},{"floor":12.0,"key":"AT_ImmortalShieldbow"},{"floor":17.0,"key":"Anchor"},{"floor":17.0,"key":"Replay:Mystery Machine"},{"floor":24.0,"key":"Centennial Puzzle"},{"floor":26.0,"key":"The Courier"},{"floor":27.0,"key":"Art of War"},{"floor":28.0,"key":"Gremlin Food"},{"floor":29.0,"key":"Snack Pack"},{"floor":31.0,"key":"Chameleon Ring"},{"floor":32.0,"key":"REME_HourglassOfDeath"},{"floor":34.0,"key":"Nunchaku"},{"floor":34.0,"key":"Lizard Tail"},{"floor":34.0,"key":"Replay:Bottled Flurry"},{"floor":40,"key":"AT_EbonyIvory"},{"floor":40,"key":"AT_BellDemon"},{"floor":41,"key":"Akabeko"},{"floor":42,"key":"Bottled Tornado"},{"floor":42,"key":"AT_SpeedBoots"},{"floor":42,"key":"AT_TimeSand"},{"floor":43,"key":"AT_DeathDance"},{"floor":44,"key":"Divine Protection"},{"floor":44,"key":"Letter Opener"},{"floor":44,"key":"Boot"},{"floor":46,"key":"Dream Catcher"},{"floor":46,"key":"Replay:Multitool"},{"floor":46,"key":"Meat on the Bone"},{"floor":52,"key":"Bottled Lightning"},{"floor":54,"key":"Whetstone"},{"floor":54,"key":"StrikeDummy"},{"floor":54,"key":"Simple Rune"}],"event_choices":[],"is_beta":false,"boss_relics":[{"not_picked":["Replay:Wanted Poster","Cursed Key"],"picked":"REME_LowDesire"},{"not_picked":["PrismaMod:PrismaZwei","Fusion Hammer"],"picked":"Replay:Grab Bag"},{"not_picked":["Sozu","ChewingGum"],"picked":"Coffee Dripper"},{"not_picked":["SlaversCollar","Runic Dome"],"picked":"Philosopher\u0027s Stone"},{"not_picked":["Ring of Chaos","Kintsugi"],"picked":"Calling Bell"},{"not_picked":["REME_DemonsWealth","Empty Cage"],"picked":"Black Star"}],"items_purged_floors":[30,47],"is_endless":false,"potions_floor_spawned":[1,11,12,13,16,19,31,35],"ascension_level":2}}