{"host":"h5acbxt0wmjo1kpm","time":1608948634,"event":{"mods":["2.2 Compatiblity","Act Like it!","AlwaysNeverKeys","Aspiration","Bartender","BaseMod","Better Third Choice","Colored Map","Elementarium","Gensokyo","GifTheSpireLib","Hallownest","Marisa????????","Minty Spire (QoL Compilation)","Permanent Neow","Potionbrewer","Relic Filter","Replay The Spire","Robot Space Explorer","RumiaBox-????????","Shade Mod","Spicy Shops","StSLib","Strawberry Spire","The Blackbeard","The Dragon Tamer","The Forsaken","The Gatherer","The Problem Sleuth","The Servant 0.9.4","Wandering Minibosses","vexMod"],"gold_per_floor":[118,118,81,295,310,310,339,339,339,364,563,595,595,595,595,595,595],"floor_reached":16,"playtime":691,"items_purged":[],"score":224,"play_id":"caa8af30-4b26-41b5-8009-3814b1de4a5e","local_time":"20201225181034","is_ascension_mode":true,"campfire_choices":[{"data":"strawberrySpire:Adapter","floor":6,"key":"SMITH"},{"data":"Fission","floor":8,"key":"SMITH"},{"data":"Hologram","floor":15,"key":"SMITH"}],"circlet_count":0,"master_deck":["AscendersBane","Strike_B","Strike_B","Strike_B","Strike_B","Defend_B","Defend_B","Defend_B","Defend_B","Zap+1","Dualcast","strawberrySpire:Disconnect","Ball Lightning+1","Gash+1","Rebound","Fission+1","Hologram+1","Pain","Glacier","Sweeping Beam"],"relics":["Cracked Core","Baka","Ccalipers","aspiration:HatOfInfinitePower","Oddly Smooth Stone","strawberrySpire:WhoaramAlpha"],"acts_visited":["Gensokyo:Gensokyo"],"potions_floor_usage":[7,10,16],"damage_taken":[{"damage":2,"enemies":"Gensokyo:Python","floor":1,"turns":3},{"damage":0,"enemies":"Gensokyo:3_Fairies","floor":4,"turns":4},{"damage":0,"enemies":"Gensokyo:Gryphon","floor":5,"turns":2},{"damage":6,"enemies":"Gensokyo:Cirno","floor":7,"turns":4},{"damage":60,"enemies":"Gensokyo:Aya","floor":10,"turns":7},{"damage":2,"enemies":"Gensokyo:Mamizou","floor":12,"turns":8},{"damage":18,"enemies":"Gensokyo:Reimu","floor":16,"turns":2}],"seed_played":"-6937778536411000928","potions_obtained":[{"floor":1,"key":"DistilledChaos"},{"floor":7,"key":"potionbrewer:StunPotion"},{"floor":10,"key":"potionbrewer:BarricadePotion"}],"is_trial":false,"path_per_floor":["M","?","$","M","M","R","E","R","T","E","?","E","?","?","R","B"],"character_chosen":"DEFECT","items_purchased":["Gash+1"],"campfire_rested":0,"item_purchase_floors":[3],"current_hp_per_floor":[62,62,62,62,62,62,70,70,70,10,10,8,8,15,15,0,0],"gold":595,"neow_bonus":"UPGRADE_CARD","is_daily":false,"chose_seed":false,"campfire_upgraded":3,"win_rate":0.0,"timestamp":1608948634,"path_taken":["M","?","$","M","?","R","E","R","T","E","?","E","?","?","R","BOSS"],"items_purchased_type":["Card"],"build_version":"2020-12-22","purchased_purges":0,"victory":false,"max_hp_per_floor":[71,71,71,71,71,71,71,71,71,71,71,71,71,71,71,71,71],"card_choices":[{"not_picked":["Conserve Battery","Stack"],"picked":"strawberrySpire:Disconnect","floor":1},{"not_picked":["Redo","White Noise"],"picked":"Rebound","floor":4},{"not_picked":["strawberrySpire:GearCrunch","Leap"],"picked":"strawberrySpire:Adapter","floor":5},{"not_picked":["Streamline","Cold Snap"],"picked":"Fission","floor":7},{"not_picked":["Sweeping Beam","Thunder Strike"],"picked":"Hologram","floor":10},{"not_picked":["Steam","Ball Lightning"],"picked":"Glacier","floor":11},{"not_picked":["strawberrySpire:Refactor","Ball Lightning"],"picked":"Sweeping Beam","floor":12}],"player_experience":1940126,"relics_obtained":[{"floor":1,"key":"Baka"},{"floor":7,"key":"Ccalipers"},{"floor":9,"key":"aspiration:HatOfInfinitePower"},{"floor":10,"key":"Oddly Smooth Stone"},{"floor":12,"key":"strawberrySpire:WhoaramAlpha"}],"event_choices":[],"is_beta":false,"boss_relics":[],"items_purged_floors":[],"is_endless":false,"potions_floor_spawned":[1,7,10],"killed_by":"Gensokyo:Reimu","ascension_level":15}}