{"host":"2461dio7vetlq1z3","time":1608991356,"event":{"mods":["2.2 Compatiblity","AchievementEnabler","Aspiration","BaseMod","Better Third Choice","Friendly Minions","Hermit","Minty Spire (QoL Compilation)","Relic Stats","Spicy Shops","StSLib","Waifu the Spire"],"gold_per_floor":[363,375,375,375,48,48,83,94,94,105,105,105],"floor_reached":11,"playtime":311,"items_purged":[],"score":181,"play_id":"492475f6-6119-4727-b1ad-88b9ba896947","local_time":"20201226150236","is_ascension_mode":true,"campfire_choices":[{"data":"FollowUp","floor":6,"key":"SMITH"}],"circlet_count":0,"master_deck":["AscendersBane","Strike_P","Strike_P","Defend_P","Defend_P","Defend_P","Eruption","Vigilance","FollowUp+1","FollowUp","Underhanded Strike","Flechettes","Venomology","FlurryOfBlows","WheelKick","CrushJoints"],"relics":["PureWater","Pocketwatch","Ancient Tea Set","GoldenEye"],"acts_visited":["Exordium"],"potions_floor_usage":[7,11],"damage_taken":[{"damage":2,"enemies":"Jaw Worm","floor":1,"turns":5},{"damage":7,"enemies":"2 Louse","floor":2,"turns":2},{"damage":0,"enemies":"Gremlin Nob","floor":7,"turns":2},{"damage":0,"enemies":"Cultist","floor":8,"turns":2},{"damage":2,"enemies":"3 Louse","floor":10,"turns":3},{"damage":40,"enemies":"Lagavulin","floor":11,"turns":2}],"seed_played":"-6892345837587201121","potions_obtained":[{"floor":1,"key":"AttackPotion"},{"floor":8,"key":"ColorlessPotion"}],"is_trial":false,"path_per_floor":["M","M","?","?","$","R","E","M","T","M","E"],"character_chosen":"WATCHER","items_purchased":["Pocketwatch"],"campfire_rested":0,"item_purchase_floors":[5],"current_hp_per_floor":[41,34,34,34,34,34,34,34,34,32,0,0],"gold":105,"neow_bonus":"TWO_FIFTY_GOLD","is_daily":false,"chose_seed":false,"campfire_upgraded":1,"win_rate":0.0,"timestamp":1608991356,"path_taken":["M","M","?","?","$","R","E","M","T","M","E"],"items_purchased_type":["Relic"],"build_version":"2020-12-22","purchased_purges":0,"victory":false,"max_hp_per_floor":[68,68,68,68,68,68,68,68,68,68,68,68],"relic_stats":{"counters":[6,16],"GoldenEye":[0],"obtain_stats":[{"PureWater":0,"Ancient Tea Set":7,"GoldenEye":9,"Pocketwatch":5},{"PureWater":0,"Ancient Tea Set":3,"GoldenEye":4,"Pocketwatch":2},{"PureWater":0,"Ancient Tea Set":9,"GoldenEye":11,"Pocketwatch":7}],"Pocketwatch":[12]},"card_choices":[{"not_picked":["ForeignInfluence","EmptyBody"],"picked":"FollowUp","floor":1},{"not_picked":["Prostrate","PathToVictory"],"picked":"FollowUp","floor":2},{"not_picked":["ForeignInfluence","DeceiveReality"],"picked":"FlurryOfBlows","floor":7},{"not_picked":["EmptyBody","Indignation"],"picked":"WheelKick","floor":8},{"not_picked":["SashWhip","Sanctity"],"picked":"CrushJoints","floor":10}],"player_experience":942328,"relics_obtained":[{"floor":7,"key":"Ancient Tea Set"},{"floor":9,"key":"GoldenEye"}],"event_choices":[{"damage_healed":0,"gold_gain":0,"player_choice":"Ignored","damage_taken":375,"max_hp_gain":0,"max_hp_loss":0,"event_name":"betterThird:BetterSerpent","floor":4,"gold_loss":0}],"is_beta":false,"boss_relics":[],"items_purged_floors":[],"is_endless":false,"potions_floor_spawned":[1,8],"killed_by":"Lagavulin","ascension_level":17}}