{"host":"7tkrmasug91pv8cz","time":1608979894,"event":{"mods":["2.2 Compatiblity","BaseMod","DeckTracker","Minty Spire (QoL Compilation)","Permanent Neow","Prisma Mod","StSLib","SuperFastMode"],"gold_per_floor":[362,376,396,416,431,431,448,448,448,464,464,478,491,272,272,373,373,391,418,418],"floor_reached":19,"playtime":1360,"items_purged":["PrismaMod:MiyuCommonAttack"],"score":165,"play_id":"f7f70b8f-49b7-43e0-a3c4-31ccfeb10114","local_time":"20201226195134","is_ascension_mode":false,"campfire_choices":[{"data":"PrismaMod:MiyuUncommonPlate","floor":6,"key":"SMITH"},{"data":"PrismaMod:MiyuCheapChannelAttack","floor":8,"key":"SMITH"},{"floor":11,"key":"REST"},{"data":"PrismaMod:MiyuCheapChannelDefend","floor":15,"key":"SMITH"}],"circlet_count":0,"master_deck":["PrismaMod:MiyuCommonDefend","PrismaMod:MiyuCommonDefend","PrismaMod:MiyuCommonDefend","PrismaMod:MiyuCommonDefend","PrismaMod:MiyuCommonDefend","PrismaMod:MiyuCommonAttack","PrismaMod:MiyuCommonAttack","PrismaMod:MiyuCommonAttack","PrismaMod:MiyuCommonAttack","PrismaMod:MiyuCheapChannelAttack+1","PrismaMod:MiyuCheapChannelDefend+1","PrismaMod:MiyuCheapChannelWeak","PrismaMod:MiyuUncommonPlate+1","PrismaMod:MiyuAttackChannelVul","PrismaMod:MiyuUberAttack","PrismaMod:MiyuUncommonPlate","PrismaMod:MiyuCheapChannelHeal","PrismaMod:MiyuEvokeCheapAttack","PrismaMod:MiyuChannelAttackEvoke","CurseOfTheBell","PrismaMod:MiyuUncommonDefend+1"],"relics":["PrismaMod:PrismaSapphire","Singing Bowl","MealTicket","Calling Bell","Juzu Bracelet","Sundial","Thread and Needle","Red Mask"],"acts_visited":["Exordium","TheCity"],"potions_floor_usage":[],"damage_taken":[{"damage":1,"enemies":"2 Louse","floor":1,"turns":4},{"damage":0,"enemies":"Small Slimes","floor":2,"turns":4},{"damage":2,"enemies":"Cultist","floor":3,"turns":4},{"damage":5,"enemies":"3 Louse","floor":4,"turns":6},{"damage":15,"enemies":"Lots of Slimes","floor":5,"turns":7},{"damage":0,"enemies":"Looter","floor":7,"turns":4},{"damage":3,"enemies":"Blue Slaver","floor":10,"turns":3},{"damage":0,"enemies":"Exordium Thugs","floor":12,"turns":6},{"damage":3,"enemies":"Red Slaver","floor":13,"turns":5},{"damage":28,"enemies":"The Guardian","floor":16,"turns":13},{"damage":8,"enemies":"Chosen","floor":18,"turns":6},{"damage":44,"enemies":"Masked Bandits","floor":19,"turns":8}],"seed_played":"-4875036977855885315","potions_obtained":[{"floor":10,"key":"EssenceOfSteel"},{"floor":12,"key":"LiquidBronze"},{"floor":13,"key":"DistilledChaos"},{"floor":16,"key":"DistilledChaos"}],"is_trial":false,"path_per_floor":["M","M","M","M","M","R","M","R","T","M","R","M","M","$","R","B",null,"M","?"],"character_chosen":"MIYU","items_purchased":["MealTicket"],"campfire_rested":1,"item_purchase_floors":[14],"current_hp_per_floor":[53,53,51,46,31,31,31,31,31,32,54,58,60,60,60,43,77,69,31,31],"gold":418,"neow_bonus":"TWO_FIFTY_GOLD","is_daily":false,"chose_seed":false,"campfire_upgraded":3,"win_rate":0.0,"timestamp":1608979894,"path_taken":["M","M","M","M","M","R","M","R","T","M","R","M","M","$","R","BOSS","M","?"],"items_purchased_type":["Relic"],"build_version":"2020-12-22","purchased_purges":1,"victory":false,"max_hp_per_floor":[75,75,75,75,75,75,75,75,75,75,75,75,75,75,75,77,77,77,79,79],"card_choices":[{"not_picked":["PrismaMod:MiyuEvokeBuffStr","PrismaMod:MiyuCheapAttack2"],"picked":"PrismaMod:MiyuCheapChannelWeak","floor":1},{"not_picked":["PrismaMod:MiyuCheapStrBuff","PrismaMod:MiyuCheapAttack1"],"picked":"PrismaMod:MiyuUncommonPlate","floor":2},{"not_picked":["PrismaMod:MiyuCheapStrBuff","PrismaMod:MiyuDefenseExplosion","PrismaMod:MiyuEvokeBuffDex"],"picked":"SKIP","floor":3},{"not_picked":["PrismaMod:MiyuCarnivalAttack","PrismaMod:MiyuEvokeBuffStr"],"picked":"PrismaMod:MiyuAttackChannelVul","floor":4},{"not_picked":["PrismaMod:MiyuUncommonPlate","PrismaMod:MiyuMaid"],"picked":"PrismaMod:MiyuUberAttack","floor":5},{"not_picked":["PrismaMod:MiyuCheapChannelWeak","PrismaMod:MiyuCheapDexBuff"],"picked":"PrismaMod:MiyuUncommonPlate","floor":7},{"not_picked":["PrismaMod:MiyuEvokeCheapDefend","PrismaMod:MiyuMaid"],"picked":"PrismaMod:MiyuCheapChannelHeal","floor":10},{"not_picked":["PrismaMod:MiyuCheapAttack1","PrismaMod:MiyuChristmas"],"picked":"PrismaMod:MiyuEvokeCheapAttack","floor":12},{"not_picked":["PrismaMod:MiyuCheapEvoke","PrismaMod:MiyuCheapChannelWeak"],"picked":"PrismaMod:MiyuChannelAttackEvoke","floor":13},{"not_picked":["PrismaMod:MiyuDefenseAbsorbMinor","PrismaMod:MiyuEvokeAllDefend","PrismaMod:MiyuBride"],"picked":"Singing Bowl","floor":16},{"not_picked":["PrismaMod:MiyuUberAttack+1","PrismaMod:MiyuAttackChannelWeak+1"],"picked":"PrismaMod:MiyuUncommonDefend+1","floor":18},{"not_picked":["PrismaMod:MiyuAttackChannelVul","PrismaMod:MiyuCheapChannelWeak","PrismaMod:MiyuEvokeAll"],"picked":"Singing Bowl","floor":19}],"player_experience":107409,"relics_obtained":[{"floor":9,"key":"Singing Bowl"},{"floor":17,"key":"Juzu Bracelet"},{"floor":17,"key":"Sundial"},{"floor":17,"key":"Thread and Needle"},{"floor":19,"key":"Red Mask"}],"event_choices":[{"damage_healed":0,"gold_gain":0,"player_choice":"Fought Bandits","damage_taken":0,"max_hp_gain":0,"max_hp_loss":0,"event_name":"Masked Bandits","floor":19,"gold_loss":0}],"is_beta":false,"boss_relics":[{"not_picked":["SlaversCollar","Runic Pyramid"],"picked":"Calling Bell"}],"items_purged_floors":[14],"is_endless":false,"potions_floor_spawned":[10,12,13,16,19],"killed_by":"Masked Bandits","ascension_level":0}}