{"host":"qxeepl7ydvsgmfdb","time":1608990015,"event":{"mods":["AchievementEnabler","BaseMod","Colored Powertips","Minty Spire (QoL Compilation)","Quick Restart","slay the spire mod where everything is the same but ironclad has a cowboy hat"],"gold_per_floor":[114,18,18,37,37,69,69,82,162,162,173,205,223,239,239,342,342,353,367,387,61,61,61,13,62,62,96,96,96,111,111,111,212,212,229,249,12,31,57,57,57],"floor_reached":40,"playtime":1509,"items_purged":[],"score":573,"play_id":"5923dbd0-b38f-43ab-bcb7-18223fcd0edd","local_time":"20201226084015","is_ascension_mode":true,"campfire_choices":[{"data":"Dagger Spray","floor":10,"key":"SMITH"},{"floor":15,"key":"REST"},{"floor":23,"key":"REST"},{"floor":29,"key":"REST"},{"floor":32,"key":"REST"}],"circlet_count":0,"master_deck":["Strike_G","Strike_G","Defend_G","Defend_G","Defend_G","Defend_G","Survivor","Neutralize","Dagger Spray","Blade Dance","Slice","Dagger Spray+1","Sucker Punch","Quick Slash","Venomology+1","Prepared+1","Distraction+1","Deadly Poison+1","Poisoned Stab","Blade Dance+1","A Thousand Cuts","Cloak And Dagger+1","Poisoned Stab"],"relics":["Ring of the Snake","NeowsBlessing","Boot","Sundial","Toxic Egg 2","Empty Cage","TwistedFunnel","Snake Skull","GremlinMask","Centennial Puzzle","Pear","The Courier","MutagenicStrength","HoveringKite","Bronze Scales","Vajra","Juzu Bracelet"],"acts_visited":["Exordium","TheCity","TheBeyond"],"potions_floor_usage":[12,12,16,19,19,19,20,20,27,33,33,33,33,33,35,38,38,40,40,40,40],"damage_taken":[{"damage":0,"enemies":"Small Slimes","floor":1,"turns":1},{"damage":0,"enemies":"Cultist","floor":4,"turns":1},{"damage":0,"enemies":"Lagavulin","floor":6,"turns":1},{"damage":1,"enemies":"Jaw Worm","floor":8,"turns":2},{"damage":14,"enemies":"Exordium Thugs","floor":11,"turns":3},{"damage":12,"enemies":"Gremlin Nob","floor":12,"turns":3},{"damage":12,"enemies":"Exordium Wildlife","floor":13,"turns":3},{"damage":9,"enemies":"3 Louse","floor":14,"turns":2},{"damage":22,"enemies":"The Guardian","floor":16,"turns":12},{"damage":0,"enemies":"3 Byrds","floor":18,"turns":2},{"damage":5,"enemies":"Shell Parasite","floor":19,"turns":3},{"damage":14,"enemies":"Shelled Parasite and Fungi","floor":20,"turns":3},{"damage":31,"enemies":"Book of Stabbing","floor":27,"turns":5},{"damage":10,"enemies":"Centurion and Healer","floor":30,"turns":5},{"damage":38,"enemies":"Automaton","floor":33,"turns":11},{"damage":2,"enemies":"Orb Walker","floor":35,"turns":3},{"damage":57,"enemies":"3 Shapes","floor":36,"turns":5},{"damage":3,"enemies":"3 Darklings","floor":38,"turns":4},{"damage":25,"enemies":"Giant Head","floor":40,"turns":5}],"seed_played":"-7382734227227052581","potions_obtained":[{"floor":1,"key":"BlessingOfTheForge"},{"floor":4,"key":"PowerPotion"},{"floor":11,"key":"CunningPotion"},{"floor":13,"key":"Energy Potion"},{"floor":16,"key":"DistilledChaos"},{"floor":19,"key":"GhostInAJar"},{"floor":20,"key":"SpeedPotion"},{"floor":38,"key":"Swift Potion"}],"is_trial":false,"path_per_floor":["M","$","?","M","$","E","?","M","T","R","M","E","M","M","R","B",null,"M","M","M","$","?","R","$","T","T","E","?","R","M","?","R","B",null,"M","M","$","M","T","E"],"character_chosen":"THE_SILENT","items_purchased":["Blade Dance","Slice","TwistedFunnel","Deadly Poison+1","Snake Skull","Poisoned Stab","Bronze Scales","Vajra"],"campfire_rested":4,"item_purchase_floors":[2,2,21,21,21,24,37,37],"current_hp_per_floor":[63,63,63,63,63,63,63,62,62,62,48,36,24,15,36,14,56,56,51,37,37,37,58,58,58,68,37,37,61,51,43,67,29,67,65,8,8,14,14,0,0],"gold":57,"neow_bonus":"THREE_ENEMY_KILL","is_daily":false,"chose_seed":false,"campfire_upgraded":1,"win_rate":0.0,"timestamp":1608990015,"path_taken":["M","$","?","M","?","E","?","?","T","R","M","E","M","M","R","BOSS","M","M","M","$","?","R","$","?","T","E","?","R","?","?","R","BOSS","M","?","$","M","?","E"],"items_purchased_type":["Card","Card","Relic","Card","Relic","Card","Relic","Relic"],"build_version":"2020-12-22","purchased_purges":0,"victory":false,"max_hp_per_floor":[70,70,70,70,70,70,70,70,70,70,70,70,70,70,70,70,70,70,70,70,70,70,70,70,70,80,80,80,80,80,80,80,80,80,80,80,80,80,80,80,80],"card_choices":[{"not_picked":["Endless Agony","Tactician"],"picked":"Dagger Spray","floor":1},{"not_picked":["Riddle With Holes","Crippling Poison"],"picked":"Dagger Spray","floor":4},{"not_picked":["Unload","Prepared"],"picked":"Sucker Punch","floor":6},{"not_picked":["Endless Agony","Flying Knee","Dodge and Roll"],"picked":"SKIP","floor":8},{"not_picked":["Masterful Stab","Dodge and Roll"],"picked":"Quick Slash","floor":11},{"not_picked":["Setup+1","Calculated Gamble+1","Well Laid Plans"],"picked":"SKIP","floor":12},{"not_picked":["Noxious Fumes","Calculated Gamble+1"],"picked":"Venomology+1","floor":13},{"not_picked":["Dagger Spray","Skewer"],"picked":"Prepared+1","floor":14},{"not_picked":["Dodge and Roll+1","Escape Plan+1"],"picked":"Distraction+1","floor":18},{"not_picked":["Calculated Gamble+1","Flying Knee+1","Well Laid Plans"],"picked":"SKIP","floor":19},{"not_picked":["Concentrate+1","Masterful Stab","Acrobatics+1"],"picked":"SKIP","floor":20},{"not_picked":["Flechettes","Malaise+1","Terror+1"],"picked":"SKIP","floor":27},{"not_picked":["Slice+1","Endless Agony"],"picked":"Blade Dance+1","floor":30},{"not_picked":["Die Die Die","Storm of Steel+1"],"picked":"A Thousand Cuts","floor":33},{"not_picked":["Prepared+1","Reflex+1"],"picked":"Cloak And Dagger+1","floor":35},{"not_picked":["Prepared+1","Grand Finale","Sucker Punch"],"picked":"SKIP","floor":36},{"not_picked":["Bane","Heel Hook+1"],"picked":"Poisoned Stab","floor":38}],"player_experience":388367,"relics_obtained":[{"floor":6,"key":"Boot"},{"floor":9,"key":"Sundial"},{"floor":12,"key":"Toxic Egg 2"},{"floor":25,"key":"Centennial Puzzle"},{"floor":26,"key":"Pear"},{"floor":27,"key":"The Courier"},{"floor":39,"key":"Juzu Bracelet"}],"event_choices":[{"cards_removed":["Strike_G"],"damage_healed":0,"gold_gain":0,"player_choice":"Offered Basic","damage_taken":0,"max_hp_gain":0,"max_hp_loss":0,"event_name":"Bonfire Elementals","floor":3,"gold_loss":0},{"cards_removed":["Strike_G"],"damage_healed":0,"gold_gain":0,"player_choice":"Purged","damage_taken":0,"max_hp_gain":0,"max_hp_loss":0,"event_name":"Purifier","floor":7,"gold_loss":0},{"damage_healed":0,"gold_gain":0,"player_choice":"Trade","damage_taken":0,"relics_obtained":["GremlinMask"],"max_hp_gain":0,"max_hp_loss":0,"event_name":"FaceTrader","floor":22,"gold_loss":0},{"damage_healed":0,"gold_gain":0,"player_choice":"Inject Mutagens","damage_taken":0,"relics_obtained":["MutagenicStrength"],"max_hp_gain":0,"max_hp_loss":0,"event_name":"Drug Dealer","floor":28,"gold_loss":0},{"damage_healed":0,"gold_gain":0,"player_choice":"Damaged","damage_taken":8,"max_hp_gain":0,"max_hp_loss":0,"event_name":"Wheel of Change","floor":31,"gold_loss":0}],"is_beta":false,"boss_relics":[{"not_picked":["Fusion Hammer","Sozu"],"picked":"Empty Cage"},{"not_picked":["Coffee Dripper","Ring of the Serpent"],"picked":"HoveringKite"}],"items_purged_floors":[],"is_endless":false,"potions_floor_spawned":[1,4,11,13,16,19,20,30,38],"killed_by":"Giant Head","ascension_level":6}}