{"host":"37uvkxgs6qebn1sk","time":1608983149,"event":{"mods":["BaseMod","Better Match","Better Third Choice","Dota2Spire","KomeijiMod","Luminous","Minty Spire (QoL Compilation)","Replay The Spire","StSLib","vexMod"],"gold_per_floor":[110,35,53,53,7,7,22,22,22,22,37,366,366,383,383,487,487,498,515,146,61,61,61,3,30,30,59,79,98,98,112,112,207,207,217,217,79,92,51,51,68,68,68,68,68,68,86,86,86],"floor_reached":48,"playtime":2018,"items_purged":["Luminous:Defend_Luminous","CommonCold"],"score":541,"play_id":"dee04dd1-b0f1-4944-bef6-feb94b43dcb5","local_time":"20201226194549","is_ascension_mode":true,"campfire_choices":[{"data":"Luminous:Light_Wash_Luminous","floor":6.0,"key":"SMITH"},{"data":"Luminous:Concentrate_Luminous","floor":8.0,"key":"SMITH"},{"data":"Luminous:Switch_Luminous","floor":10.0,"key":"SMITH"},{"data":"Luminous:Magic_Accelerate_Luminous","floor":15.0,"key":"SMITH"},{"data":"Luminous:Darks_Surge_Luminous","floor":23.0,"key":"SMITH"},{"floor":30.0,"key":"REST"},{"floor":32.0,"key":"REST"},{"data":"Luminous:Hero_Will_Luminous","floor":40.0,"key":"SMITH"},{"data":"Luminous:Hero_Will_Luminous","floor":42.0,"key":"SMITH"},{"data":"Trip","floor":44,"key":"SMITH"}],"circlet_count":0,"master_deck":["Luminous:Light_Flash_Shower","Luminous:Light_Flash_Shower","Luminous:Light_Flash_Shower","Luminous:Dark_Abyssal_Drop+1","Luminous:Dark_Abyssal_Drop+1","Luminous:Dark_Abyssal_Drop+1","Luminous:Switch_Luminous+1","Luminous:Hero_Will_Luminous+1","Luminous:Dark_Raid","Luminous:Light_Wash_Luminous+1","Luminous:Concentrate_Luminous+1","Luminous:Darks_Surge_Luminous+1","Luminous:Magic_Accelerate_Luminous+1","Luminous:Light_Reflection","Luminous:Arcane_Rage_Luminous","Luminous:Concentrate_Luminous","Luminous:Concentrate_Luminous","Trip+1","Luminous:Hero_Will_Luminous+1","Luminous:Hero_Will_Luminous+1","Luminous:Phantom_Treasure_Luminous","vexMod:UltimateCard","Luminous:Flash_Blink_Luminous+1","Luminous:Shadow_Shell_Luminous","Luminous:Ethereal_Form_Luminous","Luminous:Concentrate_Luminous","Luminous:Mana_Well_Luminous","Luminous:Concentrate_Luminous+1"],"relics":["Luminous:MirrorRelic","Replay:Bottled Eggs","Old Coin","Cursed Key","ReplayTheSpireMod:CursedCoin","Mango","Replay:Bottled Steam","Onion Ring","Darkstone Periapt","Dota2Spire:ArmletOfMordiggian","SacredBark","Pear"],"acts_visited":["Exordium","TheCity","TheBeyond"],"potions_floor_usage":[],"damage_taken":[{"damage":6.0,"enemies":"Jaw Worm","floor":1.0,"turns":3.0},{"damage":0.0,"enemies":"Small Slimes","floor":3.0,"turns":3.0},{"damage":10.0,"enemies":"Cultist","floor":7.0,"turns":4.0},{"damage":5.0,"enemies":"3 Louse","floor":11.0,"turns":2.0},{"damage":10.0,"enemies":"Replay:BlueRogue","floor":12.0,"turns":5.0},{"damage":5.0,"enemies":"Exordium Wildlife","floor":14.0,"turns":4.0},{"damage":48.0,"enemies":"Fading Forest","floor":16.0,"turns":11.0},{"damage":24.0,"enemies":"3 Byrds","floor":18.0,"turns":5.0},{"damage":14.0,"enemies":"2 Thieves","floor":19.0,"turns":3.0},{"damage":17.0,"enemies":"Book of Stabbing","floor":25.0,"turns":4.0},{"damage":12.0,"enemies":"Gremlin Leader","floor":27.0,"turns":5.0},{"damage":17.0,"enemies":"Chosen and Byrds","floor":28.0,"turns":5.0},{"damage":10.0,"enemies":"Snecko","floor":29.0,"turns":7.0},{"damage":14.0,"enemies":"3 Cultists","floor":31.0,"turns":6.0},{"damage":49.0,"enemies":"Automaton","floor":33.0,"turns":12.0},{"damage":5.0,"enemies":"Orb Walker","floor":35.0,"turns":3.0},{"damage":16.0,"enemies":"3 Shapes","floor":38.0,"turns":8.0},{"damage":6.0,"enemies":"Sphere and 2 Shapes","floor":41.0,"turns":7.0},{"damage":62,"enemies":"Writhing Mass","floor":47,"turns":7},{"damage":46,"enemies":"Nemesis","floor":48,"turns":7}],"seed_played":"-1282405627985079667","potions_obtained":[{"floor":1.0,"key":"SpeedPotion"},{"floor":3.0,"key":"DuplicationPotion"},{"floor":12.0,"key":"Venom Potion"},{"floor":14.0,"key":"Weak Potion"},{"floor":19.0,"key":"Swift Potion"},{"floor":25.0,"key":"Strength Potion"},{"floor":27.0,"key":"Regen Potion"},{"floor":29.0,"key":"SpeedPotion"},{"floor":38.0,"key":"Explosive Potion"}],"is_trial":false,"path_per_floor":["M","$","M","?","$","R","M","R","T","R","M","E","?","M","R","B",null,"M","M","$","?","?","R","$","E","T","E","M","M","R","M","R","B",null,"M","?","?","M","$","R","M","R","T","R","$","T","M","E"],"character_chosen":"LuminousClass","items_purchased":["Luminous:Light_Wash_Luminous","Luminous:Concentrate_Luminous","ReplayTheSpireMod:CursedCoin","Mango","Trip","Luminous:Hero_Will_Luminous","Luminous:Mana_Well_Luminous"],"campfire_rested":2,"item_purchase_floors":[5,20,20,20,20,24,39],"current_hp_per_floor":[62,62,62,62,62,62,57,57,57,57,52,47,47,47,47,14,68,49,40,54,54,54,54,54,42,42,30,18,13,37,28,52,23,82,77,77,87,76,76,76,80,80,80,80,80,80,28,0,0],"gold":86,"neow_bonus":"REMOVE_TWO","is_daily":false,"chose_seed":false,"campfire_upgraded":8,"win_rate":0.0,"timestamp":1608983149,"path_taken":["M","$","M","?","$","R","M","R","T","R","M","E","?","M","R","BOSS","M","M","$","?","?","R","?","E","T","E","?","M","R","M","R","BOSS","M","?","?","?","?","R","?","R","T","R","$","?","M","E"],"items_purchased_type":["Card","Card","Relic","Relic","Card","Card","Card"],"build_version":"2020-12-22","purchased_purges":2,"victory":false,"max_hp_per_floor":[68,68,68,68,68,68,68,68,68,68,68,68,68,68,68,68,68,68,68,82,82,82,82,82,82,82,82,82,82,82,82,82,82,82,82,82,92,92,92,92,92,92,92,92,92,92,92,92,92],"card_choices":[{"not_picked":["Luminous:Tune_Luminous","Luminous:Light_Sylvan_Lance"],"picked":"Luminous:Hero_Will_Luminous","floor":1.0},{"not_picked":["Luminous:Dark_Extract","Luminous:Light_Disperse"],"picked":"Luminous:Dark_Raid","floor":3.0},{"not_picked":["Luminous:Lunar_Tide_Luminous","Luminous:Dark_Pressure_Void"],"picked":"Luminous:Concentrate_Luminous","floor":7.0},{"not_picked":["Luminous:Light_Wash_Luminous","Luminous:Phantom_Treasure_Luminous"],"picked":"Luminous:Darks_Surge_Luminous","floor":11.0},{"not_picked":["Luminous:Magic_Boost_Luminous","Luminous:Dark_Pressure_Void"],"picked":"Luminous:Magic_Accelerate_Luminous","floor":12.0},{"not_picked":["Luminous:Dark_Arcane_Pitch","Luminous:Blinding_Pillar_Luminous"],"picked":"Luminous:Light_Reflection","floor":14.0},{"not_picked":["Luminous:Mirror_Force_Luminous","Luminous:Equalize_Luminous"],"picked":"Luminous:Arcane_Rage_Luminous","floor":16.0},{"not_picked":["Luminous:Dark_Arcane_Pitch","Luminous:Magic_Accelerate_Luminous","Luminous:Light_Sylvan_Lance"],"picked":"SKIP","floor":18.0},{"not_picked":["Luminous:Lights_Protection_Luminous","Luminous:Light_Disperse","Luminous:Blinding_Pillar_Luminous"],"picked":"SKIP","floor":19.0},{"not_picked":["Luminous:Dark_Dim_Erosion+1","Luminous:Dark_Extract"],"picked":"Luminous:Phantom_Treasure_Luminous","floor":25.0},{"not_picked":["Luminous:Light_Wash_Luminous","Luminous:Blinding_Pillar_Luminous","Luminous:Light_Glare"],"picked":"SKIP","floor":27.0},{"not_picked":["Luminous:Light_Glare","Luminous:Light_Disperse"],"picked":"Luminous:Flash_Blink_Luminous+1","floor":28.0},{"not_picked":["Luminous:Phantom_Treasure_Luminous","Luminous:Reverse_Spell_Luminous","Luminous:Light_Glare"],"picked":"SKIP","floor":29.0},{"not_picked":["Luminous:Light_Glare+1","Luminous:Dark_Apocalypse"],"picked":"Luminous:Shadow_Shell_Luminous","floor":31.0},{"not_picked":["Luminous:Chaos_Field_Luminous","Luminous:Date_of_Light_Luminous"],"picked":"Luminous:Ethereal_Form_Luminous","floor":33.0},{"not_picked":["Luminous:Reverse_Spell_Luminous","Luminous:Light_Glare"],"picked":"Luminous:Concentrate_Luminous","floor":35.0},{"not_picked":["Luminous:Light_Reflection","Luminous:Light_Ray_of_Redemption","Luminous:Dark_Pressure_Void"],"picked":"SKIP","floor":38.0},{"not_picked":["Luminous:Dark_Raid","Luminous:Dark_Pressure_Void+1","Luminous:Light_Gather+1"],"picked":"SKIP","floor":41.0},{"not_picked":["Luminous:Chase_Spell_Luminous+1","Luminous:Light_Wash_Luminous+1"],"picked":"Luminous:Concentrate_Luminous+1","floor":47}],"player_experience":965017,"relics_obtained":[{"floor":9.0,"key":"Replay:Bottled Eggs"},{"floor":12.0,"key":"Old Coin"},{"floor":25.0,"key":"Onion Ring"},{"floor":26.0,"key":"Darkstone Periapt"},{"floor":27.0,"key":"Dota2Spire:ArmletOfMordiggian"}],"event_choices":[{"damage_healed":0.0,"max_hp_gain":0.0,"max_hp_loss":0.0,"gold_gain":0.0,"event_name":"Living Wall","player_choice":"Grow","floor":4.0,"gold_loss":0.0,"damage_taken":0.0,"cards_upgraded":["Luminous:Hero_Will_Luminous"]},{"cards_removed":["Luminous:Defend_Luminous"],"damage_healed":0.0,"max_hp_gain":0.0,"max_hp_loss":0.0,"gold_gain":0.0,"event_name":"Bonfire Elementals","player_choice":"Offered Basic","floor":13.0,"gold_loss":0.0,"damage_taken":0.0},{"damage_healed":0.0,"max_hp_gain":0.0,"max_hp_loss":0.0,"gold_gain":0.0,"event_name":"Addict","player_choice":"Obtained Relic","floor":21.0,"gold_loss":85.0,"damage_taken":0.0,"relics_obtained":["Replay:Bottled Steam"]},{"damage_healed":0.0,"max_hp_gain":0.0,"max_hp_loss":0.0,"gold_gain":0.0,"event_name":"Vampires","player_choice":"Ignored","floor":22.0,"gold_loss":0.0,"damage_taken":0.0},{"damage_healed":0.0,"max_hp_gain":0.0,"max_hp_loss":0.0,"gold_gain":0.0,"event_name":"SensoryStone","player_choice":"Memory 1","floor":36.0,"gold_loss":0.0,"damage_taken":0.0},{"damage_healed":0.0,"max_hp_gain":0.0,"max_hp_loss":0.0,"gold_gain":0.0,"event_name":"WeMeetAgain","player_choice":"Paid Gold","floor":37.0,"gold_loss":138.0,"damage_taken":0.0,"relics_obtained":["Pear"]}],"is_beta":false,"boss_relics":[{"not_picked":["Snecko Eye","Black Star"],"picked":"Cursed Key"},{"not_picked":["Runic Dome","vexMod:EndlessSickness"],"picked":"SacredBark"}],"items_purged_floors":[2,20],"is_endless":false,"potions_floor_spawned":[1,3,12,14,19,25,27,29,38],"killed_by":"Nemesis","ascension_level":1}}