{"host":"baymyijz6sxaqj5s","time":1608980711,"event":{"mods":["AchievementEnabler","BaseMod","Colored Map","Colored Powertips","DeckTracker","KOR Keyword Fix","Keyboard Shortcuts","Minty Spire (QoL Compilation)","Quick Restart","StSLib","SuperFastMode"],"gold_per_floor":[116,191,210,210,226,226,251,251,278,278,278,290,305,316,316,417,417,432,432,432,446,446,446,466,466,516,528,542,560,560,573,573,668,668,680,247,247,247,271,271,299,316,316,316,366,378,378,395,395,395,395],"floor_reached":50,"playtime":2442,"items_purged":[],"score":563,"play_id":"ffe5f23b-a71d-4be7-80b5-4c204c78a367","local_time":"20201226200511","is_ascension_mode":true,"campfire_choices":[{"data":"Flame Barrier","floor":6,"key":"SMITH"},{"floor":8,"key":"REST"},{"data":"Heavy Blade","floor":10,"key":"SMITH"},{"data":"Body Slam","floor":15,"key":"SMITH"},{"floor":23,"key":"REST"},{"data":"Barricade","floor":25,"key":"SMITH"},{"floor":30,"key":"REST"},{"data":"Entrench","floor":32,"key":"SMITH"},{"floor":40,"key":"REST"},{"data":"Armaments","floor":44,"key":"SMITH"},{"data":"Impervious","floor":47,"key":"SMITH"},{"data":"Madness","floor":49,"key":"SMITH"}],"circlet_count":0,"master_deck":["Strike_R","Strike_R","Defend_R","Defend_R+1","Defend_R","Defend_R","Bash","Shrug It Off+1","Flame Barrier+1","Thunderclap","Heavy Blade+1","Body Slam+1","Impervious+1","Barricade+1","Ghostly Armor","Flex+1","Entrench+1","Impervious+1","Reaper","Hemokinesis+1","Hemokinesis+1","Whirlwind+1","Twin Strike+1","Armaments+1","Trip","Madness+1","Madness","Power Through","Shrug It Off+1","Inflame+1"],"relics":["Burning Blood","Odd Mushroom","Omamori","InkBottle","Runic Pyramid","War Paint","Astrolabe","Regal Pillow","Meat on the Bone","Art of War","Bronze Scales","Pantograph","Mango"],"acts_visited":["Exordium","TheCity","TheBeyond"],"potions_floor_usage":[7,7,13,16,16,16,27,29,29,33,50,50,50],"damage_taken":[{"damage":6,"enemies":"Cultist","floor":1,"turns":4},{"damage":2,"enemies":"Jaw Worm","floor":3,"turns":6},{"damage":0,"enemies":"2 Louse","floor":5,"turns":5},{"damage":26,"enemies":"The Mushroom Lair","floor":7,"turns":7},{"damage":12,"enemies":"2 Fungi Beasts","floor":12,"turns":6},{"damage":3,"enemies":"3 Louse","floor":13,"turns":3},{"damage":6,"enemies":"Looter","floor":14,"turns":3},{"damage":21,"enemies":"Slime Boss","floor":16,"turns":9},{"damage":6,"enemies":"Chosen","floor":18,"turns":6},{"damage":16,"enemies":"Spheric Guardian","floor":21,"turns":12},{"damage":0,"enemies":"Snecko","floor":24,"turns":5},{"damage":21,"enemies":"Sentry and Sphere","floor":27,"turns":6},{"damage":10,"enemies":"Centurion and Healer","floor":28,"turns":10},{"damage":16,"enemies":"3 Cultists","floor":29,"turns":8},{"damage":4,"enemies":"Shelled Parasite and Fungi","floor":31,"turns":9},{"damage":17,"enemies":"Automaton","floor":33,"turns":9},{"damage":24,"enemies":"3 Darklings","floor":35,"turns":7},{"damage":47,"enemies":"Nemesis","floor":41,"turns":19},{"damage":6,"enemies":"3 Shapes","floor":42,"turns":10},{"damage":20,"enemies":"Mind Bloom Boss Battle","floor":45,"turns":10},{"damage":7,"enemies":"3 Darklings","floor":46,"turns":5},{"damage":2,"enemies":"Maw","floor":48,"turns":12},{"damage":129,"enemies":"Awakened One","floor":50,"turns":23}],"seed_played":"-1669275887029152252","potions_obtained":[{"floor":3,"key":"GamblersBrew"},{"floor":5,"key":"Dexterity Potion"},{"floor":12,"key":"DistilledChaos"},{"floor":14,"key":"EntropicBrew"},{"floor":21,"key":"CultistPotion"},{"floor":24,"key":"PowerPotion"},{"floor":28,"key":"Energy Potion"},{"floor":29,"key":"LiquidBronze"},{"floor":33,"key":"SteroidPotion"},{"floor":46,"key":"Regen Potion"}],"is_trial":false,"path_per_floor":["M","?","M","?","M","R","?","R","T","R","?","M","M","M","R","B",null,"M","?","?","M","?","R","M","R","T","M","M","M","R","M","R","B",null,"M","$","?","?","T","R","E","M","T","R","?","M","R","M","R","B"],"character_chosen":"IRONCLAD","items_purchased":["Regal Pillow","Meat on the Bone","Armaments"],"campfire_rested":4,"item_purchase_floors":[36,36,36],"current_hp_per_floor":[88,77,81,63,69,69,49,75,75,75,75,69,72,72,72,57,88,88,88,71,61,61,88,93,93,93,78,74,64,91,93,93,82,93,87,87,82,70,70,93,53,57,57,57,86,85,85,92,92,0,0],"gold":395,"neow_bonus":"TEN_PERCENT_HP_BONUS","is_daily":false,"chose_seed":false,"campfire_upgraded":8,"win_rate":0.0,"timestamp":1608980711,"path_taken":["M","?","M","?","M","R","?","R","T","R","?","M","M","M","R","BOSS","M","?","?","M","?","R","M","R","T","?","M","M","R","M","R","BOSS","M","$","?","?","?","R","E","M","T","R","?","M","R","M","R","BOSS"],"items_purchased_type":["Relic","Relic","Card"],"build_version":"2020-12-22","purchased_purges":0,"victory":false,"max_hp_per_floor":[88,88,88,88,88,88,88,88,88,88,88,88,88,88,88,88,88,88,88,93,93,93,93,93,93,93,93,93,93,93,93,93,93,93,93,93,93,93,93,93,93,93,93,93,107,107,107,107,107,107,107],"card_choices":[{"not_picked":["Pommel Strike","Rage"],"picked":"Shrug It Off","floor":1},{"not_picked":["Headbutt","Disarm"],"picked":"Flame Barrier","floor":3},{"not_picked":["Feel No Pain","Wild Strike"],"picked":"Thunderclap","floor":5},{"not_picked":["Twin Strike","Intimidate"],"picked":"Heavy Blade","floor":7},{"not_picked":["Warcry","Anger"],"picked":"Body Slam","floor":12},{"not_picked":["Perfected Strike","Clash","Bloodletting"],"picked":"SKIP","floor":13},{"not_picked":["Burning Pact","Dropkick"],"picked":"Impervious","floor":14},{"not_picked":["Brutality","Limit Break"],"picked":"Barricade","floor":16},{"not_picked":["Burning Pact","Perfected Strike"],"picked":"Ghostly Armor","floor":18},{"not_picked":["Rupture+1","Rage","Sever Soul"],"picked":"SKIP","floor":21},{"not_picked":["Searing Blow","Battle Trance"],"picked":"Flex","floor":24},{"not_picked":["Sentinel","Warcry","Battle Trance+1"],"picked":"SKIP","floor":27},{"not_picked":["Bloodletting","True Grit+1"],"picked":"Entrench","floor":28},{"not_picked":["Ghostly Armor","Thunderclap"],"picked":"Impervious","floor":29},{"not_picked":["Hemokinesis","Headbutt+1","Anger"],"picked":"SKIP","floor":31},{"not_picked":["Bludgeon","Impervious"],"picked":"Reaper","floor":33},{"not_picked":["Clothesline+1","Dark Embrace+1"],"picked":"Twin Strike+1","floor":35},{"not_picked":["Magnetism","Discovery"],"picked":"Trip","floor":37},{"not_picked":["Pummel","Bludgeon"],"picked":"Power Through","floor":41},{"not_picked":["Dropkick","Uppercut+1"],"picked":"Shrug It Off+1","floor":42},{"not_picked":["Twin Strike+1","Cleave","Carnage+1"],"picked":"SKIP","floor":46},{"not_picked":["Evolve+1","Sword Boomerang+1"],"picked":"Inflame+1","floor":48}],"player_experience":249833,"relics_obtained":[{"floor":7,"key":"Odd Mushroom"},{"floor":9,"key":"Omamori"},{"floor":26,"key":"War Paint"},{"floor":39,"key":"Art of War"},{"floor":41,"key":"Bronze Scales"},{"floor":43,"key":"Pantograph"},{"floor":45,"key":"Mango"}],"event_choices":[{"damage_healed":0,"gold_gain":75,"player_choice":"Gather Gold","damage_taken":11,"max_hp_gain":0,"max_hp_loss":0,"event_name":"World of Goop","floor":2,"gold_loss":0},{"damage_healed":0,"gold_gain":0,"player_choice":"Entered Light","damage_taken":18,"max_hp_gain":0,"max_hp_loss":0,"event_name":"Shining Light","floor":4,"gold_loss":0,"cards_upgraded":["Defend_R","Shrug It Off"]},{"damage_healed":0,"gold_gain":0,"player_choice":"Fought Mushrooms","damage_taken":0,"max_hp_gain":0,"max_hp_loss":0,"event_name":"Mushrooms","floor":7,"gold_loss":0},{"damage_healed":0,"gold_gain":0,"player_choice":"Searched \u00272\u0027 times","damage_taken":0,"relics_obtained":["InkBottle"],"max_hp_gain":0,"max_hp_loss":0,"event_name":"Dead Adventurer","floor":11,"gold_loss":0},{"damage_healed":0,"gold_gain":0,"player_choice":"Ignored","damage_taken":0,"max_hp_gain":0,"max_hp_loss":0,"event_name":"The Mausoleum","floor":19,"gold_loss":0},{"damage_healed":0,"gold_gain":0,"player_choice":"Shed Blood","damage_taken":22,"max_hp_gain":5,"max_hp_loss":0,"event_name":"Forgotten Altar","floor":20,"gold_loss":0},{"damage_healed":0,"gold_gain":0,"player_choice":"0 cards matched","damage_taken":0,"max_hp_gain":0,"max_hp_loss":0,"event_name":"Match and Keep!","floor":22,"gold_loss":0,"cards_obtained":[]},{"damage_healed":0,"gold_gain":0,"player_choice":"Memory 2","damage_taken":5,"max_hp_gain":0,"max_hp_loss":0,"event_name":"SensoryStone","floor":37,"gold_loss":0},{"damage_healed":0,"gold_gain":0,"player_choice":"Embrace Madness","damage_taken":12,"max_hp_gain":0,"max_hp_loss":0,"event_name":"Winding Halls","floor":38,"gold_loss":0,"cards_obtained":["Madness","Madness"]},{"damage_healed":0,"gold_gain":0,"player_choice":"Fight","damage_taken":0,"max_hp_gain":0,"max_hp_loss":0,"event_name":"MindBloom","floor":45,"gold_loss":0}],"is_beta":false,"boss_relics":[{"not_picked":["Velvet Choker","Sozu"],"picked":"Runic Pyramid"},{"not_picked":["Runic Dome","Runic Cube"],"picked":"Astrolabe"}],"items_purged_floors":[],"is_endless":false,"potions_floor_spawned":[3,5,12,14,21,24,28,29,33,46,48],"killed_by":"Awakened One","ascension_level":2}}