{"host":"vm8b3ptwl81uq21f","time":1608974796,"event":{"mods":["BaseMod","BetterRewards","Colored Map","Colored Powertips","Downfall","GifTheSpireLib","Googly Eyes","GungeonMod","Halation","Hubris","Minty Spire (QoL Compilation)","Quick Restart","Rare Cards Sparkle","Replay The Spire","Shop Mod","StSLib","Stuff the Spire","The Animator","The Bug Knight","The IronCluck","[IsaacMod]????"],"gold_per_floor":[119,119,169,188,32,63,63,63,63,88,88,99,113,129,129,231,231,241,259,130,147,3,13,40,40,40,66,80,80,111,121,121,272,272,282,297,297,297,45,45,55,71,148,173,185,185,219,219,219,219,219,219,33,63,63,63],"floor_reached":55,"playtime":2584,"items_purged":["DemoMod:Strike_Huntress","DemoMod:Strike_Huntress"],"score":951,"play_id":"400cf35c-bdf1-4036-8b81-3325d5ff57bc","local_time":"20201226042636","is_ascension_mode":false,"campfire_choices":[{"data":"DemoMod:BulletBore","floor":7,"key":"SMITH"},{"floor":15,"key":"REST"},{"data":"DemoMod:FullFirepower","floor":25,"key":"SMITH"},{"data":"StuffTheSpire:Innocence","floor":29,"key":"SMITH"},{"data":"DemoMod:Rummage","floor":32,"key":"SMITH"},{"data":"DemoMod:ManualReload","floor":40,"key":"SMITH"},{"floor":46,"key":"RECALL"},{"data":"DemoMod:HungryBullets","floor":49,"key":"SMITH"},{"data":"DemoMod:TableSutra","floor":52,"key":"SMITH"}],"circlet_count":0,"master_deck":["DemoMod:Strike_Huntress","DemoMod:Defend_Huntress","DemoMod:Defend_Huntress","DemoMod:Defend_Huntress","DemoMod:Defend_Huntress","DemoMod:Roll","DemoMod:ManualReload+1","DemoMod:RustySidearm","DemoMod:CrossBow","DemoMod:SniperShot","DemoMod:TripleGun","DemoMod:PracticeMakesPerfect","DemoMod:MachoBrace","DemoMod:BulletBore+1","StuffTheSpire:Innocence+1","DemoMod:SniperShot","DemoMod:ThirdPartyController","DemoMod:FullFirepower+1","DemoMod:Eureka","DemoMod:HungryBullets+1","DemoMod:Unmoved","DemoMod:FeignSurrender+1","DemoMod:BattleInHaste","DemoMod:Rummage+1","DemoMod:TripleGun","DemoMod:SniperShot+1","DemoMod:SuppressiveFire","DemoMod:FastSwitch+1","DemoMod:TripleGun+1","DemoMod:Desperate","DemoMod:TableSutra+1","DemoMod:GunShield","DemoMod:HungryBullets+1","DemoMod:HardPowerCard+1","DemoMod:PotionOfGunFriendShip+1","DemoMod:ShadowBullets","DemoMod:Behold!","DemoMod:EasyReloadBullets+1","DemoMod:GunslingerForm"],"relics":["DemoMod:Dog","HushsDoor","hubris:EmptyBottle","DeadEye","Void","Leech","MagicMushroom","TheBean","Replay:Bronze Core","Vajra","Art of War"],"acts_visited":["Exordium","TheCity","TheBeyond","TheEnding"],"potions_floor_usage":[6,6,16,16,21,33,33,33,50,50,50,50,50,50,54,55,55,55],"damage_taken":[{"damage":0,"enemies":"Jaw Worm","floor":1,"turns":1},{"damage":0,"enemies":"Hiden Room Battle","floor":3,"turns":1},{"damage":0,"enemies":"2 Louse","floor":4,"turns":1},{"damage":26,"enemies":"Lagavulin","floor":6,"turns":4},{"damage":16,"enemies":"3 Sentries","floor":10,"turns":8},{"damage":1,"enemies":"Cultist","floor":12,"turns":3},{"damage":6,"enemies":"3 Louse","floor":13,"turns":3},{"damage":0,"enemies":"2 Fungi Beasts","floor":14,"turns":2},{"damage":15,"enemies":"Hexaghost","floor":16,"turns":6},{"damage":0,"enemies":"Spheric Guardian","floor":18,"turns":2},{"damage":11,"enemies":"2 Thieves","floor":19,"turns":2},{"damage":0,"enemies":"3 Cultists","floor":21,"turns":2},{"damage":0,"enemies":"Sentry and Sphere","floor":23,"turns":2},{"damage":0,"enemies":"Gremlin Leader","floor":24,"turns":2},{"damage":0,"enemies":"Chosen and Byrds","floor":27,"turns":3},{"damage":0,"enemies":"Centurion and Healer","floor":28,"turns":3},{"damage":1,"enemies":"Replay:Snechameleon","floor":30,"turns":3},{"damage":0,"enemies":"Shelled Parasite and Fungi","floor":31,"turns":1},{"damage":30,"enemies":"Pondfish","floor":33,"turns":11},{"damage":0,"enemies":"Orb Walker","floor":35,"turns":2},{"damage":0,"enemies":"3 Shapes","floor":36,"turns":2},{"damage":0,"enemies":"Jaw Worm Horde","floor":41,"turns":2},{"damage":0,"enemies":"Spire Growth","floor":42,"turns":3},{"damage":0,"enemies":"3 Darklings","floor":44,"turns":2},{"damage":0,"enemies":"Writhing Mass","floor":45,"turns":4},{"damage":1,"enemies":"Nemesis","floor":47,"turns":3},{"damage":39,"enemies":"Awakened One","floor":50,"turns":11},{"damage":29,"enemies":"Shield and Spear","floor":54,"turns":6},{"damage":58,"enemies":"The Heart","floor":55,"turns":9}],"seed_played":"189539300910641864","potions_obtained":[{"floor":4,"key":"sneckomod:MuddlingPotion"},{"floor":12,"key":"SteroidPotion"},{"floor":14,"key":"Ancient Potion"},{"floor":23,"key":"LiquidBronze"},{"floor":30,"key":"SkillPotion"},{"floor":31,"key":"LiquidMemories"},{"floor":33,"key":"champ:CounterPotion"},{"floor":45,"key":"Block Potion"}],"is_trial":false,"path_per_floor":["M","?","?","M","$","E","R","?","T","E","?","M","M","M","R","B",null,"M","M","$","M","$","M","E","R","T","M","M","R","E","M","R","B",null,"M","M","?","?","$","R","M","M","T","M","M","R","E","?","R","B",null,"R","$","E","B"],"character_chosen":"HUNTRESS","items_purchased":["hubris:EmptyBottle","DemoMod:Eureka","DemoMod:FeignSurrender+1","TheBean","Vajra","LiquidBronze","DemoMod:EasyReloadBullets+1","Block Potion"],"campfire_rested":1,"item_purchase_floors":[5,17,20,22,39,53,53,53],"current_hp_per_floor":[70,70,70,70,70,44,44,37,37,21,21,20,16,18,39,44,73,73,63,63,65,65,67,69,69,69,72,73,73,73,73,73,46,73,73,73,73,73,73,73,73,73,73,73,73,73,72,72,72,34,73,73,73,48,0,0],"gold":63,"neow_bonus":"THREE_ENEMY_KILL","is_daily":false,"chose_seed":false,"campfire_upgraded":7,"win_rate":0.0,"timestamp":1608974796,"path_taken":["M","?","?","M","$","E","R","?","T","E","?","M","?","M","R","BOSS","M","M","$","M","$","M","E","R","T","?","M","R","E","M","R","BOSS","M","M","?","?","$","R","M","M","T","M","M","R","E","?","R","BOSS","R","$","E","BOSS"],"items_purchased_type":["Relic","Card","Card","Relic","Relic","Potion","Card","Potion"],"build_version":"2020-12-22","purchased_purges":2,"victory":false,"max_hp_per_floor":[70,70,70,70,70,70,70,70,70,70,70,70,70,70,70,70,73,73,73,73,73,73,73,73,73,73,73,73,73,73,73,73,73,73,73,73,73,73,73,73,73,73,73,73,73,73,73,73,73,73,73,73,73,73,73,73],"card_choices":[{"not_picked":[],"picked":"Bomb","floor":0},{"not_picked":["DemoMod:DirectionalPad","DemoMod:PotionOfGunFriendShip"],"picked":"DemoMod:SniperShot","floor":1},{"not_picked":["DemoMod:EasyReloadBullets","DemoMod:TeaPot"],"picked":"DemoMod:PracticeMakesPerfect","floor":3},{"not_picked":["DemoMod:ConditionalReflex","DemoMod:DoubleSwitch"],"picked":"DemoMod:MachoBrace","floor":4},{"not_picked":["DemoMod:AC15","DemoMod:LifeOrb"],"picked":"DemoMod:BulletBore","floor":6},{"not_picked":["DemoMod:AbyssalTentacle","DemoMod:Polaris","DemoMod:FortunesFavor"],"picked":"SKIP","floor":10},{"not_picked":["DemoMod:Polaris","DemoMod:AWP"],"picked":"DemoMod:SniperShot","floor":12},{"not_picked":["DemoMod:Ejector","DemoMod:TeaPot"],"picked":"Bomb","floor":13},{"not_picked":["DemoMod:EasyReloadBullets","DemoMod:MachoBrace"],"picked":"DemoMod:ThirdPartyController","floor":14},{"not_picked":["DemoMod:Eureka","DemoMod:FinishedGun"],"picked":"DemoMod:FullFirepower","floor":16},{"not_picked":["DemoMod:PotionOfGunFriendShip","DemoMod:Ejector"],"picked":"DemoMod:HungryBullets+1","floor":18},{"not_picked":["DemoMod:TeaPot","DemoMod:PracticeMakesPerfect+1"],"picked":"DemoMod:Unmoved","floor":19},{"not_picked":["DemoMod:DirectionalPad","DemoMod:ConditionalReflex"],"picked":"DemoMod:BattleInHaste","floor":21},{"not_picked":["DemoMod:ConditionalReflex","DemoMod:StickyCrossBow"],"picked":"DemoMod:Rummage","floor":23},{"not_picked":["DemoMod:Polaris","DemoMod:TableSutra"],"picked":"DemoMod:TripleGun","floor":24},{"not_picked":["DemoMod:PotionOfGunFriendShip","DemoMod:TableSutra"],"picked":"DemoMod:SniperShot+1","floor":27},{"not_picked":["DemoMod:MachoBrace","DemoMod:ConditionalReflex"],"picked":"DemoMod:SuppressiveFire","floor":28},{"not_picked":["DemoMod:GunShield","DemoMod:Rummage"],"picked":"DemoMod:FastSwitch+1","floor":30},{"not_picked":["DemoMod:SAA","DemoMod:Polaris"],"picked":"DemoMod:TripleGun+1","floor":31},{"not_picked":["DemoMod:BulletBore","DemoMod:ThirdPartyController"],"picked":"DemoMod:Desperate","floor":33},{"not_picked":["DemoMod:StickyCrossBow+1","DemoMod:BoxingGlove"],"picked":"DemoMod:TableSutra","floor":35},{"not_picked":["DemoMod:MachoBrace","DemoMod:TeaPot+1","DemoMod:StickyCrossBow+1"],"picked":"SKIP","floor":36},{"not_picked":["DemoMod:MachoBrace+1","DemoMod:AC15"],"picked":"DemoMod:GunShield","floor":41},{"not_picked":["DemoMod:MachoBrace+1","DemoMod:BoxingGlove+1"],"picked":"DemoMod:HungryBullets","floor":42},{"not_picked":["DemoMod:JK47","DemoMod:TeaPot+1","DemoMod:HuntsMan+1"],"picked":"SKIP","floor":42},{"not_picked":["DemoMod:AbyssalTentacle+1","DemoMod:AWP+1"],"picked":"DemoMod:HardPowerCard+1","floor":44},{"not_picked":["DemoMod:DoubleSwitch+1","DemoMod:FastSwitch"],"picked":"DemoMod:PotionOfGunFriendShip+1","floor":45},{"not_picked":["DemoMod:JK47","DemoMod:CombinedRifle"],"picked":"DemoMod:ShadowBullets","floor":45},{"not_picked":["DemoMod:Rummage+1","DemoMod:DirectionalPad+1"],"picked":"DemoMod:Behold!","floor":47},{"not_picked":["DemoMod:DirectionalPad","DemoMod:MachoBrace"],"picked":"DemoMod:GunslingerForm","floor":54}],"player_experience":316656,"relics_obtained":[{"floor":3,"key":"DemoMod:JetPack"},{"floor":3,"key":"Replay:Rubber Ducky"},{"floor":6,"key":"halation:AfternoonTea"},{"floor":9,"key":"DeadEye"},{"floor":10,"key":"Void"},{"floor":24,"key":"PreservedInsect"},{"floor":26,"key":"DemoMod:NanoMachines"},{"floor":30,"key":"GuppysTail"},{"floor":47,"key":"SalivaCoin"},{"floor":54,"key":"Art of War"}],"event_choices":[{"damage_healed":0,"gold_gain":0,"player_choice":"Fight","damage_taken":0,"max_hp_gain":0,"max_hp_loss":0,"event_name":"HidenRoomEvent","floor":3,"gold_loss":0},{"damage_healed":0,"gold_gain":0,"player_choice":"Ignored","damage_taken":0,"max_hp_gain":0,"max_hp_loss":0,"event_name":"Tomb of Lord Red Mask","floor":48,"gold_loss":0}],"is_beta":false,"boss_relics":[{"not_picked":["ChampionBelt","Fusion Hammer"],"picked":"MagicMushroom"},{"not_picked":[]},{"not_picked":["Replay:Wanted Poster","halation:LoveArrow"],"picked":"Replay:Bronze Core"},{"not_picked":[]}],"items_purged_floors":[20,39],"is_endless":false,"potions_floor_spawned":[4,12,14,23,30,31,33,42,45],"killed_by":"The Heart","ascension_level":0}}