{"host":"6to8m083wj0ro91z","time":1608988121,"event":{"mods":["Arknights The Spire","BaseMod","Better Third Choice","BetterRewards","CatGirl Mod","ChefMod","Friendly Minions","Hubris","Mad Scientist","Marisa????????","Minty Spire (QoL Compilation)","Shade Mod","Spicy Shops","StSLib","The Blackbeard","The Death Knight","The Dragon Tamer","The Gatherer","The Marked","The Mystic","The Necromancer","The Servant 0.9.4"],"gold_per_floor":[116,116,132,152,152,182,182,194,194,207,207,32,32,47,47,143,143,161,161,10,27,44,72,72,91,137,137,163,163,163,179,179,282,282,296,296,314,28,39,72,83,111,111,111,130,150,160,160,160,160,160,160,7,34,34],"floor_reached":56,"playtime":3241,"items_purged":["ats:Strike C","ats:Defend","Wraith"],"score":1251,"play_id":"289238e6-6e11-4ebd-8a44-b866015ac828","local_time":"20201226140841","is_ascension_mode":false,"campfire_choices":[{"data":"ats:Emotion Absorption","floor":7.0,"key":"SMITH"},{"data":"ats:Armor Crushing Shot","floor":11.0,"key":"SMITH"},{"floor":15.0,"key":"RECALL"},{"data":"1","floor":24.0,"key":"LIFT"},{"data":"2","floor":27.0,"key":"LIFT"},{"data":"3","floor":29,"key":"LIFT"},{"data":"ats:Red Shift","floor":32,"key":"SMITH"},{"data":"ats:Dogmatic Field","floor":44,"key":"SMITH"},{"data":"ats:Shell Defense","floor":49,"key":"SMITH"},{"data":"ats:Shell Defense","floor":52,"key":"SMITH"}],"circlet_count":0,"master_deck":["ats:Strike V+1","ats:Armor Crushing Shot+1","ats:Defend","ats:Defend","ats:Defend","ats:Emotion Absorption+1","ats:Shell Defense","ats:Sword Rain+1","ats:Roar Of Ursus+1","ats:Shell Defense+1","ats:Composite Medical Shells","ats:Red Shift+1","ats:Dogmatic Field+1","ats:Shell Defense+1","ats:Thorns+1","ats:Revitalization+1","ats:Part Time Job+1"],"relics":["ats:Sanity","Whetstone","Anchor","Black Star","ats:Defend","Girya","hubris:Potato","ats:Originium","Lizard Tail","hubris:TinFlute","NlothsMask","Coffee Dripper","Membership Card","ats:Assault","ats:Originium","Bird Faced Urn","Oddly Smooth Stone","ats:Originium","StoneCalendar","Bronze Scales","Blood Vial","Medical Kit","hubris:HerbalPaste","ats:Originium","Mummified Hand","Eternal Feather"],"acts_visited":["Exordium","TheCity","TheBeyond","TheEnding"],"potions_floor_usage":[42,55,55,55],"damage_taken":[{"damage":0.0,"enemies":"2 Louse","floor":1.0,"turns":4.0},{"damage":6.0,"enemies":"Jaw Worm","floor":3.0,"turns":5.0},{"damage":1.0,"enemies":"Cultist","floor":4.0,"turns":3.0},{"damage":45.0,"enemies":"Lagavulin","floor":6.0,"turns":10.0},{"damage":4.0,"enemies":"Exordium Thugs","floor":8.0,"turns":5.0},{"damage":0.0,"enemies":"Looter","floor":10.0,"turns":3.0},{"damage":0.0,"enemies":"2 Fungi Beasts","floor":14.0,"turns":3.0},{"damage":47.0,"enemies":"The Guardian","floor":16.0,"turns":14.0},{"damage":0.0,"enemies":"Shell Parasite","floor":18.0,"turns":6.0},{"damage":16.0,"enemies":"3 Byrds","floor":21.0,"turns":7.0},{"damage":14.0,"enemies":"Snake Plant","floor":22.0,"turns":5.0},{"damage":11.0,"enemies":"Slavers","floor":23.0,"turns":4.0},{"damage":11.0,"enemies":"Cultist and Chosen","floor":25.0,"turns":7.0},{"damage":19,"enemies":"Gremlin Leader","floor":28,"turns":8},{"damage":14,"enemies":"3 Cultists","floor":31,"turns":4},{"damage":51,"enemies":"Collector","floor":33,"turns":8},{"damage":29,"enemies":"Orb Walker","floor":35,"turns":4},{"damage":39,"enemies":"3 Darklings","floor":37,"turns":4},{"damage":84,"enemies":"Spire Growth","floor":39,"turns":5},{"damage":163,"enemies":"Giant Head","floor":40,"turns":9},{"damage":36,"enemies":"Jaw Worm Horde","floor":41,"turns":3},{"damage":94,"enemies":"Reptomancer","floor":42,"turns":5},{"damage":42,"enemies":"Writhing Mass","floor":45,"turns":4},{"damage":6,"enemies":"Transient","floor":46,"turns":5},{"damage":18,"enemies":"3 Darklings","floor":47,"turns":4},{"damage":265,"enemies":"Awakened One","floor":50,"turns":11},{"damage":96,"enemies":"Shield and Spear","floor":54,"turns":6},{"damage":200,"enemies":"The Heart","floor":55,"turns":8}],"seed_played":"8639080868966975127","potions_obtained":[{"floor":4.0,"key":"ats:Emergency Sanity Potion"},{"floor":6.0,"key":"Regen Potion"},{"floor":10.0,"key":"Swift Potion"},{"floor":16.0,"key":"SteroidPotion"},{"floor":22.0,"key":"SteroidPotion"},{"floor":23.0,"key":"LiquidBronze"},{"floor":35,"key":"DistilledChaos"},{"floor":37,"key":"ColorlessPotion"},{"floor":46,"key":"Regen Potion"}],"is_trial":false,"path_per_floor":["M","?","M","M","?","E","R","M","T","M","R","$","?","M","R","B",null,"M","?","$","M","M","E","R","M","T","R","E","R","?","M","R","B",null,"M","?","M","$","M","E","M","E","T","R","M","M","M","T","R","B",null,"R","$","E","B",null],"character_chosen":"DOCTOR_CLASS","items_purchased":["ats:Defend","Membership Card","ats:Assault","Medical Kit","hubris:HerbalPaste"],"campfire_rested":0,"item_purchase_floors":[20,38,38,53,53],"current_hp_per_floor":[79,84,83,82,82,50,50,48,48,50,50,50,43,43,43,74,84,84,84,84,84,74,68,68,62,62,62,76,76,76,69,69,41,84,80,80,65,65,29,36,36,42,42,42,75,79,84,84,84,84,84,84,84,84,65],"gold":34,"neow_bonus":"TEN_PERCENT_HP_BONUS","is_daily":false,"chose_seed":false,"campfire_upgraded":6,"win_rate":0.0,"timestamp":1608988121,"path_taken":["M","?","M","M","?","E","R","M","T","M","R","$","?","?","R","BOSS","M","?","?","M","M","E","R","?","T","R","E","R","?","M","R","BOSS","M","?","M","$","M","E","M","E","T","R","M","M","M","?","R","BOSS","R","$","E","BOSS"],"items_purchased_type":["Card","Relic","Relic","Relic","Relic"],"build_version":"2020-12-22","purchased_purges":3,"victory":true,"max_hp_per_floor":[79,84,84,84,84,84,84,84,84,84,84,84,84,84,84,84,84,84,84,84,84,84,84,84,84,84,84,84,84,84,84,84,84,84,84,84,84,84,84,84,84,84,84,84,84,84,84,84,84,84,84,84,84,84,84],"card_choices":[{"not_picked":["ats:Counter Healing Mode","ats:Curse Doll"],"picked":"ats:Shell Defense","floor":1.0},{"not_picked":["ats:Very Hot Blade","ats:Ignite"],"picked":"ats:Sword Rain","floor":3.0},{"not_picked":["ats:Curse Doll","ats:Poison Spread","ats:Cat Scratch"],"picked":"SKIP","floor":4.0},{"not_picked":["ats:Thermite Blade","ats:True Silver Slash","ats:Powerful Strike"],"picked":"SKIP","floor":6.0},{"not_picked":["ats:Thorns","ats:Curse Doll","ats:Ignite"],"picked":"SKIP","floor":8.0},{"not_picked":["ats:Directed Diagnosis","ats:Curse Doll","ats:Counter Healing Mode"],"picked":"SKIP","floor":10.0},{"not_picked":["ats:Directed Diagnosis","ats:Curse Doll","ats:Counter Healing Mode"],"picked":"SKIP","floor":10.0},{"not_picked":["ats:Apocalypse","ats:Hook Shot","ats:Counter Healing Mode"],"picked":"SKIP","floor":14.0},{"not_picked":["ats:Dogmatic Field","ats:True Silver Slash"],"picked":"ats:Roar Of Ursus","floor":16.0},{"not_picked":["ats:Overload","ats:Apocalypse","ats:Hammer On"],"picked":"SKIP","floor":18.0},{"not_picked":["ats:Red Shift","ats:Consecutive Shot Auto","ats:Explosion Area Strengthen+1"],"picked":"SKIP","floor":21.0},{"not_picked":["ats:Hammer On","ats:Childhood Dance+1","ats:Assault Order"],"picked":"SKIP","floor":22.0},{"not_picked":["ats:Blood Oath","ats:Leaping Hammer+1"],"picked":"ats:Shell Defense","floor":23.0},{"not_picked":["ats:Echo Reverb","ats:Explosion Area Strengthen+1","ats:Flexible Camouflage"],"picked":"SKIP","floor":25.0},{"not_picked":["ats:Cat Scratch","ats:Charging Defense"],"picked":"ats:Composite Medical Shells","floor":28},{"not_picked":["ats:Red Shift","ats:Beaten Up","ats:Explosion Area Strengthen+1"],"picked":"SKIP","floor":31},{"not_picked":["ats:Beaten Up","ats:Explosion Area Strengthen+1"],"picked":"ats:Red Shift","floor":31},{"not_picked":["ats:Shadow Assault","ats:True Silver Slash"],"picked":"ats:Dogmatic Field","floor":33},{"not_picked":["ats:Apocalypse","ats:Shell Defense","ats:Hook Shot+1"],"picked":"SKIP","floor":35},{"not_picked":["ats:Collapsing Strike","ats:Powerful Strike","ats:Hook Shot+1"],"picked":"SKIP","floor":37},{"not_picked":["ats:Hammer On","ats:Consecutive Shot Auto"],"picked":"ats:Shell Defense","floor":39},{"not_picked":["ats:Support Order","ats:Revitalization+1"],"picked":"ats:Thorns+1","floor":40},{"not_picked":["ats:Explosion Area Strengthen","ats:Sunburst","ats:Curse Doll"],"picked":"SKIP","floor":41},{"not_picked":["ats:Hammer On","ats:Echo Reverb","ats:Assault Order"],"picked":"SKIP","floor":42},{"not_picked":["ats:Very Hot Blade","ats:Childhood Dance+1"],"picked":"ats:Revitalization+1","floor":45},{"not_picked":["ats:Explosion Area Strengthen","ats:Cat Scratch","ats:Overload"],"picked":"SKIP","floor":46},{"not_picked":["ats:Collapsing Strike+1","ats:Cat Scratch+1","ats:Consecutive Shot Auto+1"],"picked":"SKIP","floor":47},{"not_picked":["ats:Echo Reverb","ats:Poison Spread"],"picked":"ats:Part Time Job+1","floor":54}],"player_experience":1043308,"relics_obtained":[{"floor":6.0,"key":"Whetstone"},{"floor":9.0,"key":"Anchor"},{"floor":23.0,"key":"Girya"},{"floor":23.0,"key":"hubris:Potato"},{"floor":28,"key":"ats:Originium"},{"floor":28,"key":"Lizard Tail"},{"floor":28,"key":"hubris:TinFlute"},{"floor":40,"key":"ats:Originium"},{"floor":40,"key":"Bird Faced Urn"},{"floor":40,"key":"Oddly Smooth Stone"},{"floor":42,"key":"ats:Originium"},{"floor":42,"key":"StoneCalendar"},{"floor":42,"key":"Bronze Scales"},{"floor":48,"key":"Blood Vial"},{"floor":54,"key":"ats:Originium"},{"floor":54,"key":"Mummified Hand"},{"floor":54,"key":"Eternal Feather"}],"event_choices":[{"damage_healed":0.0,"max_hp_gain":5.0,"max_hp_loss":0.0,"gold_gain":0.0,"event_name":"Big Fish","player_choice":"Donut","floor":2.0,"gold_loss":0.0,"damage_taken":0.0},{"cards_removed":["ats:Strike G"],"damage_healed":0.0,"max_hp_gain":0.0,"max_hp_loss":0.0,"gold_gain":0.0,"event_name":"Living Wall","player_choice":"Forget","floor":5.0,"gold_loss":0.0,"damage_taken":0.0},{"cards_removed":["ats:Strike S"],"damage_healed":0.0,"max_hp_gain":0.0,"max_hp_loss":0.0,"gold_gain":0.0,"event_name":"Golden Wing","player_choice":"Card Removal","floor":13.0,"gold_loss":0.0,"damage_taken":7.0},{"damage_healed":0.0,"max_hp_gain":0.0,"max_hp_loss":0.0,"gold_gain":0.0,"event_name":"Upgrade Shrine","player_choice":"Upgraded","floor":19.0,"gold_loss":0.0,"damage_taken":0.0,"cards_upgraded":["ats:Roar Of Ursus"]},{"damage_healed":0,"gold_gain":0,"player_choice":"Trade","damage_taken":0,"relics_obtained":["NlothsMask"],"max_hp_gain":0,"max_hp_loss":0,"event_name":"FaceTrader","floor":30,"gold_loss":0},{"damage_healed":0,"gold_gain":0,"player_choice":"Ignored","damage_taken":0,"max_hp_gain":0,"max_hp_loss":0,"event_name":"OrinTheCat","floor":36,"gold_loss":0}],"is_beta":false,"boss_relics":[{"not_picked":["Empty Cage","Busted Crown"],"picked":"Black Star"},{"not_picked":["Calling Bell","Runic Pyramid"],"picked":"Coffee Dripper"}],"items_purged_floors":[12,12,38],"is_endless":false,"potions_floor_spawned":[4,6,10,16,22,23,35,37,41,46,47],"ascension_level":0}}