{"host":"gvhxj4mzhoewha5t","time":1608947764,"event":{"mods":["2.2 Compatiblity","AchievementEnabler","BaseMod","Better Altar","Better Match","Better Note","Better Sensory Stone","Better Skull","Better Third Choice","Better Vampires","BetterRewards","CapriCore","Colored Map","Disable Question Mark Monsters","Downfall","Emptier Cage","GifTheSpireLib","Hermit","Marked Mod","Minty Spire (QoL Compilation)","Quick Restart","Rare Cards Sparkle","Robot Space Explorer","Spicy Shops","StSLib","The Immortal"],"gold_per_floor":[99,99,129,129,129,129,129,55,55,55,74,74,91,191,209,209,209,209],"floor_reached":16,"playtime":611,"items_purged":[],"score":86,"play_id":"5722a336-09f7-4911-94f9-bc7e334f56be","local_time":"20201225205604","is_ascension_mode":false,"campfire_choices":[{"data":"Slimebound:Split","floor":1,"key":"SMITH"},{"floor":10,"key":"RECALL"},{"floor":12,"key":"REST"}],"circlet_count":0,"master_deck":["Slimebound:Strike_Slimebound","Slimebound:Strike_Slimebound","Slimebound:Tackle+1","Slimebound:Defend_Slimebound+1","Slimebound:Defend_Slimebound","Slimebound:Defend_Slimebound","Slimebound:Defend_Slimebound+1","Slimebound:Split+1","Slimebound:CorrosiveSpit","Slimebound:SplitLeeching","Slimebound:SplitMire","Shame","Slimebound:SplitBruiser+1","Slimebound:SplitLeeching","Slimebound:PressTheAttack","Slimebound:SplitMire"],"relics":["Slimebound:AbsorbEndCombat","downfall:HeartsMalice","Boot","Membership Card","FossilizedHelix"],"acts_visited":["Exordium"],"potions_floor_usage":[14],"damage_taken":[{"damage":0,"enemies":"2 Louse","floor":2,"turns":1},{"damage":0,"enemies":"Jaw Worm","floor":6,"turns":1},{"damage":0,"enemies":"downfall:FleeingMerchant","floor":8,"turns":1},{"damage":24,"enemies":"Small Slimes","floor":11,"turns":3},{"damage":37,"enemies":"3 Louse","floor":13,"turns":3},{"damage":39,"enemies":"downfall:Heads","floor":14,"turns":7},{"damage":18,"enemies":"Lots of Slimes","floor":15,"turns":3},{"damage":56,"enemies":"downfall:Defect","floor":16,"turns":4}],"seed_played":"8054492859702982796","potions_obtained":[{"floor":13,"key":"Explosive Potion"},{"floor":15,"key":"SmokeBomb"}],"is_trial":false,"path_per_floor":["R","M","?","?","?","M","T","$","?","R","M","R","M","?","M","B"],"character_chosen":"SLIMEBOUND","items_purchased":["Membership Card","Slimebound:SplitBruiser"],"campfire_rested":1,"item_purchase_floors":[8,8],"current_hp_per_floor":[60,60,60,60,60,60,60,60,35,35,33,51,32,23,25,0,0,0],"gold":209,"neow_bonus":"THREE_ENEMY_KILL","is_daily":false,"chose_seed":false,"campfire_upgraded":1,"win_rate":0.0,"timestamp":1608947764,"path_taken":["R","M","?","?","?","M","T","?","?","R","M","R","M","?","M","BOSS"],"items_purchased_type":["Relic","Card"],"build_version":"2020-12-22","purchased_purges":0,"victory":false,"max_hp_per_floor":[60,60,60,60,60,60,60,60,60,60,60,60,60,60,60,60,60,60],"card_choices":[{"not_picked":["Slimebound:Schlurp","Slimebound:ViciousTackle"],"picked":"Slimebound:SplitLeeching","floor":2},{"not_picked":["Slimebound:RollThrough","Slimebound:GoopSpray"],"picked":"Slimebound:SplitMire","floor":6},{"not_picked":["Slimebound:RollThrough","Slimebound:DuplicatedForm"],"picked":"Slimebound:ComboTackle","floor":8},{"not_picked":["Slimebound:Chomp","Slimebound:Schlurp","Slimebound:LeechEnergy"],"picked":"SKIP","floor":11},{"not_picked":["Slimebound:GrowthPunch","Slimebound:SlimeTap"],"picked":"Slimebound:SplitLeeching","floor":13},{"not_picked":["Slimebound:GoopSpray","Slimebound:PressTheAttack"],"picked":"Slimebound:SplitMire","floor":15}],"player_experience":362803,"relics_obtained":[],"event_choices":[{"damage_healed":0,"gold_gain":0,"player_choice":"Success","damage_taken":25,"relics_obtained":["FossilizedHelix"],"max_hp_gain":0,"max_hp_loss":0,"event_name":"Scrap Ooze","floor":9,"gold_loss":0}],"is_beta":false,"boss_relics":[],"items_purged_floors":[],"is_endless":false,"potions_floor_spawned":[13,15],"killed_by":"downfall:Defect","ascension_level":0}}