{"host":"37uvkxgs6qebn1sk","time":1608984471,"event":{"mods":["BaseMod","Better Match","Better Third Choice","Dota2Spire","KomeijiMod","Luminous","Minty Spire (QoL Compilation)","Replay The Spire","StSLib","vexMod"],"gold_per_floor":[118,144,20,20,20,31,31,31,31,57,82,34,34,45,45,55,55,151,151,161,13,13,32,32,32,42,74,74,87,99,109,109,82,82,82,82],"floor_reached":35,"playtime":1125,"items_purged":["Luminous:Defend_Luminous","Luminous:Defend_Luminous"],"score":289,"play_id":"84edc7f8-2f4d-448e-8236-8b75e40201dc","local_time":"20201226200751","is_ascension_mode":true,"campfire_choices":[{"data":"Luminous:Concentrate_Luminous","floor":8.0,"key":"SMITH"},{"data":"Luminous:Accumulation_Luminous","floor":13.0,"key":"SMITH"},{"data":"Luminous:Concentrate_Luminous","floor":15.0,"key":"SMITH"},{"data":"Luminous:Balance_Death_Scythe","floor":17.0,"key":"SMITH"},{"data":"Luminous:Concentrate_Luminous","floor":25.0,"key":"SMITH"},{"data":"Luminous:Switch_Luminous","floor":32,"key":"SMITH"},{"data":"Luminous:Accumulation_Luminous","floor":34,"key":"SMITH"}],"circlet_count":0,"master_deck":["Luminous:Light_Flash_Shower","Luminous:Light_Flash_Shower","Luminous:Light_Flash_Shower","Luminous:Dark_Abyssal_Drop","Luminous:Dark_Abyssal_Drop","Luminous:Dark_Abyssal_Drop","Luminous:Defend_Luminous","Luminous:Switch_Luminous+1","Luminous:Concentrate_Luminous+1","Luminous:Concentrate_Luminous+1","Luminous:Accumulation_Luminous+1","Luminous:Balance_Death_Scythe+1","Luminous:Dark_Dim_Erosion","Luminous:Lania_Blessing_Luminous","Luminous:Darkness_Mastery_Luminous","Luminous:Concentrate_Luminous+1","Luminous:Dark_Raid","Luminous:Light_Reflection+1","Luminous:Magic_Accelerate_Luminous+1","Luminous:Accumulation_Luminous+1"],"relics":["Luminous:MirrorRelic","Dota2Spire:DrumOfEndurance","Question Card","Dota2Spire:HeartOfTarrasque","Omamori","Busted Crown","Garlic","Dota2Spire:MaskOfMadness"],"acts_visited":["Exordium","TheCity"],"potions_floor_usage":[31,35],"damage_taken":[{"damage":9.0,"enemies":"Cultist","floor":1.0,"turns":4.0},{"damage":2.0,"enemies":"Jaw Worm","floor":6.0,"turns":3.0},{"damage":27.0,"enemies":"3 Sentries","floor":10.0,"turns":8.0},{"damage":5.0,"enemies":"2 Louse","floor":14.0,"turns":2.0},{"damage":0.0,"enemies":"Lots of Slimes","floor":16.0,"turns":1.0},{"damage":50.0,"enemies":"The Guardian","floor":18.0,"turns":8.0},{"damage":10.0,"enemies":"Chosen","floor":20.0,"turns":3.0},{"damage":18.0,"enemies":"3 Byrds","floor":23.0,"turns":4.0},{"damage":31.0,"enemies":"Cultist and Chosen","floor":26.0,"turns":7.0},{"damage":16.0,"enemies":"Gremlin Leader","floor":27.0,"turns":6.0},{"damage":13.0,"enemies":"Shelled Parasite and Fungi","floor":29.0,"turns":4.0},{"damage":9.0,"enemies":"Snake Plant","floor":30.0,"turns":5.0},{"damage":29,"enemies":"Snecko","floor":31,"turns":5},{"damage":78,"enemies":"Collector","floor":35,"turns":8}],"seed_played":"7087172320401355996","potions_obtained":[{"floor":14.0,"key":"SmokeBomb"},{"floor":16.0,"key":"Toxic Potion"},{"floor":20.0,"key":"Adrenaline Potion"},{"floor":22.0,"key":"Dota2Spire:HealingSalve"},{"floor":27.0,"key":"Ancient Potion"},{"floor":29.0,"key":"AttackPotion"}],"is_trial":false,"path_per_floor":["M","T","$","PTL","PTL","M","T","R","?","E","T","$","R","M","R","M","R","B",null,"M","$","?","M","?","R","M","E","T","M","M","M","R","$","R","B"],"character_chosen":"LuminousClass","items_purchased":["Luminous:Concentrate_Luminous","Luminous:Accumulation_Luminous","Luminous:Concentrate_Luminous","Luminous:Accumulation_Luminous"],"campfire_rested":0,"item_purchase_floors":[3,12,21,33],"current_hp_per_floor":[66,66,66,66,66,64,64,64,75,56,56,56,56,51,51,51,51,1,83,78,78,78,75,75,75,44,43,43,50,55,41,41,41,41,0,0],"gold":82,"neow_bonus":"RANDOM_EVENT","is_daily":false,"chose_seed":false,"campfire_upgraded":7,"win_rate":0.0,"timestamp":1608984471,"path_taken":["M","?","$","PTL","PTL","M","?","R","?","E","T","$","R","M","R","M","R","BOSS","M","$","?","?","?","R","M","E","T","?","M","M","R","?","R","BOSS"],"items_purchased_type":["Card","Card","Card","Card"],"build_version":"2020-12-22","purchased_purges":2,"victory":false,"max_hp_per_floor":[75,75,75,75,75,75,75,75,75,83,83,83,83,83,83,83,83,83,83,83,83,83,83,83,83,83,83,83,83,83,83,83,83,83,83,83],"card_choices":[{"not_picked":["Luminous:Dark_Pressure_Void","Luminous:Lights_Protection_Luminous","Luminous:Fast_Spell_Luminous"],"picked":"SKIP","floor":1.0},{"not_picked":["Luminous:Light_Glare","Luminous:Dark_Pressure_Void","Luminous:Magic_Boost_Luminous"],"picked":"SKIP","floor":6.0},{"not_picked":["Luminous:Light_Glare","Luminous:Light_Sylvan_Lance","Luminous:Magic_Accelerate_Luminous"],"picked":"Luminous:Concentrate_Luminous","floor":10.0},{"not_picked":["Luminous:Dark_Dim_Erosion","Luminous:Balance_Baptism","Luminous:Light_Sylvan_Lance"],"picked":"Luminous:Balance_Death_Scythe","floor":14.0},{"not_picked":["Luminous:Light_Glare","Luminous:Light_Track","Luminous:Dark_Pressure_Void"],"picked":"Luminous:Dark_Dim_Erosion","floor":16.0},{"not_picked":["Luminous:Mirror_Force_Luminous","Luminous:Balance_Baptism","Luminous:Erosion_Luminous"],"picked":"Luminous:Lania_Blessing_Luminous","floor":18.0},{"not_picked":["Luminous:Lights_Protection_Luminous"],"picked":"Luminous:Darkness_Mastery_Luminous","floor":20.0},{"not_picked":["Luminous:Lights_Protection_Luminous"],"picked":"Luminous:Dark_Raid","floor":23.0},{"not_picked":["Luminous:Mana_Well_Luminous","Luminous:Dark_Pressure_Void"],"picked":"SKIP","floor":26.0},{"not_picked":["Luminous:Light_Gather"],"picked":"Luminous:Light_Reflection+1","floor":27.0},{"not_picked":["Luminous:Magic_Boost_Luminous","Luminous:Dark_Apocalypse+1"],"picked":"SKIP","floor":29.0},{"not_picked":["Luminous:Dark_Pressure_Void"],"picked":"Luminous:Magic_Accelerate_Luminous+1","floor":30.0},{"not_picked":["Luminous:Dark_Arcane_Pitch+1","Luminous:Balance_Death_Scythe"],"picked":"SKIP","floor":31}],"player_experience":967035,"relics_obtained":[{"floor":2.0,"key":"Dota2Spire:DrumOfEndurance"},{"floor":7.0,"key":"Question Card"},{"floor":10.0,"key":"Dota2Spire:HeartOfTarrasque"},{"floor":11.0,"key":"Omamori"},{"floor":27.0,"key":"Garlic"},{"floor":28.0,"key":"Dota2Spire:MaskOfMadness"}],"event_choices":[{"cards_removed":["Luminous:Defend_Luminous"],"damage_healed":0.0,"max_hp_gain":0.0,"max_hp_loss":0.0,"gold_gain":0.0,"event_name":"Living Wall","player_choice":"Forget","floor":0.0,"gold_loss":0.0,"damage_taken":0.0},{"damage_healed":0.0,"max_hp_gain":0.0,"max_hp_loss":0.0,"gold_gain":0.0,"event_name":"Lab","player_choice":"Got Potions","floor":22.0,"gold_loss":0.0,"damage_taken":0.0},{"damage_healed":0.0,"max_hp_gain":0.0,"max_hp_loss":0.0,"gold_gain":0.0,"event_name":"N\u0027loth","player_choice":"Ignored","floor":24.0,"gold_loss":0.0,"damage_taken":0.0}],"is_beta":false,"boss_relics":[{"not_picked":["vexMod:TanglingVine","Black Star"],"picked":"Busted Crown"}],"items_purged_floors":[3,21],"is_endless":false,"potions_floor_spawned":[14,16,20,27,29],"killed_by":"Collector","ascension_level":1}}