{"host":"owox7x4ngjt9htcc","time":1608963944,"event":{"mods":["BaseMod","Colored Map","DeckTracker","Keyboard Shortcuts","Minty Spire (QoL Compilation)","SuperFastMode"],"gold_per_floor":[99,114,129,129,129,159,174,136,136,151,226,226,245,45,45,170,170,189,189,208,227,227,265,284,484,509,136,174,193,43,62,62,187,187,206,225,244,263,274,312,331,331,356,131,0,63,63,82,82,82],"floor_reached":51,"playtime":1539,"items_purged":["Cleave"],"score":796,"play_id":"c6a7040e-d65d-4fbf-a38d-dcc11e20af30","local_time":"20201226152544","daily_mods":["SealedDeck","Diverse","Binary"],"is_ascension_mode":false,"campfire_choices":[{"data":"Hologram","floor":15.0,"key":"SMITH"},{"data":"DevaForm","floor":32.0,"key":"SMITH"},{"floor":42,"key":"REST"},{"data":"1","floor":49,"key":"LIFT"}],"circlet_count":0,"master_deck":["Skim","Acrobatics","PiercingWail","SashWhip+1","Quick Slash","Beam Cell","Iron Wave","Genetic Algorithm","Turbo","Ball Lightning+1","Turbo","Streamline","TalkToTheHand","Inflame","Rampage","Ball Lightning","Hologram+1","Adrenaline","Coolheaded","DevaForm+1","CutThroughFate","Study","Noxious Fumes","Envenom","Shrug It Off","Armaments+1","Double Energy","Leap","Flame Barrier"],"relics":["Burning Blood","Blood Vial","PreservedInsect","Sundial","Golden Idol","Juzu Bracelet","Runic Cube","Champion Belt","Bronze Scales","TheAbacus","Regal Pillow","Incense Burner","Whetstone","Fusion Hammer","Unceasing Top","Nunchaku","Akabeko","Bag of Marbles","Red Mask","Girya","Mercury Hourglass"],"acts_visited":["Exordium","TheCity","TheBeyond"],"potions_floor_usage":[50,50,50],"damage_taken":[{"damage":0.0,"enemies":"Cultist","floor":1.0,"turns":3.0},{"damage":0.0,"enemies":"Small Slimes","floor":2.0,"turns":2.0},{"damage":0.0,"enemies":"2 Louse","floor":3.0,"turns":2.0},{"damage":7.0,"enemies":"Lagavulin","floor":6.0,"turns":5.0},{"damage":8.0,"enemies":"Large Slime","floor":7.0,"turns":3.0},{"damage":10.0,"enemies":"Gremlin Gang","floor":10.0,"turns":3.0},{"damage":0.0,"enemies":"2 Fungi Beasts","floor":13.0,"turns":2.0},{"damage":0.0,"enemies":"Slime Boss","floor":16.0,"turns":5.0},{"damage":1.0,"enemies":"Chosen","floor":18.0,"turns":4.0},{"damage":2.0,"enemies":"Shell Parasite","floor":20.0,"turns":4.0},{"damage":13.0,"enemies":"Chosen and Byrds","floor":21.0,"turns":6.0},{"damage":12.0,"enemies":"Book of Stabbing","floor":23.0,"turns":4.0},{"damage":17.0,"enemies":"Centurion and Healer","floor":24.0,"turns":5.0},{"damage":15.0,"enemies":"Slavers","floor":28.0,"turns":4.0},{"damage":2.0,"enemies":"Shelled Parasite and Fungi","floor":29.0,"turns":3.0},{"damage":0.0,"enemies":"Snake Plant","floor":31.0,"turns":3.0},{"damage":21.0,"enemies":"Collector","floor":33.0,"turns":8.0},{"damage":12.0,"enemies":"3 Darklings","floor":35.0,"turns":4.0},{"damage":3.0,"enemies":"Orb Walker","floor":36.0,"turns":3.0},{"damage":0.0,"enemies":"Maw","floor":37.0,"turns":6.0},{"damage":5.0,"enemies":"Sphere and 2 Shapes","floor":38.0,"turns":5.0},{"damage":37.0,"enemies":"2 Orb Walkers","floor":39.0,"turns":6.0},{"damage":6,"enemies":"Giant Head","floor":40,"turns":6},{"damage":14,"enemies":"Writhing Mass","floor":41,"turns":6},{"damage":15,"enemies":"Mind Bloom Boss Battle","floor":46,"turns":4},{"damage":0,"enemies":"Transient","floor":48,"turns":5},{"damage":20,"enemies":"Time Eater","floor":50,"turns":9}],"seed_played":"5451747836825439005","potions_obtained":[{"floor":3.0,"key":"Energy Potion"},{"floor":6.0,"key":"SneckoOil"},{"floor":7.0,"key":"Energy Potion"},{"floor":13.0,"key":"CultistPotion"},{"floor":20.0,"key":"FearPotion"},{"floor":37.0,"key":"Strength Potion"},{"floor":41,"key":"DuplicationPotion"}],"is_trial":false,"path_per_floor":["M","M","M","$","?","E","M","$","T","M","?","?","M","$","R","B",null,"M","?","M","M","?","E","M","?","T","$","E","M","$","M","R","B",null,"M","M","M","M","?","E","M","R","T","$","?","?","T","M","R","B",null],"character_chosen":"IRONCLAD","items_purchased":["Rampage","Juzu Bracelet","Hologram","TheAbacus","Regal Pillow","Noxious Fumes","Whetstone","Bag of Marbles"],"campfire_rested":1,"item_purchase_floors":[8,14,14,27,27,27,30,44],"current_hp_per_floor":[80,80,80,80,80,79,78,78,78,76,65,45,53,53,53,61,80,80,80,80,73,73,69,60,60,60,60,53,59,59,67,67,54,80,74,79,80,80,49,51,45,80,80,80,80,71,71,79,79,66],"gold":82,"neow_bonus":"","is_daily":true,"chose_seed":false,"campfire_upgraded":2,"win_rate":0.0,"timestamp":1608963944,"path_taken":["M","?","M","$","?","E","M","?","T","M","?","?","M","$","R","BOSS","M","?","M","M","?","E","M","?","T","?","E","M","$","M","R","BOSS","M","M","M","M","?","E","M","R","T","$","?","?","?","M","R","BOSS"],"items_purchased_type":["Card","Relic","Card","Relic","Relic","Card","Relic","Relic"],"build_version":"2020-12-22","purchased_purges":1,"victory":true,"max_hp_per_floor":[80,80,80,80,80,80,80,80,80,80,80,80,80,80,80,80,80,80,80,80,80,80,80,80,80,80,80,80,80,80,80,80,80,80,80,80,80,80,80,80,80,80,80,80,80,80,80,80,80,80],"card_choices":[{"not_picked":["Riddle With Holes"],"picked":"Turbo","floor":1.0},{"not_picked":["CarveReality"],"picked":"Streamline","floor":2.0},{"not_picked":["Pommel Strike"],"picked":"TalkToTheHand","floor":3.0},{"not_picked":["Turbo"],"picked":"Cleave","floor":6.0},{"not_picked":["Pray"],"picked":"Inflame","floor":7.0},{"not_picked":["SandsOfTime"],"picked":"Ball Lightning","floor":10.0},{"not_picked":["Redo","Deflect"],"picked":"SKIP","floor":13.0},{"not_picked":["Impervious"],"picked":"Adrenaline","floor":16.0},{"not_picked":["Concentrate+1"],"picked":"Coolheaded","floor":18.0},{"not_picked":["Dagger Spray+1"],"picked":"Study","floor":20.0},{"not_picked":["Dropkick","Outmaneuver"],"picked":"SKIP","floor":21.0},{"not_picked":["CarveReality","SandsOfTime+1"],"picked":"SKIP","floor":23.0},{"not_picked":["Dagger Throw+1","Turbo"],"picked":"SKIP","floor":24.0},{"not_picked":["Sword Boomerang","Protect+1"],"picked":"SKIP","floor":28.0},{"not_picked":["Wild Strike","Tantrum+1"],"picked":"SKIP","floor":29.0},{"not_picked":["Outmaneuver","FollowUp"],"picked":"SKIP","floor":31.0},{"not_picked":["DeusExMachina"],"picked":"Envenom","floor":33.0},{"not_picked":["Flex"],"picked":"Shrug It Off","floor":35.0},{"not_picked":["Outmaneuver","Escape Plan"],"picked":"SKIP","floor":36.0},{"not_picked":["Consecrate"],"picked":"Armaments+1","floor":37.0},{"not_picked":["Prepared","Perfected Strike"],"picked":"SKIP","floor":38.0},{"not_picked":["FollowUp+1"],"picked":"Double Energy","floor":40},{"not_picked":["CutThroughFate"],"picked":"Leap","floor":41},{"not_picked":["Rupture+1"],"picked":"Flame Barrier","floor":48}],"player_experience":855236,"relics_obtained":[{"floor":6.0,"key":"PreservedInsect"},{"floor":9.0,"key":"Sundial"},{"floor":23.0,"key":"Champion Belt"},{"floor":26.0,"key":"Bronze Scales"},{"floor":28.0,"key":"Incense Burner"},{"floor":39,"key":"Unceasing Top"},{"floor":40,"key":"Nunchaku"},{"floor":43,"key":"Akabeko"},{"floor":46,"key":"Girya"},{"floor":47,"key":"Mercury Hourglass"}],"event_choices":[{"damage_healed":0.0,"max_hp_gain":0.0,"max_hp_loss":0.0,"gold_gain":0.0,"event_name":"WeMeetAgain","player_choice":"Gave Potion","floor":5.0,"gold_loss":0.0,"damage_taken":0.0,"relics_obtained":["Blood Vial"]},{"damage_healed":0.0,"max_hp_gain":0.0,"max_hp_loss":0.0,"gold_gain":75.0,"event_name":"World of Goop","player_choice":"Gather Gold","floor":11.0,"gold_loss":0.0,"damage_taken":11.0},{"damage_healed":0.0,"max_hp_gain":0.0,"max_hp_loss":0.0,"gold_gain":0.0,"event_name":"Golden Idol","player_choice":"Take Damage","floor":12.0,"gold_loss":0.0,"damage_taken":20.0,"relics_obtained":["Golden Idol"]},{"damage_healed":0.0,"max_hp_gain":0.0,"max_hp_loss":0.0,"gold_gain":0.0,"event_name":"Match and Keep!","player_choice":"2 cards matched","floor":19.0,"gold_loss":0.0,"damage_taken":0.0,"cards_obtained":["DevaForm","CutThroughFate"]},{"damage_healed":0.0,"max_hp_gain":0.0,"max_hp_loss":0.0,"gold_gain":0.0,"event_name":"Cursed Tome","player_choice":"Ignored","floor":22.0,"gold_loss":0.0,"damage_taken":0.0},{"damage_healed":0.0,"max_hp_gain":0.0,"max_hp_loss":0.0,"gold_gain":250.0,"event_name":"The Joust","player_choice":"Bet on Owner","floor":25.0,"gold_loss":50.0,"damage_taken":0.0},{"damage_healed":0.0,"max_hp_gain":0.0,"max_hp_loss":0.0,"gold_gain":0.0,"event_name":"Mysterious Sphere","player_choice":"Fight","floor":39.0,"gold_loss":0.0,"damage_taken":0.0},{"damage_healed":0,"gold_gain":0,"player_choice":"Paid","damage_taken":0,"relics_obtained":["Red Mask"],"max_hp_gain":0,"max_hp_loss":0,"event_name":"Tomb of Lord Red Mask","floor":45,"gold_loss":131},{"damage_healed":0,"gold_gain":0,"player_choice":"Fight","damage_taken":0,"max_hp_gain":0,"max_hp_loss":0,"event_name":"MindBloom","floor":46,"gold_loss":0}],"is_beta":false,"boss_relics":[{"not_picked":["Cursed Key","Velvet Choker"],"picked":"Runic Cube"},{"not_picked":["Coffee Dripper","SlaversCollar"],"picked":"Fusion Hammer"}],"items_purged_floors":[44],"is_endless":false,"potions_floor_spawned":[3,6,7,13,20,23,28,37,38,41],"ascension_level":0}}