{"host":"zr590xw2unlz0wv7","time":1608999689,"event":{"mods":["BaseMod","Minty Spire (QoL Compilation)","READ ME - Guardian Mod","StSLib"],"gold_per_floor":[111,111,111,126,6,46,62,62,62,98,119,132,32,55,55,175,175,189,214,214,214,214,214],"floor_reached":22,"playtime":1013,"items_purged":["Strike_P","Injury"],"score":339,"play_id":"5e526c3b-35d6-4139-ae32-7947f70fb88c","local_time":"20201227002129","is_ascension_mode":true,"campfire_choices":[{"floor":8.0,"key":"RECALL"},{"floor":15.0,"key":"REST"}],"circlet_count":0,"master_deck":["Defend_P","Defend_P","Defend_P","Defend_P","Eruption","Vigilance","PathToVictory","PathToVictory","SpiritShield","ThirdEye","InnerPeace","Wish","JustLucky","RitualDagger"],"relics":["PureWater","NeowsBlessing","Golden Idol","Ice Cream","Gremlin Horn","Empty Cage","MutagenicStrength"],"acts_visited":["Exordium","TheCity"],"potions_floor_usage":[22],"damage_taken":[{"damage":0.0,"enemies":"Cultist","floor":1.0,"turns":1.0},{"damage":0.0,"enemies":"Jaw Worm","floor":4.0,"turns":1.0},{"damage":0.0,"enemies":"Gremlin Nob","floor":6.0,"turns":1.0},{"damage":0.0,"enemies":"2 Louse","floor":7.0,"turns":2.0},{"damage":36.0,"enemies":"Lagavulin","floor":10.0,"turns":6.0},{"damage":9.0,"enemies":"Gremlin Gang","floor":11.0,"turns":7.0},{"damage":6.0,"enemies":"Looter","floor":12.0,"turns":4.0},{"damage":0.0,"enemies":"Exordium Wildlife","floor":14.0,"turns":2.0},{"damage":0.0,"enemies":"Hexaghost","floor":16.0,"turns":9.0},{"damage":9.0,"enemies":"Shell Parasite","floor":18.0,"turns":3.0},{"damage":23.0,"enemies":"3 Byrds","floor":19.0,"turns":6.0},{"damage":35,"enemies":"Shelled Parasite and Fungi","floor":22,"turns":6}],"seed_played":"3449764456021325060","potions_obtained":[{"floor":1.0,"key":"EntropicBrew"},{"floor":7.0,"key":"Fire Potion"},{"floor":10.0,"key":"Weak Potion"},{"floor":12.0,"key":"BottledMiracle"},{"floor":14.0,"key":"SkillPotion"},{"floor":19.0,"key":"Ancient Potion"}],"is_trial":false,"path_per_floor":["M","?","?","M","$","E","M","R","T","E","M","M","$","M","R","B",null,"M","M","?","?","M"],"character_chosen":"WATCHER","items_purchased":["PathToVictory"],"campfire_rested":1,"item_purchase_floors":[5],"current_hp_per_floor":[72,65,65,65,65,65,65,65,65,29,20,14,14,14,35,35,63,54,31,31,25,0,0],"gold":214,"neow_bonus":"THREE_ENEMY_KILL","is_daily":false,"chose_seed":false,"campfire_upgraded":0,"win_rate":0.0,"timestamp":1608999689,"path_taken":["M","?","?","M","$","E","M","R","T","E","M","M","?","M","R","BOSS","M","?","?","?","M"],"items_purchased_type":["Card"],"build_version":"2020-12-22","purchased_purges":2,"victory":false,"max_hp_per_floor":[72,72,72,72,72,72,72,72,72,72,72,72,72,72,72,72,72,72,72,72,72,72,72],"card_choices":[{"not_picked":["Wireheading","MentalFortress"],"picked":"PathToVictory","floor":1.0},{"not_picked":["EmptyFist","Collect","Protect"],"picked":"SKIP","floor":4.0},{"not_picked":["FollowUp","EmptyFist"],"picked":"SpiritShield","floor":6.0},{"not_picked":["FlyingSleeves","ClearTheMind"],"picked":"ThirdEye","floor":7.0},{"not_picked":["Collect","FearNoEvil","CrushJoints"],"picked":"SKIP","floor":10.0},{"not_picked":["Crescendo","Collect","FollowUp"],"picked":"SKIP","floor":11.0},{"not_picked":["Wallop","Vengeance"],"picked":"InnerPeace","floor":12.0},{"not_picked":["Pray","JustLucky","Crescendo"],"picked":"SKIP","floor":14.0},{"not_picked":["Scrawl","Ragnarok"],"picked":"Wish","floor":16.0},{"not_picked":["Prostrate","CrushJoints+1","MentalFortress+1"],"picked":"SKIP","floor":18.0},{"not_picked":["MentalFortress","EmptyBody"],"picked":"JustLucky","floor":19.0}],"player_experience":524598,"relics_obtained":[{"floor":6.0,"key":"Ice Cream"},{"floor":10.0,"key":"Gremlin Horn"}],"event_choices":[{"cards_removed":["Strike_P"],"damage_healed":0.0,"max_hp_gain":0.0,"max_hp_loss":0.0,"gold_gain":0.0,"event_name":"Golden Wing","player_choice":"Card Removal","floor":2.0,"gold_loss":0.0,"damage_taken":7.0},{"damage_healed":0.0,"max_hp_gain":0.0,"max_hp_loss":0.0,"gold_gain":0.0,"event_name":"Golden Idol","player_choice":"Take Wound","floor":3.0,"gold_loss":0.0,"damage_taken":0.0,"relics_obtained":["Golden Idol"],"cards_obtained":["Injury"]},{"damage_healed":0.0,"max_hp_gain":0.0,"max_hp_loss":0.0,"gold_gain":0.0,"event_name":"Drug Dealer","player_choice":"Inject Mutagens","floor":20.0,"gold_loss":0.0,"damage_taken":0.0,"relics_obtained":["MutagenicStrength"]},{"damage_healed":0.0,"max_hp_gain":0.0,"max_hp_loss":0.0,"gold_gain":0.0,"event_name":"Nest","player_choice":"Joined the Cult","floor":21.0,"gold_loss":0.0,"damage_taken":6.0,"cards_obtained":["RitualDagger"]}],"is_beta":false,"boss_relics":[{"not_picked":["Ectoplasm","Coffee Dripper"],"picked":"Empty Cage"}],"items_purged_floors":[5,13],"is_endless":false,"potions_floor_spawned":[1,7,10,12,14,19],"killed_by":"Shelled Parasite and Fungi","ascension_level":5}}