{"host":"6gzy6nvr8uokwcne","time":1608947530,"event":{"mods":["2.2 Compatiblity","AchievementEnabler","BaseMod","Minty Spire (QoL Compilation)","Quick Restart","StSLib","The Dragon Tamer","The Runesmith"],"gold_per_floor":[115,115,135,148,148,182,182,197,197,213,213,213,234,257,257,388,388,411,436,39,62,28,28,28,28,28,53,69,83,83,99,99,218,218,237,251,151,484,501,501,519,531,531,306,323,353,363,380,380,380],"floor_reached":51,"playtime":4199,"items_purged":["Defend_R","Regret","Writhe"],"score":814,"play_id":"2ce1ff17-f3a7-49dc-8f73-a2066cf26264","local_time":"20201225185210","is_ascension_mode":false,"campfire_choices":[{"data":"Dropkick","floor":7.0,"key":"SMITH"},{"floor":12.0,"key":"REST"},{"data":"Armaments","floor":15.0,"key":"SMITH"},{"data":"Rage","floor":23.0,"key":"SMITH"},{"data":"Double Tap","floor":32.0,"key":"SMITH"},{"data":"Dropkick","floor":40.0,"key":"SMITH"},{"data":"Bash","floor":49,"key":"SMITH"}],"circlet_count":0,"master_deck":["Bash+1","Dropkick+1","Dropkick+1","Double Tap+1","Rage+1"],"relics":["Burning Blood","Regal Pillow","Mercury Hourglass","Cursed Key","Shuriken","Pear","Ornamental Fan","Busted Crown","Bottled Flame","MealTicket"],"acts_visited":["Exordium","TheCity","TheBeyond"],"potions_floor_usage":[42,45],"damage_taken":[{"damage":0.0,"enemies":"2 Louse","floor":1.0,"turns":2.0},{"damage":0.0,"enemies":"Jaw Worm","floor":3.0,"turns":1.0},{"damage":0.0,"enemies":"Small Slimes","floor":4.0,"turns":2.0},{"damage":0.0,"enemies":"Lagavulin","floor":6.0,"turns":1.0},{"damage":1.0,"enemies":"2 Fungi Beasts","floor":8.0,"turns":2.0},{"damage":0.0,"enemies":"Exordium Wildlife","floor":10.0,"turns":2.0},{"damage":2.0,"enemies":"Large Slime","floor":13.0,"turns":3.0},{"damage":0.0,"enemies":"2 Fungi Beasts","floor":14.0,"turns":2.0},{"damage":0.0,"enemies":"Slime Boss","floor":16.0,"turns":6.0},{"damage":0.0,"enemies":"Shell Parasite","floor":18.0,"turns":2.0},{"damage":2.0,"enemies":"Spheric Guardian","floor":19.0,"turns":4.0},{"damage":0.0,"enemies":"3 Cultists","floor":21.0,"turns":4.0},{"damage":27.0,"enemies":"Sentry and Sphere","floor":27.0,"turns":6.0},{"damage":3.0,"enemies":"Centurion and Healer","floor":28.0,"turns":3.0},{"damage":19.0,"enemies":"3 Cultists","floor":29.0,"turns":5.0},{"damage":6.0,"enemies":"Cultist and Chosen","floor":31.0,"turns":3.0},{"damage":13.0,"enemies":"Collector","floor":33.0,"turns":6.0},{"damage":3.0,"enemies":"3 Darklings","floor":35.0,"turns":5.0},{"damage":1.0,"enemies":"3 Shapes","floor":36.0,"turns":2.0},{"damage":0.0,"enemies":"Maw","floor":39.0,"turns":1.0},{"damage":0.0,"enemies":"Transient","floor":41.0,"turns":5.0},{"damage":2,"enemies":"Sphere and 2 Shapes","floor":42,"turns":3},{"damage":0,"enemies":"Maw","floor":45,"turns":2},{"damage":0,"enemies":"Giant Head","floor":46,"turns":1},{"damage":0,"enemies":"Spire Growth","floor":47,"turns":1},{"damage":6,"enemies":"Sphere and 2 Shapes","floor":48,"turns":3},{"damage":16,"enemies":"Donu and Deca","floor":50,"turns":5}],"seed_played":"-8419707273576982201","potions_obtained":[{"floor":1.0,"key":"Energy Potion"},{"floor":6.0,"key":"FearPotion"},{"floor":10.0,"key":"Swift Potion"},{"floor":13.0,"key":"Block Potion"},{"floor":14.0,"key":"SkillPotion"},{"floor":18.0,"key":"DuplicationPotion"},{"floor":21.0,"key":"ColorlessPotion"},{"floor":29.0,"key":"Dexterity Potion"},{"floor":39.0,"key":"ColorlessPotion"},{"floor":41,"key":"EssenceOfSteel"},{"floor":45,"key":"BloodPotion"},{"floor":47,"key":"BloodPotion"}],"is_trial":false,"path_per_floor":["M","$","M","M","$","E","R","M","T","M","?","R","M","M","R","B",null,"M","M","$","M","$","R","?","?","T","M","M","M","?","M","R","B",null,"M","M","$","?","M","R","M","M","T","$","M","E","M","M","R","B",null],"character_chosen":"IRONCLAD","items_purchased":["Shuriken","Good Instincts","Rage","EntropicBrew"],"campfire_rested":1,"item_purchase_floors":[20,20,22,44],"current_hp_per_floor":[88,88,88,88,88,88,88,88,88,88,66,88,88,88,88,88,88,88,88,88,88,88,88,98,98,98,77,80,67,67,67,67,60,98,98,98,98,98,98,98,98,98,98,98,98,98,98,98,98,88],"gold":380,"neow_bonus":"TEN_PERCENT_HP_BONUS","is_daily":false,"chose_seed":false,"campfire_upgraded":6,"win_rate":0.0,"timestamp":1608947530,"path_taken":["M","$","M","M","$","E","R","M","T","M","?","R","M","M","R","BOSS","M","M","$","M","$","R","?","?","T","M","M","M","?","?","R","BOSS","M","M","$","?","M","R","M","M","T","$","M","E","M","M","R","BOSS"],"items_purchased_type":["Relic","Card","Card","Potion"],"build_version":"2020-12-22","purchased_purges":3,"victory":true,"max_hp_per_floor":[88,88,88,88,88,88,88,88,88,88,88,88,88,88,88,88,88,88,88,88,88,88,88,98,98,98,98,98,98,98,98,98,98,98,98,98,98,98,98,98,98,98,98,98,98,98,98,98,98,98],"card_choices":[{"not_picked":["Power Through","Wild Strike","Armaments"],"picked":"SKIP","floor":1.0},{"not_picked":["Dark Embrace","True Grit","Havoc"],"picked":"SKIP","floor":3.0},{"not_picked":["Sever Soul","Flex","Cleave"],"picked":"SKIP","floor":4.0},{"not_picked":["Havoc","Cleave","Entrench"],"picked":"SKIP","floor":6.0},{"not_picked":["Rampage","Seeing Red","Reckless Charge"],"picked":"SKIP","floor":8.0},{"not_picked":["Shrug It Off","Entrench"],"picked":"Armaments","floor":10.0},{"not_picked":["Combust","Clash","Cleave"],"picked":"SKIP","floor":13.0},{"not_picked":["Perfected Strike","Spot Weakness","Metallicize"],"picked":"SKIP","floor":14.0},{"not_picked":["Impervious","Fiend Fire"],"picked":"Double Tap","floor":16.0},{"not_picked":["Thunderclap","Headbutt","Clash"],"picked":"SKIP","floor":18.0},{"not_picked":["Armaments","Perfected Strike","Twin Strike+1"],"picked":"SKIP","floor":19.0},{"not_picked":["Reaper","Perfected Strike","Body Slam"],"picked":"SKIP","floor":21.0},{"not_picked":["Sword Boomerang","Armaments","Seeing Red"],"picked":"SKIP","floor":27.0},{"not_picked":["Clash","Dropkick+1","Armaments"],"picked":"SKIP","floor":28.0},{"not_picked":["Shrug It Off","Rage","Intimidate"],"picked":"SKIP","floor":29.0},{"not_picked":["Wild Strike","True Grit","Infernal Blade"],"picked":"SKIP","floor":31.0},{"not_picked":["Havoc"],"picked":"SKIP","floor":35.0},{"not_picked":["Wild Strike+1"],"picked":"SKIP","floor":36.0},{"not_picked":["Thunderclap+1"],"picked":"SKIP","floor":39.0},{"not_picked":["Spot Weakness"],"picked":"SKIP","floor":41},{"not_picked":["Seeing Red+1"],"picked":"SKIP","floor":42},{"not_picked":["Armaments"],"picked":"SKIP","floor":45},{"not_picked":["Armaments"],"picked":"SKIP","floor":45},{"not_picked":["Sword Boomerang"],"picked":"SKIP","floor":46},{"not_picked":["Sword Boomerang+1"],"picked":"SKIP","floor":47},{"not_picked":["Armaments+1"],"picked":"SKIP","floor":48}],"player_experience":455917,"relics_obtained":[{"floor":6.0,"key":"Regal Pillow"},{"floor":9.0,"key":"Mercury Hourglass"},{"floor":26.0,"key":"Ornamental Fan"},{"floor":43,"key":"Bottled Flame"},{"floor":46,"key":"MealTicket"}],"event_choices":[{"damage_healed":0.0,"max_hp_gain":0.0,"max_hp_loss":0.0,"gold_gain":0.0,"event_name":"Golden Idol","player_choice":"Take Damage","floor":11.0,"gold_loss":0.0,"damage_taken":22.0,"relics_obtained":["Golden Idol"]},{"damage_healed":0.0,"max_hp_gain":0.0,"max_hp_loss":0.0,"gold_gain":0.0,"event_name":"The Mausoleum","player_choice":"Opened","floor":24.0,"gold_loss":0.0,"damage_taken":0.0,"relics_obtained":["Pear"]},{"damage_healed":0.0,"max_hp_gain":0.0,"max_hp_loss":0.0,"gold_gain":0.0,"event_name":"The Library","player_choice":"Read","floor":25.0,"gold_loss":0.0,"damage_taken":0.0,"cards_obtained":["Dual Wield"]},{"damage_healed":0.0,"max_hp_gain":0.0,"max_hp_loss":0.0,"gold_gain":0.0,"event_name":"Ghosts","player_choice":"Ignored","floor":30.0,"gold_loss":0.0,"damage_taken":0.0},{"damage_healed":0.0,"max_hp_gain":0.0,"max_hp_loss":0.0,"gold_gain":333.0,"event_name":"The Moai Head","player_choice":"Gave Idol","floor":38.0,"relics_lost":["Golden Idol"],"gold_loss":0.0,"damage_taken":0.0}],"is_beta":false,"boss_relics":[{"not_picked":["Philosopher\u0027s Stone","Pandora\u0027s Box"],"picked":"Cursed Key"},{"not_picked":["Snecko Eye","Coffee Dripper","Runesmith:UraniumAnvil"]}],"items_purged_floors":[20,37,44],"is_endless":false,"potions_floor_spawned":[1,6,10,13,14,18,21,29,39,41,45,46,47],"ascension_level":0}}