{"host":"l84l8xigz5v5foa2","time":1608958128,"event":{"mods":["2.2 Compatiblity","AchievementEnabler","BaseMod","Better Note","Better Vampires","Card Filter","Colored Map","DeckTracker","Downfall","Gremlin Skip","Highlight Path","Keyboard Shortcuts","Minty Spire (QoL Compilation)","Permanent Neow","Quick Restart","Relic Filter","Relic Stats","StSLib","SuperFastMode","Transform Curses","Unknown Chances"],"gold_per_floor":[99,111,25,37,37,37,106,106,206,216,216,236,254,283,295,393,393,393,408,423,523,547,562,562,562,572,572,584,584,41,60,77,182,182,182,196,209,209,309,334,334,184,218,232,232,248,12,42,42,42],"floor_reached":51,"playtime":4653,"items_purged":["champ:Strike"],"score":923,"play_id":"ddda5cbb-6ccc-40c2-a09d-46a86367e08c","local_time":"20201226134848","is_ascension_mode":true,"campfire_choices":[{"data":"champ:Taunt","floor":1.0,"key":"SMITH"},{"data":"champ:Control","floor":6.0,"key":"SMITH"},{"data":"champ:Backstep","floor":8.0,"key":"SMITH"},{"data":"champ:StanceDance","floor":11.0,"key":"SMITH"},{"data":"champ:Devastate","floor":18.0,"key":"SMITH"},{"data":"champ:HoldFirm","floor":25.0,"key":"SMITH"},{"data":"champ:BringItOn","floor":27.0,"key":"SMITH"},{"floor":29.0,"key":"RECALL"},{"data":"champ:GutPunch","floor":35.0,"key":"SMITH"},{"data":"champ:EnchantShield","floor":42.0,"key":"SMITH"},{"data":"champ:EnchantSword","floor":45.0,"key":"SMITH"},{"data":"champ:Circumvent","floor":49,"key":"SMITH"}],"circlet_count":0,"master_deck":["champ:Strike+1","champ:Strike+1","champ:Strike","champ:Defend","champ:Execute","champ:Taunt+1","champ:Control+1","champ:Backstep+1","champ:DefensiveStyle","champ:StanceDance+1","champ:Circumvent+1","champ:HoldFirm+1","champ:BringItOn+1","champ:Devastate+1","champ:TornadoPunch+1","champ:Backstep+1","champ:EnchantSword+1","champ:Circumvent","champ:EnchantShield+1","champ:DefensiveStyle","champ:GutPunch+1","champ:RapidStrikes+1","champ:HeartStrike+1","champ:EnchantSword+1"],"relics":["champ:ChampionCrown","champ:DeflectingBracers","Lizard Tail","Runic Pyramid","Eternal Feather","champ:BlackKnightHelmet","Toy Ornithopter","Ornamental Fan","Gambling Chip","Strange Spoon","Astrolabe","Omamori","Guardian:GemstoneGun","downfall:HeartBlessingRed","downfall:HeartBlessingBlue","Whetstone","champ:BerserkersGuideToSlaughter","Vajra"],"acts_visited":["Exordium","TheCity","TheBeyond"],"potions_floor_usage":[50],"damage_taken":[{"damage":10.0,"enemies":"Small Slimes","floor":2.0,"turns":3.0},{"damage":20.0,"enemies":"downfall:FleeingMerchant","floor":3.0,"turns":4.0},{"damage":5.0,"enemies":"Jaw Worm","floor":4.0,"turns":3.0},{"damage":5.0,"enemies":"Cultist","floor":10.0,"turns":2.0},{"damage":24.0,"enemies":"Gremlin Gang","floor":12.0,"turns":5.0},{"damage":16.0,"enemies":"Exordium Wildlife","floor":13.0,"turns":4.0},{"damage":25.0,"enemies":"Gremlin Nob","floor":14.0,"turns":5.0},{"damage":5.0,"enemies":"Blue Slaver","floor":15.0,"turns":3.0},{"damage":16.0,"enemies":"downfall:Defect","floor":16.0,"turns":12.0},{"damage":13.0,"enemies":"Chosen","floor":19.0,"turns":6.0},{"damage":11.0,"enemies":"Spheric Guardian","floor":20.0,"turns":4.0},{"damage":5.0,"enemies":"Spheric Guardian","floor":21.0,"turns":7.0},{"damage":16.0,"enemies":"Cultist and Chosen","floor":23.0,"turns":7.0},{"damage":0.0,"enemies":"Snake Plant","floor":26.0,"turns":3.0},{"damage":0.0,"enemies":"3 Cultists","floor":28.0,"turns":4.0},{"damage":0.0,"enemies":"downfall:FleeingMerchant","floor":30.0,"turns":4.0},{"damage":0.0,"enemies":"Shelled Parasite and Fungi","floor":31.0,"turns":4.0},{"damage":10.0,"enemies":"Sentry and Sphere","floor":32.0,"turns":5.0},{"damage":10.0,"enemies":"downfall:Watcher","floor":33.0,"turns":10.0},{"damage":15.0,"enemies":"3 Darklings","floor":36.0,"turns":6.0},{"damage":24.0,"enemies":"3 Shapes","floor":37.0,"turns":5.0},{"damage":40.0,"enemies":"Giant Head","floor":40.0,"turns":8.0},{"damage":15.0,"enemies":"Nemesis","floor":43.0,"turns":7.0},{"damage":52.0,"enemies":"Writhing Mass","floor":44.0,"turns":5.0},{"damage":15,"enemies":"Spire Growth","floor":46,"turns":5},{"damage":5,"enemies":"downfall:FleeingMerchant","floor":47,"turns":4},{"damage":46,"enemies":"Reptomancer","floor":48,"turns":7},{"damage":18,"enemies":"downfall:Ironclad","floor":50,"turns":9}],"seed_played":"575700490642706477","potions_obtained":[{"floor":4.0,"key":"GamblersBrew"},{"floor":10.0,"key":"CultistPotion"},{"floor":12.0,"key":"Ancient Potion"},{"floor":21.0,"key":"Fruit Juice"},{"floor":26.0,"key":"champ:CounterPotion"},{"floor":28.0,"key":"sneckomod:MuddlingPotion"},{"floor":33.0,"key":"Dexterity Potion"},{"floor":43.0,"key":"Guardian:BlockOnCardUsePotion"}],"is_trial":false,"path_per_floor":["R","M","$","M","?","R","T","R","?","M","R","M","M","E","M","B",null,"R","M","M","?","T","M","T","R","M","R","M","R","$","M","M","B",null,"R","M","M","?","?","E","T","R","E","M","R","M","$","E","R","B",null],"character_chosen":"THE_CHAMP","items_purchased":["champ:DefensiveStyle","Gambling Chip","Strange Spoon","champ:DefensiveStyle","champ:GutPunch","champ:BerserkersGuideToSlaughter"],"campfire_rested":0,"item_purchase_floors":[3,30,30,30,30,47],"current_hp_per_floor":[81,81,81,81,86,86,86,86,86,86,86,80,78,63,63,47,86,86,86,86,91,91,90,90,91,91,91,91,91,91,91,91,91,91,91,91,82,82,82,77,77,101,101,80,95,95,95,74,86,101],"gold":42,"neow_bonus":"ONE_RARE_RELIC","is_daily":false,"chose_seed":false,"campfire_upgraded":11,"win_rate":0.0,"timestamp":1608958128,"path_taken":["R","M","$","M","?","R","T","R","?","M","R","M","M","E","M","BOSS","R","M","M","?","?","?","T","R","M","R","?","R","$","M","M","BOSS","R","M","?","?","?","E","T","R","E","M","R","?","$","E","R","BOSS"],"items_purchased_type":["Card","Relic","Relic","Card","Card","Relic"],"build_version":"2020-12-22","purchased_purges":1,"victory":true,"max_hp_per_floor":[81,81,81,81,86,86,86,86,86,86,86,86,86,86,86,86,86,86,86,86,91,91,91,91,91,91,91,91,91,91,91,91,91,91,91,91,91,91,91,91,91,101,101,101,101,101,101,101,101,101],"relic_stats":{"Strange Spoon":[29],"Lizard Tail":0,"counters":[28,151],"Ornamental Fan":[12],"Gambling Chip":[27],"Astrolabe":["champ:RapidStrikes","champ:HeartStrike","champ:EnchantSword"],"Eternal Feather":42,"Whetstone":["champ:Strike","champ:Strike"],"obtain_stats":[{"champ:BlackKnightHelmet":21,"downfall:HeartBlessingRed":42,"Astrolabe":34,"Guardian:GemstoneGun":41,"Vajra":48,"champ:ChampionCrown":0,"Eternal Feather":21,"champ:DeflectingBracers":0,"Omamori":40,"Whetstone":43,"Strange Spoon":30,"Lizard Tail":14,"Ornamental Fan":24,"downfall:HeartBlessingBlue":42,"Gambling Chip":30,"champ:BerserkersGuideToSlaughter":47,"Toy Ornithopter":22,"Runic Pyramid":17},{"champ:BlackKnightHelmet":12,"downfall:HeartBlessingRed":22,"Astrolabe":19,"Guardian:GemstoneGun":22,"Vajra":27,"champ:ChampionCrown":0,"Eternal Feather":12,"champ:DeflectingBracers":0,"Omamori":22,"Whetstone":23,"Strange Spoon":16,"Lizard Tail":7,"Ornamental Fan":13,"downfall:HeartBlessingBlue":22,"Gambling Chip":16,"champ:BerserkersGuideToSlaughter":26,"Toy Ornithopter":12,"Runic Pyramid":9},{"champ:BlackKnightHelmet":58,"downfall:HeartBlessingRed":114,"Astrolabe":95,"Guardian:GemstoneGun":114,"Vajra":142,"champ:ChampionCrown":0,"Eternal Feather":58,"champ:DeflectingBracers":0,"Omamori":114,"Whetstone":121,"Strange Spoon":76,"Lizard Tail":26,"Ornamental Fan":65,"downfall:HeartBlessingBlue":114,"Gambling Chip":76,"champ:BerserkersGuideToSlaughter":135,"Toy Ornithopter":58,"Runic Pyramid":41}],"Toy Ornithopter":10},"card_choices":[{"not_picked":["champ:CalledShot","champ:CrookedStrike"],"picked":"champ:Control","floor":2.0},{"not_picked":["champ:GladiatorStyle","champ:BladeFlurry"],"picked":"champ:Backstep","floor":3.0},{"not_picked":["champ:RageSigil","champ:BerserkersShout","champ:PreciseThrust"],"picked":"SKIP","floor":4.0},{"not_picked":["champ:BerserkersShout","champ:FightOn"],"picked":"champ:StanceDance","floor":10.0},{"not_picked":["champ:DefensiveShout","champ:FocusedBerserking","champ:RisingSlash"],"picked":"SKIP","floor":12.0},{"not_picked":["champ:DefensiveShout","champ:BladeFlurry"],"picked":"champ:Circumvent","floor":13.0},{"not_picked":["champ:ArenaPreparation","champ:GladiatorsShout"],"picked":"champ:HoldFirm","floor":14.0},{"not_picked":["champ:HeartStrike","champ:PerfectedStrike"],"picked":"champ:BringItOn","floor":15.0},{"not_picked":["champ:SwordThrow","champ:LastStand"],"picked":"champ:Devastate","floor":16.0},{"not_picked":["champ:BladeFlurry","champ:RageSigil"],"picked":"champ:TornadoPunch+1","floor":19.0},{"not_picked":["champ:BringItOn","champ:Haymaker"],"picked":"champ:Backstep+1","floor":20.0},{"not_picked":["champ:BringItOn+1","champ:CrookedStrike"],"picked":"champ:EnchantSword","floor":21.0},{"not_picked":["champ:TornadoPunch","champ:FocusedGladiator"],"picked":"champ:Circumvent","floor":23.0},{"not_picked":["champ:DefensiveShout","champ:FocusedDefense+1","champ:FanOfKnives"],"picked":"SKIP","floor":26.0},{"not_picked":["champ:ShieldSigil","champ:PerfectedStrike","champ:FanOfKnives"],"picked":"SKIP","floor":28.0},{"not_picked":["champ:RageSigil","champ:DefensiveShout"],"picked":"champ:EnchantShield","floor":30.0},{"not_picked":["champ:HeartStrike","champ:EnragedBash","champ:FanOfKnives"],"picked":"SKIP","floor":31.0},{"not_picked":["champ:AdrenalArmor","champ:FocusedBerserking","champ:BladeFlurry"],"picked":"SKIP","floor":32.0},{"not_picked":["champ:FanOfKnives+1","champ:Backstep+1","champ:StanceDance+1"],"picked":"SKIP","floor":36.0},{"not_picked":["champ:TornadoPunch","champ:RisingSlash+1","champ:Control+1"],"picked":"SKIP","floor":37.0},{"not_picked":["champ:BladeFlurry","champ:ViciousMockery+1","champ:BerserkersShout+1"],"picked":"SKIP","floor":40.0},{"not_picked":["champ:CrookedStrike+1","champ:GutPunch+1","champ:Control"],"picked":"SKIP","floor":43.0},{"not_picked":["champ:SwordSigil","champ:GutPunch","champ:FocusedBerserking"],"picked":"SKIP","floor":44.0},{"not_picked":["champ:TornadoPunch","champ:RageSigil","champ:Haymaker"],"picked":"SKIP","floor":46},{"not_picked":["champ:HeartStrike","champ:PerfectedStrike","champ:EnchantSword"],"picked":"SKIP","floor":47},{"not_picked":["champ:FocusedGladiator","champ:SkillfulDodge","champ:TornadoPunch"],"picked":"SKIP","floor":48}],"player_experience":2722494,"relics_obtained":[{"floor":14.0,"key":"Lizard Tail"},{"floor":21.0,"key":"Eternal Feather"},{"floor":21.0,"key":"champ:BlackKnightHelmet"},{"floor":22.0,"key":"Toy Ornithopter"},{"floor":24.0,"key":"Ornamental Fan"},{"floor":40.0,"key":"Omamori"},{"floor":41.0,"key":"Guardian:GemstoneGun"},{"floor":43.0,"key":"Whetstone"},{"floor":48,"key":"Vajra"}],"event_choices":[{"damage_healed":0.0,"max_hp_gain":5.0,"max_hp_loss":0.0,"gold_gain":0.0,"event_name":"Big Fish","player_choice":"Donut","floor":5.0,"gold_loss":0.0,"damage_taken":0.0}],"is_beta":false,"boss_relics":[{"not_picked":["Calling Bell","SacredBark"],"picked":"Runic Pyramid"},{"not_picked":["Fusion Hammer","Sozu"],"picked":"Astrolabe"}],"items_purged_floors":[47],"is_endless":false,"potions_floor_spawned":[4,10,12,13,21,26,28,31,33,43,46,48],"ascension_level":2}}