{"host":"mniz8q056kux99zk","time":1608952665,"event":{"mods":["BaseMod","CapriCore","Downfall","Highlight Path","Minty Spire (QoL Compilation)","StSLib"],"gold_per_floor":[117,292,292,309,309,337,91,124,195,195,221,221,241,241,241,338,338,348,348,58,77,88,113,28,53,77,30,41,55,55,69,69,170,170,185,185,185,202,0,0,26,76,76,76,89,106,106,140,140,140,140,140,44,76,76],"floor_reached":56,"playtime":2877,"items_purged":["Regret"],"score":1308,"play_id":"28ccfd93-e96d-4a09-b456-8f770c03e300","local_time":"20201225221745","is_ascension_mode":true,"campfire_choices":[{"floor":10,"key":"REST"},{"floor":12,"key":"RECALL"},{"floor":15,"key":"REST"},{"floor":30,"key":"REST"},{"floor":32,"key":"REST"},{"floor":40,"key":"REST"},{"data":"Apotheosis","floor":44,"key":"SMITH"},{"floor":49,"key":"REST"},{"data":"Seeing Red","floor":52,"key":"SMITH"}],"circlet_count":0,"master_deck":["Strike_R","Strike_R","Strike_R","Strike_R","Defend_R","Defend_R","Defend_R","Defend_R","Bash","Anger","Spot Weakness","Pommel Strike","Apotheosis+1","Iron Wave","Barricade","Shockwave","Anger","Pommel Strike","Flex+1","Headbutt","Pommel Strike","Flex","Armaments+1","Inflame","Seeing Red+1","Reaper","CurseOfTheBell","Cleave+1","Madness+1","Madness+1","expansioncontent:StudyTheSpire","Flash of Steel","Dark Shackles+1","Wild Strike+1","Seeing Red+1","Flex+1","Exhume+1","Carnage+1","Sentinel+1","Metallicize"],"relics":["Runic Pyramid","Vajra","Incense Burner","Paper Frog","Ornamental Fan","Philosopher\u0027s Stone","Mango","Happy Flower","Magic Flower","InkBottle","Potion Belt","Calling Bell","Bag of Preparation","Toxic Egg 2","StoneCalendar","Red Mask","Eternal Feather","Lizard Tail","Calipers","Mummified Hand","Lantern"],"acts_visited":["Exordium","TheCity","TheBeyond","TheEnding"],"potions_floor_usage":[8,22,23,28,33,42,42,50,55,55,55,55],"damage_taken":[{"damage":2,"enemies":"2 Louse","floor":1,"turns":4},{"damage":0,"enemies":"Small Slimes","floor":4,"turns":3},{"damage":24,"enemies":"Lagavulin","floor":6,"turns":5},{"damage":9,"enemies":"3 Sentries","floor":8,"turns":4},{"damage":16,"enemies":"Gremlin Nob","floor":11,"turns":4},{"damage":0,"enemies":"Cultist","floor":13,"turns":2},{"damage":6,"enemies":"Hexaghost","floor":16,"turns":7},{"damage":22,"enemies":"3 Byrds","floor":18,"turns":4},{"damage":5,"enemies":"Shell Parasite","floor":21,"turns":4},{"damage":3,"enemies":"Chosen and Byrds","floor":22,"turns":6},{"damage":32,"enemies":"Gremlin Leader","floor":23,"turns":6},{"damage":42,"enemies":"Slavers","floor":25,"turns":5},{"damage":7,"enemies":"Cultist and Chosen","floor":28,"turns":3},{"damage":0,"enemies":"Centurion and Healer","floor":29,"turns":4},{"damage":0,"enemies":"Snecko","floor":31,"turns":3},{"damage":31,"enemies":"Automaton","floor":33,"turns":9},{"damage":8,"enemies":"Orb Walker","floor":35,"turns":4},{"damage":7,"enemies":"3 Shapes","floor":38,"turns":2},{"damage":10,"enemies":"Giant Head","floor":41,"turns":5},{"damage":28,"enemies":"Mind Bloom Boss Battle","floor":42,"turns":4},{"damage":0,"enemies":"Maw","floor":45,"turns":6},{"damage":0,"enemies":"Jaw Worm Horde","floor":46,"turns":3},{"damage":64,"enemies":"Reptomancer","floor":48,"turns":6},{"damage":109,"enemies":"Time Eater","floor":50,"turns":11},{"damage":58,"enemies":"Shield and Spear","floor":54,"turns":7},{"damage":157,"enemies":"The Heart","floor":55,"turns":10}],"seed_played":"7200303913314955493","potions_obtained":[{"floor":1,"key":"Explosive Potion"},{"floor":16,"key":"BloodPotion"},{"floor":21,"key":"hexamod:EctoCoolerPotion"},{"floor":25,"key":"PowerPotion"},{"floor":29,"key":"AttackPotion"},{"floor":33,"key":"DuplicationPotion"},{"floor":38,"key":"AttackPotion"},{"floor":42,"key":"Ancient Potion"},{"floor":46,"key":"Strength Potion"},{"floor":48,"key":"Swift Potion"}],"is_trial":false,"path_per_floor":["M","?","?","M","?","E","$","E","T","R","E","R","M","?","R","B",null,"M","?","$","M","M","E","?","E","T","$","M","M","R","M","R","B",null,"M","?","?","M","?","R","E","?","T","R","M","M","?","E","R","B",null,"R","$","E","B",null],"character_chosen":"IRONCLAD","items_purchased":["Apotheosis","Mango","Flex","Energy Potion","champ:CounterPotion"],"campfire_rested":6,"item_purchase_floors":[7,20,27,53,53],"current_hp_per_floor":[78,78,78,78,78,54,54,45,45,69,53,53,53,53,77,71,80,58,58,72,67,64,50,50,8,8,8,1,1,29,29,57,26,94,86,74,64,57,57,85,94,92,92,94,94,94,94,47,94,11,94,94,94,43,3],"gold":76,"neow_bonus":"BOSS_RELIC","is_daily":false,"chose_seed":false,"campfire_upgraded":2,"win_rate":0.0,"timestamp":1608952665,"path_taken":["M","?","?","?","?","E","$","E","T","R","E","R","M","?","R","BOSS","M","?","?","M","?","E","?","E","T","?","M","M","R","M","R","BOSS","M","?","?","M","?","R","E","?","T","R","?","M","?","E","R","BOSS","R","$","E","BOSS"],"items_purchased_type":["Card","Relic","Card","Potion","Potion"],"build_version":"2020-12-22","purchased_purges":1,"victory":true,"max_hp_per_floor":[80,80,80,80,80,80,80,80,80,80,80,80,80,80,80,80,80,80,80,94,94,94,94,94,94,94,94,94,94,94,94,94,94,94,94,94,94,94,94,94,94,94,94,94,94,94,94,94,94,94,94,94,94,94,94],"card_choices":[{"not_picked":["Flame Barrier","Heavy Blade"],"picked":"Anger","floor":1},{"not_picked":["Warcry","Perfected Strike"],"picked":"Spot Weakness","floor":4},{"not_picked":["Armaments","Evolve"],"picked":"Pommel Strike","floor":6},{"not_picked":["Second Wind","Perfected Strike"],"picked":"Iron Wave","floor":8},{"not_picked":["Clash","Iron Wave"],"picked":"Barricade","floor":11},{"not_picked":["Wild Strike","Body Slam"],"picked":"Shockwave","floor":13},{"not_picked":["Shrug It Off","Ghostly Armor"],"picked":"Anger","floor":18},{"not_picked":["Hemokinesis","Clothesline"],"picked":"Pommel Strike","floor":21},{"not_picked":["Sword Boomerang","Blood for Blood"],"picked":"Flex+1","floor":22},{"not_picked":["Flame Barrier","Body Slam"],"picked":"Headbutt","floor":23},{"not_picked":["Flame Barrier","Heavy Blade"],"picked":"Pommel Strike","floor":25},{"not_picked":["Reaper","Flame Barrier"],"picked":"Armaments+1","floor":28},{"not_picked":["Power Through","Heavy Blade"],"picked":"Inflame","floor":29},{"not_picked":["Disarm","Havoc"],"picked":"Seeing Red","floor":31},{"not_picked":["Offering","Corruption"],"picked":"Reaper","floor":33},{"not_picked":["Dual Wield+1","Sword Boomerang"],"picked":"Cleave+1","floor":35},{"not_picked":["expansioncontent:DecasProtection+1","Purity+1"],"picked":"expansioncontent:StudyTheSpire","floor":37},{"not_picked":["Jack Of All Trades+1","Secret Technique+1"],"picked":"Flash of Steel","floor":37},{"not_picked":["expansioncontent:TimeRipple","Madness+1"],"picked":"Dark Shackles+1","floor":37},{"not_picked":["Hemokinesis+1","Dual Wield+1"],"picked":"Wild Strike+1","floor":38},{"not_picked":["Twin Strike+1","Body Slam+1"],"picked":"Seeing Red+1","floor":41},{"not_picked":["Headbutt+1","Shockwave+1"],"picked":"Flex+1","floor":42},{"not_picked":["Shrug It Off+1","Clothesline+1"],"picked":"Exhume+1","floor":45},{"not_picked":["Armaments+1","Body Slam"],"picked":"Carnage+1","floor":46},{"not_picked":["Whirlwind","Sword Boomerang"],"picked":"Sentinel+1","floor":48},{"not_picked":["Flex+1","True Grit+1"],"picked":"Metallicize","floor":54}],"player_experience":98091,"relics_obtained":[{"floor":6,"key":"Incense Burner"},{"floor":8,"key":"Paper Frog"},{"floor":11,"key":"Ornamental Fan"},{"floor":23,"key":"Happy Flower"},{"floor":25,"key":"InkBottle"},{"floor":26,"key":"Potion Belt"},{"floor":34,"key":"Bag of Preparation"},{"floor":34,"key":"Toxic Egg 2"},{"floor":34,"key":"StoneCalendar"},{"floor":41,"key":"Eternal Feather"},{"floor":42,"key":"Lizard Tail"},{"floor":43,"key":"Calipers"},{"floor":48,"key":"Mummified Hand"},{"floor":54,"key":"Lantern"}],"event_choices":[{"damage_healed":0,"gold_gain":175,"player_choice":"AGREE","damage_taken":0,"max_hp_gain":0,"max_hp_loss":0,"event_name":"Liars Game","floor":2,"gold_loss":0,"cards_obtained":["Doubt"]},{"cards_removed":["Doubt"],"damage_healed":0,"gold_gain":0,"player_choice":"Removed Curses","damage_taken":0,"max_hp_gain":0,"max_hp_loss":0,"event_name":"Fountain of Cleansing","floor":3,"gold_loss":0},{"damage_healed":0,"gold_gain":0,"player_choice":"Box","damage_taken":0,"relics_obtained":["Vajra"],"max_hp_gain":0,"max_hp_loss":0,"event_name":"Big Fish","floor":5,"gold_loss":0,"cards_obtained":["Regret"]},{"damage_healed":0,"gold_gain":0,"player_choice":"Ignored","damage_taken":0,"max_hp_gain":0,"max_hp_loss":0,"event_name":"Golden Wing","floor":14,"gold_loss":0},{"damage_healed":0,"gold_gain":0,"player_choice":"Ignored","damage_taken":0,"max_hp_gain":0,"max_hp_loss":0,"event_name":"Ghosts","floor":19,"gold_loss":0},{"damage_healed":0,"gold_gain":0,"player_choice":"Obtained Relic","damage_taken":0,"relics_obtained":["Magic Flower"],"max_hp_gain":0,"max_hp_loss":0,"event_name":"Addict","floor":24,"gold_loss":85},{"damage_healed":0,"gold_gain":0,"player_choice":"Embrace Madness","damage_taken":12,"max_hp_gain":0,"max_hp_loss":0,"event_name":"Winding Halls","floor":36,"gold_loss":0,"cards_obtained":["Madness","Madness"]},{"damage_healed":0,"gold_gain":0,"player_choice":"Memory 3","damage_taken":10,"max_hp_gain":0,"max_hp_loss":0,"event_name":"SensoryStone","floor":37,"gold_loss":0},{"damage_healed":0,"gold_gain":0,"player_choice":"Paid","damage_taken":0,"relics_obtained":["Red Mask"],"max_hp_gain":0,"max_hp_loss":0,"event_name":"Tomb of Lord Red Mask","floor":39,"gold_loss":202},{"damage_healed":0,"gold_gain":0,"player_choice":"Fight","damage_taken":0,"max_hp_gain":0,"max_hp_loss":0,"event_name":"MindBloom","floor":42,"gold_loss":0},{"cards_removed":["Strike_R"],"damage_healed":0,"gold_gain":0,"player_choice":"Removed Attack","damage_taken":0,"max_hp_gain":0,"max_hp_loss":0,"event_name":"Falling","floor":47,"gold_loss":0}],"is_beta":false,"boss_relics":[{"not_picked":["SacredBark","Velvet Choker"],"picked":"Philosopher\u0027s Stone"},{"not_picked":["Mark of Pain","Runic Cube"],"picked":"Calling Bell"}],"items_purged_floors":[7],"is_endless":false,"potions_floor_spawned":[1,16,21,25,29,33,38,42,46,48],"ascension_level":1}}