{"host":"wwmqne3dwir10erh","time":1608946136,"event":{"mods":["BaseMod","Better Note","Hubris","Mimic Mod","Minty Spire (QoL Compilation)","Replay The Spire","StSLib","The Bladedancer"],"gold_per_floor":[118,118,133,148,158,158,184,197,232,24,39,68,132,143,143,244,244,264,264,264,279,279,310,326,351,424,436,450,461,461,477,477,579,579,591,609,609,138,18,45,45,60,86,86,98,98,129,149,149,149],"floor_reached":51,"playtime":6317,"items_purged":["Strike_G","Strike_G"],"score":667,"play_id":"5fc2ed53-7154-41cb-bd5e-a5062fdb1cde","local_time":"20201225202856","is_ascension_mode":true,"campfire_choices":[{"data":"Bane","floor":6.0,"key":"SMITH"},{"floor":15.0,"key":"REST"},{"floor":30.0,"key":"REST"},{"floor":32.0,"key":"REST"},{"floor":44,"key":"REST"},{"data":"hubris:EnhanceAbility","floor":46,"key":"SMITH"},{"data":"ReplayTheSpireMod:Scrap Shanks","floor":49,"key":"SMITH"}],"circlet_count":0,"master_deck":["Strike_G","Strike_G","Strike_G","Defend_G+1","Defend_G+1","Defend_G","Defend_G","Defend_G","Survivor","Neutralize","Infinite Blades","Bane+1","Poisoned Stab","Deadly Poison","Blade Dance","Panacea","Footwork","Bane","Terror","Distraction","Riddle With Holes","Prepared","Adrenaline","Apotheosis+1","Noxious Fumes","Tactician+1","Footwork","After Image","ReplayTheSpireMod:Scrap Shanks+1","Acrobatics","Noxious Fumes","Venomology","PiercingWail","Deflect+1","hubris:EnhanceAbility+1","Accuracy","Tools of the Trade","hubris:Sniper+1","Escape Plan+1","Cloak And Dagger+1","Underhanded Strike+1"],"relics":["Sizzling Blood","War Paint","Centennial Puzzle","Chameleon Ring","White Beast Statue","SlaversCollar","Nunchaku","hubris:MysteriousPyramids","Smiling Mask","Replay:WaspNest","Replay:Bronze Core","Regal Pillow","Bag of Marbles","hubris:Icosahedron","Bronze Scales","Eternal Feather"],"acts_visited":["Exordium","TheCity","TheBeyond"],"potions_floor_usage":[36,40,42,42,42,45,45,50,50,50],"damage_taken":[{"damage":0.0,"enemies":"Jaw Worm","floor":1.0,"turns":4.0},{"damage":3.0,"enemies":"2 Louse","floor":3.0,"turns":3.0},{"damage":7.0,"enemies":"Small Slimes","floor":4.0,"turns":5.0},{"damage":2.0,"enemies":"Blue Slaver","floor":5.0,"turns":5.0},{"damage":6.0,"enemies":"Replay:BlueRogue","floor":7.0,"turns":6.0},{"damage":16.0,"enemies":"Exordium Thugs","floor":8.0,"turns":5.0},{"damage":0.0,"enemies":"Looter","floor":9.0,"turns":7.0},{"damage":10.0,"enemies":"Looter","floor":11.0,"turns":2.0},{"damage":24.0,"enemies":"Lagavulin","floor":12.0,"turns":6.0},{"damage":19.0,"enemies":"3 Sentries","floor":13.0,"turns":9.0},{"damage":4.0,"enemies":"Red Slaver","floor":14.0,"turns":4.0},{"damage":27.0,"enemies":"Fading Forest","floor":16.0,"turns":11.0},{"damage":0.0,"enemies":"Chosen","floor":18.0,"turns":5.0},{"damage":0.0,"enemies":"Shell Parasite","floor":21.0,"turns":4.0},{"damage":10.0,"enemies":"Slavers","floor":23.0,"turns":4.0},{"damage":10.0,"enemies":"3 Cultists","floor":24.0,"turns":7.0},{"damage":26.0,"enemies":"Gremlin Leader","floor":25.0,"turns":7.0},{"damage":8.0,"enemies":"Centurion and Healer","floor":27.0,"turns":6.0},{"damage":8.0,"enemies":"Sentry and Sphere","floor":28.0,"turns":5.0},{"damage":25.0,"enemies":"Cultist and Chosen","floor":29.0,"turns":6.0},{"damage":16.0,"enemies":"Shelled Parasite and Fungi","floor":31.0,"turns":5.0},{"damage":4.0,"enemies":"Champ","floor":33.0,"turns":8.0},{"damage":10.0,"enemies":"3 Darklings","floor":35.0,"turns":4.0},{"damage":9,"enemies":"3 Shapes","floor":36,"turns":5},{"damage":37,"enemies":"Reptomancer","floor":40,"turns":6},{"damage":15,"enemies":"Transient","floor":42,"turns":5},{"damage":16,"enemies":"Spire Growth","floor":45,"turns":5},{"damage":4,"enemies":"Giant Head","floor":47,"turns":7},{"damage":29,"enemies":"Sphere and 2 Shapes","floor":48,"turns":7},{"damage":20,"enemies":"Replay:Hell Engine","floor":50,"turns":6}],"seed_played":"9056219356539024488","potions_obtained":[{"floor":3.0,"key":"EntropicBrew"},{"floor":4.0,"key":"Poison Potion"},{"floor":7.0,"key":"Fruit Juice"},{"floor":8.0,"key":"ColorlessPotion"},{"floor":12.0,"key":"GhostInAJar"},{"floor":14.0,"key":"ColorlessPotion"},{"floor":16.0,"key":"Languid Potion"},{"floor":18.0,"key":"FearPotion"},{"floor":21.0,"key":"LifebloodPotion"},{"floor":22.0,"key":"DistilledChaos"},{"floor":23.0,"key":"Poison Potion"},{"floor":24.0,"key":"Adrenaline Potion"},{"floor":25.0,"key":"PowerPotion"},{"floor":27.0,"key":"Weak Potion"},{"floor":28.0,"key":"Fire Potion"},{"floor":29.0,"key":"Death Potion"},{"floor":31.0,"key":"GamblersBrew"},{"floor":33.0,"key":"FearPotion"},{"floor":45,"key":"SpeedPotion"},{"floor":47,"key":"SteroidPotion"}],"is_trial":false,"path_per_floor":["M","?","M","M","M","R","E","M","MIM","$","M","E","?","M","R","B",null,"M","?","T","M","?","E","M","E","T","M","M","M","R","M","R","B",null,"M","M","?","$","$","E","?","M","T","R","M","R","E","M","R","B",null],"character_chosen":"THE_SILENT","items_purchased":["Panacea","Footwork","Bane","hubris:EnhanceAbility","Regal Pillow","DistilledChaos","Accuracy"],"campfire_rested":4,"item_purchase_floors":[10,10,10,38,38,38,39],"current_hp_per_floor":[63,67,68,79,81,81,84,72,76,76,70,50,35,35,62,53,93,93,93,93,93,93,87,81,59,59,55,51,30,57,45,72,72,93,87,82,93,93,93,60,60,49,49,91,79,79,79,54,78,62],"gold":149,"neow_bonus":"TWENTY_PERCENT_HP_BONUS","is_daily":false,"chose_seed":false,"campfire_upgraded":3,"win_rate":0.0,"timestamp":1608946136,"path_taken":["M","?","M","M","M","R","E","M","MIM","$","M","E","?","M","R","BOSS","M","?","?","M","?","E","M","E","T","?","M","M","R","M","R","BOSS","M","M","?","?","$","E","?","M","T","R","M","R","E","M","R","BOSS"],"items_purchased_type":["Card","Card","Card","Card","Relic","Potion","Card"],"build_version":"2020-12-22","purchased_purges":2,"victory":true,"max_hp_per_floor":[84,88,88,88,88,88,93,93,93,93,93,93,93,93,93,93,93,93,93,93,93,93,93,93,93,93,93,93,93,93,93,93,93,93,93,93,93,93,93,93,93,93,93,93,93,93,93,93,93,93],"card_choices":[{"not_picked":["PiercingWail","hubris:SlightOfHand"],"picked":"Infinite Blades","floor":1.0},{"not_picked":["ReplayTheSpireMod:Tripwire","Outmaneuver"],"picked":"Bane","floor":3.0},{"not_picked":["Predator","Sneak Up","hubris:TrickCloak"],"picked":"SKIP","floor":4.0},{"not_picked":["ReplayTheSpireMod:Shiv Toss","Slice"],"picked":"Poisoned Stab","floor":5.0},{"not_picked":["Finisher","Hidden Blade"],"picked":"Deadly Poison","floor":7.0},{"not_picked":["Underhanded Strike","Acrobatics"],"picked":"Blade Dance","floor":8.0},{"not_picked":["Outmaneuver","Predator"],"picked":"Caltrops","floor":9.0},{"not_picked":["Cloak And Dagger","Outmaneuver"],"picked":"Terror","floor":11.0},{"not_picked":["Bane","Storm of Steel"],"picked":"Distraction","floor":12.0},{"not_picked":["Dagger Throw","Cloak And Dagger"],"picked":"Riddle With Holes","floor":13.0},{"not_picked":["Setup","PiercingWail"],"picked":"Prepared","floor":14.0},{"not_picked":["Poison Darts","Storm of Steel"],"picked":"Adrenaline","floor":16.0},{"not_picked":["Bane","Backflip+1","PiercingWail"],"picked":"SKIP","floor":18.0},{"not_picked":["hubris:SlightOfHand","Dagger Spray"],"picked":"Noxious Fumes","floor":21.0},{"not_picked":["Poisoned Stab+1","Flying Knee"],"picked":"Tactician+1","floor":23.0},{"not_picked":["Caltrops+1","Deadly Poison"],"picked":"Footwork","floor":24.0},{"not_picked":["Acrobatics","Hidden Blade+1"],"picked":"After Image","floor":25.0},{"not_picked":["Leg Sweep","Flying Knee"],"picked":"ReplayTheSpireMod:Scrap Shanks","floor":27.0},{"not_picked":["Deadly Poison","Dagger Spray"],"picked":"Acrobatics","floor":28.0},{"not_picked":["Dash","Heel Hook"],"picked":"Noxious Fumes","floor":29.0},{"not_picked":["Deadly Poison+1","Outmaneuver+1","Burst"],"picked":"SKIP","floor":31.0},{"not_picked":["Die Die Die","After Image"],"picked":"Venomology","floor":33.0},{"not_picked":["Hidden Blade","Deadly Poison+1"],"picked":"PiercingWail","floor":35.0},{"not_picked":["Backflip+1","Sucker Punch+1"],"picked":"Deflect+1","floor":36},{"not_picked":["Blade Dance","Underhanded Strike+1"],"picked":"Tools of the Trade","floor":40},{"not_picked":["Caltrops","PiercingWail+1"],"picked":"hubris:Sniper+1","floor":42},{"not_picked":["Deflect","Outmaneuver"],"picked":"Escape Plan+1","floor":45},{"not_picked":["Finisher+1","Well Laid Plans+1"],"picked":"Cloak And Dagger+1","floor":47},{"not_picked":["Acrobatics","Prepared"],"picked":"Underhanded Strike+1","floor":48}],"player_experience":2238040,"relics_obtained":[{"floor":7.0,"key":"War Paint"},{"floor":9.0,"key":"Centennial Puzzle"},{"floor":12.0,"key":"Chameleon Ring"},{"floor":13.0,"key":"White Beast Statue"},{"floor":20.0,"key":"Nunchaku"},{"floor":23.0,"key":"hubris:MysteriousPyramids"},{"floor":25.0,"key":"Smiling Mask"},{"floor":26.0,"key":"Replay:WaspNest"},{"floor":40,"key":"Bag of Marbles"},{"floor":43,"key":"Bronze Scales"},{"floor":47,"key":"Eternal Feather"}],"event_choices":[{"damage_healed":0.0,"max_hp_gain":0.0,"max_hp_loss":0.0,"gold_gain":0.0,"event_name":"Dead Adventurer","player_choice":"Searched \u00271\u0027 times","floor":13.0,"gold_loss":0.0,"damage_taken":0.0},{"cards_removed":["Apotheosis"],"damage_healed":0.0,"max_hp_gain":0.0,"max_hp_loss":0.0,"gold_gain":0.0,"event_name":"betterNote:BetterNote","player_choice":"Take \u0026 Give","floor":19.0,"gold_loss":0.0,"damage_taken":0.0,"cards_obtained":["Apotheosis"]},{"damage_healed":0.0,"max_hp_gain":0.0,"max_hp_loss":0.0,"gold_gain":0.0,"event_name":"Lab","player_choice":"Got Potions","floor":22.0,"gold_loss":0.0,"damage_taken":0.0},{"cards_removed":["Caltrops"],"damage_healed":11,"gold_gain":0,"player_choice":"Offered Uncommon","damage_taken":0,"max_hp_gain":0,"max_hp_loss":0,"event_name":"Bonfire Elementals","floor":37,"gold_loss":0}],"is_beta":false,"boss_relics":[{"not_picked":["Snecko Eye","Kintsugi"],"picked":"SlaversCollar"},{"not_picked":["Replay:Wanted Poster","Snecko Heart"],"picked":"Replay:Bronze Core"}],"items_purged_floors":[38,39],"is_endless":false,"potions_floor_spawned":[3,4,7,8,12,14,16,18,21,23,24,25,27,28,29,31,33,35,36,40,42,45,47,48],"ascension_level":1}}