{"host":"rmsq46plbpwfbxcc","time":1608962219,"event":{"mods":["AchievementEnabler","BaseMod","Colored Map","DeckTracker","Minty Spire (QoL Compilation)","Permanent Neow","SuperFastMode"],"gold_per_floor":[111,122,122,140,140,140,166,166,192,202,229,229,249,299,299,299,299],"floor_reached":16,"playtime":361,"items_purged":[],"score":204,"play_id":"e18e24a5-2b1c-43f0-b49e-38c50386f564","local_time":"20201226145659","is_ascension_mode":true,"campfire_choices":[{"data":"Dagger Spray","floor":6,"key":"SMITH"},{"data":"Die Die Die","floor":8,"key":"SMITH"},{"data":"Caltrops","floor":12,"key":"SMITH"},{"data":"Accuracy","floor":15,"key":"SMITH"}],"circlet_count":0,"master_deck":["AscendersBane","Strike_G","Strike_G","Strike_G","Strike_G","Strike_G","Defend_G","Defend_G","Defend_G","Defend_G","Defend_G","Survivor","Neutralize+1","CurseOfTheBell","Dagger Spray+1","Die Die Die+1","Accuracy+1","Caltrops+1","Blade Dance"],"relics":["Calling Bell","Bronze Scales","The Courier","WingedGreaves","Happy Flower","Art of War","StrikeDummy"],"acts_visited":["Exordium"],"potions_floor_usage":[7,7],"damage_taken":[{"damage":2,"enemies":"2 Louse","floor":1,"turns":3},{"damage":2,"enemies":"Jaw Worm","floor":2,"turns":5},{"damage":0,"enemies":"Small Slimes","floor":4,"turns":4},{"damage":7,"enemies":"3 Sentries","floor":7,"turns":7},{"damage":9,"enemies":"Red Slaver","floor":10,"turns":3},{"damage":20,"enemies":"Gremlin Nob","floor":11,"turns":5},{"damage":3,"enemies":"Large Slime","floor":13,"turns":4},{"damage":30,"enemies":"Slime Boss","floor":16,"turns":7}],"seed_played":"-7706608520298694703","potions_obtained":[{"floor":1,"key":"Fire Potion"},{"floor":2,"key":"CunningPotion"}],"is_trial":false,"path_per_floor":["M","M","?","M","?","R","E","R","T","M","E","R","M","?","R","B"],"character_chosen":"THE_SILENT","items_purchased":[],"campfire_rested":0,"item_purchase_floors":[],"current_hp_per_floor":[57,55,60,60,60,60,53,53,53,44,24,24,21,21,21,0,0],"gold":299,"neow_bonus":"BOSS_RELIC","is_daily":false,"chose_seed":false,"campfire_upgraded":4,"win_rate":0.0,"timestamp":1608962219,"path_taken":["M","M","?","M","?","R","E","R","T","M","E","R","M","?","R","BOSS"],"items_purchased_type":[],"build_version":"2020-12-22","purchased_purges":0,"victory":false,"max_hp_per_floor":[66,66,71,71,71,71,71,71,71,71,71,71,71,71,71,71,71],"card_choices":[{"not_picked":["Backflip","Choke"],"picked":"Dagger Spray","floor":1},{"not_picked":["Prepared","Dagger Throw","Dagger Spray"],"picked":"SKIP","floor":2},{"not_picked":["Bane","Dagger Spray","Calculated Gamble"],"picked":"SKIP","floor":4},{"not_picked":["Blur","Slice"],"picked":"Die Die Die","floor":7},{"not_picked":["Deadly Poison","Underhanded Strike"],"picked":"Accuracy","floor":10},{"not_picked":["Poisoned Stab","Sucker Punch"],"picked":"Caltrops","floor":11},{"not_picked":["Slice","Endless Agony"],"picked":"Blade Dance","floor":13}],"player_experience":1383043,"relics_obtained":[{"floor":0,"key":"Bronze Scales"},{"floor":0,"key":"The Courier"},{"floor":0,"key":"WingedGreaves"},{"floor":7,"key":"Happy Flower"},{"floor":9,"key":"Art of War"},{"floor":11,"key":"StrikeDummy"}],"event_choices":[{"damage_healed":0,"gold_gain":0,"player_choice":"Donut","damage_taken":0,"max_hp_gain":5,"max_hp_loss":0,"event_name":"Big Fish","floor":3,"gold_loss":0},{"damage_healed":0,"gold_gain":0,"player_choice":"Grow","damage_taken":0,"max_hp_gain":0,"max_hp_loss":0,"event_name":"Living Wall","floor":5,"gold_loss":0,"cards_upgraded":["Neutralize"]},{"damage_healed":0,"gold_gain":50,"player_choice":"Pray","damage_taken":0,"max_hp_gain":0,"max_hp_loss":0,"event_name":"Golden Shrine","floor":14,"gold_loss":0}],"is_beta":false,"boss_relics":[],"items_purged_floors":[],"is_endless":false,"potions_floor_spawned":[1,2,4],"killed_by":"Slime Boss","ascension_level":17}}