{"host":"2lrkmsuh7nz013qb","time":1608970309,"event":{"mods":["BaseMod","Colored Map","DeckTracker","Minty Spire (QoL Compilation)","SuperFastMode","everything is the same but u backflip on backflip"],"gold_per_floor":[111,129,142,156,156,156,166,166,192,43,76,91,110,123,123,194,194,205,130,45,64,64,64,82,82,82,6,6,6,25,25,25,99,99,117,117,136,190,190,216,228,228],"floor_reached":41,"playtime":1311,"items_purged":["Pain"],"score":739,"play_id":"e1ece564-7be5-49f7-a8a7-db7c6ff03b77","local_time":"20201226171149","is_ascension_mode":true,"campfire_choices":[{"data":"Bash","floor":6,"key":"SMITH"},{"data":"Hemokinesis","floor":8,"key":"SMITH"},{"data":"Evolve","floor":15,"key":"SMITH"},{"data":"Body Slam","floor":23,"key":"SMITH"},{"data":"Feed","floor":28,"key":"SMITH"},{"floor":32,"key":"REST"}],"circlet_count":0,"master_deck":["AscendersBane","Strike_R","Strike_R","Strike_R","Strike_R","Defend_R","Defend_R","Defend_R","Defend_R","Bash+1","Impervious","Power Through","Shrug It Off","Hemokinesis+1","Wild Strike","Evolve+1","Feed+1","Pommel Strike","Juggernaut","Body Slam+1","Writhe","Second Wind","Body Slam","Barricade","Feel No Pain+1"],"relics":["Burning Blood","WarpedTongs","Bag of Marbles","Happy Flower","Mark of Pain","Dream Catcher","Bronze Scales","Black Star","Thread and Needle","MawBank","Bottled Flame"],"acts_visited":["Exordium","TheCity","TheBeyond"],"potions_floor_usage":[7,7,33,38,38,38],"damage_taken":[{"damage":0,"enemies":"2 Louse","floor":1,"turns":4},{"damage":1,"enemies":"Cultist","floor":2,"turns":4},{"damage":14,"enemies":"Jaw Worm","floor":3,"turns":5},{"damage":0,"enemies":"3 Louse","floor":4,"turns":6},{"damage":19,"enemies":"Exordium Wildlife","floor":7,"turns":5},{"damage":29,"enemies":"Gremlin Nob","floor":11,"turns":4},{"damage":2,"enemies":"Large Slime","floor":12,"turns":4},{"damage":0,"enemies":"3 Louse","floor":13,"turns":5},{"damage":7,"enemies":"2 Fungi Beasts","floor":14,"turns":3},{"damage":14,"enemies":"Slime Boss","floor":16,"turns":12},{"damage":1,"enemies":"Shell Parasite","floor":18,"turns":6},{"damage":11,"enemies":"3 Byrds","floor":21,"turns":8},{"damage":7,"enemies":"Sentry and Sphere","floor":24,"turns":4},{"damage":19,"enemies":"Snecko","floor":30,"turns":6},{"damage":26,"enemies":"Champ","floor":33,"turns":9},{"damage":19,"enemies":"Orb Walker","floor":35,"turns":3},{"damage":16,"enemies":"3 Shapes","floor":37,"turns":6},{"damage":43,"enemies":"2 Orb Walkers","floor":38,"turns":4},{"damage":123,"enemies":"Nemesis","floor":40,"turns":9},{"damage":33,"enemies":"Spire Growth","floor":41,"turns":5}],"seed_played":"7487944549953312392","potions_obtained":[{"floor":1,"key":"Block Potion"},{"floor":2,"key":"Energy Potion"},{"floor":14,"key":"FairyPotion"},{"floor":16,"key":"AttackPotion"},{"floor":18,"key":"Energy Potion"},{"floor":33,"key":"DuplicationPotion"},{"floor":37,"key":"EntropicBrew"}],"is_trial":false,"path_per_floor":["M","M","M","M","?","R","M","R","T","$","E","M","M","M","R","B",null,"M","?","?","M","$","R","M","?","T","$","R","$","M","?","R","B",null,"M","?","M","?","?","E","M"],"character_chosen":"IRONCLAD","items_purchased":["Evolve","Second Wind"],"campfire_rested":1,"item_purchase_floors":[10,27],"current_hp_per_floor":[78,80,72,78,78,78,65,65,65,65,42,49,58,57,57,49,77,86,86,86,85,85,85,87,87,87,87,87,87,74,74,97,81,96,83,73,63,30,92,33,0,0],"gold":228,"neow_bonus":"ONE_RANDOM_RARE_CARD","is_daily":false,"chose_seed":false,"campfire_upgraded":5,"win_rate":0.0,"timestamp":1608970309,"path_taken":["M","M","M","M","?","R","M","R","T","$","E","M","M","M","R","BOSS","M","?","?","M","$","R","M","?","T","?","R","$","M","?","R","BOSS","M","?","M","?","?","E","M"],"items_purchased_type":["Card","Card"],"build_version":"2020-12-22","purchased_purges":1,"victory":false,"max_hp_per_floor":[80,80,80,80,80,80,80,80,80,80,80,83,86,86,86,86,86,90,90,90,94,94,94,97,97,97,97,97,97,97,97,97,101,101,101,101,101,105,92,92,92,92],"card_choices":[{"not_picked":["Dual Wield","Warcry"],"picked":"Power Through","floor":1},{"not_picked":["Disarm","Anger","Sword Boomerang"],"picked":"SKIP","floor":2},{"not_picked":["Heavy Blade","Warcry"],"picked":"Shrug It Off","floor":3},{"not_picked":["Iron Wave","Flex"],"picked":"Hemokinesis","floor":4},{"not_picked":["Flex","Battle Trance"],"picked":"Wild Strike","floor":7},{"not_picked":["Battle Trance","Intimidate"],"picked":"Feed","floor":11},{"not_picked":["Thunderclap","Anger","Power Through"],"picked":"SKIP","floor":12},{"not_picked":["True Grit","Perfected Strike","Thunderclap"],"picked":"SKIP","floor":13},{"not_picked":["True Grit","Perfected Strike","Thunderclap"],"picked":"SKIP","floor":13},{"not_picked":["Cleave","Ghostly Armor"],"picked":"Pommel Strike","floor":14},{"not_picked":["Exhume","Bludgeon"],"picked":"Juggernaut","floor":16},{"not_picked":["Pommel Strike","Clash"],"picked":"Body Slam","floor":18},{"not_picked":["Twin Strike","Clash","Metallicize"],"picked":"SKIP","floor":21},{"not_picked":["Cleave","Havoc+1","Wild Strike"],"picked":"SKIP","floor":24},{"not_picked":["Dual Wield+1","Twin Strike","Cleave"],"picked":"SKIP","floor":30},{"not_picked":["Sever Soul","Thunderclap"],"picked":"Body Slam","floor":32},{"not_picked":["Double Tap","Exhume"],"picked":"Barricade","floor":33},{"not_picked":["Armaments","Havoc+1","Evolve"],"picked":"SKIP","floor":35},{"not_picked":["Twin Strike+1","Anger+1","Armaments"],"picked":"SKIP","floor":37},{"not_picked":["Armaments+1","Impervious"],"picked":"Feel No Pain+1","floor":38},{"not_picked":["Anger+1","True Grit","Heavy Blade"],"picked":"SKIP","floor":40}],"player_experience":699216,"relics_obtained":[{"floor":9,"key":"Bag of Marbles"},{"floor":11,"key":"Happy Flower"},{"floor":38,"key":"Thread and Needle"},{"floor":40,"key":"MawBank"},{"floor":40,"key":"Bottled Flame"}],"event_choices":[{"damage_healed":0,"gold_gain":0,"player_choice":"Rummage","damage_taken":0,"relics_obtained":["WarpedTongs"],"max_hp_gain":0,"max_hp_loss":0,"event_name":"Accursed Blacksmith","floor":5,"gold_loss":0,"cards_obtained":["Pain"]},{"cards_removed":["Strike_R"],"damage_healed":0,"gold_gain":0,"player_choice":"Gave Gold","damage_taken":0,"max_hp_gain":0,"max_hp_loss":0,"event_name":"Beggar","floor":19,"gold_loss":75},{"damage_healed":0,"gold_gain":0,"player_choice":"Obtained Relic","damage_taken":0,"relics_obtained":["Dream Catcher"],"max_hp_gain":0,"max_hp_loss":0,"event_name":"Addict","floor":20,"gold_loss":85},{"damage_healed":0,"gold_gain":0,"player_choice":"Opened","damage_taken":0,"relics_obtained":["Bronze Scales"],"max_hp_gain":0,"max_hp_loss":0,"event_name":"The Mausoleum","floor":25,"gold_loss":0,"cards_obtained":["Writhe"]},{"damage_healed":0,"gold_gain":0,"player_choice":"Ignored","damage_taken":0,"max_hp_gain":0,"max_hp_loss":0,"event_name":"Ghosts","floor":31,"gold_loss":0},{"damage_healed":0,"gold_gain":0,"player_choice":"Memory 3","damage_taken":10,"max_hp_gain":0,"max_hp_loss":0,"event_name":"SensoryStone","floor":36,"gold_loss":0},{"damage_healed":0,"gold_gain":0,"player_choice":"Fight","damage_taken":0,"max_hp_gain":0,"max_hp_loss":0,"event_name":"Mysterious Sphere","floor":38,"gold_loss":0},{"damage_healed":92,"gold_gain":0,"player_choice":"Heal","damage_taken":0,"max_hp_gain":0,"max_hp_loss":13,"event_name":"The Moai Head","floor":39,"gold_loss":0}],"is_beta":false,"boss_relics":[{"not_picked":["SlaversCollar","Runic Dome"],"picked":"Mark of Pain"},{"not_picked":["Runic Cube","Velvet Choker"],"picked":"Black Star"}],"items_purged_floors":[10],"is_endless":false,"potions_floor_spawned":[1,2,14,16,18,33,37],"killed_by":"Spire Growth","ascension_level":13}}