{"host":"5fasz840ryq7obdf","time":1608981834,"event":{"mods":["AchievementEnabler","BaseMod","Bestiary","Better Altar","Better Skull","Better Third Choice","BetterRewards","Block Reminder","Colored Powertips","Curses Come First","Minty Spire (QoL Compilation)","Quick Restart","Relic Stats","Shop Mod","Spicy Shops","StSLib"],"gold_per_floor":[138,197,197,227,72,92,92],"floor_reached":6,"playtime":366,"items_purged":["Defend_P"],"score":72,"play_id":"a0cc06ff-5290-41a5-b018-5702df692eb2","local_time":"20201226112354","is_ascension_mode":true,"campfire_choices":[],"circlet_count":0,"master_deck":["AscendersBane","Strike_P","Strike_P","Strike_P","Strike_P","Defend_P","Defend_P","Defend_P","Eruption","Vigilance","HandOfGreed","ThirdEye+1","FlurryOfBlows","EmptyBody+1","Consecrate","ThirdEye+1","ClearTheMind+1","Pummel","ThirdEye+1","CutThroughFate"],"relics":["PureWater","Toxic Egg 2","Bag of Marbles","Tiny Chest"],"acts_visited":["Exordium"],"potions_floor_usage":[],"damage_taken":[{"damage":8.0,"enemies":"Small Slimes","floor":1.0,"turns":3.0},{"damage":0.0,"enemies":"2 Louse","floor":2.0,"turns":4.0},{"damage":0.0,"enemies":"Cultist","floor":4.0,"turns":3.0},{"damage":15,"enemies":"3 Sentries","floor":6,"turns":5}],"seed_played":"6336247842105634437","potions_obtained":[],"is_trial":false,"path_per_floor":["M","M","?","M","$","E"],"character_chosen":"WATCHER","items_purchased":["Toxic Egg 2","Bag of Marbles","HandOfGreed","ThirdEye+1","FlurryOfBlows","EmptyBody+1","Consecrate","CutThroughFate"],"campfire_rested":0,"item_purchase_floors":[0,0,0,0,0,0,0,5],"current_hp_per_floor":[22,22,14,14,14,0,0],"gold":92,"neow_bonus":"","is_daily":false,"chose_seed":false,"campfire_upgraded":0,"win_rate":0.0,"timestamp":1608981834,"path_taken":["M","M","?","M","$","E"],"items_purchased_type":["Relic","Relic","Card","Card","Card","Card","Card","Card"],"build_version":"2020-12-22","purchased_purges":1,"victory":false,"max_hp_per_floor":[68,68,68,68,68,68,68],"relic_stats":{"counters":[13,47],"Tiny Chest":0,"obtain_stats":[{"Blood Vial":9,"Pear":6,"NeowsBlessing":0,"Damaru":3,"Tiny Chest":3,"Bag of Marbles":0,"TeardropLocket":10,"PureWater":0,"Toxic Egg 2":0,"GoldenEye":13},{"Blood Vial":4,"Pear":3,"NeowsBlessing":0,"Damaru":1,"Tiny Chest":11,"Bag of Marbles":9,"TeardropLocket":5,"PureWater":0,"Toxic Egg 2":9,"GoldenEye":7},{"Blood Vial":8,"Pear":4,"NeowsBlessing":0,"Damaru":1,"Tiny Chest":39,"Bag of Marbles":32,"TeardropLocket":11,"PureWater":0,"Toxic Egg 2":32,"GoldenEye":21}]},"card_choices":[{"not_picked":["FlurryOfBlows","Prostrate+1"],"picked":"ThirdEye+1","floor":1.0},{"not_picked":["BowlingBash","EmptyBody+1"],"picked":"ClearTheMind+1","floor":2.0},{"not_picked":["CarveReality","Protect+1"],"picked":"ThirdEye+1","floor":4.0}],"player_experience":1113235,"relics_obtained":[],"event_choices":[{"damage_healed":0.0,"max_hp_gain":0.0,"max_hp_loss":0.0,"gold_gain":1.0,"event_name":"betterThird:BetterScrap","player_choice":"Relic Card ","floor":3.0,"gold_loss":0.0,"damage_taken":8.0,"cards_obtained":["Pummel","Meteor Strike"]}],"is_beta":false,"boss_relics":[],"items_purged_floors":[5],"is_endless":false,"potions_floor_spawned":[],"killed_by":"3 Sentries","ascension_level":20}}