{"host":"j06fkfseroga8i8e","time":1608961481,"event":{"mods":["BaseMod","Bestiary","Colored Map","Colored Powertips","Minty Spire (QoL Compilation)","Relic Stats","StSLib","everything is the same but u backflip on backflip"],"gold_per_floor":[110,123,123,223,239,239,264,264,291,90,90,100,133,153,153,258,258,277,114,114,44,44,44,79,95,95,194,209,209,2,17,17,115,115,125,0,13,13,13,46,58,86,122,134,175,187,187],"floor_reached":46,"playtime":1494,"items_purged":["Strike_B","Strike_B","Strike_B"],"score":846,"play_id":"259fae9e-b17d-4f30-a5ca-f107da6affa6","local_time":"20201226004441","is_ascension_mode":true,"campfire_choices":[{"data":"Darkness","floor":6.0,"key":"SMITH"},{"data":"Hologram","floor":8.0,"key":"SMITH"},{"floor":11.0,"key":"REST"},{"data":"Echo Form","floor":15.0,"key":"SMITH"},{"floor":23.0,"key":"REST"},{"floor":32.0,"key":"REST"},{"floor":41.0,"key":"REST"},{"floor":44.0,"key":"REST"}],"circlet_count":0,"master_deck":["AscendersBane","Strike_B","Defend_B","Defend_B","Defend_B","Defend_B","Zap","Dualcast","Hologram+1","Darkness+1","Cold Snap","Ball Lightning","Echo Form+1","Doom and Gloom","Rip and Tear","Multi-Cast","Conserve Battery","Cold Snap","PanicButton","Biased Cognition","Redo+1","Coolheaded","Steam+1","Doom and Gloom","Turbo+1","Coolheaded+1","Double Energy","Ball Lightning","Ball Lightning","Core Surge","Redo","Fusion","Writhe"],"relics":["Inserter","Smiling Mask","Regal Pillow","Bag of Preparation","Omamori","Cursed Key","Necronomicon","Kunai","Ornamental Fan","MutagenicStrength","Orrery","Busted Crown","Red Mask","MawBank","War Paint","InkBottle"],"acts_visited":["Exordium","TheCity","TheBeyond"],"potions_floor_usage":[],"damage_taken":[{"damage":4.0,"enemies":"Jaw Worm","floor":1.0,"turns":5.0},{"damage":4.0,"enemies":"2 Louse","floor":2.0,"turns":2.0},{"damage":6.0,"enemies":"Cultist","floor":5.0,"turns":4.0},{"damage":31.0,"enemies":"3 Sentries","floor":7.0,"turns":8.0},{"damage":16.0,"enemies":"Red Slaver","floor":12.0,"turns":3.0},{"damage":0.0,"enemies":"Lagavulin","floor":13.0,"turns":4.0},{"damage":5.0,"enemies":"Looter","floor":14.0,"turns":4.0},{"damage":32.0,"enemies":"The Guardian","floor":16.0,"turns":9.0},{"damage":18.0,"enemies":"2 Thieves","floor":18.0,"turns":4.0},{"damage":37.0,"enemies":"Slavers","floor":24.0,"turns":6.0},{"damage":2.0,"enemies":"Chosen","floor":25.0,"turns":3.0},{"damage":16.0,"enemies":"Snake Plant","floor":28.0,"turns":5.0},{"damage":0.0,"enemies":"3 Cultists","floor":31.0,"turns":2.0},{"damage":23.0,"enemies":"Champ","floor":33.0,"turns":5.0},{"damage":0.0,"enemies":"3 Shapes","floor":35.0,"turns":3.0},{"damage":4.0,"enemies":"Orb Walker","floor":37.0,"turns":2.0},{"damage":45.0,"enemies":"Giant Head","floor":40.0,"turns":8.0},{"damage":0.0,"enemies":"Transient","floor":42.0,"turns":5.0},{"damage":47.0,"enemies":"Nemesis","floor":45.0,"turns":5.0},{"damage":33,"enemies":"Maw","floor":46,"turns":6}],"seed_played":"2351425416374873083","potions_obtained":[{"floor":13.0,"key":"FocusPotion"},{"floor":16.0,"key":"PotionOfCapacity"},{"floor":24.0,"key":"EntropicBrew"},{"floor":25.0,"key":"PowerPotion"},{"floor":40.0,"key":"BlessingOfTheForge"}],"is_trial":false,"path_per_floor":["M","M","?","?","M","R","E","R","T","$","R","M","E","M","R","B",null,"M","$","?","$","?","R","E","M","T","?","M","?","$","M","R","B",null,"M","?","M","?","?","E","R","M","T","R","E","M"],"character_chosen":"DEFECT","items_purchased":["Bag of Preparation","Cold Snap","PanicButton","Biased Cognition","Orrery"],"campfire_rested":5,"item_purchase_floors":[10,19,19,21,30],"current_hp_per_floor":[64,60,60,60,54,54,23,23,23,23,60,44,44,39,39,7,58,40,40,24,24,49,75,38,36,36,36,20,20,20,20,57,34,65,65,65,61,61,61,16,53,53,53,75,28,0,0],"gold":187,"neow_bonus":"BOSS_RELIC","is_daily":false,"chose_seed":false,"campfire_upgraded":3,"win_rate":0.0,"timestamp":1608961481,"path_taken":["M","M","?","?","?","R","E","R","T","?","R","M","E","M","R","BOSS","M","$","?","$","?","R","E","M","T","?","M","?","$","M","R","BOSS","M","?","M","?","?","E","R","M","T","R","E","M"],"items_purchased_type":["Relic","Card","Card","Card","Relic"],"build_version":"2020-12-22","purchased_purges":3,"victory":false,"max_hp_per_floor":[75,75,75,75,75,75,75,75,75,75,75,75,75,75,75,75,75,75,75,75,75,75,75,75,75,75,75,75,75,75,75,75,75,75,75,75,75,75,75,75,75,75,75,75,75,75,75],"relic_stats":{"Regal Pillow":49,"Inserter":[46],"counters":[20,93],"Bag of Preparation":[32],"War Paint":["Turbo","Redo"],"Smiling Mask":150,"Cursed Key":2,"MawBank":72,"Busted Crown":12,"Ornamental Fan":[72],"Necronomicon":[19],"Kunai":[18],"obtain_stats":[{"Regal Pillow":9,"Inserter":0,"Bag of Preparation":10,"Omamori":13,"War Paint":43,"Smiling Mask":7,"Cursed Key":17,"MawBank":40,"Busted Crown":34,"Ornamental Fan":26,"MutagenicStrength":29,"Orrery":30,"Necronomicon":20,"Red Mask":36,"Kunai":24,"Cracked Core":0,"InkBottle":45},{"Regal Pillow":4,"Inserter":0,"Bag of Preparation":4,"Omamori":6,"War Paint":18,"Smiling Mask":4,"Cursed Key":8,"MawBank":17,"Busted Crown":14,"Ornamental Fan":11,"MutagenicStrength":12,"Orrery":12,"Necronomicon":9,"Red Mask":15,"Kunai":10,"Cracked Core":0,"InkBottle":19},{"Regal Pillow":19,"Inserter":0,"Bag of Preparation":19,"Omamori":26,"War Paint":82,"Smiling Mask":19,"Cursed Key":39,"MawBank":77,"Busted Crown":64,"Ornamental Fan":52,"MutagenicStrength":57,"Orrery":57,"Necronomicon":43,"Red Mask":67,"Kunai":49,"Cracked Core":0,"InkBottle":87}],"InkBottle":[3]},"card_choices":[{"not_picked":["Compile Driver","Sunder"],"picked":"Hologram","floor":1.0},{"not_picked":["Turbo","Stack"],"picked":"Darkness","floor":2.0},{"not_picked":["Sweeping Beam","Sunder"],"picked":"Cold Snap","floor":5.0},{"not_picked":["Streamline","Reinforced Body"],"picked":"Ball Lightning","floor":7.0},{"not_picked":["Loop","Sweeping Beam"],"picked":"Echo Form","floor":12.0},{"not_picked":["Chill","White Noise"],"picked":"Doom and Gloom","floor":13.0},{"not_picked":["Scrape","Barrage"],"picked":"Rip and Tear","floor":14.0},{"not_picked":["Seek","Thunder Strike"],"picked":"Multi-Cast","floor":16.0},{"not_picked":["Go for the Eyes","Aggregate"],"picked":"Conserve Battery","floor":18.0},{"not_picked":["Undo","Turbo"],"picked":"Redo","floor":24.0},{"not_picked":["Force Field","Rip and Tear"],"picked":"Coolheaded","floor":25.0},{"not_picked":["Rebound+1","Amplify"],"picked":"Steam+1","floor":28.0},{"not_picked":["Beam Cell","Storm"],"picked":"Doom and Gloom","floor":30.0},{"not_picked":["Hologram","Blizzard"],"picked":"Turbo","floor":30.0},{"not_picked":["Heatsinks+1","Sweeping Beam"],"picked":"Coolheaded+1","floor":30.0},{"not_picked":["Barrage","Genetic Algorithm"],"picked":"Double Energy","floor":30.0},{"not_picked":["Barrage","Amplify"],"picked":"Ball Lightning","floor":30.0},{"not_picked":["Rebound","Rip and Tear"],"picked":"Ball Lightning","floor":31.0},{"not_picked":["Creative AI","All For One"],"picked":"Core Surge","floor":33.0},{"not_picked":["Sweeping Beam+1"],"picked":"SKIP","floor":35.0},{"not_picked":[],"picked":"Redo","floor":37.0},{"not_picked":[],"picked":"Fusion","floor":40.0},{"not_picked":["Ball Lightning"],"picked":"SKIP","floor":42.0},{"not_picked":["Fusion"],"picked":"SKIP","floor":45.0}],"player_experience":568103,"relics_obtained":[{"floor":7.0,"key":"Smiling Mask"},{"floor":9.0,"key":"Regal Pillow"},{"floor":13.0,"key":"Omamori"},{"floor":20.0,"key":"Necronomicon"},{"floor":24.0,"key":"Kunai"},{"floor":26.0,"key":"Ornamental Fan"},{"floor":40.0,"key":"MawBank"},{"floor":43.0,"key":"War Paint"},{"floor":45.0,"key":"InkBottle"}],"event_choices":[{"damage_healed":0.0,"max_hp_gain":0.0,"max_hp_loss":0.0,"gold_gain":0.0,"event_name":"Liars Game","player_choice":"Ignored","floor":3.0,"gold_loss":0.0,"damage_taken":0.0},{"damage_healed":0.0,"max_hp_gain":0.0,"max_hp_loss":0.0,"gold_gain":100.0,"event_name":"Golden Shrine","player_choice":"Pray","floor":4.0,"gold_loss":0.0,"damage_taken":0.0},{"damage_healed":0.0,"max_hp_gain":0.0,"max_hp_loss":0.0,"gold_gain":0.0,"event_name":"Cursed Tome","player_choice":"Obtained Book","floor":20.0,"gold_loss":0.0,"damage_taken":16.0},{"damage_healed":25.0,"max_hp_gain":0.0,"max_hp_loss":0.0,"gold_gain":0.0,"event_name":"The Library","player_choice":"Heal","floor":22.0,"gold_loss":0.0,"damage_taken":0.0},{"damage_healed":0.0,"max_hp_gain":0.0,"max_hp_loss":0.0,"gold_gain":99.0,"event_name":"Nest","player_choice":"Stole From Cult","floor":27.0,"gold_loss":0.0,"damage_taken":0.0},{"damage_healed":0.0,"max_hp_gain":0.0,"max_hp_loss":0.0,"gold_gain":0.0,"event_name":"Drug Dealer","player_choice":"Inject Mutagens","floor":29.0,"gold_loss":0.0,"damage_taken":0.0,"relics_obtained":["MutagenicStrength"]},{"damage_healed":0.0,"max_hp_gain":0.0,"max_hp_loss":0.0,"gold_gain":0.0,"event_name":"Tomb of Lord Red Mask","player_choice":"Paid","floor":36.0,"gold_loss":125.0,"damage_taken":0.0,"relics_obtained":["Red Mask"]},{"damage_healed":0.0,"max_hp_gain":0.0,"max_hp_loss":0.0,"gold_gain":0.0,"event_name":"SensoryStone","player_choice":"Memory 1","floor":38.0,"gold_loss":0.0,"damage_taken":0.0},{"damage_healed":0.0,"max_hp_gain":0.0,"max_hp_loss":0.0,"gold_gain":0.0,"event_name":"Mysterious Sphere","player_choice":"Ignored","floor":39.0,"gold_loss":0.0,"damage_taken":0.0}],"is_beta":false,"boss_relics":[{"not_picked":["Coffee Dripper","Black Star"],"picked":"Cursed Key"},{"not_picked":["Pandora\u0027s Box","Calling Bell"],"picked":"Busted Crown"}],"items_purged_floors":[10,19,30],"is_endless":false,"potions_floor_spawned":[13,16,24,25,28,37,40],"killed_by":"Maw","ascension_level":12}}