{"host":"867cnhxguf2bzj4x","time":1608982030,"event":{"mods":["BaseMod","Downfall","GifTheSpireLib","Minty Spire (QoL Compilation)","StSLib"],"gold_per_floor":[117,130,148,148,148,179,179,206,206,206,171,182,182,199,199,304,304,294,309,63,83,98,98,98,129,129,129,0,0,31,43,43,140,140,156,207,207,219,76,76,76,76,100,113,13,13,13,13,13,13],"floor_reached":51,"playtime":1400,"items_purged":["Survivor","Strike_G+1"],"score":749,"play_id":"cc504353-fded-4161-af3d-8706bc3b646f","local_time":"20201226122710","is_ascension_mode":true,"campfire_choices":[{"floor":7,"key":"REST"},{"floor":10,"key":"REST"},{"data":"Accuracy","floor":13,"key":"SMITH"},{"floor":15,"key":"REST"},{"floor":23,"key":"REST"},{"floor":27,"key":"REST"},{"data":"Envenom","floor":29,"key":"SMITH"},{"floor":32,"key":"REST"},{"floor":40,"key":"REST"},{"floor":42,"key":"RECALL"},{"data":"Infinite Blades","floor":46,"key":"SMITH"},{"floor":49,"key":"REST"}],"circlet_count":0,"master_deck":["Strike_G+1","Strike_G+1","Strike_G+1","Defend_G+1","Defend_G+1","Defend_G+1","Defend_G+1","Neutralize","Blade Dance+1","Terror","Accuracy+1","Cloak And Dagger","Cloak And Dagger","Envenom+1","Prepared","Blade Dance+1","Adrenaline","expansioncontent:Corrupt","Transmutation","Chrysalis","Cloak And Dagger+1","Infinite Blades+1","Madness","Madness"],"relics":["Ring of the Snake","NeowsBlessing","Nunchaku","Mercury Hourglass","Snake Skull","SlaversCollar","Shuriken","Omamori","Peace Pipe","Bottled Lightning","WristBlade","CaptainsWheel","MealTicket"],"acts_visited":["Exordium","TheCity","TheBeyond"],"potions_floor_usage":[6,16,25,38,38,38,50],"damage_taken":[{"damage":0,"enemies":"Cultist","floor":1,"turns":1},{"damage":0,"enemies":"Small Slimes","floor":2,"turns":1},{"damage":0,"enemies":"Jaw Worm","floor":3,"turns":1},{"damage":38,"enemies":"3 Sentries","floor":6,"turns":8},{"damage":40,"enemies":"Gremlin Nob","floor":8,"turns":5},{"damage":0,"enemies":"3 Louse","floor":12,"turns":2},{"damage":5,"enemies":"2 Fungi Beasts","floor":14,"turns":3},{"damage":26,"enemies":"Hexaghost","floor":16,"turns":5},{"damage":6,"enemies":"2 Thieves","floor":18,"turns":4},{"damage":0,"enemies":"3 Byrds","floor":19,"turns":4},{"damage":26,"enemies":"Sentry and Sphere","floor":21,"turns":4},{"damage":11,"enemies":"3 Cultists","floor":22,"turns":4},{"damage":0,"enemies":"Book of Stabbing","floor":25,"turns":3},{"damage":14,"enemies":"Slavers","floor":30,"turns":4},{"damage":13,"enemies":"Centurion and Healer","floor":31,"turns":5},{"damage":4,"enemies":"Automaton","floor":33,"turns":6},{"damage":3,"enemies":"3 Shapes","floor":35,"turns":2},{"damage":30,"enemies":"2 Orb Walkers","floor":36,"turns":4},{"damage":0,"enemies":"Orb Walker","floor":38,"turns":1},{"damage":11,"enemies":"4 Shapes","floor":44,"turns":3},{"damage":44,"enemies":"Donu and Deca","floor":50,"turns":6}],"seed_played":"7512367891754647119","potions_obtained":[{"floor":1,"key":"AttackPotion"},{"floor":6,"key":"BlessingOfTheForge"},{"floor":8,"key":"SteroidPotion"},{"floor":16,"key":"Block Potion"},{"floor":18,"key":"FearPotion"},{"floor":30,"key":"PowerPotion"},{"floor":38,"key":"Energy Potion"}],"is_trial":false,"path_per_floor":["M","M","M","?","?","E","R","E","T","R","?","M","R","M","R","B",null,"M","M","$","M","M","R","?","E","T","R","?","R","E","M","R","B",null,"M","?","?","M","$","R","$","R","T","M","$","R","?","?","R","B",null],"character_chosen":"THE_SILENT","items_purchased":["Shuriken","Infinite Blades"],"campfire_rested":8,"item_purchase_floors":[20,39],"current_hp_per_floor":[70,70,70,63,63,25,46,6,6,27,44,44,44,39,60,34,70,64,64,64,38,27,48,48,48,48,69,69,69,55,42,63,59,70,67,37,27,27,27,48,48,48,48,37,52,52,52,43,64,20],"gold":13,"neow_bonus":"THREE_ENEMY_KILL","is_daily":false,"chose_seed":false,"campfire_upgraded":3,"win_rate":0.0,"timestamp":1608982030,"path_taken":["M","?","?","?","?","E","R","E","T","R","?","M","R","M","R","BOSS","M","M","$","M","M","R","?","E","T","R","?","R","E","M","R","BOSS","M","?","?","M","$","R","?","R","T","?","$","R","?","?","R","BOSS"],"items_purchased_type":["Relic","Card"],"build_version":"2020-12-22","purchased_purges":2,"victory":true,"max_hp_per_floor":[70,70,70,70,70,70,70,70,70,70,70,70,70,70,70,70,70,70,70,70,70,70,70,70,70,70,70,70,70,70,70,70,70,70,70,70,70,70,70,70,70,70,70,70,70,70,70,70,70,70],"card_choices":[{"not_picked":["Expertise","Quick Slash"],"picked":"Blade Dance","floor":1},{"not_picked":["Reflex","Endless Agony"],"picked":"Terror","floor":2},{"not_picked":["Concentrate","Eviscerate","Flying Knee"],"picked":"SKIP","floor":3},{"not_picked":["Blade Dance","Choke"],"picked":"Accuracy","floor":6},{"not_picked":["Infinite Blades","Flechettes"],"picked":"Cloak And Dagger","floor":8},{"not_picked":["Expertise","Masterful Stab","Footwork"],"picked":"SKIP","floor":12},{"not_picked":["Blade Dance","Underhanded Strike"],"picked":"Cloak And Dagger","floor":14},{"not_picked":["Unload","Malaise"],"picked":"Envenom","floor":16},{"not_picked":["Setup","Underhanded Strike","Slice+1"],"picked":"SKIP","floor":18},{"not_picked":["Tactician","Slice"],"picked":"Prepared","floor":19},{"not_picked":["Deflect","Acrobatics"],"picked":"Blade Dance+1","floor":21},{"not_picked":["Underhanded Strike","Calculated Gamble+1","Backflip"],"picked":"SKIP","floor":22},{"not_picked":["Tools of the Trade","Flying Knee","Backflip"],"picked":"SKIP","floor":25},{"not_picked":["Deadly Poison+1","Quick Slash","Dagger Throw"],"picked":"SKIP","floor":30},{"not_picked":["Outmaneuver+1","Acrobatics","Blur+1"],"picked":"SKIP","floor":31},{"not_picked":["After Image","Die Die Die"],"picked":"Adrenaline","floor":33},{"not_picked":["Acrobatics","Dodge and Roll+1","Dash+1"],"picked":"SKIP","floor":35},{"not_picked":["Deep Breath","Secret Weapon"],"picked":"expansioncontent:Corrupt","floor":37},{"not_picked":["expansioncontent:Hexaburn","Mind Blast"],"picked":"Transmutation","floor":37},{"not_picked":["The Bomb","expansioncontent:Hexaburn"],"picked":"Chrysalis","floor":37},{"not_picked":["Prepared+1","Deflect"],"picked":"Cloak And Dagger+1","floor":38},{"not_picked":["Bane+1","Blade Dance","Slice+1"],"picked":"SKIP","floor":44}],"player_experience":60830,"relics_obtained":[{"floor":6,"key":"Nunchaku"},{"floor":8,"key":"Mercury Hourglass"},{"floor":9,"key":"Snake Skull"},{"floor":25,"key":"Omamori"},{"floor":26,"key":"Peace Pipe"},{"floor":30,"key":"Bottled Lightning"},{"floor":36,"key":"CaptainsWheel"},{"floor":43,"key":"MealTicket"}],"event_choices":[{"cards_removed":["Defend_G"],"damage_healed":0,"gold_gain":0,"player_choice":"Card Removal","damage_taken":7,"max_hp_gain":0,"max_hp_loss":0,"event_name":"Golden Wing","floor":4,"gold_loss":0},{"damage_healed":0,"gold_gain":0,"player_choice":"Grow","damage_taken":0,"max_hp_gain":0,"max_hp_loss":0,"event_name":"Living Wall","floor":5,"gold_loss":0,"cards_upgraded":["Blade Dance"]},{"damage_healed":17,"gold_gain":0,"player_choice":"Healed","damage_taken":0,"max_hp_gain":0,"max_hp_loss":0,"event_name":"The Cleric","floor":11,"gold_loss":35},{"damage_healed":0,"gold_gain":0,"player_choice":"Simplicity","damage_taken":0,"max_hp_gain":0,"max_hp_loss":0,"event_name":"Back to Basics","floor":24,"gold_loss":0,"cards_upgraded":["Strike_G","Strike_G","Strike_G","Strike_G","Strike_G","Defend_G","Defend_G","Defend_G","Defend_G"]},{"damage_healed":0,"gold_gain":0,"player_choice":"Paid Fearfully","damage_taken":0,"max_hp_gain":0,"max_hp_loss":0,"event_name":"Masked Bandits","floor":28,"gold_loss":129},{"damage_healed":0,"gold_gain":0,"player_choice":"Fight","damage_taken":0,"max_hp_gain":0,"max_hp_loss":0,"event_name":"Mysterious Sphere","floor":36,"gold_loss":0},{"damage_healed":0,"gold_gain":0,"player_choice":"Memory 3","damage_taken":10,"max_hp_gain":0,"max_hp_loss":0,"event_name":"SensoryStone","floor":37,"gold_loss":0},{"cards_removed":["Strike_G"],"damage_healed":0,"gold_gain":0,"player_choice":"Removed Attack","damage_taken":0,"max_hp_gain":0,"max_hp_loss":0,"event_name":"Falling","floor":47,"gold_loss":0},{"damage_healed":0,"gold_gain":0,"player_choice":"Embrace Madness","damage_taken":9,"max_hp_gain":0,"max_hp_loss":0,"event_name":"Winding Halls","floor":48,"gold_loss":0,"cards_obtained":["Madness","Madness"]}],"is_beta":false,"boss_relics":[{"not_picked":["Tiny House","Coffee Dripper"],"picked":"SlaversCollar"},{"not_picked":["Empty Cage","Black Star"],"picked":"WristBlade"}],"items_purged_floors":[39,45],"is_endless":false,"potions_floor_spawned":[1,6,8,16,18,22,30,31,35,38],"ascension_level":1}}