{"host":"iml8x8es9od4zowg","time":1608989391,"event":{"mods":["BaseMod","Minty Spire (QoL Compilation)","StSLib","The Jungle","¡¼?Úª?ø«¡½REMEMod"],"gold_per_floor":[20,20,20,41,41,82,102,102,102,102,140,140,158,182,182,312,312,328,328,328,344,362,362,381,124,170,206,229,179,179,4,4,128,128,144,168,168,168,186,186,186,186,186],"floor_reached":42,"playtime":2711,"items_purged":["Decay"],"score":504,"play_id":"fc1ce1ec-2f99-4b98-ba24-4e7902485ced","local_time":"20201226222951","is_ascension_mode":true,"campfire_choices":[{"floor":8,"key":"REST"},{"floor":10,"key":"REST"},{"data":"Mayhem","floor":15,"key":"SMITH"},{"floor":23,"key":"REST"},{"floor":30,"key":"REST"},{"data":"Apotheosis","floor":32,"key":"SMITH"},{"floor":40,"key":"RECALL"}],"circlet_count":0,"master_deck":["Strike_R+1","Strike_R","Strike_R","Defend_R","Defend_R","Defend_R+1","Defend_R","Bash","Mayhem+1","Battle Trance","Shrug It Off","Flex","Ghostly Armor","Body Slam+1","Limit Break","REME_Fury","Bloodletting","Dropkick+1","Thunderclap+1","Thunderclap+1","Apotheosis+1","Rage","Reaper+1","Spot Weakness","Body Slam+1","Evolve","Body Slam+1"],"relics":["Burning Blood","REME_ComplimentaryCards","Golden Idol","Kunai","Mummified Hand","Molten Egg 2","Bird Faced Urn","Empty Cage","PreservedInsect","Ornamental Fan","theJungle:ShellPeas","SacredBark"],"acts_visited":["Exordium","Exordium","TheBeyond"],"potions_floor_usage":[6,11,14,16,22,27,33,38,41],"damage_taken":[{"damage":0,"enemies":"Small Slimes","floor":1,"turns":3},{"damage":11,"enemies":"Jaw Worm","floor":4,"turns":4},{"damage":15,"enemies":"Lagavulin","floor":6,"turns":6},{"damage":2,"enemies":"2 Louse","floor":7,"turns":3},{"damage":7,"enemies":"Gremlin Nob","floor":11,"turns":3},{"damage":4,"enemies":"Blue Slaver","floor":13,"turns":4},{"damage":0,"enemies":"Lots of Slimes","floor":14,"turns":6},{"damage":24,"enemies":"The Guardian","floor":16,"turns":8},{"damage":11,"enemies":"theJungle:MUSHROOMGANG","floor":18,"turns":7},{"damage":30,"enemies":"theJungle:GiantWrat","floor":21,"turns":6},{"damage":40,"enemies":"theJungle:Lyon","floor":22,"turns":7},{"damage":36,"enemies":"Snake Plant","floor":24,"turns":5},{"damage":3,"enemies":"theJungle:Cassacara","floor":27,"turns":5},{"damage":14,"enemies":"theJungle:SlimyTreeVines","floor":28,"turns":10},{"damage":0,"enemies":"theJungle:QueenSpyder","floor":33,"turns":7},{"damage":34,"enemies":"3 Darklings","floor":35,"turns":5},{"damage":26,"enemies":"3 Shapes","floor":36,"turns":5},{"damage":0,"enemies":"Jaw Worm Horde","floor":38,"turns":1},{"damage":44,"enemies":"Transient","floor":39,"turns":5},{"damage":0,"enemies":"Writhing Mass","floor":41,"turns":1},{"damage":68,"enemies":"4 Shapes","floor":42,"turns":3}],"seed_played":"-6234535327316809010","potions_obtained":[{"floor":4,"key":"ColorlessPotion"},{"floor":7,"key":"Energy Potion"},{"floor":11,"key":"SteroidPotion"},{"floor":13,"key":"Block Potion"},{"floor":16,"key":"SteroidPotion"},{"floor":22,"key":"CultistPotion"},{"floor":24,"key":"DistilledChaos"},{"floor":35,"key":"SmokeBomb"},{"floor":39,"key":"SmokeBomb"}],"is_trial":false,"path_per_floor":["M","?","?","M","$","E","M","R","T","R","E","?","M","M","R","B",null,"M","?","?","M","M","R","M","$","T","E","M","?","R","?","R","B",null,"M","M","?","M","M","R","M","M"],"character_chosen":"IRONCLAD","items_purchased":["Apotheosis"],"campfire_rested":4,"item_purchase_floors":[25],"current_hp_per_floor":[80,60,35,30,30,21,25,49,49,73,72,56,60,68,68,54,80,75,75,75,55,25,49,23,23,23,30,32,32,56,56,56,66,80,56,62,62,68,59,59,65,0,0],"gold":186,"neow_bonus":"RANDOM_COLORLESS_2","is_daily":false,"chose_seed":false,"campfire_upgraded":2,"win_rate":0.0,"timestamp":1608989391,"path_taken":["M","?","?","M","?","E","M","R","T","R","E","?","M","M","R","BOSS","M","?","?","M","?","R","M","$","T","E","M","?","R","?","R","BOSS","M","M","?","?","?","R","M","M"],"items_purchased_type":["Card"],"build_version":"2020-12-22","purchased_purges":1,"victory":false,"max_hp_per_floor":[80,80,80,80,80,80,80,80,80,80,80,80,80,80,80,80,80,80,80,80,80,80,80,80,80,80,80,80,80,80,80,80,80,80,80,80,80,80,80,80,80,80,80],"card_choices":[{"not_picked":["REME_ProfessionalPlagiarism","Secret Weapon"],"picked":"Mayhem","floor":0},{"not_picked":["Reckless Charge","Carnage"],"picked":"Shrug It Off","floor":1},{"not_picked":["Havoc","Cleave"],"picked":"Rupture","floor":4},{"not_picked":["Cleave","Clothesline","Warcry"],"picked":"SKIP","floor":6},{"not_picked":["True Grit","Wild Strike"],"picked":"Flex","floor":7},{"not_picked":["Wild Strike+1","Perfected Strike+1"],"picked":"Ghostly Armor","floor":11},{"not_picked":["Anger+1","True Grit"],"picked":"Body Slam+1","floor":13},{"not_picked":["Reckless Charge+1","Twin Strike+1"],"picked":"Limit Break","floor":14},{"not_picked":["Juggernaut","Impervious"],"picked":"REME_Fury","floor":16},{"not_picked":["Spot Weakness","Shrug It Off"],"picked":"Bloodletting","floor":18},{"not_picked":["Anger+1","Clash+1"],"picked":"Dropkick+1","floor":21},{"not_picked":["Clothesline+1","Armaments"],"picked":"Thunderclap+1","floor":22},{"not_picked":["Impervious","Wild Strike+1"],"picked":"Thunderclap+1","floor":24},{"not_picked":["Reckless Charge+1","Headbutt+1"],"picked":"Rage","floor":27},{"not_picked":["True Grit","Sword Boomerang+1","Iron Wave+1"],"picked":"SKIP","floor":28},{"not_picked":["Feed+1","Juggernaut"],"picked":"Reaper+1","floor":33},{"not_picked":["Dual Wield+1","Iron Wave+1"],"picked":"Spot Weakness","floor":35},{"not_picked":["Flame Barrier","Warcry+1"],"picked":"Body Slam+1","floor":36},{"not_picked":["Twin Strike+1","Reckless Charge+1"],"picked":"Body Slam+1","floor":39}],"player_experience":480381,"relics_obtained":[{"floor":6,"key":"Mummified Hand"},{"floor":9,"key":"Molten Egg 2"},{"floor":11,"key":"Bird Faced Urn"},{"floor":26,"key":"PreservedInsect"},{"floor":27,"key":"Ornamental Fan"}],"event_choices":[{"damage_healed":0,"gold_gain":0,"player_choice":"Take Damage","damage_taken":20,"relics_obtained":["Golden Idol"],"max_hp_gain":0,"max_hp_loss":0,"event_name":"Golden Idol","floor":2,"gold_loss":0},{"damage_healed":0,"gold_gain":0,"player_choice":"Success","damage_taken":25,"relics_obtained":["Kunai"],"max_hp_gain":0,"max_hp_loss":0,"event_name":"Scrap Ooze","floor":3,"gold_loss":0},{"damage_healed":0,"gold_gain":0,"player_choice":"Entered Light","damage_taken":16,"max_hp_gain":0,"max_hp_loss":0,"event_name":"Shining Light","floor":12,"gold_loss":0,"cards_upgraded":["Strike_R","Defend_R"]},{"damage_healed":0,"gold_gain":0,"player_choice":"Cursed","damage_taken":0,"max_hp_gain":0,"max_hp_loss":0,"event_name":"Wheel of Change","floor":20,"gold_loss":0,"cards_obtained":["Decay"]},{"damage_healed":0,"gold_gain":0,"cards_transformed":["Rupture"],"player_choice":"Transformed","damage_taken":0,"max_hp_gain":0,"max_hp_loss":0,"event_name":"Transmorgrifier","floor":37,"gold_loss":0,"cards_obtained":["Evolve"]}],"is_beta":false,"boss_relics":[{"not_picked":["Runic Pyramid","Astrolabe"],"picked":"Empty Cage"},{"not_picked":["Philosopher\u0027s Stone","Runic Dome"],"picked":"SacredBark"}],"items_purged_floors":[25],"is_endless":false,"potions_floor_spawned":[4,7,11,13,16,22,24,35,38,39],"killed_by":"4 Shapes","ascension_level":1}}