{"host":"diy71vlueofrnn1o","time":1608998717,"event":{"mods":["2.2 Compatiblity","AchievementEnabler","BaseMod","Best Route Mod","Colored Map","Curses Come First","DeckTracker","Minty Spire (QoL Compilation)","Quick Restart","Rare Cards Sparkle","StSLib","SuperFastMode"],"gold_per_floor":[110,110,120,138,148,182,199,199,199],"floor_reached":8,"playtime":393,"items_purged":[],"score":84,"play_id":"60c042a2-8a07-4004-99b7-0fb01f43c6ef","local_time":"20201226170517","is_ascension_mode":true,"campfire_choices":[],"circlet_count":0,"master_deck":["Strike_G","Strike_G","Strike_G","Strike_G","Defend_G","Defend_G","Defend_G","Defend_G","Survivor","Neutralize","Dash","Regret","Quick Slash","Distraction+1","Cloak And Dagger+1","Tactician+1","Dodge and Roll+1"],"relics":["Empty Cage","Toxic Egg 2","Bottled Lightning"],"acts_visited":["Exordium"],"potions_floor_usage":[6,6,7,7,7,8],"damage_taken":[{"damage":3,"enemies":"2 Louse","floor":1,"turns":3},{"damage":4,"enemies":"Jaw Worm","floor":3,"turns":4},{"damage":2,"enemies":"Small Slimes","floor":4,"turns":4},{"damage":10,"enemies":"3 Louse","floor":5,"turns":4},{"damage":30,"enemies":"Lagavulin","floor":6,"turns":8},{"damage":1,"enemies":"Exordium Thugs","floor":7,"turns":5},{"damage":13,"enemies":"Gremlin Nob","floor":8,"turns":5}],"seed_played":"4121904830949054517","potions_obtained":[{"floor":3,"key":"BlessingOfTheForge"},{"floor":5,"key":"Block Potion"},{"floor":6,"key":"EntropicBrew"}],"is_trial":false,"path_per_floor":["M","?","M","M","M","E","M","E"],"character_chosen":"THE_SILENT","items_purchased":[],"campfire_rested":0,"item_purchase_floors":[],"current_hp_per_floor":[60,60,56,54,44,14,13,0,0],"gold":199,"neow_bonus":"BOSS_RELIC","is_daily":false,"chose_seed":false,"campfire_upgraded":0,"win_rate":0.0,"timestamp":1608998717,"path_taken":["M","?","M","M","M","E","M","E"],"items_purchased_type":[],"build_version":"2020-12-22","purchased_purges":0,"victory":false,"max_hp_per_floor":[70,70,70,70,70,70,70,70,70],"card_choices":[{"not_picked":["Poisoned Stab","Noxious Fumes"],"picked":"Dash","floor":1},{"not_picked":["Calculated Gamble+1","Underhanded Strike"],"picked":"Quick Slash","floor":3},{"not_picked":["Acrobatics+1","Riddle With Holes"],"picked":"Distraction+1","floor":4},{"not_picked":["Quick Slash","Infinite Blades"],"picked":"Cloak And Dagger+1","floor":5},{"not_picked":["Cloak And Dagger+1","Choke"],"picked":"Tactician+1","floor":6},{"not_picked":["Dagger Spray","Deadly Poison+1"],"picked":"Dodge and Roll+1","floor":7}],"player_experience":397339,"relics_obtained":[{"floor":6,"key":"Bottled Lightning"}],"event_choices":[{"damage_healed":0,"gold_gain":0,"player_choice":"Box","damage_taken":0,"relics_obtained":["Toxic Egg 2"],"max_hp_gain":0,"max_hp_loss":0,"event_name":"Big Fish","floor":2,"gold_loss":0,"cards_obtained":["Regret"]}],"is_beta":false,"boss_relics":[],"items_purged_floors":[],"is_endless":false,"potions_floor_spawned":[3,5,6],"killed_by":"Gremlin Nob","ascension_level":8}}