{"host":"hqvh779b89tfrjxy","time":1608946128,"event":{"mods":["Act Like it!","BaseMod","Better Third Choice","Downfall","Elementarium","Filter the Spire","GifTheSpireLib","Minty Spire (QoL Compilation)","Replay The Spire","Spicy Shops","StSLib"],"gold_per_floor":[116,116,116,135,151,151,181,181,235,235,261,274,293,305,305,404,404,419,208,226,239,239,273,273,273,273],"floor_reached":25,"playtime":3019,"items_purged":["Normality"],"score":341,"play_id":"613c3437-2bc3-45e5-b693-ce5652b8e4b1","local_time":"20201226022848","is_ascension_mode":true,"campfire_choices":[{"data":"Defend_R","floor":6.0,"key":"SMITH"},{"data":"Whirlwind","floor":8.0,"key":"SMITH"},{"data":"Searing Blow","floor":15.0,"key":"SMITH"},{"data":"Searing Blow+1","floor":24,"key":"SMITH"},{"data":"Searing Blow+2","floor":24,"key":"SMITH"}],"circlet_count":0,"master_deck":["Strike_R","Strike_R","Strike_R","Strike_R","Defend_R","Defend_R+1","Defend_R+1","Defend_R","Bash+1","Whirlwind+1","Searing Blow+3","expansioncontent:DonusPower"],"relics":["Snecko Eye","Potion Belt","Pen Nib","Counterbalance","Sozu","Replay:Arrowhead","ReplayTheSpireMod:CursedCoin","Dream Catcher"],"acts_visited":["Exordium","Elementarium:Elementarium"],"potions_floor_usage":[25],"damage_taken":[{"damage":7.0,"enemies":"Jaw Worm","floor":1.0,"turns":2.0},{"damage":0.0,"enemies":"Small Slimes","floor":4.0,"turns":3.0},{"damage":1.0,"enemies":"Cultist","floor":5.0,"turns":3.0},{"damage":9.0,"enemies":"Gremlin Nob","floor":7.0,"turns":4.0},{"damage":0.0,"enemies":"3 Sentries","floor":11.0,"turns":4.0},{"damage":0.0,"enemies":"2 Fungi Beasts","floor":12.0,"turns":1.0},{"damage":0.0,"enemies":"Large Slime","floor":13.0,"turns":3.0},{"damage":3.0,"enemies":"Looter","floor":14.0,"turns":2.0},{"damage":33.0,"enemies":"Fading Forest","floor":16.0,"turns":11.0},{"damage":13.0,"enemies":"Elementarium:VoidCorruption","floor":18.0,"turns":4.0},{"damage":0,"enemies":"Elementarium:2_ELEMENTALS","floor":20,"turns":2},{"damage":23,"enemies":"Elementarium:RubyGolem","floor":21,"turns":3},{"damage":12,"enemies":"Elementarium:ElementalPortal","floor":23,"turns":5},{"damage":16,"enemies":"Elementarium:FIRE_NOBILITY","floor":25,"turns":1}],"seed_played":"5355782971871223269","potions_obtained":[{"floor":1.0,"key":"SkillPotion"},{"floor":5.0,"key":"HeartOfIron"},{"floor":11.0,"key":"PowerPotion"},{"floor":16.0,"key":"Languid Potion"}],"is_trial":false,"path_per_floor":["M","?","?","M","M","R","E","R","T","?","E","M","M","M","R","B",null,"M","$","M","M","?","E","R","E"],"character_chosen":"IRONCLAD","items_purchased":["Replay:Arrowhead","ReplayTheSpireMod:CursedCoin"],"campfire_rested":0,"item_purchase_floors":[19,19],"current_hp_per_floor":[65,58,42,42,41,41,32,32,32,32,32,32,32,29,29,4,61,48,48,48,25,25,13,13,0,0],"gold":273,"neow_bonus":"BOSS_RELIC","is_daily":false,"chose_seed":false,"campfire_upgraded":5,"win_rate":0.0,"timestamp":1608946128,"path_taken":["M","?","?","M","M","R","E","R","T","?","E","M","M","M","R","BOSS","M","$","M","M","?","E","R","E"],"items_purchased_type":["Relic","Relic"],"build_version":"2020-12-22","purchased_purges":1,"victory":false,"max_hp_per_floor":[80,80,80,80,80,80,80,80,80,80,80,80,80,80,80,80,80,80,80,80,80,80,80,80,80,80],"card_choices":[{"not_picked":["Life Link","Pommel Strike","Headbutt"],"picked":"SKIP","floor":1.0},{"not_picked":["True Grit","Armaments","Ghostly Armor"],"picked":"SKIP","floor":4.0},{"not_picked":["Iron Wave","Sword Boomerang","Run Through"],"picked":"SKIP","floor":5.0},{"not_picked":["Bloodletting","Flex"],"picked":"Whirlwind","floor":7.0},{"not_picked":["Intimidate","Thunderclap","Shrug It Off"],"picked":"SKIP","floor":11.0},{"not_picked":["ReplayTheSpireMod:Strike From Hell","Iron Wave","Sword Boomerang"],"picked":"SKIP","floor":12.0},{"not_picked":["Wild Strike","ReplayTheSpireMod:Muscle Training"],"picked":"Searing Blow","floor":13.0},{"not_picked":["Iron Wave","Bloodletting","Body Slam"],"picked":"SKIP","floor":14.0},{"not_picked":["Cleave+1","Anger","Evolve"],"picked":"SKIP","floor":18.0},{"not_picked":["True Grit+1","Pummel","ReplayTheSpireMod:Strike From Hell"],"picked":"SKIP","floor":20},{"not_picked":["Body Slam+1","Sword Boomerang","Immolate"],"picked":"SKIP","floor":21},{"not_picked":["expansioncontent:Hexaburn","expansioncontent:YouAreMine"],"picked":"expansioncontent:DonusPower","floor":22},{"not_picked":["Twin Strike+1","Wild Strike+1","Life Link+1"],"picked":"SKIP","floor":23}],"player_experience":181199,"relics_obtained":[{"floor":7.0,"key":"Potion Belt"},{"floor":9.0,"key":"Pen Nib"},{"floor":11.0,"key":"Counterbalance"},{"floor":23,"key":"Dream Catcher"}],"event_choices":[{"cards_removed":["Strike_R"],"damage_healed":0.0,"max_hp_gain":0.0,"max_hp_loss":0.0,"gold_gain":0.0,"event_name":"Golden Wing","player_choice":"Card Removal","floor":2.0,"gold_loss":0.0,"damage_taken":7.0},{"damage_healed":58.0,"max_hp_gain":0.0,"max_hp_loss":80.0,"gold_gain":0.0,"event_name":"betterThird:BetterShining","player_choice":"Upgrade","floor":3.0,"gold_loss":0.0,"damage_taken":16.0,"cards_upgraded":["Bash","Defend_R"]},{"damage_healed":0,"gold_gain":0,"player_choice":"Machinery","damage_taken":0,"max_hp_gain":0,"max_hp_loss":0,"event_name":"Elementarium:IncubationChamber","floor":22,"gold_loss":0}],"is_beta":false,"boss_relics":[{"not_picked":["Empty Cage","SacredBark"],"picked":"Sozu"}],"items_purged_floors":[19],"is_endless":false,"potions_floor_spawned":[1,5,11,16,20,21],"killed_by":"Elementarium:FIRE_NOBILITY","ascension_level":7}}