{"host":"foq4mrde4mssg7vt","time":1608967832,"event":{"mods":["AchievementEnabler","BaseMod","Colored Map","Colored Powertips","Highlight Path","Minty Spire (QoL Compilation)","Relic Stats","everything is the same but u backflip on backflip"],"gold_per_floor":[110,121,133,133,143,178,178,211,266,296,314,314,329,359,359,438,438,438,438,438,438,438,438,438,438,438,438,438,438,288,288,288],"floor_reached":31,"playtime":1213,"items_purged":["Strike_R"],"score":474,"play_id":"81b81bc4-6bd7-42f3-989a-cf5f0a3bb014","local_time":"20201226153032","is_ascension_mode":true,"campfire_choices":[{"data":"Bash","floor":7.0,"key":"SMITH"},{"floor":15.0,"key":"REST"},{"floor":23.0,"key":"REST"},{"data":"True Grit","floor":25.0,"key":"SMITH"},{"floor":29,"key":"REST"}],"circlet_count":0,"master_deck":["AscendersBane","Strike_R","Strike_R","Strike_R","Strike_R","Defend_R","Defend_R","Defend_R+1","Defend_R+1","Bash+1","Anger","Sever Soul","Shrug It Off","Cleave","Flame Barrier","Disarm+1","Spot Weakness","Juggernaut","True Grit+1","Pommel Strike+1","Burning Pact","True Grit+1"],"relics":["Burning Blood","Torii","White Beast Statue","Darkstone Periapt","Nunchaku","War Paint","Bag of Marbles","Ectoplasm","Nilry\u0027s Codex","Juzu Bracelet"],"acts_visited":["Exordium","TheCity"],"potions_floor_usage":[28,28,31,31],"damage_taken":[{"damage":2.0,"enemies":"Cultist","floor":1.0,"turns":4.0},{"damage":0.0,"enemies":"Small Slimes","floor":2.0,"turns":3.0},{"damage":1.0,"enemies":"Jaw Worm","floor":3.0,"turns":4.0},{"damage":4.0,"enemies":"Gremlin Gang","floor":5.0,"turns":4.0},{"damage":14.0,"enemies":"Lagavulin","floor":6.0,"turns":7.0},{"damage":12.0,"enemies":"3 Sentries","floor":8.0,"turns":8.0},{"damage":16.0,"enemies":"Lagavulin","floor":10.0,"turns":5.0},{"damage":10.0,"enemies":"Large Slime","floor":11.0,"turns":4.0},{"damage":7.0,"enemies":"Looter","floor":13.0,"turns":3.0},{"damage":27.0,"enemies":"Gremlin Nob","floor":14.0,"turns":5.0},{"damage":16.0,"enemies":"The Guardian","floor":16.0,"turns":11.0},{"damage":9.0,"enemies":"Chosen","floor":18.0,"turns":5.0},{"damage":11.0,"enemies":"Shell Parasite","floor":20.0,"turns":7.0},{"damage":24.0,"enemies":"Centurion and Healer","floor":21.0,"turns":7.0},{"damage":19.0,"enemies":"Book of Stabbing","floor":24.0,"turns":6.0},{"damage":23.0,"enemies":"Cultist and Chosen","floor":27.0,"turns":7.0},{"damage":1,"enemies":"Snecko","floor":28,"turns":3},{"damage":37,"enemies":"Slavers","floor":31,"turns":4}],"seed_played":"-1437216037195371923","potions_obtained":[{"floor":1.0,"key":"HeartOfIron"},{"floor":3.0,"key":"DuplicationPotion"},{"floor":8.0,"key":"EssenceOfSteel"},{"floor":10.0,"key":"CultistPotion"},{"floor":21.0,"key":"AttackPotion"},{"floor":27.0,"key":"Fire Potion"},{"floor":28,"key":"Swift Potion"}],"is_trial":false,"path_per_floor":["M","M","M","?","M","E","R","E","T","E","M","?","M","E","R","B",null,"M","?","M","M","?","R","E","R","T","M","M","R","$","E"],"character_chosen":"IRONCLAD","items_purchased":["EssenceOfSteel"],"campfire_rested":3,"item_purchase_floors":[30],"current_hp_per_floor":[72,72,72,72,72,64,64,58,58,48,44,44,43,22,43,33,62,59,59,54,36,20,41,28,28,28,11,16,37,37,0,0],"gold":288,"neow_bonus":"ONE_RARE_RELIC","is_daily":false,"chose_seed":false,"campfire_upgraded":2,"win_rate":0.0,"timestamp":1608967832,"path_taken":["M","?","M","?","M","E","R","E","T","E","M","?","M","E","R","BOSS","M","?","?","M","?","R","E","R","T","M","M","R","$","E"],"items_purchased_type":["Potion"],"build_version":"2020-12-22","purchased_purges":1,"victory":false,"max_hp_per_floor":[72,72,72,72,72,72,72,72,72,72,72,72,72,72,72,72,72,72,72,72,72,72,72,72,72,72,72,72,72,72,72,72],"relic_stats":{"Darkstone Periapt":0,"Nunchaku":[12],"Torii":94,"counters":[18,97],"Ectoplasm":83,"Juzu Bracelet":0,"War Paint":["Defend_R","Defend_R"],"obtain_stats":[{"Darkstone Periapt":8,"Nunchaku":9,"Torii":0,"Nilry\u0027s Codex":22,"Ectoplasm":17,"Bag of Marbles":14,"Juzu Bracelet":24,"War Paint":10,"Burning Blood":0,"White Beast Statue":6},{"Darkstone Periapt":6,"Nunchaku":6,"Torii":0,"Nilry\u0027s Codex":14,"Ectoplasm":11,"Bag of Marbles":10,"Juzu Bracelet":15,"War Paint":7,"Burning Blood":0,"White Beast Statue":5},{"Darkstone Periapt":30,"Nunchaku":30,"Torii":0,"Nilry\u0027s Codex":77,"Ectoplasm":58,"Bag of Marbles":47,"Juzu Bracelet":83,"War Paint":35,"Burning Blood":0,"White Beast Statue":22}],"Burning Blood":85},"card_choices":[{"not_picked":["Searing Blow","Clothesline","Power Through"],"picked":"SKIP","floor":1.0},{"not_picked":["Evolve","Heavy Blade"],"picked":"Anger","floor":2.0},{"not_picked":["Thunderclap","Pommel Strike"],"picked":"Sever Soul","floor":3.0},{"not_picked":["Sword Boomerang","Body Slam"],"picked":"Shrug It Off","floor":5.0},{"not_picked":["Wild Strike","Entrench"],"picked":"Cleave","floor":6.0},{"not_picked":["Infernal Blade","Ghostly Armor"],"picked":"Flame Barrier","floor":8.0},{"not_picked":["Impervious","Flex","Sword Boomerang"],"picked":"SKIP","floor":10.0},{"not_picked":["Dark Embrace","Clothesline"],"picked":"Disarm","floor":11.0},{"not_picked":["Cleave","Perfected Strike"],"picked":"Spot Weakness","floor":13.0},{"not_picked":["Cleave","Warcry","Fiend Fire"],"picked":"SKIP","floor":14.0},{"not_picked":["Berserk","Demon Form"],"picked":"Juggernaut","floor":16.0},{"not_picked":["Clothesline","Rupture","Body Slam"],"picked":"SKIP","floor":18.0},{"not_picked":["Anger","Flex","Armaments"],"picked":"SKIP","floor":20.0},{"not_picked":["Sword Boomerang","Flex"],"picked":"True Grit","floor":21.0},{"not_picked":["Twin Strike","Clash"],"picked":"Pommel Strike+1","floor":24.0},{"not_picked":["Heavy Blade","Iron Wave"],"picked":"Burning Pact","floor":27.0},{"not_picked":["Headbutt","Sword Boomerang"],"picked":"True Grit+1","floor":28}],"player_experience":278800,"relics_obtained":[{"floor":6.0,"key":"White Beast Statue"},{"floor":8.0,"key":"Darkstone Periapt"},{"floor":9.0,"key":"Nunchaku"},{"floor":10.0,"key":"War Paint"},{"floor":14.0,"key":"Bag of Marbles"},{"floor":22.0,"key":"Nilry\u0027s Codex"},{"floor":24.0,"key":"Juzu Bracelet"}],"event_choices":[{"damage_healed":0.0,"max_hp_gain":0.0,"max_hp_loss":0.0,"gold_gain":0.0,"event_name":"Liars Game","player_choice":"Ignored","floor":4.0,"gold_loss":0.0,"damage_taken":0.0},{"damage_healed":0.0,"max_hp_gain":0.0,"max_hp_loss":0.0,"gold_gain":0.0,"event_name":"Living Wall","player_choice":"Grow","floor":12.0,"gold_loss":0.0,"damage_taken":0.0,"cards_upgraded":["Disarm"]},{"damage_healed":0.0,"max_hp_gain":0.0,"max_hp_loss":0.0,"gold_gain":0.0,"event_name":"Golden Shrine","player_choice":"Ignored","floor":19.0,"gold_loss":0.0,"damage_taken":0.0},{"damage_healed":0.0,"max_hp_gain":0.0,"max_hp_loss":0.0,"gold_gain":0.0,"event_name":"Cursed Tome","player_choice":"Obtained Book","floor":22.0,"gold_loss":0.0,"damage_taken":16.0}],"is_beta":false,"boss_relics":[{"not_picked":["Black Blood","Runic Pyramid"],"picked":"Ectoplasm"}],"items_purged_floors":[30],"is_endless":false,"potions_floor_spawned":[1,3,5,8,10,11,13,14,16,18,20,21,24,27,28],"killed_by":"Slavers","ascension_level":13}}