{"host":"zxkjcgzis4pm3za5","time":1608955306,"event":{"mods":["AchievementEnabler","BaseMod","Colored Map","Colored Powertips","Minty Spire (QoL Compilation)","Quick Restart","RNG Fix","Random Character Button","StSLib"],"gold_per_floor":[362,437,41,41,58,58,93,105,117,129,156,185,232,244,256,365,377,399,427,455,467,467],"floor_reached":21,"playtime":694,"items_purged":["Pain"],"score":284,"play_id":"a8718c85-fa67-41ee-b482-4c88033d65a5","local_time":"20201226093146","is_ascension_mode":true,"campfire_choices":[{"data":"Eruption","floor":6.0,"key":"SMITH"},{"data":"Devotion","floor":8.0,"key":"SMITH"},{"data":"Strike_P","floor":15.0,"key":"PURGE"}],"circlet_count":0,"master_deck":["AscendersBane","Strike_P","Strike_P","Strike_P","Defend_P","Defend_P","Defend_P","Eruption+1","Vigilance","CutThroughFate","BattleHymn","Crescendo","Devotion+1","EmptyFist","FollowUp","Omniscience","FlyingSleeves+1"],"relics":["PureWater","TeardropLocket","MawBank","Gremlin Horn","Dream Catcher","Peace Pipe","Busted Crown"],"acts_visited":["Exordium","TheCity"],"potions_floor_usage":[],"damage_taken":[{"damage":10.0,"enemies":"Cultist","floor":1.0,"turns":5.0},{"damage":6.0,"enemies":"Jaw Worm","floor":5.0,"turns":4.0},{"damage":16.0,"enemies":"Gremlin Nob","floor":7.0,"turns":3.0},{"damage":0.0,"enemies":"2 Louse","floor":11.0,"turns":2.0},{"damage":6.0,"enemies":"Looter","floor":12.0,"turns":3.0},{"damage":12.0,"enemies":"3 Sentries","floor":13.0,"turns":7.0},{"damage":5.0,"enemies":"Hexaghost","floor":16.0,"turns":6.0},{"damage":8.0,"enemies":"3 Byrds","floor":18.0,"turns":3.0},{"damage":26,"enemies":"Shell Parasite","floor":19,"turns":5},{"damage":7,"enemies":"Cultist and Chosen","floor":20,"turns":3},{"damage":16,"enemies":"Snake Plant","floor":21,"turns":1}],"seed_played":"1042938590757644497","potions_obtained":[{"floor":7.0,"key":"SpeedPotion"},{"floor":11.0,"key":"Dexterity Potion"},{"floor":12.0,"key":"SkillPotion"}],"is_trial":false,"path_per_floor":["M","?","$","?","M","R","E","R","T","?","M","M","E","T","R","B",null,"M","M","M","M"],"character_chosen":"WATCHER","items_purchased":["TeardropLocket","BattleHymn"],"campfire_rested":0,"item_purchase_floors":[3,3],"current_hp_per_floor":[55,48,48,48,42,42,26,26,26,26,26,20,8,8,8,3,55,47,21,14,0,0],"gold":467,"neow_bonus":"TWO_FIFTY_GOLD","is_daily":false,"chose_seed":false,"campfire_upgraded":2,"win_rate":0.0,"timestamp":1608955306,"path_taken":["M","?","$","?","?","R","E","R","T","?","M","M","E","?","R","BOSS","M","M","M","?"],"items_purchased_type":["Relic","Card"],"build_version":"2020-12-22","purchased_purges":1,"victory":false,"max_hp_per_floor":[72,72,72,72,72,72,72,72,72,72,72,72,72,72,72,72,72,72,72,72,72,72],"card_choices":[{"not_picked":["ForeignInfluence","InnerPeace"],"picked":"CutThroughFate","floor":1.0},{"not_picked":["EmptyBody","Evaluate"],"picked":"Crescendo","floor":5.0},{"not_picked":["ThirdEye","Protect"],"picked":"Devotion","floor":7.0},{"not_picked":["BowlingBash","JustLucky"],"picked":"EmptyFist","floor":11.0},{"not_picked":["EmptyFist","CutThroughFate"],"picked":"FollowUp","floor":12.0},{"not_picked":["ReachHeaven","MentalFortress","CrushJoints"],"picked":"SKIP","floor":13.0},{"not_picked":["Scrawl","ConjureBlade"],"picked":"Omniscience","floor":16.0},{"not_picked":["ReachHeaven"],"picked":"SKIP","floor":18.0},{"not_picked":["CrushJoints"],"picked":"SKIP","floor":19},{"not_picked":[],"picked":"FlyingSleeves+1","floor":20}],"player_experience":149485,"relics_obtained":[{"floor":7.0,"key":"MawBank"},{"floor":9.0,"key":"Gremlin Horn"},{"floor":13.0,"key":"Dream Catcher"},{"floor":14.0,"key":"Peace Pipe"}],"event_choices":[{"damage_healed":0.0,"max_hp_gain":0.0,"max_hp_loss":0.0,"gold_gain":75.0,"event_name":"FaceTrader","player_choice":"Touch","floor":2.0,"gold_loss":0.0,"damage_taken":7.0},{"cards_removed":["Defend_P"],"damage_healed":0.0,"max_hp_gain":0.0,"max_hp_loss":0.0,"gold_gain":0.0,"event_name":"Bonfire Elementals","player_choice":"Offered Basic","floor":4.0,"gold_loss":0.0,"damage_taken":0.0},{"damage_healed":0.0,"max_hp_gain":0.0,"max_hp_loss":0.0,"gold_gain":0.0,"event_name":"Liars Game","player_choice":"Ignored","floor":10.0,"gold_loss":0.0,"damage_taken":0.0}],"is_beta":false,"boss_relics":[{"not_picked":["Black Star","Calling Bell"],"picked":"Busted Crown"}],"items_purged_floors":[3],"is_endless":false,"potions_floor_spawned":[7,11,12],"killed_by":"Snake Plant","ascension_level":10}}