{"host":"z9811rt50ti81n54","time":1608990713,"event":{"mods":["BaseMod","Minty Spire (QoL Compilation)"],"gold_per_floor":[363,373,6,23,98,116,5,19,46,110,121,121,121],"floor_reached":12,"playtime":332,"items_purged":[],"score":86,"play_id":"d49d4689-7945-43a0-9b2c-3f27475b06b2","local_time":"20201226225153","is_ascension_mode":true,"campfire_choices":[],"circlet_count":0,"master_deck":["Strike_G","Strike_G","Strike_G","Strike_G","Strike_G","Defend_G","Defend_G","Defend_G","Defend_G","Defend_G","Survivor","Neutralize","Dash","Underhanded Strike","Footwork","Finesse","Poisoned Stab","Noxious Fumes","Deadly Poison","Eviscerate","Backflip","Catalyst"],"relics":["Ring of the Snake","Bronze Scales"],"acts_visited":["Exordium"],"potions_floor_usage":[12],"damage_taken":[{"damage":4,"enemies":"Small Slimes","floor":1,"turns":4},{"damage":2,"enemies":"Jaw Worm","floor":2,"turns":3},{"damage":0,"enemies":"2 Louse","floor":4,"turns":3},{"damage":2,"enemies":"Large Slime","floor":6,"turns":7},{"damage":1,"enemies":"3 Louse","floor":8,"turns":4},{"damage":0,"enemies":"Red Slaver","floor":11,"turns":4},{"damage":41,"enemies":"Gremlin Nob","floor":12,"turns":4}],"seed_played":"-4462594569580468305","potions_obtained":[{"floor":1,"key":"LiquidMemories"},{"floor":2,"key":"BlessingOfTheForge"}],"is_trial":false,"path_per_floor":["M","M","$","M","?","M","$","M","T","?","M","E"],"character_chosen":"THE_SILENT","items_purchased":["Footwork","Bronze Scales","Finesse","Poisoned Stab","Regen Potion","Eviscerate"],"campfire_rested":0,"item_purchase_floors":[3,3,3,3,7,7],"current_hp_per_floor":[45,43,43,43,32,30,30,29,29,29,29,0,0],"gold":121,"neow_bonus":"TWO_FIFTY_GOLD","is_daily":false,"chose_seed":false,"campfire_upgraded":0,"win_rate":0.0,"timestamp":1608990713,"path_taken":["M","M","$","M","?","M","?","M","T","?","M","E"],"items_purchased_type":["Card","Relic","Card","Card","Potion","Card"],"build_version":"2020-12-22","purchased_purges":0,"victory":false,"max_hp_per_floor":[70,70,70,70,70,70,70,70,70,70,70,70,70],"card_choices":[{"not_picked":["Distraction","Flechettes"],"picked":"Dash","floor":1},{"not_picked":["Bane","Acrobatics"],"picked":"Underhanded Strike","floor":2},{"not_picked":["Dagger Throw","Reflex"],"picked":"Noxious Fumes","floor":4},{"not_picked":["Noxious Fumes","Quick Slash"],"picked":"Deadly Poison","floor":6},{"not_picked":["Slice","Poisoned Stab"],"picked":"Backflip","floor":8},{"not_picked":["Dash","Blade Dance"],"picked":"Catalyst","floor":11}],"player_experience":232491,"relics_obtained":[],"event_choices":[{"damage_healed":0,"gold_gain":75,"player_choice":"Gather Gold","damage_taken":11,"max_hp_gain":0,"max_hp_loss":0,"event_name":"World of Goop","floor":5,"gold_loss":0},{"damage_healed":0,"gold_gain":64,"player_choice":"Gained Gold","damage_taken":0,"max_hp_gain":0,"max_hp_loss":0,"event_name":"Golden Wing","floor":10,"gold_loss":0}],"is_beta":false,"boss_relics":[],"items_purged_floors":[],"is_endless":false,"potions_floor_spawned":[1,2,11],"killed_by":"Gremlin Nob","ascension_level":4}}