{"host":"z9811rt50ti81n54","time":1608947554,"event":{"mods":["BaseMod","Minty Spire (QoL Compilation)"],"gold_per_floor":[113,113,188,188,213,213,229,229,229,254,274,274,305,319,319,449,449,473,473,496,520,520,520],"floor_reached":22,"playtime":735,"items_purged":[],"score":255,"play_id":"c40e4f75-81d6-4b56-ba7c-8ff4832c7f65","local_time":"20201226105234","is_ascension_mode":true,"campfire_choices":[{"data":"Crippling Poison","floor":6,"key":"SMITH"},{"data":"Catalyst","floor":12,"key":"SMITH"},{"data":"Phantasmal Killer","floor":15,"key":"SMITH"}],"circlet_count":0,"master_deck":["Survivor","Neutralize","Sucker Punch","Crippling Poison+1","Catalyst+1","Calculated Gamble","Poisoned Stab","Phantasmal Killer+1","Bane+1","Unload+1","Catalyst","Terror","Skewer+1","Night Terror","Masterful Stab+1","Bane+1","Infinite Blades","Riddle With Holes+1","Caltrops","Crippling Poison","Blur","Blur","Escape Plan","Backflip"],"relics":["Ring of the Snake","Golden Idol","WarpedTongs","Spirit Poop","Torii","Molten Egg 2","Pandora\u0027s Box"],"acts_visited":["Exordium","TheCity"],"potions_floor_usage":[1,13,16,16,22],"damage_taken":[{"damage":0,"enemies":"Small Slimes","floor":1,"turns":4},{"damage":2,"enemies":"Jaw Worm","floor":5,"turns":4},{"damage":3,"enemies":"Cultist","floor":7,"turns":4},{"damage":0,"enemies":"Large Slime","floor":10,"turns":5},{"damage":14,"enemies":"Exordium Thugs","floor":11,"turns":3},{"damage":0,"enemies":"Lagavulin","floor":13,"turns":5},{"damage":0,"enemies":"Gremlin Gang","floor":14,"turns":4},{"damage":13,"enemies":"Slime Boss","floor":16,"turns":8},{"damage":24,"enemies":"2 Thieves","floor":18,"turns":3},{"damage":1,"enemies":"Spheric Guardian","floor":20,"turns":4},{"damage":32,"enemies":"Snake Plant","floor":21,"turns":4},{"damage":18,"enemies":"Sentry and Sphere","floor":22,"turns":3}],"seed_played":"8573007808033740096","potions_obtained":[{"floor":0,"key":"LiquidMemories"},{"floor":0,"key":"LiquidBronze"},{"floor":0,"key":"PowerPotion"},{"floor":13,"key":"Fruit Juice"},{"floor":16,"key":"Fruit Juice"},{"floor":18,"key":"GamblersBrew"},{"floor":20,"key":"BlessingOfTheForge"}],"is_trial":false,"path_per_floor":["M","?","?","?","M","R","M","?","T","M","M","R","E","M","R","B",null,"M","?","M","M","M"],"character_chosen":"THE_SILENT","items_purchased":[],"campfire_rested":0,"item_purchase_floors":[],"current_hp_per_floor":[70,65,54,54,52,52,49,49,49,49,35,35,40,40,40,32,75,51,51,50,18,0,0],"gold":520,"neow_bonus":"THREE_SMALL_POTIONS","is_daily":false,"chose_seed":false,"campfire_upgraded":3,"win_rate":0.0,"timestamp":1608947554,"path_taken":["M","?","?","?","M","R","?","?","T","M","M","R","E","?","R","BOSS","M","?","M","?","M"],"items_purchased_type":[],"build_version":"2020-12-22","purchased_purges":0,"victory":false,"max_hp_per_floor":[70,65,65,65,65,65,65,65,65,65,65,65,70,70,70,75,75,75,75,75,75,75,75],"card_choices":[{"not_picked":["Finisher","Outmaneuver"],"picked":"Sucker Punch","floor":1},{"not_picked":["Dagger Throw","Poisoned Stab"],"picked":"Crippling Poison","floor":5},{"not_picked":["Deadly Poison","Dagger Spray"],"picked":"Catalyst","floor":7},{"not_picked":["Prepared","Accuracy"],"picked":"Calculated Gamble","floor":10},{"not_picked":["Flying Knee","Riddle With Holes"],"picked":"Poisoned Stab","floor":11},{"not_picked":["Masterful Stab+1","Quick Slash+1"],"picked":"Phantasmal Killer","floor":13},{"not_picked":["Crippling Poison","Prepared"],"picked":"Bane+1","floor":14},{"not_picked":["Phantasmal Killer","After Image"],"picked":"Unload+1","floor":16},{"not_picked":["Sucker Punch+1","Expertise"],"picked":"Blur","floor":18},{"not_picked":["Sucker Punch+1","Bane+1"],"picked":"Escape Plan","floor":20},{"not_picked":["Quick Slash+1","Sucker Punch+1"],"picked":"Backflip","floor":21}],"player_experience":224400,"relics_obtained":[{"floor":9,"key":"Torii"},{"floor":13,"key":"Molten Egg 2"}],"event_choices":[{"damage_healed":0,"gold_gain":0,"player_choice":"Lose Max HP","damage_taken":0,"relics_obtained":["Golden Idol"],"max_hp_gain":0,"max_hp_loss":5,"event_name":"Golden Idol","floor":2,"gold_loss":0},{"damage_healed":0,"gold_gain":75,"player_choice":"Gather Gold","damage_taken":11,"max_hp_gain":0,"max_hp_loss":0,"event_name":"World of Goop","floor":3,"gold_loss":0},{"damage_healed":0,"gold_gain":0,"player_choice":"Rummage","damage_taken":0,"relics_obtained":["WarpedTongs"],"max_hp_gain":0,"max_hp_loss":0,"event_name":"Accursed Blacksmith","floor":4,"gold_loss":0,"cards_obtained":["Pain"]},{"cards_removed":["Pain"],"damage_healed":0,"gold_gain":0,"player_choice":"Offered Curse","damage_taken":0,"relics_obtained":["Spirit Poop"],"max_hp_gain":0,"max_hp_loss":0,"event_name":"Bonfire Elementals","floor":8,"gold_loss":0},{"damage_healed":0,"gold_gain":0,"player_choice":"Copied","damage_taken":0,"max_hp_gain":0,"max_hp_loss":0,"event_name":"Duplicator","floor":19,"gold_loss":0,"cards_obtained":["Blur"]}],"is_beta":false,"boss_relics":[{"not_picked":["Tiny House","Runic Dome"],"picked":"Pandora\u0027s Box"}],"items_purged_floors":[],"is_endless":false,"potions_floor_spawned":[13,16,18,20],"killed_by":"Sentry and Sphere","ascension_level":4}}