{"host":"63rwe7p34ct1i0qu","time":1608965845,"event":{"mods":["BaseMod","Colored Map","DeckTracker","Minty Spire (QoL Compilation)","Permanent Neow","Quick Restart","StSLib"],"gold_per_floor":[119,132,149,162,182,182,202,233,233,233,244,169,169,192,192,311,311,331,347,347,347],"floor_reached":20,"playtime":591,"items_purged":["Strike_R"],"score":279,"play_id":"bf523699-213f-4cce-8c5e-a524fa34edbd","local_time":"20201226155725","is_ascension_mode":true,"campfire_choices":[{"data":"Wild Strike","floor":6,"key":"SMITH"},{"data":"Hemokinesis","floor":10,"key":"SMITH"},{"data":"Fiend Fire","floor":15,"key":"SMITH"}],"circlet_count":0,"master_deck":["AscendersBane","Defend_R","Defend_R","Defend_R","Bash","Headbutt","Wild Strike+1","Evolve","Second Wind","Hemokinesis+1","Second Wind","Fiend Fire+1","Immolate","Searing Blow+1","Armaments+1","Bloodletting+1","Cleave+1"],"relics":["Burning Blood","Frozen Egg 2","Incense Burner","Golden Idol","Astrolabe"],"acts_visited":["Exordium","TheCity"],"potions_floor_usage":[8,8,16,19,20],"damage_taken":[{"damage":6,"enemies":"Cultist","floor":1,"turns":3},{"damage":2,"enemies":"2 Louse","floor":2,"turns":4},{"damage":9,"enemies":"Jaw Worm","floor":3,"turns":3},{"damage":10,"enemies":"Large Slime","floor":4,"turns":6},{"damage":35,"enemies":"Lots of Slimes","floor":5,"turns":6},{"damage":1,"enemies":"3 Louse","floor":7,"turns":3},{"damage":17,"enemies":"Lagavulin","floor":8,"turns":4},{"damage":7,"enemies":"Looter","floor":11,"turns":3},{"damage":5,"enemies":"2 Fungi Beasts","floor":14,"turns":4},{"damage":21,"enemies":"Slime Boss","floor":16,"turns":7},{"damage":12,"enemies":"Chosen","floor":18,"turns":4},{"damage":32,"enemies":"3 Byrds","floor":19,"turns":5},{"damage":35,"enemies":"Sentry and Sphere","floor":20,"turns":3}],"seed_played":"2086791157847264273","potions_obtained":[{"floor":3,"key":"Weak Potion"},{"floor":5,"key":"EssenceOfSteel"},{"floor":7,"key":"Block Potion"},{"floor":14,"key":"Fire Potion"},{"floor":18,"key":"CultistPotion"},{"floor":19,"key":"BloodPotion"}],"is_trial":false,"path_per_floor":["M","M","M","M","M","R","M","E","T","R","M","$","?","M","R","B",null,"M","M","M"],"character_chosen":"IRONCLAD","items_purchased":[],"campfire_rested":0,"item_purchase_floors":[],"current_hp_per_floor":[72,72,69,65,36,36,41,30,30,30,29,29,29,30,30,15,54,48,35,0,0],"gold":347,"neow_bonus":"REMOVE_TWO","is_daily":false,"chose_seed":false,"campfire_upgraded":3,"win_rate":0.0,"timestamp":1608965845,"path_taken":["M","M","M","M","M","R","M","E","T","R","M","?","?","M","R","BOSS","M","M","M"],"items_purchased_type":[],"build_version":"2020-12-22","purchased_purges":1,"victory":false,"max_hp_per_floor":[72,72,72,72,72,72,72,72,72,72,72,72,67,67,67,67,67,67,67,67,67],"card_choices":[{"not_picked":["Clash","Thunderclap"],"picked":"Headbutt","floor":1},{"not_picked":["Rupture","Heavy Blade"],"picked":"Wild Strike","floor":2},{"not_picked":["Clothesline","Anger"],"picked":"Evolve","floor":3},{"not_picked":["Flex","Evolve","Havoc"],"picked":"SKIP","floor":4},{"not_picked":["Perfected Strike","Pommel Strike"],"picked":"Second Wind","floor":5},{"not_picked":["Burning Pact","Cleave"],"picked":"Hemokinesis","floor":7},{"not_picked":["Flex","Ghostly Armor"],"picked":"Second Wind","floor":8},{"not_picked":["Dual Wield","Uppercut","Heavy Blade"],"picked":"SKIP","floor":11},{"not_picked":["Pommel Strike","Body Slam"],"picked":"Fiend Fire","floor":14},{"not_picked":["Fiend Fire","Limit Break"],"picked":"Immolate","floor":16},{"not_picked":["Ghostly Armor","Sever Soul"],"picked":"Cleave+1","floor":18},{"not_picked":["Pummel","Sever Soul","Whirlwind"],"picked":"SKIP","floor":19}],"player_experience":817436,"relics_obtained":[{"floor":8,"key":"Frozen Egg 2"},{"floor":9,"key":"Incense Burner"}],"event_choices":[{"damage_healed":0,"gold_gain":0,"player_choice":"Lose Max HP","damage_taken":0,"relics_obtained":["Golden Idol"],"max_hp_gain":0,"max_hp_loss":5,"event_name":"Golden Idol","floor":13,"gold_loss":0}],"is_beta":false,"boss_relics":[{"not_picked":["Black Star","Fusion Hammer"],"picked":"Astrolabe"}],"items_purged_floors":[12],"is_endless":false,"potions_floor_spawned":[3,5,7,14,18,19],"killed_by":"Sentry and Sphere","ascension_level":11}}