{"host":"y0bd7w0ygdkuenhq","time":1608977904,"event":{"mods":["BaseMod","BetterRewards","Hermit","Infinite Spire","Marisa????????","Minty Spire (QoL Compilation)","Replay The Spire","StSLib","The Animator","The Cursed","The Servant 0.9.4"],"gold_per_floor":[118,143,170,180,126,126,151,169,195,123,123,133,133,164,164,164,164],"floor_reached":16,"playtime":504,"items_purged":[],"score":133,"play_id":"dc37be78-ab75-4ee4-bd6f-8b474fe0b094","local_time":"20201226041824","is_ascension_mode":false,"campfire_choices":[{"floor":6,"key":"RECALL"},{"floor":15,"key":"REST"}],"circlet_count":0,"master_deck":["hermit:Strike_Hermit","hermit:Strike_Hermit","hermit:Strike_Hermit","hermit:Strike_Hermit","hermit:Defend_Hermit","hermit:Defend_Hermit","hermit:Defend_Hermit","hermit:Defend_Hermit","hermit:Snapshot","hermit:Covet","hermit:WideOpen","hermit:Dive","hermit:TrackingShot","hermit:PistolWhip","hermit:EyeOfTheStorm","Pot Of Greed","Pot Of Greed","hermit:TakeCover","hermit:Shortfuse","infinitespire:SevenWalls","hermit:CursedWeapon+1","hermit:Snipe"],"relics":["hermit:Momento","NeowsBlessing","Dream Catcher","Gremlin Food","Grinning Jar","Shuriken","Frozen Egg 2"],"acts_visited":["Exordium"],"potions_floor_usage":[8,14],"damage_taken":[{"damage":0,"enemies":"Cultist","floor":1,"turns":1},{"damage":0,"enemies":"Jaw Worm","floor":4,"turns":1},{"damage":0,"enemies":"Gremlin Nob","floor":7,"turns":1},{"damage":0,"enemies":"Small Slimes","floor":8,"turns":2},{"damage":15,"enemies":"2 Fungi Beasts","floor":12,"turns":4},{"damage":23,"enemies":"Lagavulin","floor":14,"turns":8},{"damage":30,"enemies":"Slime Boss","floor":16,"turns":4}],"seed_played":"-2991904847170052285","potions_obtained":[{"floor":1,"key":"Energy Potion"},{"floor":4,"key":"Weak Potion"}],"is_trial":false,"path_per_floor":["M","T","T","M","$","R","E","M","T","$","T","M","?","E","R","B"],"character_chosen":"HERMIT","items_purchased":["hermit:TrackingShot","hermit:TakeCover"],"campfire_rested":1,"item_purchase_floors":[5,10],"current_hp_per_floor":[75,75,75,75,75,75,75,75,75,75,75,60,43,20,42,12,12],"gold":164,"neow_bonus":"THREE_ENEMY_KILL","is_daily":false,"chose_seed":false,"campfire_upgraded":0,"win_rate":0.0,"timestamp":1608977904,"path_taken":["M","?","?","M","$","R","E","M","T","?","?","?","?","E","R","BOSS"],"items_purchased_type":["Card","Card"],"build_version":"2020-12-22","purchased_purges":0,"victory":false,"max_hp_per_floor":[75,75,75,75,75,75,75,75,75,75,75,75,75,75,75,75,75],"card_choices":[{"not_picked":["hermit:FlashPowder","hermit:LoneWolf"],"picked":"hermit:WideOpen","floor":1},{"not_picked":["hermit:Shortfuse","hermit:Cheat"],"picked":"hermit:Dive","floor":4},{"not_picked":["hermit:FlashPowder","hermit:Desperado"],"picked":"hermit:PistolWhip","floor":7},{"not_picked":["hermit:Malice","hermit:CalledShot"],"picked":"hermit:EyeOfTheStorm","floor":8},{"not_picked":["hermit:Virtue","hermit:Headshot"],"picked":"hermit:Shortfuse","floor":12},{"not_picked":["infinitespire:Gouge","ReplayTheSpireMod:Echoes of Time"],"picked":"infinitespire:SevenWalls","floor":13},{"not_picked":["hermit:CalledShot","hermit:Feint"],"picked":"hermit:CursedWeapon","floor":14},{"not_picked":["hermit:Scavenge","hermit:Desperado"],"picked":"hermit:Snipe","floor":15}],"player_experience":49710,"relics_obtained":[{"floor":3,"key":"Dream Catcher"},{"floor":7,"key":"Gremlin Food"},{"floor":9,"key":"Grinning Jar"},{"floor":11,"key":"Shuriken"},{"floor":14,"key":"Frozen Egg 2"}],"event_choices":[],"is_beta":false,"boss_relics":[],"items_purged_floors":[],"is_endless":false,"potions_floor_spawned":[1,4],"killed_by":"Slime Boss","ascension_level":0}}