{"host":"Ansgar","time":1608959667,"event":{"mods":["AchievementEnabler","BaseMod","Colored Map","Highlight Path","Minty Spire (QoL Compilation)","Relic Stats","StSLib"],"gold_per_floor":[113,263,263,275,107,142,161,175,175,175,201,28,47,77,77,77,77],"floor_reached":16,"playtime":905,"items_purged":["Doubt"],"score":290,"play_id":"7563c23b-a0a8-46c7-b1d1-890f76644431","local_time":"20201226061427","is_ascension_mode":true,"campfire_choices":[{"data":"Hologram","floor":10,"key":"SMITH"},{"floor":15,"key":"REST"}],"circlet_count":0,"master_deck":["AscendersBane","Strike_B","Strike_B","Strike_B","Strike_B","Defend_B","Defend_B","Defend_B","Defend_B","Zap","Dualcast","Chaos","Conserve Battery","Doom and Gloom","Coolheaded","Hologram+1","Sweeping Beam","Darkness","Double Energy","Turbo","BowlingBash"],"relics":["Cracked Core","NeowsBlessing","Lantern","Frozen Egg 2","Art of War","Mercury Hourglass","PrismaticShard","Bronze Scales"],"acts_visited":["Exordium"],"potions_floor_usage":[14],"damage_taken":[{"damage":0,"enemies":"2 Louse","floor":1,"turns":1},{"damage":0,"enemies":"Small Slimes","floor":4,"turns":1},{"damage":0,"enemies":"Gremlin Nob","floor":6,"turns":1},{"damage":0,"enemies":"Cultist","floor":7,"turns":3},{"damage":1,"enemies":"Looter","floor":8,"turns":3},{"damage":19,"enemies":"3 Sentries","floor":11,"turns":5},{"damage":9,"enemies":"2 Fungi Beasts","floor":13,"turns":2},{"damage":10,"enemies":"Lagavulin","floor":14,"turns":4},{"damage":48,"enemies":"The Guardian","floor":16,"turns":8}],"seed_played":"-7796521523051661239","potions_obtained":[{"floor":1,"key":"Ancient Potion"},{"floor":6,"key":"FearPotion"},{"floor":13,"key":"PowerPotion"}],"is_trial":false,"path_per_floor":["M","?","?","M","$","E","M","M","T","R","E","$","M","E","R","B"],"character_chosen":"DEFECT","items_purchased":["Doom and Gloom","Coolheaded","PrismaticShard"],"campfire_rested":1,"item_purchase_floors":[5,5,12],"current_hp_per_floor":[64,64,64,64,64,64,64,63,63,63,44,44,35,25,46,0,0],"gold":77,"neow_bonus":"THREE_ENEMY_KILL","is_daily":false,"chose_seed":false,"campfire_upgraded":1,"win_rate":0.0,"timestamp":1608959667,"path_taken":["M","?","?","M","$","E","?","M","T","R","E","$","M","E","R","BOSS"],"items_purchased_type":["Card","Card","Relic"],"build_version":"2020-12-18","purchased_purges":1,"victory":false,"max_hp_per_floor":[71,71,71,71,71,71,71,71,71,71,71,71,71,71,71,71,71],"relic_stats":{"counters":[9,28],"Bronze Scales":[15],"Art of War":[6],"obtain_stats":[{"Lantern":3,"NeowsBlessing":0,"Bronze Scales":14,"Art of War":9,"Frozen Egg 2":6,"Cracked Core":0,"PrismaticShard":12,"Mercury Hourglass":11},{"Lantern":1,"NeowsBlessing":0,"Bronze Scales":8,"Art of War":5,"Frozen Egg 2":3,"Cracked Core":0,"PrismaticShard":6,"Mercury Hourglass":6},{"Lantern":1,"NeowsBlessing":0,"Bronze Scales":20,"Art of War":9,"Frozen Egg 2":3,"Cracked Core":0,"PrismaticShard":14,"Mercury Hourglass":14}],"Mercury Hourglass":[39]},"card_choices":[{"not_picked":["Beam Cell","Go for the Eyes"],"picked":"Chaos","floor":1},{"not_picked":["Barrage","Stack"],"picked":"Conserve Battery","floor":4},{"not_picked":["Auto Shields","Skim"],"picked":"Hologram","floor":6},{"not_picked":["Hologram","Heatsinks+1"],"picked":"Sweeping Beam","floor":7},{"not_picked":["BootSequence","Genetic Algorithm"],"picked":"Darkness","floor":8},{"not_picked":["Stack","Aggregate"],"picked":"Double Energy","floor":11},{"not_picked":["Wild Strike","Thunderclap"],"picked":"Turbo","floor":13},{"not_picked":["Scrape","Gash"],"picked":"BowlingBash","floor":14}],"player_experience":1216408,"relics_obtained":[{"floor":6,"key":"Frozen Egg 2"},{"floor":9,"key":"Art of War"},{"floor":11,"key":"Mercury Hourglass"},{"floor":14,"key":"Bronze Scales"}],"event_choices":[{"damage_healed":0,"gold_gain":150,"player_choice":"AGREE","damage_taken":0,"max_hp_gain":0,"max_hp_loss":0,"event_name":"Liars Game","floor":2,"gold_loss":0,"cards_obtained":["Doubt"]},{"damage_healed":0,"gold_gain":0,"player_choice":"Gave Potion","damage_taken":0,"relics_obtained":["Lantern"],"max_hp_gain":0,"max_hp_loss":0,"event_name":"WeMeetAgain","floor":3,"gold_loss":0}],"is_beta":true,"boss_relics":[],"items_purged_floors":[5],"is_endless":false,"potions_floor_spawned":[1,6,13],"killed_by":"The Guardian","ascension_level":20}}