{"host":"nh8rc3jipwgi5qu3","time":1608941242,"event":{"mods":["Act Like it!","Aspiration","BaseMod","Better Third Choice","Colored Map","Colored Powertips","DeckTracker","Elementarium","Energized Spire","GifTheSpireLib","GungeonMod","Hubris","Humility","Infinite Spire","Ironclad Rager","Lobotomy","Marked Mod","Mimic Mod","Minty Spire (QoL Compilation)","Relic Stats","Replay The Spire","Reworked Bosses","Spikes Relics","StSLib","Stuff the Spire","SuperFastMode"],"gold_per_floor":[11,25,35,35,35,35,35],"floor_reached":6,"playtime":847,"items_purged":[],"score":36,"play_id":"98b25e0e-7215-47b4-a8db-bde90d084ce4","local_time":"20201226010722","is_ascension_mode":false,"campfire_choices":[],"circlet_count":0,"master_deck":["Strike_G","Strike_G","Strike_G","Strike_G","Strike_G","Defend_G","Defend_G","Defend_G","Defend_G","Defend_G","Survivor","Neutralize","Thinking Ahead","Poisoned Stab","PiercingWail","Toxin Wave","hubris:Fate"],"relics":["Ring of the Snake"],"acts_visited":["Exordium"],"potions_floor_usage":[6],"damage_taken":[{"damage":2,"enemies":"Small Slimes","floor":1,"turns":4},{"damage":0,"enemies":"2 Louse","floor":2,"turns":2},{"damage":12,"enemies":"Jaw Worm","floor":3,"turns":5},{"damage":40,"enemies":"3 Sentries","floor":6,"turns":7}],"seed_played":"5226261304323827394","potions_obtained":[{"floor":2,"key":"CultistPotion"}],"is_trial":false,"path_per_floor":["M","M","M","$","?","E"],"character_chosen":"THE_SILENT","items_purchased":[],"campfire_rested":0,"item_purchase_floors":[],"current_hp_per_floor":[68,68,56,56,40,0,0],"gold":35,"neow_bonus":"RANDOM_COLORLESS_2","is_daily":false,"chose_seed":false,"campfire_upgraded":0,"win_rate":0.0,"timestamp":1608941242,"path_taken":["M","M","M","$","?","E"],"items_purchased_type":[],"build_version":"2020-12-22","purchased_purges":0,"victory":false,"max_hp_per_floor":[70,70,70,70,70,70,70],"relic_stats":{"counters":[4,18],"obtain_stats":[{"DemoMod:GlassGuonStoneRelic":3,"Ring of the Snake":0},{"DemoMod:GlassGuonStoneRelic":3,"Ring of the Snake":0},{"DemoMod:GlassGuonStoneRelic":11,"Ring of the Snake":0}],"Ring of the Snake":[8]},"card_choices":[{"not_picked":["StuffTheSpire:Recharge","Transmutation"],"picked":"Thinking Ahead","floor":0},{"not_picked":["StuffTheSpire:ClusterCrunch","StuffTheSpire:MirrorStance"],"picked":"Poisoned Stab","floor":1},{"not_picked":["Underhanded Strike","Well Laid Plans"],"picked":"PiercingWail","floor":2},{"not_picked":["Slice","Sucker Punch"],"picked":"Toxin Wave","floor":3},{"not_picked":["infinitespire:Starlight","ReplayTheSpireMod:??????????????????????"],"picked":"hubris:Fate","floor":5}],"player_experience":191057,"relics_obtained":[],"event_choices":[],"is_beta":false,"boss_relics":[],"items_purged_floors":[],"is_endless":false,"potions_floor_spawned":[2],"killed_by":"3 Sentries","ascension_level":0}}