{"host":"j5gdvqtwmxqn6tw6","time":1608999916,"event":{"mods":["BaseMod","Colored Map","Colored Powertips","Downfall","Hermit","Marisa????????","Minty Spire (QoL Compilation)","Replay The Spire","StSLib","SuperFastMode","The Servant 0.9.4"],"gold_per_floor":[113,130,130,130,55,90,90,90,168,197,197,209,235,247,247,345,345,358,358,378,378,392,425,425,439,466,416,26,37,50,68,68,164,164,179,198,148,162,216,244,244,260,306,317,317,0,13,29,29,29],"floor_reached":51,"playtime":3182,"items_purged":["Defend_S","DoubleEdge"],"score":786,"play_id":"06b15912-3b6b-4a2c-b503-efc0d222be65","local_time":"20201226172515","is_ascension_mode":false,"campfire_choices":[{"data":"Read","floor":8,"key":"SMITH"},{"data":"Contraction","floor":11,"key":"SMITH"},{"data":"KidneyShot","floor":15,"key":"SMITH"},{"floor":24,"key":"REST"},{"data":"Sunlight","floor":32,"key":"SMITH"},{"data":"KillingDoll","floor":41,"key":"SMITH"},{"data":"Sunlight","floor":41,"key":"SMITH"},{"floor":45,"key":"REST"},{"floor":49,"key":"DIG"}],"circlet_count":0,"master_deck":["Strike_S","Strike_S","Strike_S","Defend_S","Defend_S","Defend_S","KidneyShot+1","Exchange","Read+1","Contraction+1","Initiator+1","Ricochet","SilverBlades+1","SilverBlades+1","TrueSight+1","Sunlight+1","Defy+1","Defy+1","Sunlight+1","Finesse+1","TheWorld+1","InstantArmor+1","KillingDoll+1","GearUp+1","Defy+1"],"relics":["Uniform","NeowsBlessing","Replay:PocketPolymizer","Toxic Egg 2","Frozen Egg 2","Toy Ornithopter","Smiling Mask","StoneMask","Simple Rune","Boot","Bag of Marbles","Lee\u0027s Waffle","Sozu","Replay:Arrowhead","Blue Doll","Bag of Preparation","Red Mask","Golden Egg"],"acts_visited":["Exordium","TheCity","TheBeyond"],"potions_floor_usage":[2,16,23,23,30,39],"damage_taken":[{"damage":0,"enemies":"2 Louse","floor":1,"turns":1},{"damage":0,"enemies":"Jaw Worm","floor":2,"turns":1},{"damage":0,"enemies":"3 Sentries","floor":6,"turns":1},{"damage":3,"enemies":"Lagavulin","floor":10,"turns":10},{"damage":0,"enemies":"Cultist","floor":12,"turns":3},{"damage":0,"enemies":"Large Slime","floor":14,"turns":3},{"damage":35,"enemies":"Hexaghost","floor":16,"turns":12},{"damage":32,"enemies":"3 Byrds","floor":18,"turns":6},{"damage":19,"enemies":"Chosen","floor":20,"turns":7},{"damage":12,"enemies":"Centurion and Healer","floor":22,"turns":10},{"damage":34,"enemies":"Slavers","floor":23,"turns":6},{"damage":0,"enemies":"Snake Plant","floor":25,"turns":6},{"damage":24,"enemies":"Cultist and Chosen","floor":29,"turns":6},{"damage":0,"enemies":"3 Cultists","floor":30,"turns":3},{"damage":28,"enemies":"Snake Plant","floor":31,"turns":5},{"damage":32,"enemies":"Automaton","floor":33,"turns":10},{"damage":1,"enemies":"Orb Walker","floor":35,"turns":3},{"damage":0,"enemies":"3 Darklings","floor":36,"turns":1},{"damage":0,"enemies":"4 Shapes","floor":38,"turns":2},{"damage":48,"enemies":"2 Orb Walkers","floor":39,"turns":6},{"damage":0,"enemies":"Giant Head","floor":40,"turns":7},{"damage":19,"enemies":"Jaw Worm Horde","floor":42,"turns":4},{"damage":0,"enemies":"Maw","floor":44,"turns":5},{"damage":0,"enemies":"4 Shapes","floor":47,"turns":1},{"damage":0,"enemies":"3 Darklings","floor":48,"turns":2},{"damage":33,"enemies":"Time Eater","floor":50,"turns":13}],"seed_played":"-3438828679256570348","potions_obtained":[{"floor":1,"key":"Fruit Juice"},{"floor":12,"key":"Milkshake"},{"floor":16,"key":"Strength Potion"},{"floor":18,"key":"Dexterity Potion"},{"floor":23,"key":"Venom Potion"},{"floor":33,"key":"Flashbang"}],"is_trial":false,"path_per_floor":["M","M","?","?","$","E","?","R","T","E","R","M","T","M","R","B",null,"M","?","M","?","M","E","R","M","T","?","$","M","M","M","R_BF","B",null,"M","M","$","M","?","E","R","M","T","M","R","?","M","M","R_BF","B",null],"character_chosen":"THE_SERVANT","items_purchased":["Bag of Marbles","Lee\u0027s Waffle","Finesse+1"],"campfire_rested":2,"item_purchase_floors":[28,28,28],"current_hp_per_floor":[65,70,70,67,67,67,67,67,67,64,64,64,64,64,64,34,70,47,47,31,31,25,10,33,36,36,36,87,68,82,57,57,28,94,95,96,96,100,63,66,66,56,56,59,91,91,103,106,106,76],"gold":29,"neow_bonus":"THREE_ENEMY_KILL","is_daily":false,"chose_seed":false,"campfire_upgraded":6,"win_rate":0.0,"timestamp":1608999915,"path_taken":["M","M","?","?","$","E","?","R","T","E","R","M","?","?","R","BOSS","M","?","M","?","M","E","R","?","T","?","$","M","M","M","R_BF","BOSS","M","M","$","?","?","E","R","M","T","M","R","?","M","?","R_BF","BOSS"],"items_purchased_type":["Relic","Relic","Card"],"build_version":"2020-12-22","purchased_purges":2,"victory":true,"max_hp_per_floor":[65,70,70,70,70,70,70,70,70,70,70,70,70,70,70,70,70,73,73,74,74,76,79,79,80,80,80,87,89,92,93,93,94,94,95,96,96,100,102,103,103,106,106,107,107,107,111,112,112,113],"card_choices":[{"not_picked":["Deadline","TimeTheft"],"picked":"Read","floor":1},{"not_picked":["Alleviate","Read"],"picked":"Contraction","floor":2},{"not_picked":["Spin","DoubleEdge"],"picked":"Ricochet","floor":6},{"not_picked":["RealityMarble+1","Unruled"],"picked":"SilverBlades+1","floor":10},{"not_picked":["DoubleEdge","Rearm+1"],"picked":"SilverBlades+1","floor":12},{"not_picked":["Advance+1","Manipulate+1"],"picked":"TrueSight+1","floor":14},{"not_picked":["PendulumOfEternity","ForgedInTime+1"],"picked":"Sunlight","floor":16},{"not_picked":["TimeWarp","DualDimension+1"],"picked":"Defy+1","floor":18},{"not_picked":["ShatteredReality+1","Alleviate+1"],"picked":"Defy+1","floor":20},{"not_picked":["Gouge+1","Spin"],"picked":"DoubleEdge","floor":22},{"not_picked":["FloweringNight+1","SpecialFormula+1","FastForward+1"],"picked":"SKIP","floor":23},{"not_picked":["Rearm+1","TimeWarp","Rewind+1"],"picked":"SKIP","floor":25},{"not_picked":["BottledTime+1","RealityMarble+1","Potential"],"picked":"SKIP","floor":29},{"not_picked":["Replace+1","Starlight+1"],"picked":"TheWorld+1","floor":30},{"not_picked":["TimeWarp","Alleviate+1"],"picked":"InstantArmor+1","floor":31},{"not_picked":["Deny+1","FloweringNight+1"],"picked":"KillingDoll","floor":33},{"not_picked":["Replace+1","ShiftingGears+1"],"picked":"GearUp+1","floor":35},{"not_picked":["Starlight","Sabotage"],"picked":"Defy+1","floor":36},{"not_picked":["TimeTheft+1","FastForward+1","Defy+1"],"picked":"SKIP","floor":38},{"not_picked":["ShiftingGears+1","Moondial+1","Revamp+1"],"picked":"SKIP","floor":40},{"not_picked":["DoubleEdge","SpecialFormula+1","BottledTime+1"],"picked":"SKIP","floor":42},{"not_picked":["FastForward+1","Spin+1","Advance+1"],"picked":"SKIP","floor":44},{"not_picked":["TimeWarp","Solidify+1","ShiftingGears+1"],"picked":"SKIP","floor":47},{"not_picked":["Alleviate+1","Reset+1","BottledTime+1"],"picked":"SKIP","floor":48}],"player_experience":77123,"relics_obtained":[{"floor":6,"key":"Toxic Egg 2"},{"floor":9,"key":"Frozen Egg 2"},{"floor":10,"key":"Toy Ornithopter"},{"floor":13,"key":"Smiling Mask"},{"floor":23,"key":"Simple Rune"},{"floor":26,"key":"Boot"},{"floor":39,"key":"Replay:Arrowhead"},{"floor":40,"key":"Blue Doll"},{"floor":43,"key":"Bag of Preparation"},{"floor":49,"key":"Golden Egg"}],"event_choices":[{"damage_healed":0,"gold_gain":0,"player_choice":"Success","damage_taken":3,"relics_obtained":["Replay:PocketPolymizer"],"max_hp_gain":0,"max_hp_loss":0,"event_name":"Scrap Ooze","floor":4,"gold_loss":0},{"damage_healed":0,"gold_gain":0,"player_choice":"Ignored","damage_taken":0,"max_hp_gain":0,"max_hp_loss":0,"event_name":"Liars Game","floor":7,"gold_loss":0},{"damage_healed":0,"gold_gain":0,"player_choice":"Copied","damage_taken":0,"max_hp_gain":0,"max_hp_loss":0,"event_name":"Duplicator","floor":21,"gold_loss":0,"cards_obtained":["Sunlight"]},{"damage_healed":0,"gold_gain":0,"player_choice":"Bet on Murderer","damage_taken":0,"max_hp_gain":0,"max_hp_loss":0,"event_name":"The Joust","floor":27,"gold_loss":50},{"damage_healed":0,"gold_gain":0,"player_choice":"Fight","damage_taken":0,"max_hp_gain":0,"max_hp_loss":0,"event_name":"Mysterious Sphere","floor":39,"gold_loss":0},{"damage_healed":0,"gold_gain":0,"player_choice":"Paid","damage_taken":0,"relics_obtained":["Red Mask"],"max_hp_gain":0,"max_hp_loss":0,"event_name":"Tomb of Lord Red Mask","floor":46,"gold_loss":317}],"is_beta":false,"boss_relics":[{"not_picked":["SacredBark","Philosopher\u0027s Stone"],"picked":"StoneMask"},{"not_picked":["Empty Cage","Replay:Drink Me"],"picked":"Sozu"}],"items_purged_floors":[5,37],"is_endless":false,"potions_floor_spawned":[1,12,16,18,23,33,35,36,40,47],"ascension_level":0}}