{"host":"0jm2u9rma46qko29","time":1608969808,"event":{"mods":["Act Like it!","BaseMod","Better Altar","Better Note","Better Skull","Better Third Choice","CapriCore","Friendly Minions","Hermit","JesterMod","Marisa????????","Minty Spire (QoL Compilation)","Relic Stats","Robot Space Explorer","Shade Mod","Shop Mod","StSLib","The Marked","UnlockEverythingMod","Waifu the Spire"],"gold_per_floor":[118,193,74,54,27,59,72,99,125,125,137,137,212,232,232,337,337,357,58,58,58,69,69,80,95,95,95,120,120,154,169,169,270,270,286,286,297,297,297],"floor_reached":38,"playtime":4598,"items_purged":["theMarked:Strike"],"score":472,"play_id":"4c51e768-b1a4-485b-90c5-a54e77f6e395","local_time":"20201226020328","is_ascension_mode":false,"campfire_choices":[{"data":"theMarked:SoldierOfQuellstein","floor":10,"key":"SMITH"},{"data":"theMarked:DeterminationOfTheMarked","floor":12,"key":"SMITH"},{"data":"theMarked:ComboAttacks","floor":15,"key":"SMITH"},{"floor":23,"key":"REST"},{"floor":27,"key":"REST"},{"floor":32,"key":"REST"}],"circlet_count":0,"master_deck":["theMarked:Defend","theMarked:Defend","theMarked:Defend","theMarked:Defend","theMarked:SoldierOfQuellstein+1","theMarked:SwordAndMagic","theMarked:HeritageOfTheMarked","theMarked:RepellingDischarge","theMarked:Frustration","theMarked:Frustration","theMarked:BanishingStrike","theMarked:Opportunist","theMarked:DeterminationOfTheMarked+1","theMarked:ComboAttacks+1","theMarked:BindingBlade","theMarked:WardOff","theMarked:MysticalArsenal","theMarked:RepellingDischarge","theMarked:Indomitable+1","theMarked:Overcharge","theMarked:Overthink+1","Bite","Bite","Bite","Bite","Bite","theMarked:EnhancedHearing","theMarked:StartUp","theMarked:Challenge","theMarked:BanishingStrike"],"relics":["theMarked:ArtifactOfAir","NeowsBlessing","Pen Nib","Orichalcum","Anchor","SlaversCollar","Sling","Bloody Idol","theMarked:Gun","Darkstone Periapt","Calipers","Philosopher\u0027s Stone"],"acts_visited":["Exordium","TheCity","TheBeyond"],"potions_floor_usage":[8,24,25,28,30,30,35],"damage_taken":[{"damage":0,"enemies":"2 Louse","floor":1,"turns":1},{"damage":0,"enemies":"Gremlin Nob","floor":6,"turns":1},{"damage":0,"enemies":"Small Slimes","floor":7,"turns":1},{"damage":21,"enemies":"3 Sentries","floor":8,"turns":7},{"damage":1,"enemies":"Cultist","floor":11,"turns":3},{"damage":0,"enemies":"Looter","floor":14,"turns":2},{"damage":13,"enemies":"The Guardian","floor":16,"turns":9},{"damage":15,"enemies":"2 Thieves","floor":18,"turns":4},{"damage":13,"enemies":"Spheric Guardian","floor":22,"turns":4},{"damage":14,"enemies":"Shelled Parasite and Fungi","floor":24,"turns":4},{"damage":9,"enemies":"Centurion and Healer","floor":25,"turns":5},{"damage":18,"enemies":"Book of Stabbing","floor":28,"turns":4},{"damage":30,"enemies":"Gremlin Leader","floor":30,"turns":5},{"damage":17,"enemies":"3 Cultists","floor":31,"turns":6},{"damage":9,"enemies":"Champ","floor":33,"turns":7},{"damage":54,"enemies":"3 Darklings","floor":35,"turns":6},{"damage":2,"enemies":"3 Shapes","floor":37,"turns":6},{"damage":68,"enemies":"Transient","floor":38,"turns":5}],"seed_played":"-7398388361237588100","potions_obtained":[{"floor":1,"key":"Regen Potion"},{"floor":4,"key":"DistilledChaos"},{"floor":14,"key":"Explosive Potion"},{"floor":16,"key":"EssenceOfSteel"},{"floor":25,"key":"EssenceOfSteel"},{"floor":28,"key":"Dexterity Potion"},{"floor":31,"key":"FairyPotion"},{"floor":33,"key":"SkillPotion"}],"is_trial":false,"path_per_floor":["M","?","$","?","$","E","M","E","T","R","M","R","?","M","R","B",null,"M","$","?","?","M","R","M","M","T","R","E","?","E","M","R","B",null,"M","?","M","M"],"character_chosen":"THE_DEFAULT","items_purchased":["theMarked:HeritageOfTheMarked","theMarked:RepellingDischarge","theMarked:Frustration","Sling","theMarked:MysticalArsenal","theMarked:RepellingDischarge"],"campfire_rested":3,"item_purchase_floors":[3,3,5,19,19,19],"current_hp_per_floor":[70,59,59,59,59,59,59,38,38,38,37,37,30,30,30,17,70,55,55,55,20,12,33,24,29,29,50,37,37,28,26,40,49,49,14,14,23,0,0],"gold":297,"neow_bonus":"THREE_ENEMY_KILL","is_daily":false,"chose_seed":false,"campfire_upgraded":3,"win_rate":0.0,"timestamp":1608969808,"path_taken":["M","?","$","?","$","E","?","E","T","R","M","R","?","M","R","BOSS","M","$","?","?","M","R","M","M","T","R","E","?","E","M","R","BOSS","M","?","M","M"],"items_purchased_type":["Card","Card","Card","Relic","Card","Card"],"build_version":"2020-12-22","purchased_purges":1,"victory":false,"max_hp_per_floor":[70,70,70,70,70,70,70,70,70,70,70,70,70,70,70,70,70,70,70,70,70,70,70,70,70,70,70,70,49,49,49,49,49,49,49,49,49,49,49],"relic_stats":{"Darkstone Periapt":0,"counters":[18,79],"Bloody Idol":40,"Pen Nib":[18],"Orichalcum":[84],"obtain_stats":[{"Darkstone Periapt":28,"theMarked:ArtifactOfAir":0,"SlaversCollar":17,"Anchor":9,"theMarked:Gun":26,"Calipers":30,"NeowsBlessing":0,"Bloody Idol":21,"Philosopher\u0027s Stone":34,"Pen Nib":6,"Orichalcum":8,"Sling":19},{"Darkstone Periapt":12,"theMarked:ArtifactOfAir":0,"SlaversCollar":7,"Anchor":4,"theMarked:Gun":11,"Calipers":13,"NeowsBlessing":0,"Bloody Idol":8,"Philosopher\u0027s Stone":15,"Pen Nib":2,"Orichalcum":4,"Sling":8},{"Darkstone Periapt":44,"theMarked:ArtifactOfAir":0,"SlaversCollar":23,"Anchor":9,"theMarked:Gun":40,"Calipers":49,"NeowsBlessing":0,"Bloody Idol":27,"Philosopher\u0027s Stone":62,"Pen Nib":2,"Orichalcum":9,"Sling":27}]},"card_choices":[{"not_picked":["theMarked:WardOff","theMarked:BanishingStrike"],"picked":"theMarked:SwordAndMagic","floor":1},{"not_picked":["theMarked:Aftermath","theMarked:ChannelForce"],"picked":"theMarked:Frustration","floor":6},{"not_picked":["theMarked:Improvise","theMarked:ElectricStrings"],"picked":"theMarked:BanishingStrike","floor":7},{"not_picked":["theMarked:Frustration","theMarked:CreepingChasm"],"picked":"theMarked:Opportunist","floor":8},{"not_picked":["theMarked:WardOff","theMarked:Convert"],"picked":"theMarked:DeterminationOfTheMarked","floor":11},{"not_picked":["theMarked:ResourceFulStrike","theMarked:Improvise"],"picked":"theMarked:ComboAttacks","floor":14},{"not_picked":["theMarked:ChannelForce","theMarked:Defy"],"picked":"theMarked:BindingBlade","floor":16},{"not_picked":["theMarked:TunnelVision+1","theMarked:ResourceFulStrike"],"picked":"theMarked:WardOff","floor":18},{"not_picked":["theMarked:TakeCover","theMarked:TunnelVision","theMarked:KeepCalmAndFightOn"],"picked":"SKIP","floor":22},{"not_picked":["theMarked:ReduceFriction","theMarked:ElectricStrings"],"picked":"theMarked:Indomitable+1","floor":24},{"not_picked":["theMarked:Panic+1","theMarked:WastefulAttack"],"picked":"theMarked:Overcharge","floor":25},{"not_picked":["theMarked:ChainLightning","theMarked:Electrify"],"picked":"theMarked:Overthink+1","floor":28},{"not_picked":["theMarked:ChainLightning","theMarked:EnhanceMovement+1"],"picked":"theMarked:EnhancedHearing","floor":30},{"not_picked":["theMarked:BanishingStrike","theMarked:ResourceFulStrike"],"picked":"theMarked:StartUp","floor":31},{"not_picked":["theMarked:SoldierForm","theMarked:TurnInvisible"],"picked":"theMarked:Challenge","floor":33},{"not_picked":["theMarked:Electrocute+1","theMarked:Electrify"],"picked":"theMarked:BanishingStrike","floor":35},{"not_picked":["theMarked:ResourceFulStrike","theMarked:SwordAndMagic","theMarked:TakeCover"],"picked":"SKIP","floor":37}],"player_experience":171388,"relics_obtained":[{"floor":6,"key":"Pen Nib"},{"floor":8,"key":"Orichalcum"},{"floor":9,"key":"Anchor"},{"floor":26,"key":"theMarked:Gun"},{"floor":28,"key":"Darkstone Periapt"},{"floor":30,"key":"Calipers"}],"event_choices":[{"damage_healed":0,"gold_gain":75,"player_choice":"Gold","damage_taken":11,"max_hp_gain":0,"max_hp_loss":0,"event_name":"betterThird:BetterGoop","floor":2,"gold_loss":0},{"damage_healed":0,"gold_gain":0,"player_choice":"Bought 1 Potion","damage_taken":0,"max_hp_gain":0,"max_hp_loss":0,"event_name":"The Woman in Blue","floor":4,"gold_loss":0},{"damage_healed":0,"gold_gain":75,"player_choice":"Touch","damage_taken":7,"max_hp_gain":0,"max_hp_loss":0,"event_name":"FaceTrader","floor":13,"gold_loss":0},{"cards_removed":["theMarked:BindingBlade"],"damage_healed":0,"gold_gain":0,"player_choice":"Give","damage_taken":0,"max_hp_gain":0,"max_hp_loss":0,"event_name":"betterNote:BetterNote","floor":20,"gold_loss":0,"cards_obtained":["Creative AI"]},{"damage_healed":0,"gold_gain":0,"player_choice":" Idol ","damage_taken":35,"relics_obtained":["Bloody Idol"],"max_hp_gain":55,"max_hp_loss":20,"event_name":"betterAltar:BetterAltar","floor":21,"potions_obtained":[],"relics_lost":[],"gold_loss":0},{"damage_healed":0,"gold_gain":0,"player_choice":"Became a vampire","damage_taken":0,"max_hp_gain":0,"max_hp_loss":21,"event_name":"Vampires","floor":29,"gold_loss":0,"cards_obtained":["Bite","Bite","Bite","Bite","Bite"]},{"damage_healed":0,"gold_gain":0,"player_choice":"Ignored","damage_taken":0,"max_hp_gain":0,"max_hp_loss":0,"event_name":"Mysterious Sphere","floor":36,"gold_loss":0}],"is_beta":false,"boss_relics":[{"not_picked":["Astrolabe","Runic Pyramid"],"picked":"SlaversCollar"},{"not_picked":["Snecko Eye","Velvet Choker"],"picked":"Philosopher\u0027s Stone"}],"items_purged_floors":[19],"is_endless":false,"potions_floor_spawned":[1,14,16,25,28,31,33],"killed_by":"Transient","ascension_level":0}}