{"host":"bq4pt811tk9yrmjl","time":1608985001,"event":{"mods":["AchievementEnabler","BaseMod","Colored Map","Colored Powertips","Defuse TimeMaze Blight","Minty Spire (QoL Compilation)","StSLib","SuperFastMode","UnlockEverythingMod"],"gold_per_floor":[114,128,128,128,128,162,162,162,162],"floor_reached":8,"playtime":74,"items_purged":[],"score":83,"play_id":"88bc3908-af56-4af9-adf4-93531bb8956b","local_time":"20201226101641","is_ascension_mode":true,"campfire_choices":[{"data":"Study","floor":7,"key":"SMITH"}],"circlet_count":0,"master_deck":["Strike_P","Strike_P","Strike_P","Strike_P","Defend_P","Defend_P","Defend_P","Defend_P","Eruption","Vigilance","FollowUp","Study+1"],"relics":["PureWater","NeowsBlessing","Golden Idol","TeardropLocket"],"acts_visited":["Exordium"],"potions_floor_usage":[],"damage_taken":[{"damage":0,"enemies":"2 Louse","floor":1,"turns":1},{"damage":0,"enemies":"Small Slimes","floor":2,"turns":1},{"damage":0,"enemies":"Gremlin Nob","floor":6,"turns":1},{"damage":9,"enemies":"3 Sentries","floor":8,"turns":3}],"seed_played":"643129872118292623","potions_obtained":[],"is_trial":false,"path_per_floor":["M","M","?","?","$","E","R","E"],"character_chosen":"WATCHER","items_purchased":[],"campfire_rested":0,"item_purchase_floors":[],"current_hp_per_floor":[72,72,72,65,65,65,65,56,56],"gold":162,"neow_bonus":"THREE_ENEMY_KILL","is_daily":false,"chose_seed":false,"campfire_upgraded":1,"win_rate":0.0,"timestamp":1608985001,"path_taken":["M","M","?","?","$","E","R","E"],"items_purchased_type":[],"build_version":"2020-12-22","purchased_purges":0,"victory":false,"max_hp_per_floor":[72,72,72,72,72,72,72,72,72],"card_choices":[{"not_picked":["Crescendo","Protect"],"picked":"FollowUp","floor":1},{"not_picked":["FollowUp","FlyingSleeves","CutThroughFate"],"picked":"SKIP","floor":2},{"not_picked":["Halt","FollowUp"],"picked":"Study","floor":6}],"player_experience":118244,"relics_obtained":[{"floor":6,"key":"TeardropLocket"}],"event_choices":[{"damage_healed":0,"gold_gain":0,"player_choice":"Take Wound","damage_taken":0,"relics_obtained":["Golden Idol"],"max_hp_gain":0,"max_hp_loss":0,"event_name":"Golden Idol","floor":3,"gold_loss":0,"cards_obtained":["Injury"]},{"cards_removed":["Injury"],"damage_healed":0,"gold_gain":0,"player_choice":"Card Removal","damage_taken":7,"max_hp_gain":0,"max_hp_loss":0,"event_name":"Golden Wing","floor":4,"gold_loss":0}],"is_beta":false,"boss_relics":[],"items_purged_floors":[],"is_endless":false,"potions_floor_spawned":[],"killed_by":"3 Sentries","ascension_level":1}}