{"host":"Yuki","time":1608954618,"event":{"mods":["AchievementEnabler","BaseMod","Block Reminder","Colored Map","Colored Powertips","Googly Eyes","Highlight Path","Minty Spire (QoL Compilation)","Permanent Neow","Quick Restart","Random Character Button","Random Character Mod","Relic Stats","StSLib","The Wild Card","everything is the same but u backflip on backflip","slay the spire mod where everything is the same but ironclad has a cowboy hat"],"gold_per_floor":[116,133,147,162,180,180,208,208,231,263,278,278,2,16,16,16,16],"floor_reached":16,"playtime":775,"items_purged":["Strike_G"],"score":162,"play_id":"f6ba16d6-d364-499c-a69f-5a534b9f7fe6","local_time":"20201225215018","is_ascension_mode":true,"campfire_choices":[{"data":"Deadly Poison","floor":6,"key":"SMITH"},{"floor":8,"key":"REST"},{"floor":15,"key":"REST"}],"circlet_count":0,"master_deck":["Strike_G","Strike_G","Strike_G","Strike_G","Defend_G","Defend_G","Defend_G","Defend_G","Defend_G","Survivor","Neutralize","Dagger Throw","Deadly Poison+1","Backflip","Poisoned Stab","Blur","Footwork","Flash of Steel","Blur","Crippling Poison"],"relics":["Ring of the Snake","Darkstone Periapt","Toy Ornithopter"],"acts_visited":["Exordium"],"potions_floor_usage":[7,11,12,16],"damage_taken":[{"damage":0,"enemies":"Cultist","floor":1,"turns":5},{"damage":1,"enemies":"2 Louse","floor":2,"turns":3},{"damage":6,"enemies":"Small Slimes","floor":3,"turns":4},{"damage":3,"enemies":"Red Slaver","floor":4,"turns":6},{"damage":7,"enemies":"3 Louse","floor":5,"turns":4},{"damage":22,"enemies":"Gremlin Nob","floor":7,"turns":4},{"damage":29,"enemies":"Lagavulin","floor":10,"turns":6},{"damage":17,"enemies":"Exordium Thugs","floor":11,"turns":6},{"damage":0,"enemies":"Blue Slaver","floor":12,"turns":3},{"damage":0,"enemies":"Exordium Wildlife","floor":14,"turns":5},{"damage":38,"enemies":"Slime Boss","floor":16,"turns":14}],"seed_played":"-5294706155080794425","potions_obtained":[{"floor":2,"key":"Energy Potion"},{"floor":3,"key":"LiquidMemories"},{"floor":10,"key":"SmokeBomb"},{"floor":14,"key":"Block Potion"}],"is_trial":false,"path_per_floor":["M","M","M","M","M","R","E","R","T","E","M","M","$","M","R","B"],"character_chosen":"THE_SILENT","items_purchased":["Footwork","Flash of Steel","Blur"],"campfire_rested":2,"item_purchase_floors":[13,13,13],"current_hp_per_floor":[63,62,56,53,46,46,24,45,45,16,4,9,9,9,30,0,0],"gold":16,"neow_bonus":"THREE_CARDS","is_daily":false,"chose_seed":false,"campfire_upgraded":1,"win_rate":0.0,"timestamp":1608954618,"path_taken":["M","?","M","M","M","R","E","R","T","E","M","M","$","M","R","BOSS"],"items_purchased_type":["Card","Card","Card"],"build_version":"2020-12-18","purchased_purges":1,"victory":false,"max_hp_per_floor":[70,70,70,70,70,70,70,70,70,70,70,70,70,70,70,70,70],"relic_stats":{"Darkstone Periapt":0,"counters":[11,60],"obtain_stats":[{"Darkstone Periapt":7,"Toy Ornithopter":10,"Ring of the Snake":0},{"Darkstone Periapt":6,"Toy Ornithopter":7,"Ring of the Snake":0},{"Darkstone Periapt":26,"Toy Ornithopter":32,"Ring of the Snake":0}],"Toy Ornithopter":15,"Ring of the Snake":[22]},"card_choices":[{"not_picked":["Flying Knee","Blade Dance"],"picked":"Dagger Throw","floor":0},{"not_picked":["PiercingWail","Quick Slash","Predator"],"picked":"SKIP","floor":1},{"not_picked":["Blade Dance","Cloak And Dagger"],"picked":"Deadly Poison","floor":2},{"not_picked":["Deflect","Bane","Flechettes"],"picked":"SKIP","floor":3},{"not_picked":["Setup","A Thousand Cuts"],"picked":"Backflip","floor":4},{"not_picked":["Outmaneuver","Dagger Spray","Distraction"],"picked":"SKIP","floor":5},{"not_picked":["Dodge and Roll","Terror"],"picked":"Poisoned Stab","floor":7},{"not_picked":["Backflip","Bane"],"picked":"Blur","floor":10},{"not_picked":["Blade Dance","Outmaneuver","Riddle With Holes"],"picked":"SKIP","floor":11},{"not_picked":["Dagger Throw","Tactician"],"picked":"Crippling Poison","floor":14}],"player_experience":1220962,"relics_obtained":[{"floor":7,"key":"Darkstone Periapt"},{"floor":10,"key":"Toy Ornithopter"}],"event_choices":[],"is_beta":true,"boss_relics":[],"items_purged_floors":[13],"is_endless":false,"potions_floor_spawned":[2,3,10,12,14],"killed_by":"Slime Boss","ascension_level":8}}