{"host":"y0g3igjvi2dlgj2k","time":1608962796,"event":{"mods":["BaseMod","Colored Powertips","Defuse TimeMaze Blight","Minty Spire (QoL Compilation)","StSLib","The Animator"],"gold_per_floor":[122,144,167,182,56,56,89,89,89,89,89,89,103,121,121,217,217,231,231,231,131,213,213,138,157,182,192,192,209,238,252,252,348,348,362,362,416,67,67,67,67,67],"floor_reached":41,"playtime":3146,"items_purged":["animator:Strike","animator:Strike","animator:Jibril"],"score":416,"play_id":"18b519b9-768f-4d14-8487-efd7a3afbfdb","local_time":"20201226070636","is_ascension_mode":false,"campfire_choices":[{"data":"animator:Souei","floor":6.0,"key":"SMITH"},{"floor":8.0,"key":"REST"},{"floor":10.0,"key":"REST"},{"floor":15.0,"key":"REST"},{"data":"animator:IzunaHatsuse","floor":23.0,"key":"SMITH"},{"data":"animator:HigakiRinne","floor":28.0,"key":"SMITH"},{"floor":32,"key":"REST"},{"floor":40,"key":"RECALL"}],"circlet_count":0,"master_deck":["animator:Defend_GoblinSlayer","animator:Defend","animator:Defend","animator:Defend","animator:LizardPriest","animator:DwarfShaman","animator:Witch","animator:Souei+1","animator:Spearman","animator:Millim","animator:Witch","animator:Emonzaemon","animator:IzunaHatsuse+1","animator:HigakiRinne+1","animator:Witch","animator:Archer","animator:HighElfArcher","animator:Priestess","animator:Saber"],"relics":["animator:VividPicture","animator:TheMissingPiece","Happy Flower","StoneCalendar","SacredBark","Darkstone Periapt","Paper Crane","Smiling Mask","animator:Buoy","Anchor","Lee\u0027s Waffle"],"acts_visited":["Exordium","TheCity","TheBeyond"],"potions_floor_usage":[33,33,33,41],"damage_taken":[{"damage":0.0,"enemies":"2 Louse","floor":1.0,"turns":3.0},{"damage":0.0,"enemies":"Small Slimes","floor":2.0,"turns":6.0},{"damage":14.0,"enemies":"Jaw Worm","floor":3.0,"turns":5.0},{"damage":0.0,"enemies":"Large Slime","floor":4.0,"turns":8.0},{"damage":44.0,"enemies":"Gremlin Nob","floor":7.0,"turns":5.0},{"damage":17.0,"enemies":"Exordium Wildlife","floor":13.0,"turns":5.0},{"damage":10.0,"enemies":"Looter","floor":14.0,"turns":4.0},{"damage":30.0,"enemies":"Slime Boss","floor":16.0,"turns":7.0},{"damage":2.0,"enemies":"Chosen","floor":18.0,"turns":6.0},{"damage":0.0,"enemies":"Shell Parasite","floor":25.0,"turns":6.0},{"damage":22.0,"enemies":"Centurion and Healer","floor":27.0,"turns":7.0},{"damage":10.0,"enemies":"Shelled Parasite and Fungi","floor":29.0,"turns":7.0},{"damage":6,"enemies":"Snake Plant","floor":30,"turns":4},{"damage":16,"enemies":"Sentry and Sphere","floor":31,"turns":7},{"damage":20,"enemies":"Champ","floor":33,"turns":15},{"damage":37,"enemies":"3 Darklings","floor":35,"turns":5},{"damage":94,"enemies":"Giant Head","floor":41,"turns":12}],"seed_played":"-4431708338744527845","potions_obtained":[{"floor":3.0,"key":"Swift Potion"},{"floor":7.0,"key":"Swift Potion"},{"floor":16.0,"key":"SkillPotion"},{"floor":18.0,"key":"Energy Potion"},{"floor":25.0,"key":"SkillPotion"},{"floor":29,"key":"BlessingOfTheForge"},{"floor":35,"key":"AttackPotion"}],"is_trial":false,"path_per_floor":["M","M","M","M","$","R","E","R","T","R","$","?","M","M","R","B",null,"M","?","?","$","T","R","?","M","T","M","R","M","M","M","R","B",null,"M","?","T","$","?","R","E"],"character_chosen":"THE_ANIMATOR","items_purchased":["animator:Millim","Anchor","Lee\u0027s Waffle"],"campfire_rested":4,"item_purchase_floors":[5,38,38],"current_hp_per_floor":[72,72,58,59,59,59,15,36,36,57,57,57,40,31,53,23,74,72,58,58,58,58,58,58,58,58,36,36,26,20,11,35,15,80,43,43,43,87,83,83,0,0],"gold":67,"neow_bonus":"TEN_PERCENT_HP_BONUS","is_daily":false,"chose_seed":false,"campfire_upgraded":3,"win_rate":0.0,"timestamp":1608962796,"path_taken":["M","M","M","M","$","R","E","R","T","R","$","?","M","M","R","BOSS","M","?","?","$","?","R","?","M","T","M","R","M","M","M","R","BOSS","M","?","?","$","?","R","E"],"items_purchased_type":["Card","Relic","Relic"],"build_version":"2020-12-22","purchased_purges":3,"victory":false,"max_hp_per_floor":[72,72,72,73,73,73,73,73,73,73,73,73,73,74,74,74,74,74,79,79,79,79,79,79,79,79,79,79,79,79,80,80,80,80,80,80,80,87,83,83,83,83],"card_choices":[{"not_picked":["animator:Illya","animator:LizardPriest"],"picked":"animator:Witch","floor":1.0},{"not_picked":["animator:Rider","animator:FielNirvalen"],"picked":"animator:Jibril","floor":2.0},{"not_picked":["animator:MumenRider","animator:ChaikaBohdan"],"picked":"animator:Souei","floor":3.0},{"not_picked":["animator:CowGirl","animator:Priestess"],"picked":"animator:Spearman","floor":4.0},{"not_picked":["animator:DolaRiku","animator:Priestess"],"picked":"animator:Witch","floor":7.0},{"not_picked":["animator:Sonic","animator:DolaCouronne"],"picked":"animator:Emonzaemon","floor":13.0},{"not_picked":["animator:HigakiRinne","animator:EmiyaShirou"],"picked":"animator:IzunaHatsuse","floor":14.0},{"not_picked":["animator:Rimuru","animator:ChaikaTrabant"],"picked":"animator:HigakiRinne","floor":16.0},{"not_picked":["animator:LizardPriest","animator:Priestess"],"picked":"animator:Witch","floor":18.0},{"not_picked":["animator:Spearman","animator:Gillette","animator:Viivi"],"picked":"SKIP","floor":25.0},{"not_picked":["animator:Gillette+1","animator:Geryuganshoop"],"picked":"animator:Archer","floor":27.0},{"not_picked":["animator:Guy","animator:Tatsumaki","animator:Melzalgald+1"],"picked":"SKIP","floor":29},{"not_picked":["animator:CowGirl","animator:Spearman"],"picked":"animator:HighElfArcher","floor":30},{"not_picked":["animator:AcuraAkari","animator:Hitei"],"picked":"animator:Priestess","floor":31},{"not_picked":["animator:Sora","animator:Rimuru"],"picked":"animator:Saber","floor":33},{"not_picked":["animator:Jibril+1","animator:Hitei","animator:MumenRider"],"picked":"SKIP","floor":35}],"player_experience":132871,"relics_obtained":[{"floor":7.0,"key":"Happy Flower"},{"floor":9.0,"key":"StoneCalendar"},{"floor":22.0,"key":"Paper Crane"},{"floor":26.0,"key":"Smiling Mask"},{"floor":37,"key":"animator:Buoy"}],"event_choices":[{"damage_healed":0.0,"max_hp_gain":0.0,"max_hp_loss":0.0,"gold_gain":0.0,"event_name":"Liars Game","player_choice":"Ignored","floor":12.0,"gold_loss":0.0,"damage_taken":0.0},{"damage_healed":0.0,"max_hp_gain":5.0,"max_hp_loss":0.0,"gold_gain":0.0,"event_name":"Forgotten Altar","player_choice":"Shed Blood","floor":19.0,"gold_loss":0.0,"damage_taken":19.0},{"damage_healed":0.0,"max_hp_gain":0.0,"max_hp_loss":0.0,"gold_gain":0.0,"event_name":"The Mausoleum","player_choice":"Opened","floor":20.0,"gold_loss":0.0,"damage_taken":0.0,"relics_obtained":["Darkstone Periapt"]},{"cards_removed":["animator:Strike"],"damage_healed":0.0,"max_hp_gain":0.0,"max_hp_loss":0.0,"gold_gain":0.0,"event_name":"Beggar","player_choice":"Gave Gold","floor":24.0,"gold_loss":75.0,"damage_taken":0.0},{"cards_removed":["animator:Strike_GoblinSlayer"],"damage_healed":0,"gold_gain":0,"player_choice":"Removed Attack","damage_taken":0,"max_hp_gain":0,"max_hp_loss":0,"event_name":"Falling","floor":36,"gold_loss":0},{"damage_healed":0,"gold_gain":0,"player_choice":"Max HP","damage_taken":0,"max_hp_gain":0,"max_hp_loss":4,"event_name":"Winding Halls","floor":39,"gold_loss":0}],"is_beta":false,"boss_relics":[{"not_picked":["animator:HolyGrailRelic","Pandora\u0027s Box"],"picked":"SacredBark"},{"not_picked":["Cursed Key","animator:RacePiece"],"picked":"animator:VividPicture"}],"items_purged_floors":[5,21,38],"is_endless":false,"potions_floor_spawned":[3,7,16,18,25,29,31,35],"killed_by":"Giant Head","ascension_level":0}}